  <div class='ocr_page' id='page_1' title='image "/cluster/home/n/w/nwhite01/storage/ocr_20150623/150/hvd.32044015473788/153.png"; bbox 0 0 3964 6290; ppageno 0'>
   <div class='ocr_carea' id='block_1_1' title="bbox 544 364 3785 436">
    <p class='ocr_par' dir='ltr' id='par_1_1' title="bbox 544 364 3785 436">
     <span class='ocr_line' id='line_1_1' title="bbox 544 364 3785 436; baseline -0.006 -1"><span class='ocrx_word' id='word_1_1' title='bbox 544 379 649 436; x_wconf 72' lang='lat'><strong>295</strong></span> <span class='ocrx_word' id='word_1_2' title='bbox 1544 369 1585 423; x_wconf 76' lang='grc' dir='ltr'><strong>Β</strong></span> <span class='ocrx_word' id='word_1_3' title='bbox 1640 366 2032 423; x_wconf 70' lang='lat' dir='ltr'><strong>LANFRANCI</strong></span> <span class='ocrx_word' id='word_1_4' title='bbox 2071 364 2421 421; x_wconf 73' lang='lat' dir='ltr'><strong>CAN&#39;t‘UAR.</strong></span> <span class='ocrx_word' id='word_1_5' title='bbox 2462 365 2784 422; x_wconf 73' lang='lat' dir='ltr'><strong>AliClllEP.</strong></span> <span class='ocrx_word' id='word_1_6' title='bbox 3693 374 3785 432; x_wconf 44' lang='lat' dir='ltr'><strong>agt;</strong></span> 
     </span>
    </p>
   </div>
   <div class='ocr_carea' id='block_1_2' title="bbox 548 478 3792 551">
    <p class='ocr_par' dir='ltr' id='par_1_2' title="bbox 548 478 3792 551">
     <span class='ocr_line' id='line_1_2' title="bbox 548 478 3792 551; baseline -0.001 -3"><span class='ocrx_word' id='word_1_7' title='bbox 548 492 775 549; x_wconf 88' lang='lat' dir='ltr'><strong>ternitas</strong></span> <span class='ocrx_word' id='word_1_8' title='bbox 813 490 866 545; x_wconf 92' lang='lat' dir='ltr'><strong>in</strong></span> <span class='ocrx_word' id='word_1_9' title='bbox 901 485 1076 545; x_wconf 73' lang='lat' dir='ltr'><strong>cadis.</strong></span> <span class='ocrx_word' id='word_1_10' title='bbox 1115 485 1256 541; x_wconf 90' lang='lat' dir='ltr'><strong>etin</strong></span> <span class='ocrx_word' id='word_1_11' title='bbox 1300 494 1441 540; x_wconf 87' lang='lat' dir='ltr'><strong>terra</strong></span> <span class='ocrx_word' id='word_1_12' title='bbox 1487 485 1818 549; x_wconf 72' lang='lat' dir='ltr'><strong>nominatur,</strong></span> <span class='ocrx_word' id='word_1_13' title='bbox 1863 491 1920 537; x_wconf 94' lang='grc' dir='ltr'><strong>ιιι</strong></span> <span class='ocrx_word' id='word_1_14' title='bbox 1978 482 2067 538; x_wconf 88' lang='lat' dir='ltr'><strong>det</strong></span> <span class='ocrx_word' id='word_1_15' title='bbox 2106 480 2295 545; x_wconf 81' lang='lat' dir='ltr'><strong>vobis,</strong></span> <span class='ocrx_word' id='word_1_16' title='bbox 2348 480 2645 535; x_wconf 88' lang='lat' dir='ltr'><strong>secumlum</strong></span> <span class='ocrx_word' id='word_1_17' title='bbox 2708 479 2927 534; x_wconf 77' lang='lat' dir='ltr'><strong>divitias</strong></span> <span class='ocrx_word' id='word_1_18' title='bbox 2978 478 3162 551; x_wconf 60' lang='lat' dir='ltr'><strong>gloria:</strong></span> <span class='ocrx_word' id='word_1_19' title='bbox 3208 496 3339 546; x_wconf 69' lang='lat' dir='ltr'><strong>sum,</strong></span> <span class='ocrx_word' id='word_1_20' title='bbox 3394 481 3590 537; x_wconf 89' lang='lat' dir='ltr'><strong>virtute</strong></span> <span class='ocrx_word' id='word_1_21' title='bbox 3636 499 3792 543; x_wconf 44' lang='lat' dir='ltr'><strong>eorro.</strong></span> 
     </span>
    </p>
   </div>
   <div class='ocr_carea' id='block_1_3' title="bbox 545 576 3795 658">
    <p class='ocr_par' dir='ltr' id='par_1_3' title="bbox 545 576 3795 658">
     <span class='ocr_line' id='line_1_3' title="bbox 545 576 3795 658; baseline -0.005 -13"><span class='ocrx_word' id='word_1_22' title='bbox 545 591 725 645; x_wconf 79' lang='lat' dir='ltr'><strong>bomrt</strong></span> <span class='ocrx_word' id='word_1_23' title='bbox 752 604 848 658; x_wconf 89' lang='lat' dir='ltr'><strong>per</strong></span> <span class='ocrx_word' id='word_1_24' title='bbox 878 587 1137 657; x_wconf 88' lang='lat' dir='ltr'><strong>Spiritum</strong></span> <span class='ocrx_word' id='word_1_25' title='bbox 1165 583 1282 653; x_wconf 91' lang='lat' dir='ltr'><strong>ejus</strong></span> <span class='ocrx_word' id='word_1_26' title='bbox 1314 584 1368 638; x_wconf 90' lang='lat' dir='ltr'><strong>in</strong></span> <span class='ocrx_word' id='word_1_27' title='bbox 1404 581 1717 637; x_wconf 89' lang='lat' dir='ltr'><strong>interiorem</strong></span> <span class='ocrx_word' id='word_1_28' title='bbox 1744 580 2038 642; x_wconf 87' lang='lat' dir='ltr'><strong>hominem,</strong></span> <span class='ocrx_word' id='word_1_29' title='bbox 2065 588 2111 633; x_wconf 81' lang='lat' dir='ltr'><strong>et</strong></span> <span class='ocrx_word' id='word_1_30' title='bbox 2140 578 2412 633; x_wconf 77' lang='lat' dir='ltr'><strong>Christum</strong></span> <span class='ocrx_word' id='word_1_31' title='bbox 2438 577 2682 632; x_wconf 79' lang='lat' dir='ltr'><strong>habitare</strong></span> <span class='ocrx_word' id='word_1_32' title='bbox 2716 592 2813 646; x_wconf 90' lang='lat' dir='ltr'><strong>per</strong></span> <span class='ocrx_word' id='word_1_33' title='bbox 2841 576 2998 633; x_wconf 81' lang='lat' dir='ltr'><strong>tidem</strong></span> <span class='ocrx_word' id='word_1_34' title='bbox 3024 576 3076 630; x_wconf 91' lang='lat' dir='ltr'><strong>in</strong></span> <span class='ocrx_word' id='word_1_35' title='bbox 3100 576 3353 629; x_wconf 80' lang='lat' dir='ltr'><strong>cordibus</strong></span> <span class='ocrx_word' id='word_1_36' title='bbox 3382 576 3594 643; x_wconf 82' lang='lat' dir='ltr'><strong>vestris,</strong></span> <span class='ocrx_word' id='word_1_37' title='bbox 3625 577 3668 634; x_wconf 86' lang='lat' dir='ltr'><strong>in</strong></span> <span class='ocrx_word' id='word_1_38' title='bbox 3688 584 3795 638; x_wconf 84' lang='lat' dir='ltr'><strong>cha.</strong></span> 
     </span>
    </p>
   </div>
   <div class='ocr_carea' id='block_1_4' title="bbox 548 670 3791 746">
    <p class='ocr_par' dir='ltr' id='par_1_4' title="bbox 548 670 3791 746">
     <span class='ocr_line' id='line_1_4' title="bbox 548 670 3791 746; baseline -0.003 -6"><span class='ocrx_word' id='word_1_39' title='bbox 548 686 710 740; x_wconf 90' lang='lat' dir='ltr'><strong>ritate</strong></span> <span class='ocrx_word' id='word_1_40' title='bbox 743 684 831 738; x_wconf 69' lang='grc'><strong>14.</strong></span> <span class='ocrx_word' id='word_1_41' title='bbox 870 681 1194 743; x_wconf 83' lang='lat' dir='ltr'><strong>radicati,&#39;ct</strong></span> <span class='ocrx_word' id='word_1_42' title='bbox 1219 678 1451 742; x_wconf 80' lang='lat' dir='ltr'><strong>fundali,</strong></span> <span class='ocrx_word' id='word_1_43' title='bbox 1476 677 1565 731; x_wconf 76' lang='lat'><strong>15.</strong></span> <span class='ocrx_word' id='word_1_44' title='bbox 1599 675 1899 746; x_wconf 88' lang='lat' dir='ltr'><strong>utpossitis</strong></span> <span class='ocrx_word' id='word_1_45' title='bbox 1928 672 2399 744; x_wconf 77' lang='lat' dir='ltr'><strong>comprehendere</strong></span> <span class='ocrx_word' id='word_1_46' title='bbox 2420 684 2540 725; x_wconf 92' lang='lat' dir='ltr'><strong>cum</strong></span> <span class='ocrx_word' id='word_1_47' title='bbox 2580 670 2831 725; x_wconf 79' lang='lat' dir='ltr'><strong>ontnibus</strong></span> <span class='ocrx_word' id='word_1_48' title='bbox 2851 672 3076 735; x_wconf 77' lang='lat' dir='ltr'><strong>sanctis,</strong></span> <span class='ocrx_word' id='word_1_49' title='bbox 3102 670 3187 722; x_wconf 82' lang='grc'><strong>16.</strong></span> <span class='ocrx_word' id='word_1_50' title='bbox 3219 684 3341 738; x_wconf 84' lang='lat' dir='ltr'><strong>quae</strong></span> <span class='ocrx_word' id='word_1_51' title='bbox 3361 670 3433 724; x_wconf 86' lang='lat' dir='ltr'><strong>sit</strong></span> <span class='ocrx_word' id='word_1_52' title='bbox 3464 670 3551 724; x_wconf 83' lang='lat' dir='ltr'><strong>i7.</strong></span> <span class='ocrx_word' id='word_1_53' title='bbox 3577 672 3791 735; x_wconf 81' lang='lat' dir='ltr'><strong>latitudo,</strong></span> 
     </span>
    </p>
   </div>
   <div class='ocr_carea' id='block_1_5' title="bbox 547 764 3795 846">
    <p class='ocr_par' dir='ltr' id='par_1_5' title="bbox 547 764 3795 846">
     <span class='ocr_line' id='line_1_5' title="bbox 547 764 3795 846; baseline -0.002 -12"><span class='ocrx_word' id='word_1_54' title='bbox 547 797 666 834; x_wconf 84' lang='lat' dir='ltr'><strong>rem</strong></span> <span class='ocrx_word' id='word_1_55' title='bbox 706 780 952 841; x_wconf 78' lang='lat' dir='ltr'><strong>:Itaritus,</strong></span> <span class='ocrx_word' id='word_1_56' title='bbox 986 791 1040 831; x_wconf 90' lang='lat' dir='ltr'><strong>et</strong></span> <span class='ocrx_word' id='word_1_57' title='bbox 1073 778 1157 832; x_wconf 87' lang='grc'><strong>18.</strong></span> <span class='ocrx_word' id='word_1_58' title='bbox 1194 776 1492 846; x_wconf 78' lang='lat' dir='ltr'><strong>longitudo,</strong></span> <span class='ocrx_word' id='word_1_59' title='bbox 1522 773 1839 843; x_wconf 76' lang='lat' dir='ltr'><strong>exspccmtio</strong></span> <span class='ocrx_word' id='word_1_60' title='bbox 1880 771 2137 825; x_wconf 87' lang='lat' dir='ltr'><strong>donarunt</strong></span> <span class='ocrx_word' id='word_1_61' title='bbox 2177 768 2276 824; x_wconf 86' lang='lat' dir='ltr'><strong>Dei</strong></span> <span class='ocrx_word' id='word_1_62' title='bbox 2299 810 2311 829; x_wconf 90' lang='lat'><strong>.</strong></span> <span class='ocrx_word' id='word_1_63' title='bbox 2359 778 2417 823; x_wconf 89' lang='lat' dir='ltr'><strong>ct-</strong></span> <span class='ocrx_word' id='word_1_64' title='bbox 2439 768 2525 822; x_wconf 86' lang='grc'><strong>19.</strong></span> <span class='ocrx_word' id='word_1_65' title='bbox 2568 768 2877 822; x_wconf 73' lang='lat' dir='ltr'><strong>sublimitas</strong></span> <span class='ocrx_word' id='word_1_66' title='bbox 2918 784 3059 832; x_wconf 79' lang='lat' dir='ltr'><strong>vera,</strong></span> <span class='ocrx_word' id='word_1_67' title='bbox 3113 767 3168 819; x_wconf 97' lang='lat' dir='ltr'><strong>id</strong></span> <span class='ocrx_word' id='word_1_68' title='bbox 3207 776 3303 831; x_wconf 83' lang='lat' dir='ltr'><strong>est,</strong></span> <span class='ocrx_word' id='word_1_69' title='bbox 3341 764 3507 820; x_wconf 84' lang='lat' dir='ltr'><strong>Deum</strong></span> <span class='ocrx_word' id='word_1_70' title='bbox 3536 768 3721 837; x_wconf 79' lang='lat' dir='ltr'><strong>ridere,</strong></span> <span class='ocrx_word' id='word_1_71' title='bbox 3752 782 3795 826; x_wconf 85' lang='lat' dir='ltr'><strong>et</strong></span> 
     </span>
    </p>
   </div>
   <div class='ocr_carea' id='block_1_6' title="bbox 550 861 3794 946">
    <p class='ocr_par' dir='ltr' id='par_1_6' title="bbox 550 861 3794 946">
     <span class='ocr_line' id='line_1_6' title="bbox 550 861 3794 946; baseline -0.002 -16"><span class='ocrx_word' id='word_1_72' title='bbox 550 876 642 931; x_wconf 74' lang='lat'><strong>20.</strong></span> <span class='ocrx_word' id='word_1_73' title='bbox 677 874 1035 946; x_wconf 80' lang='lat' dir='ltr'><strong>profundum,</strong></span> <span class='ocrx_word' id='word_1_74' title='bbox 1075 873 1301 941; x_wconf 82' lang='lat' dir='ltr'><strong>cognitio</strong></span> <span class='ocrx_word' id='word_1_75' title='bbox 1352 883 1669 925; x_wconf 84' lang='lat' dir='ltr'><strong>secretorum</strong></span> <span class='ocrx_word' id='word_1_76' title='bbox 1709 868 1840 932; x_wconf 84' lang='lat' dir='ltr'><strong>D‘ei;</strong></span> <span class='ocrx_word' id='word_1_77' title='bbox 1884 867 2025 921; x_wconf 82' lang='lat' dir='ltr'><strong>seire</strong></span> <span class='ocrx_word' id='word_1_78' title='bbox 2066 865 2229 919; x_wconf 88' lang='lat' dir='ltr'><strong>etiam</strong></span> <span class='ocrx_word' id='word_1_79' title='bbox 2277 863 2785 933; x_wconf 81' lang='lat' dir='ltr'><strong>superetninentcm.</strong></span> <span class='ocrx_word' id='word_1_80' title='bbox 2828 862 3071 918; x_wconf 73' lang='lat' dir='ltr'><strong>scientia:</strong></span> <span class='ocrx_word' id='word_1_81' title='bbox 3100 862 3428 916; x_wconf 86' lang='lat' dir='ltr'><strong>charitatem</strong></span> <span class='ocrx_word' id='word_1_82' title='bbox 3476 861 3693 928; x_wconf 81' lang='lat' dir='ltr'><strong>Christi,</strong></span> <span class='ocrx_word' id='word_1_83' title='bbox 3720 867 3794 931; x_wconf 62' lang='lat' dir='ltr'><strong>il,</strong></span> 
     </span>
    </p>
   </div>
   <div class='ocr_carea' id='block_1_7' title="bbox 542 958 3797 1040">
    <p class='ocr_par' dir='ltr' id='par_1_7' title="bbox 542 958 3797 1040">
     <span class='ocr_line' id='line_1_7' title="bbox 542 958 3797 1040; baseline -0.003 -14"><span class='ocrx_word' id='word_1_84' title='bbox 542 972 620 1027; x_wconf 71' lang='grc'><strong>22</strong></span> <span class='ocrx_word' id='word_1_85' title='bbox 645 978 704 1025; x_wconf 86' lang='grc' dir='ltr'><strong>ιιι</strong></span> <span class='ocrx_word' id='word_1_86' title='bbox 732 969 1063 1040; x_wconf 84' lang='lat' dir='ltr'><strong>impleamini</strong></span> <span class='ocrx_word' id='word_1_87' title='bbox 1095 969 1368 1023; x_wconf 74' lang='lat' dir='ltr'><strong>virtutibus</strong></span> <span class='ocrx_word' id='word_1_88' title='bbox 1419 969 1472 1021; x_wconf 90' lang='lat' dir='ltr'><strong>in</strong></span> <span class='ocrx_word' id='word_1_89' title='bbox 1507 982 1724 1022; x_wconf 89' lang='lat' dir='ltr'><strong>omnem</strong></span> <span class='ocrx_word' id='word_1_90' title='bbox 1757 962 2146 1034; x_wconf 90' lang='lat' dir='ltr'><strong>plenitudinem</strong></span> <span class='ocrx_word' id='word_1_91' title='bbox 2176 958 2458 1033; x_wconf 66' lang='grc' dir='ltr'><strong>1451)θί</strong></span> <span class='ocrx_word' id='word_1_92' title='bbox 2498 960 2589 1015; x_wconf 67' lang='grc'><strong>23.</strong></span> <span class='ocrx_word' id='word_1_93' title='bbox 2620 961 2680 1015; x_wconf 80' lang='grc' dir='ltr'><strong>Εἰ</strong></span> <span class='ocrx_word' id='word_1_94' title='bbox 2718 969 2939 1015; x_wconf 89' lang='lat' dir='ltr'><strong>autem.</strong></span> <span class='ocrx_word' id='word_1_95' title='bbox 2970 961 3062 1029; x_wconf 89' lang='lat' dir='ltr'><strong>qui</strong></span> <span class='ocrx_word' id='word_1_96' title='bbox 3096 967 3286 1030; x_wconf 87' lang='lat' dir='ltr'><strong>potens</strong></span> <span class='ocrx_word' id='word_1_97' title='bbox 3315 967 3403 1013; x_wconf 88' lang='lat' dir='ltr'><strong>est</strong></span> <span class='ocrx_word' id='word_1_98' title='bbox 3426 961 3600 1014; x_wconf 83' lang='lat' dir='ltr'><strong>omnia</strong></span> <span class='ocrx_word' id='word_1_99' title='bbox 3647 961 3797 1019; x_wconf 79' lang='lat' dir='ltr'><strong>facere</strong></span> 
     </span>
    </p>
   </div>
   <div class='ocr_carea' id='block_1_8' title="bbox 539 1055 3792 1137">
    <p class='ocr_par' dir='ltr' id='par_1_8' title="bbox 539 1055 3792 1137">
     <span class='ocr_line' id='line_1_8' title="bbox 539 1055 3792 1137; baseline -0.002 -18"><span class='ocrx_word' id='word_1_100' title='bbox 539 1067 1059 1137; x_wconf 53' lang='lat' dir='ltr'><strong>‘superabnndaater</strong></span> <span class='ocrx_word' id='word_1_101' title='bbox 1088 1080 1252 1135; x_wconf 86' lang='lat' dir='ltr'><strong>quam</strong></span> <span class='ocrx_word' id='word_1_102' title='bbox 1285 1064 1540 1134; x_wconf 91' lang='lat' dir='ltr'><strong>petimus,</strong></span> <span class='ocrx_word' id='word_1_103' title='bbox 1571 1072 1667 1116; x_wconf 88' lang='lat' dir='ltr'><strong>aut</strong></span> <span class='ocrx_word' id='word_1_104' title='bbox 1696 1060 2069 1131; x_wconf 85' lang='lat' dir='ltr'><strong>intelligimus,</strong></span> <span class='ocrx_word' id='word_1_105' title='bbox 2110 1060 2406 1114; x_wconf 89' lang='lat' dir='ltr'><strong>secundum</strong></span> <span class='ocrx_word' id='word_1_106' title='bbox 2439 1057 2715 1123; x_wconf 73' lang='lat' dir='ltr'><strong>virtutem,</strong></span> <span class='ocrx_word' id='word_1_107' title='bbox 2749 1072 2871 1128; x_wconf 73' lang='lat' dir='ltr'><strong>qua:</strong></span> <span class='ocrx_word' id='word_1_108' title='bbox 2909 1066 3170 1127; x_wconf 81' lang='lat' dir='ltr'><strong>operatur</strong></span> <span class='ocrx_word' id='word_1_109' title='bbox 3193 1057 3244 1111; x_wconf 90' lang='lat' dir='ltr'><strong>in</strong></span> <span class='ocrx_word' id='word_1_110' title='bbox 3278 1055 3456 1119; x_wconf 87' lang='lat' dir='ltr'><strong>nobis.</strong></span> <span class='ocrx_word' id='word_1_111' title='bbox 3488 1057 3620 1127; x_wconf 78' lang='lat' dir='ltr'><strong>quod</strong></span> <span class='ocrx_word' id='word_1_112' title='bbox 3647 1076 3792 1125; x_wconf 69' lang='grc' dir='ltr'>ιιοεεκι</span> 
     </span>
    </p>
   </div>
   <div class='ocr_carea' id='block_1_9' title="bbox 550 1154 3797 1234">
    <p class='ocr_par' dir='ltr' id='par_1_9' title="bbox 550 1154 3797 1234">
     <span class='ocr_line' id='line_1_9' title="bbox 550 1154 3797 1234; baseline -0.003 -12"><span class='ocrx_word' id='word_1_113' title='bbox 550 1185 667 1229; x_wconf 85' lang='lat' dir='ltr'><strong>ntus</strong></span> <span class='ocrx_word' id='word_1_114' title='bbox 700 1170 833 1222; x_wconf 84' lang='lat' dir='ltr'><strong>scire</strong></span> <span class='ocrx_word' id='word_1_115' title='bbox 861 1183 927 1221; x_wconf 79' lang='lat' dir='ltr'><strong>ea:</strong></span> <span class='ocrx_word' id='word_1_116' title='bbox 974 1168 1070 1219; x_wconf 83' lang='lat' dir='ltr'><strong>hoc</strong></span> <span class='ocrx_word' id='word_1_117' title='bbox 1108 1164 1246 1234; x_wconf 81' lang='lat' dir='ltr'><strong>quod</strong></span> <span class='ocrx_word' id='word_1_118' title='bbox 1273 1162 1365 1215; x_wconf 85' lang='lat' dir='ltr'><strong>dnt</strong></span> <span class='ocrx_word' id='word_1_119' title='bbox 1413 1162 1559 1214; x_wconf 86' lang='lat' dir='ltr'><strong>nobis</strong></span> <span class='ocrx_word' id='word_1_120' title='bbox 1610 1162 1851 1213; x_wconf 73' lang='lat' dir='ltr'><strong>virtutem</strong></span> <span class='ocrx_word' id='word_1_121' title='bbox 1886 1157 2264 1212; x_wconf 81' lang='lat' dir='ltr'><strong>miraculorum</strong></span> <span class='ocrx_word' id='word_1_122' title='bbox 2293 1198 2307 1220; x_wconf 93' lang='lat'><strong>,</strong></span> <span class='ocrx_word' id='word_1_123' title='bbox 2353 1156 2452 1225; x_wconf 87' lang='lat' dir='ltr'><strong>ipsi</strong></span> <span class='ocrx_word' id='word_1_124' title='bbox 2481 1156 2650 1226; x_wconf 80' lang='lat' dir='ltr'><strong>gloria</strong></span> <span class='ocrx_word' id='word_1_125' title='bbox 2683 1155 2735 1209; x_wconf 87' lang='lat' dir='ltr'><strong>itt</strong></span> <span class='ocrx_word' id='word_1_126' title='bbox 2767 1155 3006 1209; x_wconf 78' lang='lat' dir='ltr'><strong>Ecclesia</strong></span> <span class='ocrx_word' id='word_1_127' title='bbox 3037 1196 3051 1218; x_wconf 92' lang='lat'><strong>,</strong></span> <span class='ocrx_word' id='word_1_128' title='bbox 3098 1154 3153 1207; x_wconf 90' lang='lat' dir='ltr'><strong>in</strong></span> <span class='ocrx_word' id='word_1_129' title='bbox 3191 1169 3430 1225; x_wconf 85' lang='lat' dir='ltr'><strong>corpore,</strong></span> <span class='ocrx_word' id='word_1_130' title='bbox 3460 1163 3513 1208; x_wconf 86' lang='lat' dir='ltr'><strong>et</strong></span> <span class='ocrx_word' id='word_1_131' title='bbox 3538 1154 3588 1207; x_wconf 90' lang='lat' dir='ltr'><strong>in</strong></span> <span class='ocrx_word' id='word_1_132' title='bbox 3617 1155 3797 1213; x_wconf 78' lang='lat' dir='ltr'><strong>Christo</strong></span> 
     </span>
    </p>
   </div>
   <div class='ocr_carea' id='block_1_10' title="bbox 545 1250 3800 1329">
    <p class='ocr_par' dir='ltr' id='par_1_10' title="bbox 545 1250 3800 1329">
     <span class='ocr_line' id='line_1_10' title="bbox 545 1250 3800 1329; baseline -0.003 -17"><span class='ocrx_word' id='word_1_133' title='bbox 545 1263 674 1320; x_wconf 82' lang='lat' dir='ltr'><strong>Jcsn</strong></span> <span class='ocrx_word' id='word_1_134' title='bbox 708 1274 773 1318; x_wconf 48' lang='grc' dir='ltr'><strong>νει</strong></span> <span class='ocrx_word' id='word_1_135' title='bbox 808 1264 860 1316; x_wconf 88' lang='lat' dir='ltr'><strong>in</strong></span> <span class='ocrx_word' id='word_1_136' title='bbox 885 1262 1071 1329; x_wconf 83' lang='lat' dir='ltr'><strong>capite,</strong></span> <span class='ocrx_word' id='word_1_137' title='bbox 1102 1260 1152 1313; x_wconf 91' lang='lat' dir='ltr'><strong>in</strong></span> <span class='ocrx_word' id='word_1_138' title='bbox 1182 1273 1369 1313; x_wconf 86' lang='lat' dir='ltr'><strong>omnes</strong></span> <span class='ocrx_word' id='word_1_139' title='bbox 1400 1256 1782 1328; x_wconf 80' lang='lat' dir='ltr'><strong>generationes</strong></span> <span class='ocrx_word' id='word_1_140' title='bbox 1821 1254 1910 1308; x_wconf 67' lang='grc'><strong>24.</strong></span> <span class='ocrx_word' id='word_1_141' title='bbox 1944 1253 2125 1308; x_wconf 71' lang='lat' dir='ltr'><strong>saeculi</strong></span> <span class='ocrx_word' id='word_1_142' title='bbox 2158 1251 2335 1323; x_wconf 82' lang='lat' dir='ltr'><strong>(hujus</strong></span> <span class='ocrx_word' id='word_1_143' title='bbox 2367 1268 2431 1305; x_wconf 73' lang='lat' dir='ltr'><strong>ex</strong></span> <span class='ocrx_word' id='word_1_144' title='bbox 2472 1250 2648 1305; x_wconf 85' lang='lat' dir='ltr'><strong>multis</strong></span> <span class='ocrx_word' id='word_1_145' title='bbox 2688 1250 2895 1305; x_wconf 72' lang='lat' dir='ltr'><strong>swculis</strong></span> <span class='ocrx_word' id='word_1_146' title='bbox 2926 1251 2990 1304; x_wconf 90' lang='lat' dir='ltr'><strong>ab</strong></span> <span class='ocrx_word' id='word_1_147' title='bbox 3021 1250 3172 1305; x_wconf 89' lang='lat' dir='ltr'><strong>initio</strong></span> <span class='ocrx_word' id='word_1_148' title='bbox 3213 1252 3572 1305; x_wconf 74' lang='lat' dir='ltr'><strong>constantibus</strong></span> <span class='ocrx_word' id='word_1_149' title='bbox 3601 1251 3646 1325; x_wconf 77' lang='lat' dir='ltr'><strong>[l‘</strong></span> <span class='ocrx_word' id='word_1_150' title='bbox 3665 1294 3678 1319; x_wconf 93' lang='lat'><strong>,</strong></span> <span class='ocrx_word' id='word_1_151' title='bbox 3700 1270 3800 1312; x_wconf 73' lang='grc' dir='ltr'><strong>σωι-</strong></span> 
     </span>
    </p>
   </div>
   <div class='ocr_carea' id='block_1_11' title="bbox 548 1359 2358 1476">
    <p class='ocr_par' dir='ltr' id='par_1_11' title="bbox 548 1359 2358 1476">
     <span class='ocr_line' id='line_1_11' title="bbox 548 1359 2358 1476; baseline 0.015 -62"><span class='ocrx_word' id='word_1_152' title='bbox 548 1359 794 1431; x_wconf 59' lang='lat' dir='ltr'><strong>stantis“</strong></span> <span class='ocrx_word' id='word_1_153' title='bbox 820 1360 1163 1414; x_wconf 63' lang='lat' dir='ltr'><strong>surculorum.</strong></span> <span class='ocrx_word' id='word_1_154' title='bbox 1193 1360 1387 1411; x_wconf 89' lang='lat' dir='ltr'><strong>Amen.</strong></span> <span class='ocrx_word' id='word_1_155' title='bbox 1985 1418 2217 1476; x_wconf 54' lang='lat' dir='ltr'><strong>CAPUT</strong></span> <span class='ocrx_word' id='word_1_156' title='bbox 2271 1418 2358 1473; x_wconf 46' lang='grc' dir='ltr'><strong>ιν.</strong></span> 
     </span>
    </p>
   </div>
   <div class='ocr_carea' id='block_1_12' title="bbox 622 1506 3799 1586">
    <p class='ocr_par' dir='ltr' id='par_1_12' title="bbox 622 1506 3799 1586">
     <span class='ocr_line' id='line_1_12' title="bbox 622 1506 3799 1586; baseline -0.002 -14"><span class='ocrx_word' id='word_1_157' title='bbox 622 1516 863 1572; x_wconf 75' lang='lat' dir='ltr'><strong>Obsecro</strong></span> <span class='ocrx_word' id='word_1_158' title='bbox 888 1515 1067 1585; x_wconf 79' lang='lat' dir='ltr'><strong>itaque</strong></span> <span class='ocrx_word' id='word_1_159' title='bbox 1099 1530 1193 1568; x_wconf 84' lang='lat' dir='ltr'><strong>vos</strong></span> <span class='ocrx_word' id='word_1_160' title='bbox 1222 1514 1411 1586; x_wconf 78' lang='lat' dir='ltr'><strong>(ethice</strong></span> <span class='ocrx_word' id='word_1_161' title='bbox 1442 1512 1753 1581; x_wconf 74' lang='lat' dir='ltr'><strong>admonitio)</strong></span> <span class='ocrx_word' id='word_1_162' title='bbox 1792 1513 1840 1566; x_wconf 94' lang='lat' dir='ltr'><strong>l.</strong></span> <span class='ocrx_word' id='word_1_163' title='bbox 1883 1528 1982 1583; x_wconf 82' lang='lat' dir='ltr'><strong>ego</strong></span> <span class='ocrx_word' id='word_1_164' title='bbox 2023 1514 2256 1573; x_wconf 81' lang='lat' dir='ltr'><strong>vinetus,</strong></span> <span class='ocrx_word' id='word_1_165' title='bbox 2285 1510 2666 1570; x_wconf 78' lang='lat' dir='ltr'><strong>incarceratus,</strong></span> <span class='ocrx_word' id='word_1_166' title='bbox 2693 1510 2766 1569; x_wconf 86' lang='lat' dir='ltr'><strong>in,</strong></span> <span class='ocrx_word' id='word_1_167' title='bbox 2799 1525 2911 1573; x_wconf 85' lang='lat' dir='ltr'><strong>pro,</strong></span> <span class='ocrx_word' id='word_1_168' title='bbox 2947 1506 3198 1572; x_wconf 90' lang='lat' dir='ltr'><strong>Domino,</strong></span> <span class='ocrx_word' id='word_1_169' title='bbox 3249 1517 3306 1561; x_wconf 83' lang='grc' dir='ltr'><strong>ιιι</strong></span> <span class='ocrx_word' id='word_1_170' title='bbox 3357 1508 3523 1579; x_wconf 84' lang='lat' dir='ltr'><strong>digne</strong></span> <span class='ocrx_word' id='word_1_171' title='bbox 3551 1512 3799 1569; x_wconf 83' lang='lat' dir='ltr'><strong>ambuletis</strong></span> 
     </span>
    </p>
   </div>
   <div class='ocr_carea' id='block_1_13' title="bbox 550 1605 3798 1682">
    <p class='ocr_par' dir='ltr' id='par_1_13' title="bbox 550 1605 3798 1682">
     <span class='ocr_line' id='line_1_13' title="bbox 550 1605 3798 1682; baseline 0.001 -17"><span class='ocrx_word' id='word_1_172' title='bbox 550 1610 837 1665; x_wconf 86' lang='lat' dir='ltr'><strong>vocatione</strong></span> <span class='ocrx_word' id='word_1_173' title='bbox 892 1626 996 1679; x_wconf 89' lang='lat' dir='ltr'><strong>qua</strong></span> <span class='ocrx_word' id='word_1_174' title='bbox 1024 1610 1201 1664; x_wconf 80' lang='lat' dir='ltr'><strong>vocati</strong></span> <span class='ocrx_word' id='word_1_175' title='bbox 1234 1611 1385 1673; x_wconf 85' lang='lat' dir='ltr'><strong>estis,</strong></span> <span class='ocrx_word' id='word_1_176' title='bbox 1415 1625 1537 1664; x_wconf 91' lang='lat' dir='ltr'><strong>cum</strong></span> <span class='ocrx_word' id='word_1_177' title='bbox 1562 1610 1708 1663; x_wconf 88' lang='lat' dir='ltr'><strong>onmi</strong></span> <span class='ocrx_word' id='word_1_178' title='bbox 1738 1608 2063 1672; x_wconf 85' lang='lat' dir='ltr'><strong>humilitate,</strong></span> <span class='ocrx_word' id='word_1_179' title='bbox 2102 1607 2275 1671; x_wconf 88' lang='lat' dir='ltr'><strong>dictis,</strong></span> <span class='ocrx_word' id='word_1_180' title='bbox 2301 1617 2346 1661; x_wconf 85' lang='lat' dir='ltr'><strong>et</strong></span> <span class='ocrx_word' id='word_1_181' title='bbox 2371 1605 2550 1675; x_wconf 79' lang='lat' dir='ltr'><strong>factis,</strong></span> <span class='ocrx_word' id='word_1_182' title='bbox 2578 1613 2633 1660; x_wconf 92' lang='lat' dir='ltr'><strong>et</strong></span> <span class='ocrx_word' id='word_1_183' title='bbox 2658 1606 3096 1670; x_wconf 87' lang='lat' dir='ltr'><strong>mansuetudine,</strong></span> <span class='ocrx_word' id='word_1_184' title='bbox 3127 1621 3249 1661; x_wconf 90' lang='lat' dir='ltr'><strong>cum</strong></span> <span class='ocrx_word' id='word_1_185' title='bbox 3284 1608 3570 1676; x_wconf 84' lang='lat' dir='ltr'><strong>patientia,</strong></span> <span class='ocrx_word' id='word_1_186' title='bbox 3601 1626 3798 1682; x_wconf 89' lang='lat' dir='ltr'><strong>suppor_</strong></span> 
     </span>
    </p>
   </div>
   <div class='ocr_carea' id='block_1_14' title="bbox 556 1701 3797 1779">
    <p class='ocr_par' dir='ltr' id='par_1_14' title="bbox 556 1701 3797 1779">
     <span class='ocr_line' id='line_1_14' title="bbox 556 1701 3797 1779; baseline -0.001 -16"><span class='ocrx_word' id='word_1_187' title='bbox 556 1716 738 1763; x_wconf 90' lang='lat' dir='ltr'><strong>tantes</strong></span> <span class='ocrx_word' id='word_1_188' title='bbox 768 1708 997 1762; x_wconf 85' lang='lat' dir='ltr'><strong>invicem</strong></span> <span class='ocrx_word' id='word_1_189' title='bbox 1047 1706 1100 1760; x_wconf 92' lang='lat' dir='ltr'><strong>iu</strong></span> <span class='ocrx_word' id='word_1_190' title='bbox 1143 1705 1428 1760; x_wconf 86' lang='lat' dir='ltr'><strong>charitate.</strong></span> <span class='ocrx_word' id='word_1_191' title='bbox 1462 1703 1682 1759; x_wconf 87' lang='lat' dir='ltr'><strong>solliciti</strong></span> <span class='ocrx_word' id='word_1_192' title='bbox 1722 1719 1942 1759; x_wconf 84' lang='lat' dir='ltr'><strong>servare</strong></span> <span class='ocrx_word' id='word_1_193' title='bbox 1973 1706 2257 1766; x_wconf 86' lang='lat' dir='ltr'><strong>unitatem,</strong></span> <span class='ocrx_word' id='word_1_194' title='bbox 2286 1701 2647 1769; x_wconf 80' lang='lat' dir='ltr'><strong>concordiam,</strong></span> <span class='ocrx_word' id='word_1_195' title='bbox 2681 1701 2903 1771; x_wconf 86' lang='lat' dir='ltr'><strong>spiritus</strong></span> <span class='ocrx_word' id='word_1_196' title='bbox 2935 1702 2989 1755; x_wconf 93' lang='lat' dir='ltr'><strong>in</strong></span> <span class='ocrx_word' id='word_1_197' title='bbox 3034 1701 3249 1758; x_wconf 88' lang='lat' dir='ltr'><strong>vinculo</strong></span> <span class='ocrx_word' id='word_1_198' title='bbox 3276 1702 3428 1773; x_wconf 89' lang='lat' dir='ltr'><strong>pacis</strong></span> <span class='ocrx_word' id='word_1_199' title='bbox 3455 1706 3514 1776; x_wconf 89' lang='lat' dir='ltr'><strong>(a</strong></span> <span class='ocrx_word' id='word_1_200' title='bbox 3543 1706 3730 1779; x_wconf 87' lang='lat' dir='ltr'><strong>simili),</strong></span> <span class='ocrx_word' id='word_1_201' title='bbox 3752 1711 3797 1772; x_wconf 79' lang='lat'><strong>2,</strong></span> 
     </span>
    </p>
   </div>
   <div class='ocr_carea' id='block_1_15' title="bbox 553 1798 3799 1873">
    <p class='ocr_par' dir='ltr' id='par_1_15' title="bbox 553 1798 3799 1873">
     <span class='ocr_line' id='line_1_15' title="bbox 553 1798 3799 1873; baseline 0 -14"><span class='ocrx_word' id='word_1_202' title='bbox 553 1805 613 1862; x_wconf 64' lang='grc' dir='ltr'><strong>ὅ.</strong></span> <span class='ocrx_word' id='word_1_203' title='bbox 638 1804 811 1859; x_wconf 89' lang='lat' dir='ltr'><strong>Unum</strong></span> <span class='ocrx_word' id='word_1_204' title='bbox 836 1818 1050 1873; x_wconf 86' lang='lat' dir='ltr'><strong>corpus,</strong></span> <span class='ocrx_word' id='word_1_205' title='bbox 1084 1802 1137 1856; x_wconf 72' lang='grc'><strong>4.</strong></span> <span class='ocrx_word' id='word_1_206' title='bbox 1186 1813 1241 1858; x_wconf 90' lang='lat' dir='ltr'><strong>et</strong></span> <span class='ocrx_word' id='word_1_207' title='bbox 1269 1817 1406 1857; x_wconf 89' lang='lat' dir='ltr'><strong>unus</strong></span> <span class='ocrx_word' id='word_1_208' title='bbox 1432 1801 1657 1870; x_wconf 82' lang='lat' dir='ltr'><strong>Spiritus</strong></span> <span class='ocrx_word' id='word_1_209' title='bbox 1688 1800 1836 1865; x_wconf 80' lang='lat' dir='ltr'><strong>sitis;</strong></span> <span class='ocrx_word' id='word_1_210' title='bbox 1867 1801 2007 1855; x_wconf 87' lang='lat' dir='ltr'><strong>sicut</strong></span> <span class='ocrx_word' id='word_1_211' title='bbox 2032 1808 2087 1855; x_wconf 91' lang='lat' dir='ltr'><strong>et</strong></span> <span class='ocrx_word' id='word_1_212' title='bbox 2106 1800 2279 1854; x_wconf 86' lang='lat' dir='ltr'><strong>vocati</strong></span> <span class='ocrx_word' id='word_1_213' title='bbox 2308 1798 2443 1855; x_wconf 86' lang='lat' dir='ltr'><strong>estis</strong></span> <span class='ocrx_word' id='word_1_214' title='bbox 2487 1798 2541 1852; x_wconf 90' lang='lat' dir='ltr'><strong>in</strong></span> <span class='ocrx_word' id='word_1_215' title='bbox 2573 1813 2678 1852; x_wconf 91' lang='lat' dir='ltr'><strong>una</strong></span> <span class='ocrx_word' id='word_1_216' title='bbox 2709 1813 2804 1867; x_wconf 86' lang='lat' dir='ltr'><strong>spe</strong></span> <span class='ocrx_word' id='word_1_217' title='bbox 2835 1798 3135 1854; x_wconf 89' lang='lat' dir='ltr'><strong>vocationis</strong></span> <span class='ocrx_word' id='word_1_218' title='bbox 3164 1809 3379 1855; x_wconf 68' lang='lat' dir='ltr'><strong>vestrm.</strong></span> <span class='ocrx_word' id='word_1_219' title='bbox 3410 1801 3560 1856; x_wconf 84' lang='lat' dir='ltr'><strong>Sicut</strong></span> <span class='ocrx_word' id='word_1_220' title='bbox 3589 1814 3659 1858; x_wconf 83' lang='lat' dir='ltr'><strong>est</strong></span> <span class='ocrx_word' id='word_1_221' title='bbox 3685 1807 3799 1861; x_wconf 74' lang='lat' dir='ltr'><strong>vobis</strong></span> 
     </span>
    </p>
   </div>
   <div class='ocr_carea' id='block_1_16' title="bbox 560 1894 3797 1969">
    <p class='ocr_par' dir='ltr' id='par_1_16' title="bbox 560 1894 3797 1969">
     <span class='ocr_line' id='line_1_16' title="bbox 560 1894 3797 1969; baseline 0.001 -15"><span class='ocrx_word' id='word_1_222' title='bbox 560 1917 701 1955; x_wconf 87' lang='lat' dir='ltr'><strong>unus</strong></span> <span class='ocrx_word' id='word_1_223' title='bbox 731 1901 990 1955; x_wconf 86' lang='lat' dir='ltr'><strong>Dominus</strong></span> <span class='ocrx_word' id='word_1_224' title='bbox 1042 1916 1144 1953; x_wconf 89' lang='lat' dir='ltr'><strong>una</strong></span> <span class='ocrx_word' id='word_1_225' title='bbox 1172 1898 1321 1953; x_wconf 86' lang='lat' dir='ltr'><strong>tides.</strong></span> <span class='ocrx_word' id='word_1_226' title='bbox 1362 1912 1529 1951; x_wconf 90' lang='lat' dir='ltr'><strong>unum</strong></span> <span class='ocrx_word' id='word_1_227' title='bbox 1572 1897 1862 1967; x_wconf 87' lang='lat' dir='ltr'><strong>baptisma,</strong></span> <span class='ocrx_word' id='word_1_228' title='bbox 1910 1897 1983 1950; x_wconf 84' lang='lat' dir='ltr'><strong>ita</strong></span> <span class='ocrx_word' id='word_1_229' title='bbox 2013 1895 2205 1949; x_wconf 78' lang='lat' dir='ltr'><strong>debetis</strong></span> <span class='ocrx_word' id='word_1_230' title='bbox 2233 1912 2394 1949; x_wconf 88' lang='lat' dir='ltr'><strong>unum</strong></span> <span class='ocrx_word' id='word_1_231' title='bbox 2418 1894 2661 1965; x_wconf 81' lang='lat' dir='ltr'><strong>spiritum</strong></span> <span class='ocrx_word' id='word_1_232' title='bbox 2682 1895 2889 1949; x_wconf 82' lang='lat' dir='ltr'><strong>habere.</strong></span> <span class='ocrx_word' id='word_1_233' title='bbox 2926 1894 3075 1952; x_wconf 86' lang='lat' dir='ltr'><strong>Unus</strong></span> <span class='ocrx_word' id='word_1_234' title='bbox 3112 1895 3278 1960; x_wconf 88' lang='lat' dir='ltr'><strong>Deus,</strong></span> <span class='ocrx_word' id='word_1_235' title='bbox 3300 1906 3358 1951; x_wconf 87' lang='lat' dir='ltr'><strong>et</strong></span> <span class='ocrx_word' id='word_1_236' title='bbox 3384 1897 3546 1954; x_wconf 83' lang='lat' dir='ltr'><strong>Pater</strong></span> <span class='ocrx_word' id='word_1_237' title='bbox 3571 1903 3797 1969; x_wconf 88' lang='lat' dir='ltr'><strong>omnium,</strong></span> 
     </span>
    </p>
   </div>
   <div class='ocr_carea' id='block_1_17' title="bbox 558 1994 3795 2069">
    <p class='ocr_par' dir='ltr' id='par_1_17' title="bbox 558 1994 3795 2069">
     <span class='ocr_line' id='line_1_17' title="bbox 558 1994 3795 2069; baseline 0.001 -14"><span class='ocrx_word' id='word_1_238' title='bbox 558 1999 612 2055; x_wconf 86' lang='lat'><strong>5.</strong></span> <span class='ocrx_word' id='word_1_239' title='bbox 648 1998 738 2069; x_wconf 88' lang='lat' dir='ltr'><strong>qui</strong></span> <span class='ocrx_word' id='word_1_240' title='bbox 785 2006 868 2053; x_wconf 90' lang='lat' dir='ltr'><strong>est</strong></span> <span class='ocrx_word' id='word_1_241' title='bbox 917 2012 1080 2067; x_wconf 92' lang='lat' dir='ltr'><strong>super</strong></span> <span class='ocrx_word' id='word_1_242' title='bbox 1124 2011 1338 2063; x_wconf 89' lang='lat' dir='ltr'><strong>omnes,</strong></span> <span class='ocrx_word' id='word_1_243' title='bbox 1374 2005 1429 2049; x_wconf 89' lang='lat' dir='ltr'><strong>ut</strong></span> <span class='ocrx_word' id='word_1_244' title='bbox 1473 1994 1730 2050; x_wconf 86' lang='lat' dir='ltr'><strong>Dominus</strong></span> <span class='ocrx_word' id='word_1_245' title='bbox 1778 2004 1832 2050; x_wconf 90' lang='lat' dir='ltr'><strong>et</strong></span> <span class='ocrx_word' id='word_1_246' title='bbox 1863 2010 1962 2066; x_wconf 90' lang='lat' dir='ltr'><strong>per</strong></span> <span class='ocrx_word' id='word_1_247' title='bbox 2003 1994 2208 2059; x_wconf 87' lang='lat' dir='ltr'><strong>omnia,</strong></span> <span class='ocrx_word' id='word_1_248' title='bbox 2249 2003 2305 2047; x_wconf 88' lang='lat' dir='ltr'><strong>ut</strong></span> <span class='ocrx_word' id='word_1_249' title='bbox 2332 1999 2647 2064; x_wconf 84' lang='lat' dir='ltr'><strong>gubernans,</strong></span> <span class='ocrx_word' id='word_1_250' title='bbox 2708 2003 2763 2048; x_wconf 91' lang='lat' dir='ltr'><strong>et</strong></span> <span class='ocrx_word' id='word_1_251' title='bbox 2812 1994 2866 2048; x_wconf 92' lang='lat' dir='ltr'><strong>in</strong></span> <span class='ocrx_word' id='word_1_252' title='bbox 2894 1994 3147 2051; x_wconf 90' lang='lat' dir='ltr'><strong>omnibus</strong></span> <span class='ocrx_word' id='word_1_253' title='bbox 3199 1997 3377 2065; x_wconf 85' lang='lat' dir='ltr'><strong>nobis,</strong></span> <span class='ocrx_word' id='word_1_254' title='bbox 3412 2009 3467 2053; x_wconf 86' lang='lat' dir='ltr'><strong>ut</strong></span> <span class='ocrx_word' id='word_1_255' title='bbox 3517 2002 3795 2059; x_wconf 81' lang='lat' dir='ltr'><strong>inhabitans.</strong></span> 
     </span>
    </p>
   </div>
   <div class='ocr_carea' id='block_1_18' title="bbox 2005 2108 2490 2166">
    <p class='ocr_par' dir='ltr' id='par_1_18' title="bbox 2005 2108 2490 2166">
     <span class='ocr_line' id='line_1_18' title="bbox 2005 2108 2490 2166; baseline -0.004 -1"><span class='ocrx_word' id='word_1_256' title='bbox 2005 2108 2490 2166; x_wconf 75' lang='lat' dir='ltr'><strong>MMENTARIUS.</strong></span> 
     </span>
    </p>
   </div>
   <div class='ocr_carea' id='block_1_19' title="bbox 557 2111 3799 2278">
    <p class='ocr_par' dir='ltr' id='par_1_19' title="bbox 557 2111 3799 2278">
     <span class='ocr_line' id='line_1_19' title="bbox 2005 2111 2490 2166; baseline -0.004 -1"><span class='ocrx_word' id='word_1_257' title='bbox 2005 2111 2490 2166; x_wconf 76' lang='lat' dir='ltr'><strong>MMENTABIUS.</strong></span> 
     </span>
     <span class='ocr_line' id='line_1_20' title="bbox 557 2111 3799 2278; baseline 0.001 -12"><span class='ocrx_word' id='word_1_258' title='bbox 557 2210 913 2268; x_wconf 85' lang='lat' dir='ltr'><strong>similitudine</strong></span> <span class='ocrx_word' id='word_1_259' title='bbox 936 2216 1155 2278; x_wconf 81' lang='lat' dir='ltr'><strong>propter</strong></span> <span class='ocrx_word' id='word_1_260' title='bbox 1182 2206 1429 2262; x_wconf 87' lang='lat' dir='ltr'><strong>eamdem</strong></span> <span class='ocrx_word' id='word_1_261' title='bbox 1470 2220 1689 2260; x_wconf 84' lang='lat' dir='ltr'><strong>causam</strong></span> <span class='ocrx_word' id='word_1_262' title='bbox 1726 2111 2137 2275; x_wconf 58' lang='lat' dir='ltr'><strong>patrescdicun-</strong></span> <span class='ocrx_word' id='word_1_263' title='bbox 2166 2206 2212 2265; x_wconf 77' lang='grc' dir='ltr'><strong>Δ</strong></span> <span class='ocrx_word' id='word_1_264' title='bbox 2242 2200 2376 2256; x_wconf 87' lang='lat' dir='ltr'><strong>alias</strong></span> <span class='ocrx_word' id='word_1_265' title='bbox 2405 2200 2604 2255; x_wconf 89' lang='lat' dir='ltr'><strong>dicitur</strong></span> <span class='ocrx_word' id='word_1_266' title='bbox 2628 2201 2836 2272; x_wconf 86' lang='lat' dir='ltr'><strong>:Supra</strong></span> <span class='ocrx_word' id='word_1_267' title='bbox 2875 2202 3087 2258; x_wconf 84' lang='lat' dir='ltr'><strong>modum</strong></span> <span class='ocrx_word' id='word_1_268' title='bbox 3134 2204 3189 2259; x_wconf 88' lang='lat' dir='ltr'><strong>in</strong></span> <span class='ocrx_word' id='word_1_269' title='bbox 3221 2206 3540 2264; x_wconf 83' lang='lat' dir='ltr'><strong>sublimitate</strong></span> <span class='ocrx_word' id='word_1_270' title='bbox 3583 2221 3799 2270; x_wconf 75' lang='lat' dir='ltr'><strong>wteruum</strong></span> 
     </span>
    </p>
   </div>
   <div class='ocr_carea' id='block_1_20' title="bbox 561 2294 2149 2371">
    <p class='ocr_par' dir='ltr' id='par_1_20' title="bbox 561 2294 2149 2371">
     <span class='ocr_line' id='line_1_21' title="bbox 561 2294 2149 2371; baseline -0.005 -14"><span class='ocrx_word' id='word_1_271' title='bbox 561 2314 668 2364; x_wconf 90' lang='lat' dir='ltr'><strong>tur,</strong></span> <span class='ocrx_word' id='word_1_272' title='bbox 705 2302 787 2356; x_wconf 81' lang='lat' dir='ltr'><strong>vel</strong></span> <span class='ocrx_word' id='word_1_273' title='bbox 818 2301 944 2371; x_wconf 89' lang='lat' dir='ltr'><strong>quia</strong></span> <span class='ocrx_word' id='word_1_274' title='bbox 982 2315 1047 2354; x_wconf 85' lang='lat' dir='ltr'><strong>ex</strong></span> <span class='ocrx_word' id='word_1_275' title='bbox 1094 2312 1155 2353; x_wconf 92' lang='lat' dir='ltr'><strong>se</strong></span> <span class='ocrx_word' id='word_1_276' title='bbox 1205 2298 1337 2368; x_wconf 86' lang='lat' dir='ltr'><strong>ipsis</strong></span> <span class='ocrx_word' id='word_1_277' title='bbox 1386 2297 1526 2355; x_wconf 91' lang='lat' dir='ltr'><strong>lilios</strong></span> <span class='ocrx_word' id='word_1_278' title='bbox 1573 2294 1976 2366; x_wconf 76' lang='lat' dir='ltr'><strong>generant;vel</strong></span> <span class='ocrx_word' id='word_1_279' title='bbox 2022 2295 2149 2365; x_wconf 84' lang='lat' dir='ltr'><strong>quia</strong></span> 
     </span>
    </p>
   </div>
   <div class='ocr_carea' id='block_1_21' title="bbox 557 2386 2150 2462">
    <p class='ocr_par' dir='ltr' id='par_1_21' title="bbox 557 2386 2150 2462">
     <span class='ocr_line' id='line_1_22' title="bbox 557 2386 2150 2462; baseline -0.005 -13"><span class='ocrx_word' id='word_1_280' title='bbox 557 2393 831 2462; x_wconf 77' lang='lat' dir='ltr'><strong>subjectos</strong></span> <span class='ocrx_word' id='word_1_281' title='bbox 865 2392 952 2462; x_wconf 92' lang='lat' dir='ltr'><strong>pio</strong></span> <span class='ocrx_word' id='word_1_282' title='bbox 1001 2390 1182 2445; x_wconf 85' lang='lat' dir='ltr'><strong>studio</strong></span> <span class='ocrx_word' id='word_1_283' title='bbox 1213 2390 1522 2460; x_wconf 83' lang='lat' dir='ltr'><strong>gubernant</strong></span> <span class='ocrx_word' id='word_1_284' title='bbox 1566 2398 1621 2442; x_wconf 91' lang='lat' dir='ltr'><strong>et</strong></span> <span class='ocrx_word' id='word_1_285' title='bbox 1652 2398 1865 2459; x_wconf 76' lang='lat' dir='ltr'><strong>regunt.</strong></span> <span class='ocrx_word' id='word_1_286' title='bbox 1913 2386 1971 2443; x_wconf 89' lang='lat' dir='ltr'><strong>Si</strong></span> <span class='ocrx_word' id='word_1_287' title='bbox 2022 2401 2150 2441; x_wconf 83' lang='lat' dir='ltr'><strong>vero</strong></span> 
     </span>
    </p>
   </div>
   <div class='ocr_carea' id='block_1_22' title="bbox 558 2478 2151 2558">
    <p class='ocr_par' dir='ltr' id='par_1_22' title="bbox 558 2478 2151 2558">
     <span class='ocr_line' id='line_1_23' title="bbox 558 2478 2151 2558; baseline -0.006 -15"><span class='ocrx_word' id='word_1_288' title='bbox 558 2503 657 2558; x_wconf 89' lang='lat' dir='ltr'><strong>per</strong></span> <span class='ocrx_word' id='word_1_289' title='bbox 706 2485 873 2541; x_wconf 75' lang='lat' dir='ltr'><strong>cados</strong></span> <span class='ocrx_word' id='word_1_290' title='bbox 924 2481 1145 2552; x_wconf 85' lang='lat' dir='ltr'><strong>angelos</strong></span> <span class='ocrx_word' id='word_1_291' title='bbox 1184 2480 1409 2552; x_wconf 78' lang='lat' dir='ltr'><strong>intelligi</strong></span> <span class='ocrx_word' id='word_1_292' title='bbox 1459 2479 1659 2544; x_wconf 87' lang='lat' dir='ltr'><strong>voluit,</strong></span> <span class='ocrx_word' id='word_1_293' title='bbox 1691 2478 2016 2533; x_wconf 67' lang='lat' dir='ltr'><strong>credendum</strong></span> <span class='ocrx_word' id='word_1_294' title='bbox 2067 2485 2151 2533; x_wconf 88' lang='lat' dir='ltr'><strong>est</strong></span> 
     </span>
    </p>
   </div>
   <div class='ocr_carea' id='block_1_23' title="bbox 562 2572 2149 2646">
    <p class='ocr_par' dir='ltr' id='par_1_23' title="bbox 562 2572 2149 2646">
     <span class='ocr_line' id='line_1_24' title="bbox 562 2572 2149 2646; baseline -0.004 -14"><span class='ocrx_word' id='word_1_295' title='bbox 562 2578 804 2634; x_wconf 87' lang='lat' dir='ltr'><strong>minores</strong></span> <span class='ocrx_word' id='word_1_296' title='bbox 831 2574 1075 2646; x_wconf 85' lang='lat' dir='ltr'><strong>angelos,</strong></span> <span class='ocrx_word' id='word_1_297' title='bbox 1103 2584 1286 2644; x_wconf 88' lang='lat' dir='ltr'><strong>patres</strong></span> <span class='ocrx_word' id='word_1_298' title='bbox 1328 2572 1614 2628; x_wconf 89' lang='lat' dir='ltr'><strong>nominare</strong></span> <span class='ocrx_word' id='word_1_299' title='bbox 1644 2572 1903 2642; x_wconf 79' lang='lat' dir='ltr'><strong>majores;</strong></span> <span class='ocrx_word' id='word_1_300' title='bbox 1931 2585 2149 2641; x_wconf 83' lang='lat' dir='ltr'><strong>quoquo</strong></span> 
     </span>
    </p>
   </div>
   <div class='ocr_carea' id='block_1_24' title="bbox 561 2665 2151 2737">
    <p class='ocr_par' dir='ltr' id='par_1_24' title="bbox 561 2665 2151 2737">
     <span class='ocr_line' id='line_1_25' title="bbox 561 2665 2151 2737; baseline -0.005 -11"><span class='ocrx_word' id='word_1_301' title='bbox 561 2682 743 2727; x_wconf 88' lang='lat' dir='ltr'><strong>tamen</strong></span> <span class='ocrx_word' id='word_1_302' title='bbox 784 2669 939 2724; x_wconf 86' lang='lat' dir='ltr'><strong>modo</strong></span> <span class='ocrx_word' id='word_1_303' title='bbox 966 2667 1242 2723; x_wconf 86' lang='lat' dir='ltr'><strong>sententia</strong></span> <span class='ocrx_word' id='word_1_304' title='bbox 1274 2666 1619 2737; x_wconf 86' lang='lat' dir='ltr'><strong>intelligitur,</strong></span> <span class='ocrx_word' id='word_1_305' title='bbox 1659 2666 1799 2719; x_wconf 90' lang='lat' dir='ltr'><strong>bona</strong></span> <span class='ocrx_word' id='word_1_306' title='bbox 1854 2665 2151 2734; x_wconf 86' lang='lat' dir='ltr'><strong>paternitas</strong></span> 
     </span>
    </p>
   </div>
   <div class='ocr_carea' id='block_1_25' title="bbox 562 2756 2151 2832">
    <p class='ocr_par' dir='ltr' id='par_1_25' title="bbox 562 2756 2151 2832">
     <span class='ocr_line' id='line_1_26' title="bbox 562 2756 2151 2832; baseline -0.003 -17"><span class='ocrx_word' id='word_1_307' title='bbox 562 2761 785 2832; x_wconf 82' lang='lat' dir='ltr'><strong>intelligi</strong></span> <span class='ocrx_word' id='word_1_308' title='bbox 829 2759 1013 2823; x_wconf 87' lang='lat' dir='ltr'><strong>debet;</strong></span> <span class='ocrx_word' id='word_1_309' title='bbox 1044 2773 1218 2827; x_wconf 90' lang='lat' dir='ltr'><strong>neque</strong></span> <span class='ocrx_word' id='word_1_310' title='bbox 1246 2757 1388 2811; x_wconf 84' lang='lat' dir='ltr'><strong>enim</strong></span> <span class='ocrx_word' id='word_1_311' title='bbox 1417 2772 1485 2811; x_wconf 82' lang='lat' dir='ltr'><strong>ex</strong></span> <span class='ocrx_word' id='word_1_312' title='bbox 1515 2756 1625 2811; x_wconf 90' lang='lat' dir='ltr'><strong>Deo</strong></span> <span class='ocrx_word' id='word_1_313' title='bbox 1656 2756 1745 2810; x_wconf 89' lang='lat' dir='ltr'><strong>illa</strong></span> <span class='ocrx_word' id='word_1_314' title='bbox 1767 2765 1902 2819; x_wconf 81' lang='lat' dir='ltr'><strong>erat,</strong></span> <span class='ocrx_word' id='word_1_315' title='bbox 1937 2756 2002 2811; x_wconf 91' lang='lat' dir='ltr'><strong>de</strong></span> <span class='ocrx_word' id='word_1_316' title='bbox 2046 2771 2151 2826; x_wconf 87' lang='lat' dir='ltr'><strong>qua</strong></span> 
     </span>
    </p>
   </div>
   <div class='ocr_carea' id='block_1_26' title="bbox 562 2838 2153 2918">
    <p class='ocr_par' dir='ltr' id='par_1_26' title="bbox 562 2838 2153 2918">
     <span class='ocr_line' id='line_1_27' title="bbox 562 2838 2153 2918; baseline -0.003 -12"><span class='ocrx_word' id='word_1_317' title='bbox 562 2853 633 2907; x_wconf 27' lang='lat' dir='ltr'><strong>in.</strong></span> <span class='ocrx_word' id='word_1_318' title='bbox 664 2850 954 2918; x_wconf 75' lang='lat' dir='ltr'><strong>Evangelio</strong></span> <span class='ocrx_word' id='word_1_319' title='bbox 984 2838 1159 2905; x_wconf 76' lang='lat' dir='ltr'><strong>dicit:</strong></span> <span class='ocrx_word' id='word_1_320' title='bbox 1203 2847 1306 2902; x_wconf 82' lang='lat' dir='ltr'><strong>Vos</strong></span> <span class='ocrx_word' id='word_1_321' title='bbox 1349 2864 1415 2902; x_wconf 74' lang='lat' dir='ltr'><strong>ea:</strong></span> <span class='ocrx_word' id='word_1_322' title='bbox 1454 2857 1600 2918; x_wconf 84' lang='lat' dir='ltr'><strong>patre</strong></span> <span class='ocrx_word' id='word_1_323' title='bbox 1655 2846 1865 2903; x_wconf 84' lang='lat' dir='ltr'><strong>diabolo</strong></span> <span class='ocrx_word' id='word_1_324' title='bbox 1892 2849 2039 2902; x_wconf 87' lang='lat' dir='ltr'><strong>estis.</strong></span> <span class='ocrx_word' id='word_1_325' title='bbox 2086 2848 2153 2902; x_wconf 86' lang='lat' dir='ltr'><strong>Et</strong></span> 
     </span>
    </p>
   </div>
   <div class='ocr_carea' id='block_1_27' title="bbox 563 2922 2149 3010">
    <p class='ocr_par' dir='ltr' id='par_1_27' title="bbox 563 2922 2149 3010">
     <span class='ocr_line' id='line_1_28' title="bbox 563 2922 2149 3010; baseline -0.003 -13"><span class='ocrx_word' id='word_1_326' title='bbox 563 2922 690 2997; x_wconf 79' lang='lat' dir='ltr'><strong>alibi</strong></span> <span class='ocrx_word' id='word_1_327' title='bbox 721 2960 734 2997; x_wconf 93' lang='lat'><strong>:</strong></span> <span class='ocrx_word' id='word_1_328' title='bbox 768 2943 836 2996; x_wconf 92' lang='lat' dir='ltr'><strong>ab</strong></span> <span class='ocrx_word' id='word_1_329' title='bbox 868 2942 1015 2995; x_wconf 88' lang='lat' dir='ltr'><strong>initio</strong></span> <span class='ocrx_word' id='word_1_330' title='bbox 1068 2940 1294 2994; x_wconf 70' lang='lat' dir='ltr'><strong>mendax.</strong></span> <span class='ocrx_word' id='word_1_331' title='bbox 1335 2950 1408 2995; x_wconf 86' lang='lat' dir='ltr'><strong>est</strong></span> <span class='ocrx_word' id='word_1_332' title='bbox 1436 2980 1450 3005; x_wconf 96' lang='lat'><strong>,</strong></span> <span class='ocrx_word' id='word_1_333' title='bbox 1502 2948 1557 2996; x_wconf 87' lang='lat' dir='ltr'><strong>et</strong></span> <span class='ocrx_word' id='word_1_334' title='bbox 1601 2949 1754 3009; x_wconf 85' lang='lat' dir='ltr'><strong>pater</strong></span> <span class='ocrx_word' id='word_1_335' title='bbox 1791 2939 1909 3010; x_wconf 91' lang='lat' dir='ltr'><strong>ejus</strong></span> <span class='ocrx_word' id='word_1_336' title='bbox 1944 2950 2149 3010; x_wconf 88' lang='lat' dir='ltr'><strong>patrem</strong></span> 
     </span>
    </p>
   </div>
   <div class='ocr_carea' id='block_1_28' title="bbox 550 3031 1397 3093">
    <p class='ocr_par' dir='ltr' id='par_1_28' title="bbox 550 3031 1397 3093">
     <span class='ocr_line' id='line_1_29' title="bbox 550 3031 1397 3093; baseline -0.005 -4"><span class='ocrx_word' id='word_1_337' title='bbox 550 3034 854 3093; x_wconf 88' lang='lat' dir='ltr'><strong>mendacii,</strong></span> <span class='ocrx_word' id='word_1_338' title='bbox 887 3031 1156 3086; x_wconf 88' lang='lat' dir='ltr'><strong>diabolum</strong></span> <span class='ocrx_word' id='word_1_339' title='bbox 1189 3032 1397 3086; x_wconf 83' lang='lat' dir='ltr'><strong>dicens.</strong></span> 
     </span>
    </p>
   </div>
   <div class='ocr_carea' id='block_1_29' title="bbox 639 3122 2149 3192">
    <p class='ocr_par' dir='ltr' id='par_1_29' title="bbox 639 3122 2149 3192">
     <span class='ocr_line' id='line_1_30' title="bbox 639 3122 2149 3192; baseline -0.001 -13"><span class='ocrx_word' id='word_1_340' title='bbox 639 3124 726 3179; x_wconf 65' lang='grc'><strong>11.</strong></span> <span class='ocrx_word' id='word_1_341' title='bbox 765 3124 1002 3178; x_wconf 77' lang='lat' dir='ltr'><strong>Aucusr.</strong></span> <span class='ocrx_word' id='word_1_342' title='bbox 1037 3122 1228 3191; x_wconf 84' lang='lat' dir='ltr'><strong>(Epist.</strong></span> <span class='ocrx_word' id='word_1_343' title='bbox 1263 3122 1364 3177; x_wconf 71' lang='lat'><strong>120</strong></span> <span class='ocrx_word' id='word_1_344' title='bbox 1393 3122 1467 3177; x_wconf 87' lang='lat' dir='ltr'><strong>De</strong></span> <span class='ocrx_word' id='word_1_345' title='bbox 1501 3123 1675 3192; x_wconf 85' lang='lat' dir='ltr'><strong>gratia</strong></span> <span class='ocrx_word' id='word_1_346' title='bbox 1721 3122 1859 3179; x_wconf 86' lang='lat' dir='ltr'><strong>Novi</strong></span> <span class='ocrx_word' id='word_1_347' title='bbox 1895 3122 2055 3190; x_wconf 84' lang='lat' dir='ltr'><strong>Test-.,</strong></span> <span class='ocrx_word' id='word_1_348' title='bbox 2100 3139 2149 3179; x_wconf 87' lang='lat' dir='ltr'><strong>c.</strong></span> 
     </span>
    </p>
   </div>
   <div class='ocr_carea' id='block_1_30' title="bbox 566 3212 2155 3285">
    <p class='ocr_par' dir='ltr' id='par_1_30' title="bbox 566 3212 2155 3285">
     <span class='ocr_line' id='line_1_31' title="bbox 566 3212 2155 3285; baseline -0.001 -14"><span class='ocrx_word' id='word_1_349' title='bbox 566 3216 638 3270; x_wconf 74' lang='grc'><strong>26</strong></span> <span class='ocrx_word' id='word_1_350' title='bbox 666 3256 680 3279; x_wconf 91' lang='grc'><em>,</em></span> <span class='ocrx_word' id='word_1_351' title='bbox 724 3222 854 3269; x_wconf 87' lang='lat' dir='ltr'><strong>tom.</strong></span> <span class='ocrx_word' id='word_1_352' title='bbox 887 3213 974 3281; x_wconf 90' lang='lat' dir='ltr'><strong>ll.)</strong></span> <span class='ocrx_word' id='word_1_353' title='bbox 1004 3212 1245 3266; x_wconf 84' lang='lat' dir='ltr'><strong>Radicatt&#39;</strong></span> <span class='ocrx_word' id='word_1_354' title='bbox 1280 3222 1326 3267; x_wconf 84' lang='lat' dir='ltr'><strong>ct</strong></span> <span class='ocrx_word' id='word_1_355' title='bbox 1371 3214 1601 3283; x_wconf 68' lang='lat' dir='ltr'><strong>fundati.</strong></span> <span class='ocrx_word' id='word_1_356' title='bbox 1637 3213 1881 3270; x_wconf 82' lang='lat' dir='ltr'><strong>RadiCati</strong></span> <span class='ocrx_word' id='word_1_357' title='bbox 1936 3223 2155 3285; x_wconf 88' lang='lat' dir='ltr'><strong>propter</strong></span> 
     </span>
    </p>
   </div>
   <div class='ocr_carea' id='block_1_31' title="bbox 568 3302 2154 3375">
    <p class='ocr_par' dir='ltr' id='par_1_31' title="bbox 568 3302 2154 3375">
     <span class='ocr_line' id='line_1_32' title="bbox 568 3302 2154 3375; baseline 0.001 -16"><span class='ocrx_word' id='word_1_358' title='bbox 568 3303 998 3375; x_wconf 47' lang='lat' dir='ltr'><strong>agriculturam“</strong></span> <span class='ocrx_word' id='word_1_359' title='bbox 1056 3302 1260 3356; x_wconf 82' lang='lat' dir='ltr'><strong>fundati</strong></span> <span class='ocrx_word' id='word_1_360' title='bbox 1292 3311 1537 3372; x_wconf 8' lang='lat' dir='ltr'><strong>(propter</strong></span> <span class='ocrx_word' id='word_1_361' title='bbox 1582 3304 2034 3371; x_wconf 73' lang='lat' dir='ltr'><strong>tedilicaliouem;</strong></span> <span class='ocrx_word' id='word_1_362' title='bbox 2074 3306 2154 3360; x_wconf 83' lang='lat' dir='ltr'><strong>di-</strong></span> 
     </span>
    </p>
   </div>
   <div class='ocr_carea' id='block_1_32' title="bbox 567 3392 2153 3466">
    <p class='ocr_par' dir='ltr' id='par_1_32' title="bbox 567 3392 2153 3466">
     <span class='ocr_line' id='line_1_33' title="bbox 567 3392 2153 3466; baseline 0.001 -15"><span class='ocrx_word' id='word_1_363' title='bbox 567 3397 653 3451; x_wconf 89' lang='lat' dir='ltr'><strong>cit</strong></span> <span class='ocrx_word' id='word_1_364' title='bbox 691 3394 835 3453; x_wconf 88' lang='lat' dir='ltr'><strong>enim</strong></span> <span class='ocrx_word' id='word_1_365' title='bbox 872 3393 978 3447; x_wconf 86' lang='lat' dir='ltr'><strong>alio</strong></span> <span class='ocrx_word' id='word_1_366' title='bbox 1005 3393 1124 3447; x_wconf 88' lang='lat' dir='ltr'><strong>loco</strong></span> <span class='ocrx_word' id='word_1_367' title='bbox 1156 3406 1172 3447; x_wconf 88' lang='lat'><strong>:</strong></span> <span class='ocrx_word' id='word_1_368' title='bbox 1202 3392 1296 3446; x_wconf 88' lang='lat' dir='ltr'><strong>Dei</strong></span> <span class='ocrx_word' id='word_1_369' title='bbox 1340 3393 1665 3464; x_wconf 85' lang='lat' dir='ltr'><strong>agricultura</strong></span> <span class='ocrx_word' id='word_1_370' title='bbox 1693 3434 1709 3461; x_wconf 91' lang='lat'><strong>,</strong></span> <span class='ocrx_word' id='word_1_371' title='bbox 1754 3394 1846 3450; x_wconf 82' lang='lat' dir='ltr'><strong>Dei</strong></span> <span class='ocrx_word' id='word_1_372' title='bbox 1873 3396 2153 3466; x_wconf 80' lang='lat' dir='ltr'><strong>wdiﬁcutio</strong></span> 
     </span>
    </p>
   </div>
   <div class='ocr_carea' id='block_1_33' title="bbox 568 3488 713 3543">
    <p class='ocr_par' dir='ltr' id='par_1_33' title="bbox 568 3488 713 3543">
     <span class='ocr_line' id='line_1_34' title="bbox 568 3488 713 3543; baseline -0.021 0"><span class='ocrx_word' id='word_1_373' title='bbox 568 3488 713 3543; x_wconf 82' lang='lat' dir='ltr'><strong>estis.</strong></span> 
     </span>
    </p>
   </div>
   <div class='ocr_carea' id='block_1_34' title="bbox 638 3575 2155 3646">
    <p class='ocr_par' dir='ltr' id='par_1_34' title="bbox 638 3575 2155 3646">
     <span class='ocr_line' id='line_1_35' title="bbox 638 3575 2155 3646; baseline 0.004 -13"><span class='ocrx_word' id='word_1_374' title='bbox 638 3578 724 3633; x_wconf 77' lang='grc'><strong>13.</strong></span> <span class='ocrx_word' id='word_1_375' title='bbox 759 3577 999 3630; x_wconf 80' lang='lat' dir='ltr'><strong>Ausnos.</strong></span> <span class='ocrx_word' id='word_1_376' title='bbox 1027 3575 1097 3631; x_wconf 87' lang='lat' dir='ltr'><strong>Ut</strong></span> <span class='ocrx_word' id='word_1_377' title='bbox 1140 3576 1370 3646; x_wconf 85' lang='lat' dir='ltr'><strong>possitis.</strong></span> <span class='ocrx_word' id='word_1_378' title='bbox 1412 3576 1525 3634; x_wconf 89' lang='lat' dir='ltr'><strong>lloe</strong></span> <span class='ocrx_word' id='word_1_379' title='bbox 1573 3587 1658 3634; x_wconf 89' lang='lat' dir='ltr'><strong>est</strong></span> <span class='ocrx_word' id='word_1_380' title='bbox 1700 3589 1759 3635; x_wconf 91' lang='lat' dir='ltr'><strong>ut</strong></span> <span class='ocrx_word' id='word_1_381' title='bbox 1809 3579 1861 3636; x_wconf 93' lang='lat' dir='ltr'><strong>in</strong></span> <span class='ocrx_word' id='word_1_382' title='bbox 1896 3580 2155 3639; x_wconf 81' lang='lat' dir='ltr'><strong>fruitioue</strong></span> 
     </span>
    </p>
   </div>
   <div class='ocr_carea' id='block_1_35' title="bbox 563 3669 2151 3739">
    <p class='ocr_par' dir='ltr' id='par_1_35' title="bbox 563 3669 2151 3739">
     <span class='ocr_line' id='line_1_36' title="bbox 563 3669 2151 3739; baseline 0.003 -15"><span class='ocrx_word' id='word_1_383' title='bbox 563 3670 690 3725; x_wconf 81' lang='lat' dir='ltr'><strong>vitae</strong></span> <span class='ocrx_word' id='word_1_384' title='bbox 728 3670 1057 3735; x_wconf 87' lang='lat' dir='ltr'><strong>eonsistatis,</strong></span> <span class='ocrx_word' id='word_1_385' title='bbox 1089 3670 1228 3737; x_wconf 85' lang='lat' dir='ltr'><strong>quod</strong></span> <span class='ocrx_word' id='word_1_386' title='bbox 1253 3669 1490 3725; x_wconf 88' lang='lat' dir='ltr'><strong>ostendit</strong></span> <span class='ocrx_word' id='word_1_387' title='bbox 1520 3671 1746 3726; x_wconf 86' lang='lat' dir='ltr'><strong>dicendo</strong></span> <span class='ocrx_word' id='word_1_388' title='bbox 1775 3688 1897 3728; x_wconf 83' lang='lat' dir='ltr'><strong>cum</strong></span> <span class='ocrx_word' id='word_1_389' title='bbox 1927 3675 2151 3739; x_wconf 85' lang='lat' dir='ltr'><strong>sanctis,</strong></span> 
     </span>
    </p>
   </div>
   <div class='ocr_carea' id='block_1_36' title="bbox 571 3758 2155 3832">
    <p class='ocr_par' dir='ltr' id='par_1_36' title="bbox 571 3758 2155 3832">
     <span class='ocr_line' id='line_1_37' title="bbox 571 3758 2155 3832; baseline 0.003 -17"><span class='ocrx_word' id='word_1_390' title='bbox 571 3777 697 3815; x_wconf 86' lang='lat' dir='ltr'><strong>nam</strong></span> <span class='ocrx_word' id='word_1_391' title='bbox 730 3759 1090 3825; x_wconf 88' lang='lat' dir='ltr'><strong>latitudinem,</strong></span> <span class='ocrx_word' id='word_1_392' title='bbox 1124 3758 1533 3829; x_wconf 84' lang='lat' dir='ltr'><strong>ltmgitudinem,</strong></span> <span class='ocrx_word' id='word_1_393' title='bbox 1582 3761 1932 3832; x_wconf 79' lang='lat' dir='ltr'><strong>profundunt.</strong></span> <span class='ocrx_word' id='word_1_394' title='bbox 1958 3764 2155 3820; x_wconf 84' lang='lat' dir='ltr'><strong>Altitu-</strong></span> 
     </span>
    </p>
   </div>
   <div class='ocr_carea' id='block_1_37' title="bbox 538 3850 2155 3921">
    <p class='ocr_par' dir='ltr' id='par_1_37' title="bbox 538 3850 2155 3921">
     <span class='ocr_line' id='line_1_38' title="bbox 538 3850 2155 3921; baseline 0.004 -15"><span class='ocrx_word' id='word_1_395' title='bbox 538 3914 541 3917; x_wconf 96' lang='lat'><em>_</em></span> <span class='ocrx_word' id='word_1_396' title='bbox 575 3852 757 3906; x_wconf 88' lang='lat' dir='ltr'><strong>dinem</strong></span> <span class='ocrx_word' id='word_1_397' title='bbox 790 3850 915 3905; x_wconf 86' lang='lat' dir='ltr'><strong>dicit</strong></span> <span class='ocrx_word' id='word_1_398' title='bbox 943 3851 1129 3921; x_wconf 80' lang='lat' dir='ltr'><strong>gratia:</strong></span> <span class='ocrx_word' id='word_1_399' title='bbox 1162 3852 1609 3921; x_wconf 84' lang='lat' dir='ltr'><strong>magnitudinem,</strong></span> <span class='ocrx_word' id='word_1_400' title='bbox 1643 3870 1708 3909; x_wconf 81' lang='lat' dir='ltr'><strong>ex</strong></span> <span class='ocrx_word' id='word_1_401' title='bbox 1737 3854 1820 3910; x_wconf 86' lang='lat' dir='ltr'><strong>Itis</strong></span> <span class='ocrx_word' id='word_1_402' title='bbox 1850 3856 2155 3915; x_wconf 84' lang='lat' dir='ltr'><strong>nominibus</strong></span> 
     </span>
    </p>
   </div>
   <div class='ocr_carea' id='block_1_38' title="bbox 569 3943 2153 4018">
    <p class='ocr_par' dir='ltr' id='par_1_38' title="bbox 569 3943 2153 4018">
     <span class='ocr_line' id='line_1_39' title="bbox 569 3943 2153 4018; baseline 0.003 -21"><span class='ocrx_word' id='word_1_403' title='bbox 569 3960 693 4014; x_wconf 76' lang='lat' dir='ltr'><strong>qua:</strong></span> <span class='ocrx_word' id='word_1_404' title='bbox 735 3943 875 4014; x_wconf 89' lang='lat' dir='ltr'><strong>apttd</strong></span> <span class='ocrx_word' id='word_1_405' title='bbox 911 3959 1007 3996; x_wconf 91' lang='lat' dir='ltr'><strong>nos</strong></span> <span class='ocrx_word' id='word_1_406' title='bbox 1046 3958 1238 4012; x_wconf 86' lang='lat' dir='ltr'><strong>magna</strong></span> <span class='ocrx_word' id='word_1_407' title='bbox 1283 3959 1405 3998; x_wconf 84' lang='lat' dir='ltr'><strong>esse</strong></span> <span class='ocrx_word' id='word_1_408' title='bbox 1436 3946 1709 4009; x_wconf 89' lang='lat' dir='ltr'><strong>videntur,</strong></span> <span class='ocrx_word' id='word_1_409' title='bbox 1750 3962 1848 4002; x_wconf 90' lang='lat' dir='ltr'><strong>oro</strong></span> <span class='ocrx_word' id='word_1_410' title='bbox 1874 3987 1890 4012; x_wconf 92' lang='lat'><strong>,</strong></span> <span class='ocrx_word' id='word_1_411' title='bbox 1940 3948 2153 4018; x_wconf 90' lang='lat' dir='ltr'><strong>inquit,</strong></span> 
     </span>
    </p>
   </div>
   <div class='ocr_carea' id='block_1_39' title="bbox 570 4032 2156 4107">
    <p class='ocr_par' dir='ltr' id='par_1_39' title="bbox 570 4032 2156 4107">
     <span class='ocr_line' id='line_1_40' title="bbox 570 4032 2156 4107; baseline 0.004 -20"><span class='ocrx_word' id='word_1_412' title='bbox 570 4050 693 4088; x_wconf 92' lang='lat' dir='ltr'><strong>cutn</strong></span> <span class='ocrx_word' id='word_1_413' title='bbox 746 4033 947 4087; x_wconf 87' lang='lat' dir='ltr'><strong>sanctis</strong></span> <span class='ocrx_word' id='word_1_414' title='bbox 981 4032 1066 4085; x_wconf 86' lang='lat' dir='ltr'><strong>illa</strong></span> <span class='ocrx_word' id='word_1_415' title='bbox 1103 4041 1211 4086; x_wconf 89' lang='lat' dir='ltr'><strong>tam</strong></span> <span class='ocrx_word' id='word_1_416' title='bbox 1262 4049 1454 4103; x_wconf 82' lang='lat' dir='ltr'><strong>magna</strong></span> <span class='ocrx_word' id='word_1_417' title='bbox 1503 4034 1799 4091; x_wconf 85' lang='lat' dir='ltr'><strong>donatione</strong></span> <span class='ocrx_word' id='word_1_418' title='bbox 1848 4036 1943 4094; x_wconf 89' lang='lat' dir='ltr'><strong>Dei</strong></span> <span class='ocrx_word' id='word_1_419' title='bbox 1993 4054 2156 4107; x_wconf 87' lang='lat' dir='ltr'><strong>quam</strong></span> 
     </span>
    </p>
   </div>
   <div class='ocr_carea' id='block_1_40' title="bbox 568 4121 1554 4195">
    <p class='ocr_par' dir='ltr' id='par_1_40' title="bbox 568 4121 1554 4195">
     <span class='ocr_line' id='line_1_41' title="bbox 568 4121 1554 4195; baseline 0 -17"><span class='ocrx_word' id='word_1_420' title='bbox 568 4123 822 4195; x_wconf 80' lang='lat' dir='ltr'><strong>praestitit</strong></span> <span class='ocrx_word' id='word_1_421' title='bbox 856 4122 1011 4176; x_wconf 85' lang='lat' dir='ltr'><strong>nobis</strong></span> <span class='ocrx_word' id='word_1_422' title='bbox 1056 4121 1297 4177; x_wconf 88' lang='lat' dir='ltr'><strong>cbaritas</strong></span> <span class='ocrx_word' id='word_1_423' title='bbox 1332 4122 1554 4178; x_wconf 88' lang='lat' dir='ltr'><strong>Christi.</strong></span> 
     </span>
    </p>
   </div>
   <div class='ocr_carea' id='block_1_41' title="bbox 645 4212 2153 4283">
    <p class='ocr_par' dir='ltr' id='par_1_41' title="bbox 645 4212 2153 4283">
     <span class='ocr_line' id='line_1_42' title="bbox 645 4212 2153 4283; baseline 0.005 -15"><span class='ocrx_word' id='word_1_424' title='bbox 645 4214 732 4268; x_wconf 91' lang='grc'><strong>16.</strong></span> <span class='ocrx_word' id='word_1_425' title='bbox 765 4214 1007 4269; x_wconf 71' lang='lat' dir='ltr'><strong>Ancosr.</strong></span> <span class='ocrx_word' id='word_1_426' title='bbox 1043 4212 1230 4283; x_wconf 87' lang='lat' dir='ltr'><strong>(lbid.)</strong></span> <span class='ocrx_word' id='word_1_427' title='bbox 1267 4212 1397 4279; x_wconf 73' lang='lat' dir='ltr'><strong>Qum</strong></span> <span class='ocrx_word' id='word_1_428' title='bbox 1422 4214 1487 4267; x_wconf 86' lang='lat' dir='ltr'><strong>sit</strong></span> <span class='ocrx_word' id='word_1_429' title='bbox 1525 4214 1771 4271; x_wconf 84' lang='lat' dir='ltr'><strong>latitudo.</strong></span> <span class='ocrx_word' id='word_1_430' title='bbox 1820 4216 2075 4275; x_wconf 89' lang='lat' dir='ltr'><strong>Latitudo</strong></span> <span class='ocrx_word' id='word_1_431' title='bbox 2101 4220 2153 4275; x_wconf 93' lang='lat' dir='ltr'><strong>in</strong></span> 
     </span>
    </p>
   </div>
   <div class='ocr_carea' id='block_1_42' title="bbox 570 4304 2156 4381">
    <p class='ocr_par' dir='ltr' id='par_1_42' title="bbox 570 4304 2156 4381">
     <span class='ocr_line' id='line_1_43' title="bbox 570 4304 2156 4381; baseline 0.003 -19"><span class='ocrx_word' id='word_1_432' title='bbox 570 4307 729 4362; x_wconf 90' lang='lat' dir='ltr'><strong>bonis</strong></span> <span class='ocrx_word' id='word_1_433' title='bbox 749 4306 1023 4375; x_wconf 83' lang='lat' dir='ltr'><strong>operibus,</strong></span> <span class='ocrx_word' id='word_1_434' title='bbox 1049 4305 1245 4375; x_wconf 86' lang='lat' dir='ltr'><strong>quibus</strong></span> <span class='ocrx_word' id='word_1_435' title='bbox 1268 4304 1643 4371; x_wconf 83' lang='lat' dir='ltr'><strong>benevolentia</strong></span> <span class='ocrx_word' id='word_1_436' title='bbox 1668 4309 1961 4380; x_wconf 84' lang='lat' dir='ltr'><strong>porrigitur</strong></span> <span class='ocrx_word' id='word_1_437' title='bbox 1990 4327 2156 4381; x_wconf 83' lang='lat' dir='ltr'><strong>usque</strong></span> 
     </span>
    </p>
   </div>
   <div class='ocr_carea' id='block_1_43' title="bbox 568 4395 2157 4472">
    <p class='ocr_par' dir='ltr' id='par_1_43' title="bbox 568 4395 2157 4472">
     <span class='ocr_line' id='line_1_44' title="bbox 568 4395 2157 4472; baseline 0.004 -22"><span class='ocrx_word' id='word_1_438' title='bbox 568 4397 638 4450; x_wconf 91' lang='lat' dir='ltr'><strong>ad</strong></span> <span class='ocrx_word' id='word_1_439' title='bbox 670 4395 979 4466; x_wconf 34' lang='lat' dir='ltr'><strong>diligendus</strong></span> <span class='ocrx_word' id='word_1_440' title='bbox 1014 4395 1296 4461; x_wconf 87' lang='lat' dir='ltr'><strong>inimicos;</strong></span> <span class='ocrx_word' id='word_1_441' title='bbox 1328 4405 1381 4450; x_wconf 90' lang='lat' dir='ltr'><strong>et</strong></span> <span class='ocrx_word' id='word_1_442' title='bbox 1410 4396 1707 4467; x_wconf 78' lang='lat' dir='ltr'><strong>longitudo,</strong></span> <span class='ocrx_word' id='word_1_443' title='bbox 1741 4409 1798 4454; x_wconf 85' lang='grc' dir='ltr'><strong>ιιι</strong></span> <span class='ocrx_word' id='word_1_444' title='bbox 1833 4400 2157 4472; x_wconf 84' lang='lat' dir='ltr'><strong>longanimi-</strong></span> 
     </span>
    </p>
   </div>
   <div class='ocr_carea' id='block_1_44' title="bbox 570 4484 2156 4559">
    <p class='ocr_par' dir='ltr' id='par_1_44' title="bbox 570 4484 2156 4559">
     <span class='ocr_line' id='line_1_45' title="bbox 570 4484 2156 4559; baseline 0.008 -21"><span class='ocrx_word' id='word_1_445' title='bbox 570 4495 657 4540; x_wconf 89' lang='lat' dir='ltr'><strong>ter</strong></span> <span class='ocrx_word' id='word_1_446' title='bbox 695 4501 793 4554; x_wconf 92' lang='lat' dir='ltr'><strong>pro</strong></span> <span class='ocrx_word' id='word_1_447' title='bbox 824 4487 926 4539; x_wconf 88' lang='lat' dir='ltr'><strong>hac</strong></span> <span class='ocrx_word' id='word_1_448' title='bbox 955 4484 1236 4542; x_wconf 77' lang='lat' dir='ltr'><strong>latitudine</strong></span> <span class='ocrx_word' id='word_1_449' title='bbox 1268 4488 1529 4544; x_wconf 68' lang='lat' dir='ltr'><strong>molestia:</strong></span> <span class='ocrx_word' id='word_1_450' title='bbox 1579 4490 1912 4559; x_wconf 87' lang='lat' dir='ltr'><strong>tolerentur;</strong></span> <span class='ocrx_word' id='word_1_451' title='bbox 1955 4504 2011 4549; x_wconf 92' lang='lat' dir='ltr'><strong>et</strong></span> <span class='ocrx_word' id='word_1_452' title='bbox 2036 4495 2156 4550; x_wconf 88' lang='lat' dir='ltr'><strong>lati-</strong></span> 
     </span>
    </p>
   </div>
   <div class='ocr_carea' id='block_1_45' title="bbox 569 4574 2151 4655">
    <p class='ocr_par' dir='ltr' id='par_1_45' title="bbox 569 4574 2151 4655">
     <span class='ocr_line' id='line_1_46' title="bbox 569 4574 2151 4655; baseline 0.009 -27"><span class='ocrx_word' id='word_1_453' title='bbox 569 4574 721 4639; x_wconf 79' lang='lat' dir='ltr'><strong>tuu‘o,</strong></span> <span class='ocrx_word' id='word_1_454' title='bbox 755 4581 813 4626; x_wconf 87' lang='lat' dir='ltr'><strong>ttt</strong></span> <span class='ocrx_word' id='word_1_455' title='bbox 865 4589 962 4643; x_wconf 91' lang='lat' dir='ltr'><strong>pro</strong></span> <span class='ocrx_word' id='word_1_456' title='bbox 1008 4575 1091 4629; x_wconf 90' lang='lat' dir='ltr'><strong>his</strong></span> <span class='ocrx_word' id='word_1_457' title='bbox 1139 4587 1425 4644; x_wconf 66' lang='lat' dir='ltr'><strong>internum,</strong></span> <span class='ocrx_word' id='word_1_458' title='bbox 1470 4582 1613 4649; x_wconf 87' lang='lat' dir='ltr'><strong>quod</strong></span> <span class='ocrx_word' id='word_1_459' title='bbox 1667 4582 1721 4637; x_wconf 92' lang='lat' dir='ltr'><strong>in</strong></span> <span class='ocrx_word' id='word_1_460' title='bbox 1771 4588 2017 4655; x_wconf 86' lang='lat' dir='ltr'><strong>supernis</strong></span> <span class='ocrx_word' id='word_1_461' title='bbox 2048 4600 2151 4654; x_wconf 78' lang='lat' dir='ltr'><strong>est,</strong></span> 
     </span>
    </p>
   </div>
   <div class='ocr_carea' id='block_1_46' title="bbox 571 4664 2152 4747">
    <p class='ocr_par' dir='ltr' id='par_1_46' title="bbox 571 4664 2152 4747">
     <span class='ocr_line' id='line_1_47' title="bbox 571 4664 2152 4747; baseline 0.01 -29"><span class='ocrx_word' id='word_1_462' title='bbox 571 4664 881 4735; x_wconf 67' lang='lat' dir='ltr'><strong>praemium,</strong></span> <span class='ocrx_word' id='word_1_463' title='bbox 925 4682 1029 4720; x_wconf 90' lang='lat' dir='ltr'><strong>non</strong></span> <span class='ocrx_word' id='word_1_464' title='bbox 1057 4682 1252 4721; x_wconf 84' lang='lat' dir='ltr'><strong>vanum</strong></span> <span class='ocrx_word' id='word_1_465' title='bbox 1283 4668 1486 4739; x_wconf 90' lang='lat' dir='ltr'><strong>aliquid</strong></span> <span class='ocrx_word' id='word_1_466' title='bbox 1536 4675 1835 4743; x_wconf 89' lang='lat' dir='ltr'><strong>temporale</strong></span> <span class='ocrx_word' id='word_1_467' title='bbox 1864 4689 2112 4747; x_wconf 83' lang='lat' dir='ltr'><strong>Speretur</strong></span> <span class='ocrx_word' id='word_1_468' title='bbox 2138 4698 2152 4745; x_wconf 86' lang='lat'><strong>;</strong></span> 
     </span>
    </p>
   </div>
   <div class='ocr_carea' id='block_1_47' title="bbox 568 4754 2156 4840">
    <p class='ocr_par' dir='ltr' id='par_1_47' title="bbox 568 4754 2156 4840">
     <span class='ocr_line' id='line_1_48' title="bbox 568 4754 2156 4840; baseline 0.01 -31"><span class='ocrx_word' id='word_1_469' title='bbox 568 4765 625 4810; x_wconf 88' lang='lat' dir='ltr'><strong>et</strong></span> <span class='ocrx_word' id='word_1_470' title='bbox 654 4754 999 4826; x_wconf 79' lang='lat' dir='ltr'><strong>profundunt,</strong></span> <span class='ocrx_word' id='word_1_471' title='bbox 1032 4758 1297 4828; x_wconf 79' lang='lat' dir='ltr'><strong>signiﬁcat</strong></span> <span class='ocrx_word' id='word_1_472' title='bbox 1321 4761 1738 4831; x_wconf 64' lang='lat' dir='ltr'><strong>profunditatem</strong></span> <span class='ocrx_word' id='word_1_473' title='bbox 1762 4769 2007 4836; x_wconf 71' lang='lat' dir='ltr'><strong>gratuita:</strong></span> <span class='ocrx_word' id='word_1_474' title='bbox 2034 4787 2156 4840; x_wconf 87' lang='lat' dir='ltr'><strong>gra-</strong></span> 
     </span>
    </p>
   </div>
   <div class='ocr_carea' id='block_1_48' title="bbox 570 4848 2153 4925">
    <p class='ocr_par' dir='ltr' id='par_1_48' title="bbox 570 4848 2153 4925">
     <span class='ocr_line' id='line_1_49' title="bbox 570 4848 2153 4925; baseline 0.009 -22"><span class='ocrx_word' id='word_1_475' title='bbox 570 4848 682 4914; x_wconf 71' lang='lat' dir='ltr'><strong>tim,</strong></span> <span class='ocrx_word' id='word_1_476' title='bbox 727 4848 779 4903; x_wconf 91' lang='lat' dir='ltr'><strong>in</strong></span> <span class='ocrx_word' id='word_1_477' title='bbox 804 4864 911 4919; x_wconf 86' lang='lat' dir='ltr'><strong>qua</strong></span> <span class='ocrx_word' id='word_1_478' title='bbox 942 4851 1227 4904; x_wconf 74' lang='lat' dir='ltr'><strong>multm-um</strong></span> <span class='ocrx_word' id='word_1_479' title='bbox 1260 4852 1471 4923; x_wconf 85' lang='lat' dir='ltr'><strong>ingenia</strong></span> <span class='ocrx_word' id='word_1_480' title='bbox 1516 4866 1898 4925; x_wconf 88' lang='lat' dir='ltr'><strong>conteruntur,</strong></span> <span class='ocrx_word' id='word_1_481' title='bbox 1930 4861 2153 4917; x_wconf 73' lang='lat' dir='ltr'><strong>investi-</strong></span> 
     </span>
    </p>
   </div>
   <div class='ocr_carea' id='block_1_49' title="bbox 557 4940 2223 5016">
    <p class='ocr_par' dir='ltr' id='par_1_49' title="bbox 557 4940 2223 5016">
     <span class='ocr_line' id='line_1_50' title="bbox 557 4940 2223 5016; baseline 0.01 -22"><span class='ocrx_word' id='word_1_482' title='bbox 557 4956 701 5016; x_wconf 70' lang='lat' dir='ltr'><strong>gare</strong></span> <span class='ocrx_word' id='word_1_483' title='bbox 732 4951 1017 5006; x_wconf 86' lang='lat' dir='ltr'><strong>conantur,</strong></span> <span class='ocrx_word' id='word_1_484' title='bbox 1035 4952 1092 4996; x_wconf 91' lang='grc' dir='ltr'><strong>ιιι</strong></span> <span class='ocrx_word' id='word_1_485' title='bbox 1113 4944 1179 4999; x_wconf 89' lang='lat' dir='ltr'><strong>ad</strong></span> <span class='ocrx_word' id='word_1_486' title='bbox 1201 4954 1502 5001; x_wconf 82' lang='lat' dir='ltr'><strong>extremum</strong></span> <span class='ocrx_word' id='word_1_487' title='bbox 1533 4948 1611 5004; x_wconf 92' lang='lat' dir='ltr'><strong>eis</strong></span> <span class='ocrx_word' id='word_1_488' title='bbox 1644 4949 1889 5007; x_wconf 85' lang='lat' dir='ltr'><strong>dicatur:</strong></span> <span class='ocrx_word' id='word_1_489' title='bbox 1910 4952 1955 5006; x_wconf 88' lang='lat'><em>0</em></span> <span class='ocrx_word' id='word_1_490' title='bbox 1977 4954 2148 5014; x_wconf 83' lang='lat' dir='ltr'><strong>homo.</strong></span> <span class='ocrx_word' id='word_1_491' title='bbox 2184 4940 2223 4961; x_wconf 59' lang='grc' dir='ltr'>υ</span> 
     </span>
    </p>
   </div>
   <div class='ocr_carea' id='block_1_50' title="bbox 569 5034 1569 5105">
    <p class='ocr_par' dir='ltr' id='par_1_50' title="bbox 569 5034 1569 5105">
     <span class='ocr_line' id='line_1_51' title="bbox 569 5034 1569 5105; baseline 0.005 -18"><span class='ocrx_word' id='word_1_492' title='bbox 569 5044 625 5087; x_wconf 83' lang='lat' dir='ltr'><strong>tu</strong></span> <span class='ocrx_word' id='word_1_493' title='bbox 649 5034 763 5104; x_wconf 81' lang='lat' dir='ltr'><strong>quis</strong></span> <span class='ocrx_word' id='word_1_494' title='bbox 795 5051 869 5097; x_wconf 87' lang='lat' dir='ltr'><strong>es,</strong></span> <span class='ocrx_word' id='word_1_495' title='bbox 900 5035 990 5105; x_wconf 85' lang='lat' dir='ltr'><strong>qui</strong></span> <span class='ocrx_word' id='word_1_496' title='bbox 1017 5036 1327 5105; x_wconf 81' lang='lat' dir='ltr'><strong>respondeas</strong></span> <span class='ocrx_word' id='word_1_497' title='bbox 1366 5037 1509 5092; x_wconf 80' lang='lat' dir='ltr'><strong>Deo?</strong></span> <span class='ocrx_word' id='word_1_498' title='bbox 1566 5094 1569 5097; x_wconf 95' lang='lat'><em>_</em></span> 
     </span>
    </p>
   </div>
   <div class='ocr_carea' id='block_1_51' title="bbox 644 5118 2157 5193">
    <p class='ocr_par' dir='ltr' id='par_1_51' title="bbox 644 5118 2157 5193">
     <span class='ocr_line' id='line_1_52' title="bbox 644 5118 2157 5193; baseline 0.009 -14"><span class='ocrx_word' id='word_1_499' title='bbox 644 5125 733 5179; x_wconf 86' lang='grc'><strong>17.</strong></span> <span class='ocrx_word' id='word_1_500' title='bbox 762 5124 962 5179; x_wconf 65' lang='lat' dir='ltr'><strong>Laure.</strong></span> <span class='ocrx_word' id='word_1_501' title='bbox 995 5123 1266 5180; x_wconf 88' lang='lat' dir='ltr'><strong>Latitudo.</strong></span> <span class='ocrx_word' id='word_1_502' title='bbox 1296 5127 1549 5184; x_wconf 86' lang='lat' dir='ltr'><strong>Latitudo</strong></span> <span class='ocrx_word' id='word_1_503' title='bbox 1593 5118 2023 5191; x_wconf 76' lang='lat' dir='ltr'><strong>Christianorum</strong></span> <span class='ocrx_word' id='word_1_504' title='bbox 2071 5148 2157 5193; x_wconf 84' lang='lat' dir='ltr'><strong>est</strong></span> 
     </span>
    </p>
   </div>
   <div class='ocr_carea' id='block_1_52' title="bbox 572 5215 2155 5298">
    <p class='ocr_par' dir='ltr' id='par_1_52' title="bbox 572 5215 2155 5298">
     <span class='ocr_line' id='line_1_53' title="bbox 572 5215 2155 5298; baseline 0.008 -27"><span class='ocrx_word' id='word_1_505' title='bbox 572 5217 756 5271; x_wconf 88' lang='lat' dir='ltr'><strong>cordis</strong></span> <span class='ocrx_word' id='word_1_506' title='bbox 786 5215 1105 5285; x_wconf 87' lang='lat' dir='ltr'><strong>amplitudo,</strong></span> <span class='ocrx_word' id='word_1_507' title='bbox 1138 5219 1205 5271; x_wconf 92' lang='lat' dir='ltr'><strong>ad</strong></span> <span class='ocrx_word' id='word_1_508' title='bbox 1232 5218 1470 5274; x_wconf 89' lang='lat' dir='ltr'><strong>dandum</strong></span> <span class='ocrx_word' id='word_1_509' title='bbox 1495 5228 1567 5288; x_wconf 41' lang='lat' dir='ltr'><strong>jet</strong></span> <span class='ocrx_word' id='word_1_510' title='bbox 1606 5224 2027 5281; x_wconf 76' lang='lat' dir='ltr'><strong>subvenienhun</strong></span> <span class='ocrx_word' id='word_1_511' title='bbox 2058 5244 2155 5298; x_wconf 92' lang='lat' dir='ltr'><strong>pro</strong></span> 
     </span>
    </p>
   </div>
   <div class='ocr_carea' id='block_1_53' title="bbox 574 5307 2155 5381">
    <p class='ocr_par' dir='ltr' id='par_1_53' title="bbox 574 5307 2155 5381">
     <span class='ocr_line' id='line_1_54' title="bbox 574 5307 2155 5381; baseline 0.009 -19"><span class='ocrx_word' id='word_1_512' title='bbox 574 5307 686 5363; x_wconf 86' lang='lat' dir='ltr'><strong>Deo</strong></span> <span class='ocrx_word' id='word_1_513' title='bbox 716 5310 769 5363; x_wconf 90' lang='lat' dir='ltr'><strong>in</strong></span> <span class='ocrx_word' id='word_1_514' title='bbox 798 5316 1061 5379; x_wconf 82' lang='lat' dir='ltr'><strong>quantum</strong></span> <span class='ocrx_word' id='word_1_515' title='bbox 1092 5318 1271 5381; x_wconf 81' lang='lat' dir='ltr'><strong>potest</strong></span> <span class='ocrx_word' id='word_1_516' title='bbox 1310 5328 1324 5365; x_wconf 89' lang='lat'><strong>:</strong></span> <span class='ocrx_word' id='word_1_517' title='bbox 1351 5312 1493 5369; x_wconf 88' lang='lat' dir='ltr'><strong>unde</strong></span> <span class='ocrx_word' id='word_1_518' title='bbox 1521 5314 1658 5371; x_wconf 90' lang='lat' dir='ltr'><strong>alias</strong></span> <span class='ocrx_word' id='word_1_519' title='bbox 1680 5317 1877 5373; x_wconf 79' lang='lat' dir='ltr'><strong>dicitur</strong></span> <span class='ocrx_word' id='word_1_520' title='bbox 1906 5338 1919 5373; x_wconf 90' lang='lat'><strong>:</strong></span> <span class='ocrx_word' id='word_1_521' title='bbox 1945 5320 2155 5377; x_wconf 81' lang='lat' dir='ltr'><strong>Diluta-</strong></span> 
     </span>
    </p>
   </div>
   <div class='ocr_carea' id='block_1_54' title="bbox 572 5400 906 5457">
    <p class='ocr_par' dir='ltr' id='par_1_54' title="bbox 572 5400 906 5457">
     <span class='ocr_line' id='line_1_55' title="bbox 572 5400 906 5457; baseline 0.015 -5"><span class='ocrx_word' id='word_1_522' title='bbox 572 5400 701 5455; x_wconf 82' lang='lat' dir='ltr'><strong>ntini</strong></span> <span class='ocrx_word' id='word_1_523' title='bbox 725 5415 771 5457; x_wconf 78' lang='lat' dir='ltr'><strong>et</strong></span> <span class='ocrx_word' id='word_1_524' title='bbox 798 5420 906 5457; x_wconf 85' lang='lat' dir='ltr'><strong>vos.</strong></span> 
     </span>
    </p>
   </div>
   <div class='ocr_carea' id='block_1_55' title="bbox 649 5492 2153 5576">
    <p class='ocr_par' dir='ltr' id='par_1_55' title="bbox 649 5492 2153 5576">
     <span class='ocr_line' id='line_1_56' title="bbox 649 5492 2153 5576; baseline 0.009 -29"><span class='ocrx_word' id='word_1_525' title='bbox 649 5493 732 5575; x_wconf 81' lang='grc'><strong>18.</strong></span> <span class='ocrx_word' id='word_1_526' title='bbox 767 5492 1081 5565; x_wconf 80' lang='lat' dir='ltr'><strong>Longitudo.</strong></span> <span class='ocrx_word' id='word_1_527' title='bbox 1127 5495 1465 5568; x_wconf 81' lang='lat' dir='ltr'><strong>Longitudo,</strong></span> <span class='ocrx_word' id='word_1_528' title='bbox 1514 5516 1633 5570; x_wconf 74' lang='lat' dir='ltr'><strong>qute</strong></span> <span class='ocrx_word' id='word_1_529' title='bbox 1658 5511 1710 5557; x_wconf 90' lang='lat' dir='ltr'><strong>et</strong></span> <span class='ocrx_word' id='word_1_530' title='bbox 1741 5502 1876 5557; x_wconf 88' lang='lat' dir='ltr'><strong>alias</strong></span> <span class='ocrx_word' id='word_1_531' title='bbox 1909 5503 2153 5576; x_wconf 84' lang='lat' dir='ltr'><strong>longani-</strong></span> 
     </span>
    </p>
   </div>
   <div class='ocr_carea' id='block_1_56' title="bbox 573 5566 2152 5663">
    <p class='ocr_par' dir='ltr' id='par_1_56' title="bbox 573 5566 2152 5663">
     <span class='ocr_line' id='line_1_57' title="bbox 573 5566 2152 5663; baseline 0.011 -27"><span class='ocrx_word' id='word_1_532' title='bbox 573 5566 736 5640; x_wconf 82' lang='lat' dir='ltr'><strong>mitas</strong></span> <span class='ocrx_word' id='word_1_533' title='bbox 764 5586 979 5651; x_wconf 79' lang='lat' dir='ltr'><strong>dicitur,</strong></span> <span class='ocrx_word' id='word_1_534' title='bbox 1010 5589 1059 5642; x_wconf 90' lang='lat' dir='ltr'><strong>id</strong></span> <span class='ocrx_word' id='word_1_535' title='bbox 1101 5599 1201 5652; x_wconf 88' lang='lat' dir='ltr'><strong>est,</strong></span> <span class='ocrx_word' id='word_1_536' title='bbox 1233 5594 1569 5660; x_wconf 77' lang='lat' dir='ltr'><strong>exspectatio</strong></span> <span class='ocrx_word' id='word_1_537' title='bbox 1610 5597 2025 5663; x_wconf 86' lang='lat' dir='ltr'><strong>promissionum</strong></span> <span class='ocrx_word' id='word_1_538' title='bbox 2059 5599 2152 5654; x_wconf 71' lang='lat' dir='ltr'><strong>Dei</strong></span> 
     </span>
    </p>
   </div>
   <div class='ocr_carea' id='block_1_57' title="bbox 574 5664 1257 5736">
    <p class='ocr_par' dir='ltr' id='par_1_57' title="bbox 574 5664 1257 5736">
     <span class='ocr_line' id='line_1_58' title="bbox 574 5664 1257 5736; baseline 0.009 -6"><span class='ocrx_word' id='word_1_539' title='bbox 574 5689 698 5730; x_wconf 90' lang='lat' dir='ltr'><strong>cum</strong></span> <span class='ocrx_word' id='word_1_540' title='bbox 731 5676 1011 5731; x_wconf 86' lang='lat' dir='ltr'><strong>alacritate</strong></span> <span class='ocrx_word' id='word_1_541' title='bbox 1044 5664 1257 5736; x_wconf 88' lang='lat' dir='ltr'><strong>mentis.</strong></span> 
     </span>
    </p>
   </div>
   <div class='ocr_carea' id='block_1_58' title="bbox 649 5765 2155 5837">
    <p class='ocr_par' dir='ltr' id='par_1_58' title="bbox 649 5765 2155 5837">
     <span class='ocr_line' id='line_1_59' title="bbox 649 5765 2155 5837; baseline 0.011 -18"><span class='ocrx_word' id='word_1_542' title='bbox 649 5767 735 5824; x_wconf 80' lang='lat' dir='ltr'><strong>l9.</strong></span> <span class='ocrx_word' id='word_1_543' title='bbox 767 5765 1091 5824; x_wconf 85' lang='lat' dir='ltr'><strong>Sublimitas.</strong></span> <span class='ocrx_word' id='word_1_544' title='bbox 1129 5771 1443 5831; x_wconf 83' lang='lat' dir='ltr'><strong>Sublim.-tas</strong></span> <span class='ocrx_word' id='word_1_545' title='bbox 1465 5786 1547 5833; x_wconf 88' lang='lat' dir='ltr'><strong>est</strong></span> <span class='ocrx_word' id='word_1_546' title='bbox 1575 5777 1683 5832; x_wconf 85' lang='lat' dir='ltr'><strong>vita</strong></span> <span class='ocrx_word' id='word_1_547' title='bbox 1710 5777 1968 5836; x_wconf 56' lang='lat' dir='ltr'><strong>caelestis.</strong></span> <span class='ocrx_word' id='word_1_548' title='bbox 2003 5780 2155 5837; x_wconf 87' lang='lat' dir='ltr'><strong>Unde</strong></span> 
     </span>
    </p>
   </div>
   <div class='ocr_carea' id='block_1_59' title="bbox 2250 2290 2684 2361">
    <p class='ocr_par' dir='ltr' id='par_1_59' title="bbox 2250 2290 2684 2361">
     <span class='ocr_line' id='line_1_60' title="bbox 2250 2290 2684 2361; baseline 0.009 -19"><span class='ocrx_word' id='word_1_549' title='bbox 2250 2290 2435 2361; x_wconf 75' lang='lat' dir='ltr'><strong>gloria:</strong></span> <span class='ocrx_word' id='word_1_550' title='bbox 2457 2292 2684 2360; x_wconf 87' lang='lat' dir='ltr'><strong>pondus.</strong></span> 
     </span>
    </p>
   </div>
   <div class='ocr_carea' id='block_1_60' title="bbox 2319 2378 3799 2455">
    <p class='ocr_par' dir='ltr' id='par_1_60' title="bbox 2319 2378 3799 2455">
     <span class='ocr_line' id='line_1_61' title="bbox 2319 2378 3799 2455; baseline 0.012 -19"><span class='ocrx_word' id='word_1_551' title='bbox 2319 2383 2411 2439; x_wconf 78' lang='grc'><strong>20.</strong></span> <span class='ocrx_word' id='word_1_552' title='bbox 2444 2378 2797 2455; x_wconf 81' lang='lat' dir='ltr'><strong>Profundum.</strong></span> <span class='ocrx_word' id='word_1_553' title='bbox 2828 2386 3163 2444; x_wconf 69' lang='lat' dir='ltr'><strong>Prol&#39;undum</strong></span> <span class='ocrx_word' id='word_1_554' title='bbox 3196 2390 3470 2448; x_wconf 79' lang='lat' dir='ltr'><strong>infernum</strong></span> <span class='ocrx_word' id='word_1_555' title='bbox 3506 2405 3673 2454; x_wconf 84' lang='lat' dir='ltr'><strong>vocat.</strong></span> <span class='ocrx_word' id='word_1_556' title='bbox 3695 2397 3799 2454; x_wconf 82' lang='lat' dir='ltr'><strong>Orat</strong></span> 
     </span>
    </p>
   </div>
   <div class='ocr_carea' id='block_1_61' title="bbox 2251 2476 3797 2556">
    <p class='ocr_par' dir='ltr' id='par_1_61' title="bbox 2251 2476 3797 2556">
     <span class='ocr_line' id='line_1_62' title="bbox 2251 2476 3797 2556; baseline 0.006 -23"><span class='ocrx_word' id='word_1_557' title='bbox 2251 2490 2381 2546; x_wconf 88' lang='lat' dir='ltr'><strong>ergo</strong></span> <span class='ocrx_word' id='word_1_558' title='bbox 2417 2476 2702 2548; x_wconf 82' lang='lat' dir='ltr'><strong>Apostolus</strong></span> <span class='ocrx_word' id='word_1_559' title='bbox 2751 2488 3020 2548; x_wconf 88' lang='lat' dir='ltr'><strong>quatenus</strong></span> <span class='ocrx_word' id='word_1_560' title='bbox 3067 2482 3182 2538; x_wconf 66' lang='lat' dir='ltr'><strong>haec</strong></span> <span class='ocrx_word' id='word_1_561' title='bbox 3237 2495 3472 2553; x_wconf 89' lang='lat' dir='ltr'><strong>quatuor</strong></span> <span class='ocrx_word' id='word_1_562' title='bbox 3513 2488 3706 2556; x_wconf 86' lang='lat' dir='ltr'><strong>possint</strong></span> <span class='ocrx_word' id='word_1_563' title='bbox 3733 2490 3797 2544; x_wconf 83' lang='lat' dir='ltr'><strong>in-</strong></span> 
     </span>
    </p>
   </div>
   <div class='ocr_carea' id='block_1_62' title="bbox 2253 2567 3800 2645">
    <p class='ocr_par' dir='ltr' id='par_1_62' title="bbox 2253 2567 3800 2645">
     <span class='ocr_line' id='line_1_63' title="bbox 2253 2567 3800 2645; baseline 0.01 -23"><span class='ocrx_word' id='word_1_564' title='bbox 2253 2567 2494 2639; x_wconf 71' lang='lat' dir='ltr'><strong>tellfgere</strong></span> <span class='ocrx_word' id='word_1_565' title='bbox 2520 2608 2534 2635; x_wconf 93' lang='lat'><strong>,</strong></span> <span class='ocrx_word' id='word_1_566' title='bbox 2574 2577 2629 2625; x_wconf 92' lang='lat' dir='ltr'><strong>et</strong></span> <span class='ocrx_word' id='word_1_567' title='bbox 2686 2570 2994 2634; x_wconf 83' lang='lat' dir='ltr'><strong>intellecta.</strong></span> <span class='ocrx_word' id='word_1_568' title='bbox 3049 2573 3150 2629; x_wconf 90' lang='lat' dir='ltr'><strong>tria</strong></span> <span class='ocrx_word' id='word_1_569' title='bbox 3192 2586 3484 2645; x_wconf 85' lang='lat' dir='ltr'><strong>appetere,</strong></span> <span class='ocrx_word' id='word_1_570' title='bbox 3535 2596 3690 2636; x_wconf 88' lang='lat' dir='ltr'><strong>uumn</strong></span> <span class='ocrx_word' id='word_1_571' title='bbox 3733 2584 3800 2637; x_wconf 81' lang='lat' dir='ltr'><strong>vi-</strong></span> 
     </span>
    </p>
   </div>
   <div class='ocr_carea' id='block_1_63' title="bbox 2256 2667 2389 2714">
    <p class='ocr_par' dir='ltr' id='par_1_63' title="bbox 2256 2667 2389 2714">
     <span class='ocr_line' id='line_1_64' title="bbox 2256 2667 2389 2714; baseline 0 -1"><span class='ocrx_word' id='word_1_572' title='bbox 2256 2667 2389 2714; x_wconf 84' lang='lat' dir='ltr'><strong>tare.</strong></span> 
     </span>
    </p>
   </div>
   <div class='ocr_carea' id='block_1_64' title="bbox 2320 2750 3801 2824">
    <p class='ocr_par' dir='ltr' id='par_1_64' title="bbox 2320 2750 3801 2824">
     <span class='ocr_line' id='line_1_65' title="bbox 2320 2750 3801 2824; baseline 0.008 -20"><span class='ocrx_word' id='word_1_573' title='bbox 2320 2751 2409 2805; x_wconf 73' lang='grc'><strong>21.</strong></span> <span class='ocrx_word' id='word_1_574' title='bbox 2448 2750 2653 2807; x_wconf 77' lang='lat' dir='ltr'><strong>Acusr.</strong></span> <span class='ocrx_word' id='word_1_575' title='bbox 2686 2752 2877 2824; x_wconf 86' lang='lat' dir='ltr'><strong>(Epist.</strong></span> <span class='ocrx_word' id='word_1_576' title='bbox 2920 2755 3022 2808; x_wconf 72' lang='lat'><strong>“&quot;2.</strong></span> <span class='ocrx_word' id='word_1_577' title='bbox 3066 2755 3136 2810; x_wconf 88' lang='lat' dir='ltr'><strong>ad</strong></span> <span class='ocrx_word' id='word_1_578' title='bbox 3174 2756 3460 2813; x_wconf 81' lang='lat' dir='ltr'><strong>Paulinam</strong></span> <span class='ocrx_word' id='word_1_579' title='bbox 3505 2763 3579 2814; x_wconf 84' lang='lat' dir='ltr'><strong>De</strong></span> <span class='ocrx_word' id='word_1_580' title='bbox 3613 2763 3801 2817; x_wconf 79' lang='lat' dir='ltr'><strong>ridendo</strong></span> 
     </span>
    </p>
   </div>
   <div class='ocr_carea' id='block_1_65' title="bbox 2254 2839 3803 2922">
    <p class='ocr_par' dir='ltr' id='par_1_65' title="bbox 2254 2839 3803 2922">
     <span class='ocr_line' id='line_1_66' title="bbox 2254 2839 3803 2922; baseline 0.01 -29"><span class='ocrx_word' id='word_1_581' title='bbox 2254 2839 2385 2905; x_wconf 84' lang='lat' dir='ltr'><strong>Deo,</strong></span> <span class='ocrx_word' id='word_1_582' title='bbox 2416 2857 2533 2910; x_wconf 69' lang='lat' dir='ltr'><strong>cap.</strong></span> <span class='ocrx_word' id='word_1_583' title='bbox 2558 2842 2649 2908; x_wconf 76' lang='lat'><strong>‘23,</strong></span> <span class='ocrx_word' id='word_1_584' title='bbox 2682 2852 2813 2897; x_wconf 89' lang='lat' dir='ltr'><strong>tom.</strong></span> <span class='ocrx_word' id='word_1_585' title='bbox 2848 2844 2933 2913; x_wconf 92' lang='lat' dir='ltr'><strong>ll.)</strong></span> <span class='ocrx_word' id='word_1_586' title='bbox 2955 2844 3021 2898; x_wconf 89' lang='lat' dir='ltr'><strong>Ut</strong></span> <span class='ocrx_word' id='word_1_587' title='bbox 3046 2847 3386 2913; x_wconf 83' lang='lat' dir='ltr'><strong>impleamini.</strong></span> <span class='ocrx_word' id='word_1_588' title='bbox 3419 2851 3508 2907; x_wconf 88' lang='lat' dir='ltr'><strong>Sic</strong></span> <span class='ocrx_word' id='word_1_589' title='bbox 3538 2853 3803 2922; x_wconf 80' lang='lat' dir='ltr'><strong>implebun-</strong></span> 
     </span>
    </p>
   </div>
   <div class='ocr_carea' id='block_1_66' title="bbox 2255 2934 3803 3005">
    <p class='ocr_par' dir='ltr' id='par_1_66' title="bbox 2255 2934 3803 3005">
     <span class='ocr_line' id='line_1_67' title="bbox 2255 2934 3803 3005; baseline 0.006 -17"><span class='ocrx_word' id='word_1_590' title='bbox 2255 2941 2344 2988; x_wconf 89' lang='lat' dir='ltr'><strong>tur</strong></span> <span class='ocrx_word' id='word_1_591' title='bbox 2396 2934 2447 2987; x_wconf 93' lang='lat' dir='ltr'><strong>in</strong></span> <span class='ocrx_word' id='word_1_592' title='bbox 2493 2950 2708 2990; x_wconf 87' lang='lat' dir='ltr'><strong>omnem</strong></span> <span class='ocrx_word' id='word_1_593' title='bbox 2744 2935 3129 3005; x_wconf 90' lang='lat' dir='ltr'><strong>plenitudinem</strong></span> <span class='ocrx_word' id='word_1_594' title='bbox 3163 2938 3291 3003; x_wconf 89' lang='lat' dir='ltr'><strong>Dei,</strong></span> <span class='ocrx_word' id='word_1_595' title='bbox 3336 2956 3442 2995; x_wconf 92' lang='lat' dir='ltr'><strong>non</strong></span> <span class='ocrx_word' id='word_1_596' title='bbox 3472 2958 3588 2997; x_wconf 92' lang='lat' dir='ltr'><strong>cum</strong></span> <span class='ocrx_word' id='word_1_597' title='bbox 3631 2944 3803 2998; x_wconf 81' lang='lat' dir='ltr'><strong>fuerint</strong></span> 
     </span>
    </p>
   </div>
   <div class='ocr_carea' id='block_1_67' title="bbox 2253 3023 3799 3106">
    <p class='ocr_par' dir='ltr' id='par_1_67' title="bbox 2253 3023 3799 3106">
     <span class='ocr_line' id='line_1_68' title="bbox 2253 3023 3799 3106; baseline 0.006 -27"><span class='ocrx_word' id='word_1_598' title='bbox 2253 3033 2310 3079; x_wconf 88' lang='lat' dir='ltr'><strong>et</strong></span> <span class='ocrx_word' id='word_1_599' title='bbox 2330 3023 2426 3094; x_wconf 89' lang='lat' dir='ltr'><strong>ipsi</strong></span> <span class='ocrx_word' id='word_1_600' title='bbox 2457 3024 2645 3096; x_wconf 88' lang='lat' dir='ltr'><strong>plenus</strong></span> <span class='ocrx_word' id='word_1_601' title='bbox 2676 3026 2838 3094; x_wconf 88' lang='lat' dir='ltr'><strong>Deus,</strong></span> <span class='ocrx_word' id='word_1_602' title='bbox 2876 3028 2971 3082; x_wconf 88' lang='lat' dir='ltr'><strong>sed</strong></span> <span class='ocrx_word' id='word_1_603' title='bbox 3020 3044 3145 3083; x_wconf 87' lang='lat' dir='ltr'><strong>ettut</strong></span> <span class='ocrx_word' id='word_1_604' title='bbox 3188 3029 3393 3087; x_wconf 77' lang='lat' dir='ltr'><strong>fuerint</strong></span> <span class='ocrx_word' id='word_1_605' title='bbox 3430 3034 3661 3104; x_wconf 77' lang='lat' dir='ltr'><strong>perfecte</strong></span> <span class='ocrx_word' id='word_1_606' title='bbox 3689 3036 3799 3106; x_wconf 86' lang='lat' dir='ltr'><strong>pleni</strong></span> 
     </span>
    </p>
   </div>
   <div class='ocr_carea' id='block_1_68' title="bbox 2255 3116 2385 3175">
    <p class='ocr_par' dir='ltr' id='par_1_68' title="bbox 2255 3116 2385 3175">
     <span class='ocr_line' id='line_1_69' title="bbox 2255 3116 2385 3175; baseline 0.015 -4"><span class='ocrx_word' id='word_1_607' title='bbox 2255 3116 2385 3175; x_wconf 89' lang='lat' dir='ltr'><strong>Deo.</strong></span> 
     </span>
    </p>
   </div>
   <div class='ocr_carea' id='block_1_69' title="bbox 2324 3212 3799 3296">
    <p class='ocr_par' dir='ltr' id='par_1_69' title="bbox 2324 3212 3799 3296">
     <span class='ocr_line' id='line_1_70' title="bbox 2324 3212 3799 3296; baseline 0.012 -32"><span class='ocrx_word' id='word_1_608' title='bbox 2324 3212 2413 3265; x_wconf 70' lang='lat'><strong>’22.</strong></span> <span class='ocrx_word' id='word_1_609' title='bbox 2453 3212 2689 3269; x_wconf 75' lang='lat' dir='ltr'><strong>Asianos.</strong></span> <span class='ocrx_word' id='word_1_610' title='bbox 2728 3212 2795 3270; x_wconf 88' lang='lat' dir='ltr'><strong>Ut</strong></span> <span class='ocrx_word' id='word_1_611' title='bbox 2821 3215 3163 3286; x_wconf 70' lang='lat' dir='ltr'><strong>iutplcamtni,</strong></span> <span class='ocrx_word' id='word_1_612' title='bbox 3189 3219 3242 3274; x_wconf 89' lang='lat' dir='ltr'><strong>id</strong></span> <span class='ocrx_word' id='word_1_613' title='bbox 3277 3230 3382 3287; x_wconf 89' lang='lat' dir='ltr'><strong>est,</strong></span> <span class='ocrx_word' id='word_1_614' title='bbox 3411 3233 3469 3278; x_wconf 91' lang='lat' dir='ltr'><strong>ut</strong></span> <span class='ocrx_word' id='word_1_615' title='bbox 3493 3240 3588 3293; x_wconf 80' lang='lat' dir='ltr'><strong>tpSI</strong></span> <span class='ocrx_word' id='word_1_616' title='bbox 3616 3241 3667 3279; x_wconf 81' lang='lat' dir='ltr'><strong>ut</strong></span> <span class='ocrx_word' id='word_1_617' title='bbox 3697 3240 3799 3296; x_wconf 87' lang='lat' dir='ltr'><strong>pro-</strong></span> 
     </span>
    </p>
   </div>
   <div class='ocr_carea' id='block_1_70' title="bbox 2253 3302 3802 3385">
    <p class='ocr_par' dir='ltr' id='par_1_70' title="bbox 2253 3302 3802 3385">
     <span class='ocr_line' id='line_1_71' title="bbox 2253 3302 3802 3385; baseline 0.012 -32"><span class='ocrx_word' id='word_1_618' title='bbox 2253 3302 2505 3370; x_wconf 88' lang='lat' dir='ltr'><strong>portione</strong></span> <span class='ocrx_word' id='word_1_619' title='bbox 2535 3306 2839 3361; x_wconf 91' lang='lat' dir='ltr'><strong>communis</strong></span> <span class='ocrx_word' id='word_1_620' title='bbox 2868 3310 3117 3379; x_wconf 87' lang='lat' dir='ltr'><strong>corporis</strong></span> <span class='ocrx_word' id='word_1_621' title='bbox 3148 3310 3463 3379; x_wconf 86' lang='lat' dir='ltr'><strong>videamini,</strong></span> <span class='ocrx_word' id='word_1_622' title='bbox 3492 3320 3667 3385; x_wconf 87' lang='lat' dir='ltr'><strong>inquo</strong></span> <span class='ocrx_word' id='word_1_623' title='bbox 3692 3317 3802 3372; x_wconf 86' lang='lat' dir='ltr'><strong>Deus</strong></span> 
     </span>
    </p>
   </div>
   <div class='ocr_carea' id='block_1_71' title="bbox 2255 3397 2541 3453">
    <p class='ocr_par' dir='ltr' id='par_1_71' title="bbox 2255 3397 2541 3453">
     <span class='ocr_line' id='line_1_72' title="bbox 2255 3397 2541 3453; baseline 0 -3"><span class='ocrx_word' id='word_1_624' title='bbox 2255 3397 2541 3453; x_wconf 84' lang='lat' dir='ltr'><strong>inhabitat.</strong></span> 
     </span>
    </p>
   </div>
   <div class='ocr_carea' id='block_1_72' title="bbox 2329 3488 3799 3566">
    <p class='ocr_par' dir='ltr' id='par_1_72' title="bbox 2329 3488 3799 3566">
     <span class='ocr_line' id='line_1_73' title="bbox 2329 3488 3799 3566; baseline 0.007 -25"><span class='ocrx_word' id='word_1_625' title='bbox 2329 3488 2419 3542; x_wconf 67' lang='lat'><strong>25.</strong></span> <span class='ocrx_word' id='word_1_626' title='bbox 2464 3488 2531 3542; x_wconf 79' lang='lat' dir='ltr'><strong>Ei</strong></span> <span class='ocrx_word' id='word_1_627' title='bbox 2554 3499 2727 3543; x_wconf 84' lang='lat' dir='ltr'><strong>autem</strong></span> <span class='ocrx_word' id='word_1_628' title='bbox 2749 3491 2837 3561; x_wconf 86' lang='lat' dir='ltr'><strong>qui</strong></span> <span class='ocrx_word' id='word_1_629' title='bbox 2873 3503 3074 3561; x_wconf 82' lang='lat' dir='ltr'><strong>potens.</strong></span> <span class='ocrx_word' id='word_1_630' title='bbox 3103 3494 3227 3549; x_wconf 80' lang='lat' dir='ltr'><strong>Post</strong></span> <span class='ocrx_word' id='word_1_631' title='bbox 3256 3496 3447 3566; x_wconf 62' lang='lat' dir='ltr'><strong>gratim</strong></span> <span class='ocrx_word' id='word_1_632' title='bbox 3474 3500 3799 3553; x_wconf 79' lang='lat' dir='ltr'><strong>narrationem</strong></span> 
     </span>
    </p>
   </div>
   <div class='ocr_carea' id='block_1_73' title="bbox 2254 3579 3799 3659">
    <p class='ocr_par' dir='ltr' id='par_1_73' title="bbox 2254 3579 3799 3659">
     <span class='ocr_line' id='line_1_74' title="bbox 2254 3579 3799 3659; baseline 0.006 -27"><span class='ocrx_word' id='word_1_633' title='bbox 2254 3591 2377 3634; x_wconf 87' lang='lat' dir='ltr'><strong>orat</strong></span> <span class='ocrx_word' id='word_1_634' title='bbox 2422 3595 2518 3649; x_wconf 89' lang='lat' dir='ltr'><strong>pro</strong></span> <span class='ocrx_word' id='word_1_635' title='bbox 2557 3579 2678 3644; x_wconf 83' lang='lat' dir='ltr'><strong>illis.</strong></span> <span class='ocrx_word' id='word_1_636' title='bbox 2718 3592 2771 3634; x_wconf 90' lang='lat' dir='ltr'><strong>et</strong></span> <span class='ocrx_word' id='word_1_637' title='bbox 2802 3583 2902 3636; x_wconf 89' lang='lat' dir='ltr'><strong>sub</strong></span> <span class='ocrx_word' id='word_1_638' title='bbox 2948 3597 3097 3652; x_wconf 88' lang='lat' dir='ltr'><strong>spem</strong></span> <span class='ocrx_word' id='word_1_639' title='bbox 3151 3582 3240 3655; x_wconf 80' lang='lat' dir='ltr'><strong>[f.,</strong></span> <span class='ocrx_word' id='word_1_640' title='bbox 3286 3587 3490 3659; x_wconf 85' lang='lat' dir='ltr'><strong>specie]</strong></span> <span class='ocrx_word' id='word_1_641' title='bbox 3541 3591 3799 3659; x_wconf 81' lang='lat' dir='ltr'><strong>gratiarum</strong></span> 
     </span>
    </p>
   </div>
   <div class='ocr_carea' id='block_1_74' title="bbox 2257 3674 3802 3751">
    <p class='ocr_par' dir='ltr' id='par_1_74' title="bbox 2257 3674 3802 3751">
     <span class='ocr_line' id='line_1_75' title="bbox 2257 3674 3802 3751; baseline 0.004 -23"><span class='ocrx_word' id='word_1_642' title='bbox 2257 3674 2489 3730; x_wconf 80' lang='lat' dir='ltr'><strong>actionis</strong></span> <span class='ocrx_word' id='word_1_643' title='bbox 2535 3675 2868 3730; x_wconf 88' lang='lat' dir='ltr'><strong>concludens</strong></span> <span class='ocrx_word' id='word_1_644' title='bbox 2926 3678 3262 3747; x_wconf 85' lang='lat' dir='ltr'><strong>dogmaticos</strong></span> <span class='ocrx_word' id='word_1_645' title='bbox 3318 3695 3600 3738; x_wconf 87' lang='lat' dir='ltr'><strong>sermones</strong></span> <span class='ocrx_word' id='word_1_646' title='bbox 3645 3682 3802 3751; x_wconf 73' lang='lat' dir='ltr'><strong>incipit</strong></span> 
     </span>
    </p>
   </div>
   <div class='ocr_carea' id='block_1_75' title="bbox 2258 3766 2488 3822">
    <p class='ocr_par' dir='ltr' id='par_1_75' title="bbox 2258 3766 2488 3822">
     <span class='ocr_line' id='line_1_76' title="bbox 2258 3766 2488 3822; baseline -0.004 -1"><span class='ocrx_word' id='word_1_647' title='bbox 2258 3766 2488 3822; x_wconf 86' lang='lat' dir='ltr'><strong>ethicos.</strong></span> 
     </span>
    </p>
   </div>
   <div class='ocr_carea' id='block_1_76' title="bbox 2326 3855 3799 3923">
    <p class='ocr_par' dir='ltr' id='par_1_76' title="bbox 2326 3855 3799 3923">
     <span class='ocr_line' id='line_1_77' title="bbox 2326 3855 3799 3923; baseline 0.007 -13"><span class='ocrx_word' id='word_1_648' title='bbox 2326 3856 2416 3911; x_wconf 72' lang='grc'><strong>24.</strong></span> <span class='ocrx_word' id='word_1_649' title='bbox 2458 3855 2657 3913; x_wconf 63' lang='lat' dir='ltr'><strong>Laure.</strong></span> <span class='ocrx_word' id='word_1_650' title='bbox 2691 3858 2887 3914; x_wconf 70' lang='lat' dir='ltr'><strong>Surculi</strong></span> <span class='ocrx_word' id='word_1_651' title='bbox 2938 3862 3269 3918; x_wconf 82' lang='lat' dir='ltr'><strong>strculorum.</strong></span> <span class='ocrx_word' id='word_1_652' title='bbox 3319 3864 3799 3923; x_wconf 62' lang='lat' dir='ltr'><strong>Saeculutnsmmlo-</strong></span> 
     </span>
    </p>
   </div>
   <div class='ocr_carea' id='block_1_77' title="bbox 2259 3952 3801 4032">
    <p class='ocr_par' dir='ltr' id='par_1_77' title="bbox 2259 3952 3801 4032">
     <span class='ocr_line' id='line_1_78' title="bbox 2259 3952 3801 4032; baseline 0.008 -29"><span class='ocrx_word' id='word_1_653' title='bbox 2259 3963 2376 4003; x_wconf 88' lang='lat' dir='ltr'><strong>rum</strong></span> <span class='ocrx_word' id='word_1_654' title='bbox 2401 3961 2486 4005; x_wconf 88' lang='lat' dir='ltr'><strong>est</strong></span> <span class='ocrx_word' id='word_1_655' title='bbox 2524 3953 2798 4008; x_wconf 66' lang='lat' dir='ltr'><strong>aeternitas</strong></span> <span class='ocrx_word' id='word_1_656' title='bbox 2872 3952 3027 4023; x_wconf 87' lang='lat' dir='ltr'><strong>cujus</strong></span> <span class='ocrx_word' id='word_1_657' title='bbox 3090 3966 3273 4026; x_wconf 88' lang='lat' dir='ltr'><strong>partes</strong></span> <span class='ocrx_word' id='word_1_658' title='bbox 3331 3972 3460 4015; x_wconf 91' lang='lat' dir='ltr'><strong>sunt</strong></span> <span class='ocrx_word' id='word_1_659' title='bbox 3504 3970 3725 4032; x_wconf 67' lang='lat' dir='ltr'><strong>tempora</strong></span> <span class='ocrx_word' id='word_1_660' title='bbox 3759 3971 3801 4015; x_wconf 81' lang='lat' dir='ltr'><strong>et</strong></span> 
     </span>
    </p>
   </div>
   <div class='ocr_carea' id='block_1_78' title="bbox 2257 4041 3799 4121">
    <p class='ocr_par' dir='ltr' id='par_1_78' title="bbox 2257 4041 3799 4121">
     <span class='ocr_line' id='line_1_79' title="bbox 2257 4041 3799 4121; baseline 0.007 -25"><span class='ocrx_word' id='word_1_661' title='bbox 2257 4041 2439 4096; x_wconf 84' lang='lat' dir='ltr'><strong>omnia</strong></span> <span class='ocrx_word' id='word_1_662' title='bbox 2467 4045 2679 4098; x_wconf 65' lang='lat' dir='ltr'><strong>saecula.</strong></span> <span class='ocrx_word' id='word_1_663' title='bbox 2727 4044 2913 4100; x_wconf 88' lang='lat' dir='ltr'><strong>Potest</strong></span> <span class='ocrx_word' id='word_1_664' title='bbox 2945 4047 3107 4101; x_wconf 88' lang='lat' dir='ltr'><strong>etiam</strong></span> <span class='ocrx_word' id='word_1_665' title='bbox 3142 4048 3365 4121; x_wconf 85' lang='lat' dir='ltr'><strong>intelligi</strong></span> <span class='ocrx_word' id='word_1_666' title='bbox 3391 4052 3583 4107; x_wconf 65' lang='lat' dir='ltr'><strong>saecula</strong></span> <span class='ocrx_word' id='word_1_667' title='bbox 3612 4054 3799 4108; x_wconf 35' lang='lat' dir='ltr'><strong>sarculo-</strong></span> 
     </span>
    </p>
   </div>
   <div class='ocr_carea' id='block_1_79' title="bbox 2259 4134 3801 4213">
    <p class='ocr_par' dir='ltr' id='par_1_79' title="bbox 2259 4134 3801 4213">
     <span class='ocr_line' id='line_1_80' title="bbox 2259 4134 3801 4213; baseline 0.006 -26"><span class='ocrx_word' id='word_1_668' title='bbox 2259 4148 2399 4197; x_wconf 88' lang='lat' dir='ltr'><strong>rum,</strong></span> <span class='ocrx_word' id='word_1_669' title='bbox 2434 4134 2533 4189; x_wconf 82' lang='lat' dir='ltr'><strong>hoc</strong></span> <span class='ocrx_word' id='word_1_670' title='bbox 2565 4151 2799 4204; x_wconf 70' lang='lat' dir='ltr'><strong>przesens</strong></span> <span class='ocrx_word' id='word_1_671' title='bbox 2840 4138 3093 4193; x_wconf 67' lang='lat' dir='ltr'><strong>saeculum</strong></span> <span class='ocrx_word' id='word_1_672' title='bbox 3131 4142 3199 4195; x_wconf 89' lang='lat' dir='ltr'><strong>ab</strong></span> <span class='ocrx_word' id='word_1_673' title='bbox 3253 4142 3405 4196; x_wconf 88' lang='lat' dir='ltr'><strong>initio</strong></span> <span class='ocrx_word' id='word_1_674' title='bbox 3457 4146 3630 4200; x_wconf 90' lang='lat' dir='ltr'><strong>mundi</strong></span> <span class='ocrx_word' id='word_1_675' title='bbox 3661 4160 3801 4213; x_wconf 83' lang='lat' dir='ltr'><strong>usque</strong></span> 
     </span>
    </p>
   </div>
   <div class='ocr_carea' id='block_1_80' title="bbox 2259 4224 3799 4301">
    <p class='ocr_par' dir='ltr' id='par_1_80' title="bbox 2259 4224 3799 4301">
     <span class='ocr_line' id='line_1_81' title="bbox 2259 4224 3799 4301; baseline 0.01 -24"><span class='ocrx_word' id='word_1_676' title='bbox 2259 4224 2325 4277; x_wconf 89' lang='lat' dir='ltr'><strong>ad</strong></span> <span class='ocrx_word' id='word_1_677' title='bbox 2358 4224 2515 4279; x_wconf 85' lang='lat' dir='ltr'><strong>linem</strong></span> <span class='ocrx_word' id='word_1_678' title='bbox 2540 4226 2700 4279; x_wconf 91' lang='lat' dir='ltr'><strong>simul</strong></span> <span class='ocrx_word' id='word_1_679' title='bbox 2758 4227 3111 4295; x_wconf 84' lang='lat' dir='ltr'><strong>intellectum,</strong></span> <span class='ocrx_word' id='word_1_680' title='bbox 3162 4234 3304 4301; x_wconf 86' lang='lat' dir='ltr'><strong>quod</strong></span> <span class='ocrx_word' id='word_1_681' title='bbox 3348 4234 3401 4288; x_wconf 91' lang='lat' dir='ltr'><strong>in</strong></span> <span class='ocrx_word' id='word_1_682' title='bbox 3441 4237 3603 4291; x_wconf 78' lang='lat' dir='ltr'><strong>multa</strong></span> <span class='ocrx_word' id='word_1_683' title='bbox 3640 4237 3799 4291; x_wconf 62' lang='lat' dir='ltr'><strong>sareula</strong></span> 
     </span>
    </p>
   </div>
   <div class='ocr_carea' id='block_1_81' title="bbox 2258 4315 2535 4372">
    <p class='ocr_par' dir='ltr' id='par_1_81' title="bbox 2258 4315 2535 4372">
     <span class='ocr_line' id='line_1_82' title="bbox 2258 4315 2535 4372; baseline 0.004 -1"><span class='ocrx_word' id='word_1_684' title='bbox 2258 4315 2535 4372; x_wconf 87' lang='lat' dir='ltr'><strong>dividitur.</strong></span> 
     </span>
    </p>
   </div>
   <div class='ocr_carea' id='block_1_82' title="bbox 2327 4405 3799 4484">
    <p class='ocr_par' dir='ltr' id='par_1_82' title="bbox 2327 4405 3799 4484">
     <span class='ocr_line' id='line_1_83' title="bbox 2327 4405 3799 4484; baseline 0.007 -23"><span class='ocrx_word' id='word_1_685' title='bbox 2327 4405 2479 4461; x_wconf 61' lang='lat' dir='ltr'><strong>CAP.</strong></span> <span class='ocrx_word' id='word_1_686' title='bbox 2507 4406 2594 4463; x_wconf 69' lang='grc' dir='ltr'><strong>ιγ.</strong></span> <span class='ocrx_word' id='word_1_687' title='bbox 2623 4438 2691 4447; x_wconf 92' lang='grc'><strong>-</strong></span> <span class='ocrx_word' id='word_1_688' title='bbox 2718 4410 2771 4463; x_wconf 90' lang='grc'><strong>1.</strong></span> <span class='ocrx_word' id='word_1_689' title='bbox 2804 4409 3041 4467; x_wconf 71' lang='lat' dir='ltr'><strong>Animos.</strong></span> <span class='ocrx_word' id='word_1_690' title='bbox 3076 4412 3190 4484; x_wconf 80' lang='lat' dir='ltr'><strong>Ego</strong></span> <span class='ocrx_word' id='word_1_691' title='bbox 3220 4416 3444 4471; x_wconf 85' lang='lat' dir='ltr'><strong>vinctus.</strong></span> <span class='ocrx_word' id='word_1_692' title='bbox 3480 4419 3559 4474; x_wconf 83' lang='lat' dir='ltr'><strong>Ad</strong></span> <span class='ocrx_word' id='word_1_693' title='bbox 3587 4434 3799 4476; x_wconf 79' lang='lat' dir='ltr'><strong>reveren-</strong></span> 
     </span>
    </p>
   </div>
   <div class='ocr_carea' id='block_1_83' title="bbox 2259 4496 3798 4575">
    <p class='ocr_par' dir='ltr' id='par_1_83' title="bbox 2259 4496 3798 4575">
     <span class='ocr_line' id='line_1_84' title="bbox 2259 4496 3798 4575; baseline 0.008 -26"><span class='ocrx_word' id='word_1_694' title='bbox 2259 4496 2386 4552; x_wconf 87' lang='lat' dir='ltr'><strong>tiam</strong></span> <span class='ocrx_word' id='word_1_695' title='bbox 2428 4507 2623 4564; x_wconf 88' lang='lat' dir='ltr'><strong>mutat,</strong></span> <span class='ocrx_word' id='word_1_696' title='bbox 2675 4500 2799 4568; x_wconf 88' lang='lat' dir='ltr'><strong>quia</strong></span> <span class='ocrx_word' id='word_1_697' title='bbox 2826 4500 3027 4570; x_wconf 86' lang='lat' dir='ltr'><strong>adjecit</strong></span> <span class='ocrx_word' id='word_1_698' title='bbox 3058 4520 3072 4557; x_wconf 88' lang='lat'><strong>:</strong></span> <span class='ocrx_word' id='word_1_699' title='bbox 3105 4504 3218 4575; x_wconf 81' lang='lat' dir='ltr'><strong>Ego</strong></span> <span class='ocrx_word' id='word_1_700' title='bbox 3244 4508 3444 4564; x_wconf 84' lang='lat' dir='ltr'><strong>vinctus</strong></span> <span class='ocrx_word' id='word_1_701' title='bbox 3481 4512 3535 4565; x_wconf 88' lang='lat' dir='ltr'><strong>in</strong></span> <span class='ocrx_word' id='word_1_702' title='bbox 3578 4511 3798 4572; x_wconf 84' lang='lat' dir='ltr'><strong>Domino;</strong></span> 
     </span>
    </p>
   </div>
   <div class='ocr_carea' id='block_1_84' title="bbox 2257 4588 3797 4667">
    <p class='ocr_par' dir='ltr' id='par_1_84' title="bbox 2257 4588 3797 4667">
     <span class='ocr_line' id='line_1_85' title="bbox 2257 4588 3797 4667; baseline 0.007 -24"><span class='ocrx_word' id='word_1_703' title='bbox 2257 4588 2302 4643; x_wconf 92' lang='lat' dir='ltr'><strong>si</strong></span> <span class='ocrx_word' id='word_1_704' title='bbox 2341 4589 2558 4658; x_wconf 70' lang='lat' dir='ltr'><strong>quidem</strong></span> <span class='ocrx_word' id='word_1_705' title='bbox 2618 4590 2735 4660; x_wconf 89' lang='lat' dir='ltr'><strong>ipsa</strong></span> <span class='ocrx_word' id='word_1_706' title='bbox 2763 4592 2974 4648; x_wconf 90' lang='lat' dir='ltr'><strong>vincula</strong></span> <span class='ocrx_word' id='word_1_707' title='bbox 3006 4604 3227 4666; x_wconf 89' lang='lat' dir='ltr'><strong>propter</strong></span> <span class='ocrx_word' id='word_1_708' title='bbox 3270 4601 3697 4667; x_wconf 75' lang='lat' dir='ltr'><strong>praedicationem</strong></span> <span class='ocrx_word' id='word_1_709' title='bbox 3722 4603 3797 4655; x_wconf 78' lang='grc' dir='ltr'><strong>1ιῦ-</strong></span> 
     </span>
    </p>
   </div>
   <div class='ocr_carea' id='block_1_85' title="bbox 2257 4678 2652 4735">
    <p class='ocr_par' dir='ltr' id='par_1_85' title="bbox 2257 4678 2652 4735">
     <span class='ocr_line' id='line_1_86' title="bbox 2257 4678 2652 4735; baseline 0.005 -3"><span class='ocrx_word' id='word_1_710' title='bbox 2257 4678 2384 4733; x_wconf 85' lang='lat' dir='ltr'><strong>bere</strong></span> <span class='ocrx_word' id='word_1_711' title='bbox 2423 4679 2652 4735; x_wconf 88' lang='lat' dir='ltr'><strong>videtur.</strong></span> 
     </span>
    </p>
   </div>
   <div class='ocr_carea' id='block_1_86' title="bbox 2326 4770 3797 4845">
    <p class='ocr_par' dir='ltr' id='par_1_86' title="bbox 2326 4770 3797 4845">
     <span class='ocr_line' id='line_1_87' title="bbox 2326 4770 3797 4845; baseline 0.005 -20"><span class='ocrx_word' id='word_1_712' title='bbox 2326 4771 2379 4825; x_wconf 77' lang='grc'><strong>2.</strong></span> <span class='ocrx_word' id='word_1_713' title='bbox 2413 4770 2587 4826; x_wconf 86' lang='lat' dir='ltr'><strong>Unum</strong></span> <span class='ocrx_word' id='word_1_714' title='bbox 2613 4791 2824 4845; x_wconf 85' lang='lat' dir='ltr'><strong>corpus.</strong></span> <span class='ocrx_word' id='word_1_715' title='bbox 2856 4775 2960 4830; x_wconf 84' lang='lat' dir='ltr'><strong>hoc</strong></span> <span class='ocrx_word' id='word_1_716' title='bbox 2989 4785 3092 4843; x_wconf 88' lang='lat' dir='ltr'><strong>est,</strong></span> <span class='ocrx_word' id='word_1_717' title='bbox 3119 4780 3257 4835; x_wconf 86' lang='lat' dir='ltr'><strong>hanc</strong></span> <span class='ocrx_word' id='word_1_718' title='bbox 3279 4781 3543 4837; x_wconf 87' lang='lat' dir='ltr'><strong>unitatem</strong></span> <span class='ocrx_word' id='word_1_719' title='bbox 3577 4784 3797 4838; x_wconf 86' lang='lat' dir='ltr'><strong>illibatam</strong></span> 
     </span>
    </p>
   </div>
   <div class='ocr_carea' id='block_1_87' title="bbox 2259 4862 3800 4940">
    <p class='ocr_par' dir='ltr' id='par_1_87' title="bbox 2259 4862 3800 4940">
     <span class='ocr_line' id='line_1_88' title="bbox 2259 4862 3800 4940; baseline 0.006 -25"><span class='ocrx_word' id='word_1_720' title='bbox 2259 4862 2529 4917; x_wconf 86' lang='lat' dir='ltr'><strong>custodite</strong></span> <span class='ocrx_word' id='word_1_721' title='bbox 2557 4902 2574 4929; x_wconf 91' lang='lat'><strong>,</strong></span> <span class='ocrx_word' id='word_1_722' title='bbox 2625 4880 2723 4934; x_wconf 91' lang='lat' dir='ltr'><strong>per</strong></span> <span class='ocrx_word' id='word_1_723' title='bbox 2774 4881 2960 4935; x_wconf 84' lang='lat' dir='ltr'><strong>pacem</strong></span> <span class='ocrx_word' id='word_1_724' title='bbox 3002 4877 3058 4922; x_wconf 87' lang='lat' dir='ltr'><strong>et</strong></span> <span class='ocrx_word' id='word_1_725' title='bbox 3106 4870 3457 4940; x_wconf 86' lang='lat' dir='ltr'><strong>charitatem;</strong></span> <span class='ocrx_word' id='word_1_726' title='bbox 3497 4884 3551 4929; x_wconf 88' lang='lat' dir='ltr'><strong>et</strong></span> <span class='ocrx_word' id='word_1_727' title='bbox 3588 4876 3679 4929; x_wconf 87' lang='lat' dir='ltr'><strong>hoc</strong></span> <span class='ocrx_word' id='word_1_728' title='bbox 3705 4886 3800 4927; x_wconf 81' lang='lat' dir='ltr'><strong>esse</strong></span> 
     </span>
    </p>
   </div>
   <div class='ocr_carea' id='block_1_88' title="bbox 2259 4954 3797 5036">
    <p class='ocr_par' dir='ltr' id='par_1_88' title="bbox 2259 4954 3797 5036">
     <span class='ocr_line' id='line_1_89' title="bbox 2259 4954 3797 5036; baseline 0.008 -30"><span class='ocrx_word' id='word_1_729' title='bbox 2259 4954 2623 5009; x_wconf 86' lang='lat' dir='ltr'><strong>necessarium</strong></span> <span class='ocrx_word' id='word_1_730' title='bbox 2656 4957 2837 5012; x_wconf 89' lang='lat' dir='ltr'><strong>multis</strong></span> <span class='ocrx_word' id='word_1_731' title='bbox 2871 4959 3043 5013; x_wconf 89' lang='lat' dir='ltr'><strong>modis</strong></span> <span class='ocrx_word' id='word_1_732' title='bbox 3088 4962 3381 5018; x_wconf 88' lang='lat' dir='ltr'><strong>ostendere</strong></span> <span class='ocrx_word' id='word_1_733' title='bbox 3429 4966 3618 5020; x_wconf 88' lang='lat' dir='ltr'><strong>nititur</strong></span> <span class='ocrx_word' id='word_1_734' title='bbox 3646 4981 3729 5036; x_wconf 87' lang='lat' dir='ltr'><strong>per</strong></span> <span class='ocrx_word' id='word_1_735' title='bbox 3750 4977 3797 5015; x_wconf 75' lang='lat' dir='ltr'><strong>ea</strong></span> 
     </span>
    </p>
   </div>
   <div class='ocr_carea' id='block_1_89' title="bbox 2257 5053 2715 5111">
    <p class='ocr_par' dir='ltr' id='par_1_89' title="bbox 2257 5053 2715 5111">
     <span class='ocr_line' id='line_1_90' title="bbox 2257 5053 2715 5111; baseline 0.011 -17"><span class='ocrx_word' id='word_1_736' title='bbox 2257 5057 2376 5111; x_wconf 61' lang='lat' dir='ltr'><strong>quae</strong></span> <span class='ocrx_word' id='word_1_737' title='bbox 2398 5053 2715 5110; x_wconf 88' lang='lat' dir='ltr'><strong>sequuntur.</strong></span> 
     </span>
    </p>
   </div>
   <div class='ocr_carea' id='block_1_90' title="bbox 2327 5131 3795 5214">
    <p class='ocr_par' dir='ltr' id='par_1_90' title="bbox 2327 5131 3795 5214">
     <span class='ocr_line' id='line_1_91' title="bbox 2327 5131 3795 5214; baseline 0.005 -29"><span class='ocrx_word' id='word_1_738' title='bbox 2327 5131 2381 5186; x_wconf 81' lang='grc'><strong>’5.</strong></span> <span class='ocrx_word' id='word_1_739' title='bbox 2426 5131 2626 5187; x_wconf 68' lang='lat' dir='ltr'><strong>Lsxrn.</strong></span> <span class='ocrx_word' id='word_1_740' title='bbox 2679 5134 2854 5189; x_wconf 87' lang='lat' dir='ltr'><strong>Unum</strong></span> <span class='ocrx_word' id='word_1_741' title='bbox 2904 5154 3092 5209; x_wconf 87' lang='lat' dir='ltr'><strong>corpus</strong></span> <span class='ocrx_word' id='word_1_742' title='bbox 3131 5149 3180 5194; x_wconf 86' lang='lat' dir='ltr'><strong>et</strong></span> <span class='ocrx_word' id='word_1_743' title='bbox 3216 5158 3351 5196; x_wconf 86' lang='lat' dir='ltr'><strong>unus</strong></span> <span class='ocrx_word' id='word_1_744' title='bbox 3396 5146 3622 5214; x_wconf 81' lang='lat' dir='ltr'><strong>spiritus.</strong></span> <span class='ocrx_word' id='word_1_745' title='bbox 3655 5143 3795 5199; x_wconf 83' lang='lat' dir='ltr'><strong>Unum</strong></span> 
     </span>
    </p>
   </div>
   <div class='ocr_carea' id='block_1_91' title="bbox 2262 5224 3795 5307">
    <p class='ocr_par' dir='ltr' id='par_1_91' title="bbox 2262 5224 3795 5307">
     <span class='ocr_line' id='line_1_92' title="bbox 2262 5224 3795 5307; baseline 0.005 -30"><span class='ocrx_word' id='word_1_746' title='bbox 2262 5224 2473 5280; x_wconf 85' lang='lat' dir='ltr'><strong>habetis</strong></span> <span class='ocrx_word' id='word_1_747' title='bbox 2495 5226 2770 5296; x_wconf 89' lang='lat' dir='ltr'><strong>spiritum,</strong></span> <span class='ocrx_word' id='word_1_748' title='bbox 2805 5229 2947 5284; x_wconf 90' lang='lat' dir='ltr'><strong>sicut</strong></span> <span class='ocrx_word' id='word_1_749' title='bbox 2996 5233 3128 5287; x_wconf 81' lang='lat' dir='ltr'><strong>estis</strong></span> <span class='ocrx_word' id='word_1_750' title='bbox 3156 5249 3321 5289; x_wconf 89' lang='lat' dir='ltr'><strong>unum</strong></span> <span class='ocrx_word' id='word_1_751' title='bbox 3358 5251 3574 5307; x_wconf 90' lang='lat' dir='ltr'><strong>corpus,</strong></span> <span class='ocrx_word' id='word_1_752' title='bbox 3612 5247 3663 5291; x_wconf 92' lang='grc' dir='ltr'><strong>ιιι</strong></span> <span class='ocrx_word' id='word_1_753' title='bbox 3712 5249 3795 5287; x_wconf 85' lang='lat' dir='ltr'><strong>non</strong></span> 
     </span>
    </p>
   </div>
   <div class='ocr_carea' id='block_1_92' title="bbox 2262 5316 2775 5375">
    <p class='ocr_par' dir='ltr' id='par_1_92' title="bbox 2262 5316 2775 5375">
     <span class='ocr_line' id='line_1_93' title="bbox 2262 5316 2775 5375; baseline 0.008 -3"><span class='ocrx_word' id='word_1_754' title='bbox 2262 5316 2382 5372; x_wconf 89' lang='lat' dir='ltr'><strong>sitis</strong></span> <span class='ocrx_word' id='word_1_755' title='bbox 2419 5318 2775 5375; x_wconf 85' lang='lat' dir='ltr'><strong>schismatici.</strong></span> 
     </span>
    </p>
   </div>
   <div class='ocr_carea' id='block_1_93' title="bbox 2329 5410 3795 5494">
    <p class='ocr_par' dir='ltr' id='par_1_93' title="bbox 2329 5410 3795 5494">
     <span class='ocr_line' id='line_1_94' title="bbox 2329 5410 3795 5494; baseline 0.006 -29"><span class='ocrx_word' id='word_1_756' title='bbox 2329 5410 2385 5465; x_wconf 73' lang='grc'><strong>4.</strong></span> <span class='ocrx_word' id='word_1_757' title='bbox 2425 5412 2664 5467; x_wconf 70' lang='lat' dir='ltr'><strong>Animos.</strong></span> <span class='ocrx_word' id='word_1_758' title='bbox 2696 5411 2763 5467; x_wconf 83' lang='lat' dir='ltr'><strong>Et</strong></span> <span class='ocrx_word' id='word_1_759' title='bbox 2808 5431 2943 5470; x_wconf 90' lang='lat' dir='ltr'><strong>unus</strong></span> <span class='ocrx_word' id='word_1_760' title='bbox 2972 5419 3204 5486; x_wconf 84' lang='lat' dir='ltr'><strong>spiritus.</strong></span> <span class='ocrx_word' id='word_1_761' title='bbox 3235 5419 3469 5491; x_wconf 89' lang='lat' dir='ltr'><strong>Spiritus</strong></span> <span class='ocrx_word' id='word_1_762' title='bbox 3498 5425 3586 5494; x_wconf 87' lang='lat' dir='ltr'><strong>qui</strong></span> <span class='ocrx_word' id='word_1_763' title='bbox 3617 5437 3700 5476; x_wconf 85' lang='lat' dir='ltr'><strong>nos</strong></span> <span class='ocrx_word' id='word_1_764' title='bbox 3729 5433 3795 5473; x_wconf 87' lang='lat' dir='ltr'><strong>re-</strong></span> 
     </span>
    </p>
   </div>
   <div class='ocr_carea' id='block_1_94' title="bbox 2257 5504 3791 5582">
    <p class='ocr_par' dir='ltr' id='par_1_94' title="bbox 2257 5504 3791 5582">
     <span class='ocr_line' id='line_1_95' title="bbox 2257 5504 3791 5582; baseline 0.005 -26"><span class='ocrx_word' id='word_1_765' title='bbox 2257 5504 2564 5573; x_wconf 81' lang='lat' dir='ltr'><strong>generavit;</strong></span> <span class='ocrx_word' id='word_1_766' title='bbox 2598 5520 2816 5575; x_wconf 89' lang='lat' dir='ltr'><strong>corpus,</strong></span> <span class='ocrx_word' id='word_1_767' title='bbox 2843 5506 3035 5578; x_wconf 87' lang='lat' dir='ltr'><strong>inquit,</strong></span> <span class='ocrx_word' id='word_1_768' title='bbox 3081 5526 3177 5580; x_wconf 89' lang='lat' dir='ltr'><strong>per</strong></span> <span class='ocrx_word' id='word_1_769' title='bbox 3210 5516 3660 5582; x_wconf 84' lang='lat' dir='ltr'><strong>regenerationem</strong></span> <span class='ocrx_word' id='word_1_770' title='bbox 3685 5520 3791 5567; x_wconf 88' lang='lat' dir='ltr'><strong>eon-</strong></span> 
     </span>
    </p>
   </div>
   <div class='ocr_carea' id='block_1_95' title="bbox 2258 5594 2753 5650">
    <p class='ocr_par' dir='ltr' id='par_1_95' title="bbox 2258 5594 2753 5650">
     <span class='ocr_line' id='line_1_96' title="bbox 2258 5594 2753 5650; baseline 0.008 -4"><span class='ocrx_word' id='word_1_771' title='bbox 2258 5594 2449 5648; x_wconf 85' lang='lat' dir='ltr'><strong>sistere</strong></span> <span class='ocrx_word' id='word_1_772' title='bbox 2478 5595 2753 5650; x_wconf 86' lang='lat' dir='ltr'><strong>videmini.</strong></span> 
     </span>
    </p>
   </div>
   <div class='ocr_carea' id='block_1_96' title="bbox 2329 5688 3789 5767">
    <p class='ocr_par' dir='ltr' id='par_1_96' title="bbox 2329 5688 3789 5767">
     <span class='ocr_line' id='line_1_97' title="bbox 2329 5688 3789 5767; baseline -0.001 -24"><span class='ocrx_word' id='word_1_773' title='bbox 2329 5688 2382 5743; x_wconf 76' lang='lat'><strong>5.</strong></span> <span class='ocrx_word' id='word_1_774' title='bbox 2427 5688 2533 5753; x_wconf 84' lang='lat' dir='ltr'><strong>Qui</strong></span> <span class='ocrx_word' id='word_1_775' title='bbox 2565 5706 2721 5759; x_wconf 85' lang='lat' dir='ltr'><strong>super</strong></span> <span class='ocrx_word' id='word_1_776' title='bbox 2765 5707 2965 5748; x_wconf 83' lang='lat' dir='ltr'><strong>omnes.</strong></span> <span class='ocrx_word' id='word_1_777' title='bbox 3012 5694 3112 5760; x_wconf 83' lang='lat' dir='ltr'><strong>Qui</strong></span> <span class='ocrx_word' id='word_1_778' title='bbox 3144 5696 3395 5751; x_wconf 90' lang='lat' dir='ltr'><strong>omnibus</strong></span> <span class='ocrx_word' id='word_1_779' title='bbox 3443 5696 3789 5767; x_wconf 72' lang='lat' dir='ltr'><strong>Supereminet.</strong></span> 
     </span>
    </p>
   </div>
   <div class='ocr_carea' id='block_1_97' title="bbox 2262 5778 3792 5859">
    <p class='ocr_par' dir='ltr' id='par_1_97' title="bbox 2262 5778 3792 5859">
     <span class='ocr_line' id='line_1_98' title="bbox 2262 5778 3792 5859; baseline 0.001 -26"><span class='ocrx_word' id='word_1_780' title='bbox 2262 5778 2375 5833; x_wconf 88' lang='lat' dir='ltr'><strong>lloc</strong></span> <span class='ocrx_word' id='word_1_781' title='bbox 2429 5779 2572 5835; x_wconf 90' lang='lat' dir='ltr'><strong>enim</strong></span> <span class='ocrx_word' id='word_1_782' title='bbox 2625 5783 2759 5838; x_wconf 89' lang='lat' dir='ltr'><strong>dicit</strong></span> <span class='ocrx_word' id='word_1_783' title='bbox 2816 5800 2979 5855; x_wconf 89' lang='lat' dir='ltr'><strong>super</strong></span> <span class='ocrx_word' id='word_1_784' title='bbox 3026 5802 3238 5859; x_wconf 89' lang='lat' dir='ltr'><strong>omnes,</strong></span> <span class='ocrx_word' id='word_1_785' title='bbox 3268 5788 3361 5857; x_wconf 91' lang='lat' dir='ltr'><strong>qui</strong></span> <span class='ocrx_word' id='word_1_786' title='bbox 3408 5798 3463 5843; x_wconf 88' lang='lat' dir='ltr'><strong>et</strong></span> <span class='ocrx_word' id='word_1_787' title='bbox 3511 5805 3605 5858; x_wconf 86' lang='lat' dir='ltr'><strong>per</strong></span> <span class='ocrx_word' id='word_1_788' title='bbox 3643 5784 3792 5841; x_wconf 83' lang='lat' dir='ltr'><strong>omnia</strong></span> 
     </span>
    </p>
   </div>
  </div>
