3880 6306
84 374 170 432 ειη
764 366 834 424 IN
873 368 934 423 ι).
977 367 1183 425 PAULI
1224 316 1448 421 Errsr.
1480 359 1847 420 connenr.
1878 362 2196 436 -ρειδιει
2236 363 2329 420 an
2358 365 2596 423 EPllES.
3049 335 3062 341 ”
3217 353 3326 426 sas

86 486 134 539 ti.
157 480 438 548 Unicuique
464 484 639 531 autem
673 487 912 532 nostrum
938 480 990 532 7.
1018 487 1139 533 data
1167 487 1249 532 est
1275 479 1448 548 gratia
1485 477 1781 529 secundum
1812 489 2121 530 mensuram
2149 477 2453 533 donationis
2479 477 2702 532 Christi.
2734 477 2964 548 Propter
2989 480 3133 550 quod
3166 483 3326 543 dicit.

89 586 133 635 in
161 578 346 647 psalmo
400 589 547 629 vau
577 592 587 626 :
623 574 940 630 Ascendens
967 575 1203 628 Christus
1252 574 1305 628 in
1337 572 1526 637 altum,
1557 573 1610 628 8.
1655 572 1922 641 captivam
1955 572 2108 626 duxit
2156 576 2234 642 (re
2271 590 2326 628 in
2367 590 2442 639 se,
2490 591 2580 639 spe
2605 577 2660 629 in
2704 575 2874 647 nobis)
2907 579 3279 647 captivitatem
3309 624 3323 640 .

87 655 274 730 mortem
313 675 386 727 uel
418 671 580 746 146
610 674 861 738 homines,
886 675 1034 744 prius
1064 692 1096 728 a
1118 671 1326 727 diabolo
1349 674 1666 740 captivatos;
1699 670 1848 726 dedit
1877 671 2015 724 delia
2051 672 2380 728 hominibus.
2410 674 2463 728 9.
2493 671 2647 740 Quod
2686 683 2870 728 autem
2899 675 3168 743 ascendit,
3196 679 3326 748 quid

88 779 174 836 est,
208 769 301 824 nisi
324 769 450 837 quia
490 777 547 823 et
589 769 869 824 descendit
893 770 1129 839 primum
1159 769 1212 822 in
1241 767 1526 822 inferiores
1543 778 1730 836 partes
1763 768 1965 824 terrm?
1999 769 2053 821 in
2105 785 2292 822 manus
2332 779 2685 838 peccatorum,
2729 769 2807 825 uel
2833 771 2888 826 in
2929 773 3217 843 infernum,
3249 775 3326 830 vel

89 867 134 920 in
155 875 352 919 terram.
381 865 482 930 Qui
519 864 602 930 l0,
651 865 739 919 11.
771 867 1071 931 descendit,
1103 867 1217 935 ipse
1257 874 1339 921 est
1368 866 1460 936 qui
1486 865 1740 920 ascendit
1761 880 1924 934 supra
1955 879 2143 920 omnes
2169 865 2358 931 caelos,
2410 865 2496 921 12.
2523 875 2583 922 ιιι
2611 866 2860 938 impleret
2889 869 3092 922 omnia.
3125 867 3328 925 Probat

87 963 261 1018 diversa
285 975 394 1014 esse
430 960 592 1016 dona.
646 962 714 1016 Et
743 962 856 1032 ipse
883 961 1031 1018 dedit
1052 960 1313 1033 quosdam
1329 962 1546 1032 quidem
1569 961 1862 1032 apostolos,
1899 962 2162 1031 quosdam
2189 971 2368 1018 autem
2417 961 2712 1033 prophetas
2739 963 2816 1034 (ut
2845 963 3077 1033 Agabus,
3113 973 3161 1018 et
3199 965 3330 1033 filia:

88 1058 200 1128 ejus)
243 1056 373 1112 alios
420 1071 554 1112 vero
600 1057 982 1128 evangelistas,
1017 1059 1103 1124 l3,
1149 1057 1238 1113 li.
1277 1058 1412 1114 alios
1466 1067 1648 1113 autem
1684 1066 1952 1128 pastores,
1989 1057 2276 1127 episcopos.
2329 1065 2384 1113 et
2414 1057 2686 1118 doctores.
2723 1068 2939 1113 crateras
2964 1057 3235 1129 prtelatos,
3261 1061 3331 1116 ad

90 1153 578 1208 consummationem
609 1163 923 1210 sanctorum
955 1155 1042 1226 (ab
1073 1156 1171 1210 hoc
1195 1157 1384 1226 spiritu
1411 1154 1520 1210 alia
1547 1157 1871 1209 charismata
1919 1155 2116 1208 dantur
2145 1156 2244 1220 eis,
2268 1164 2322 1208 ut
2350 1165 2772 1210 consummarent
2797 1157 2854 1210 in
2878 1156 2951 1210 eis
2977 1156 3331 1225 sanctitatem)

93 1253 134 1303 in
166 1265 285 1319 opus
312 1250 623 1317 ministerii,
662 1263 716 1306 ut
745 1269 940 1324 corpus
968 1253 1182 1318 Christi,
1211 1254 1266 1307 id
1291 1263 1388 1320 est,
1431 1253 1690 1308 Ecclesiw
1720 1261 1927 1307 sanctos
1955 1251 2236 1321 (ediﬁcent,
2268 1251 2483 1316 scilicet,
2525 1253 2577 1306 in
2609 1251 3019 1308 azdiﬁcationem
3061 1257 3332 1324 corporis,

82 1345 329 1410 'Ecctesire,
355 1347 560 1402 Christi
611 1349 933 1418 wdi/icandi,
981 1349 1068 1404 15.
1113 1350 1286 1405 donec
1331 1365 1684 1406 occurramus
1710 1364 1897 1404 omnes
1936 1349 1989 1402 in
2019 1349 2104 1403 die
2124 1348 2320 1418 judicii
2345 1359 2466 1403 ante
2500 1348 2664 1402 Deum
2716 1349 2771 1403 in
2802 1349 3070 1405 unitatem
3095 1349 3242 1415 lidei,
3273 1363 3334 1405 et

93 1442 342 1512 agnitionis
367 1441 489 1498 Filii
520 1443 638 1509 Dei,
669 1447 723 1498 in
748 1445 845 1499 hoc
868 1445 1063 1500 sa'culo
1091 1445 1450 1510 subsistentes,
1484 1445 1570 1500 16.
1603 1447 1657 1500 in
1686 1446 1862 1500 virum
1882 1444 2202 1516 perfectum.
2231 1444 2447 1515 perfecti
2469 1463 2803 1517 resurgamus
2829 1447 2941 1501 sine
2976 1447 3333 1502 membrorum

95 1539 438 1605 imminutione,
490 1541 583 1606 17,
617 1541 702 1596 18.
735 1540 788 1595 in
830 1556 1141 1596 mensuram
1188 1542 1364 1596 astatis
1390 1541 1742 1612 plenitudinis
1774 1540 2015 1607 Christi;
2069 1540 2138 1593 ad
2178 1541 2275 1594 hoc
2315 1541 2458 1596 dedit
2511 1543 2766 1609 doctores,
2799 1548 2858 1597 ut
2879 1539 2992 1611 jam
3029 1557 3136 1598 non
3165 1544 3337 1599 simus

96 1635 271 1703 parvuli
305 1634 652 1701 ﬂuctuantes,
683 1646 739 1692 et
760 1636 1214 1693 circumleramur
1239 1638 1386 1692 omni
1411 1645 1570 1692 vento
1611 1636 1870 1692 doctrinas
1894 1635 1953 1690 in
1983 1635 2220 1704 nequitia
2253 1635 2553 1692 hominum.
2581 1638 2633 1692 in
2665 1641 2866 1694 astutia
2895 1639 2964 1696 ad
2993 1643 3343 1698 circumven-

95 1733 265 1784 tioncin
294 1733 514 1798 erroris,
551 1744 604 1786 ut
633 1733 886 1788 inducant
917 1749 1009 1788 nos
1031 1734 1086 1787 in
1108 1749 1340 1787 errorem
1359 1735 1487 1805 (huc
1513 1749 1675 1805 usque
1707 1731 1809 1802 fuit
1834 1731 2111 1802 digressio,
2133 1731 2190 1785 id
2214 1741 2312 1792 est,
2338 1731 2402 1785 ab
2427 1731 2525 1786 hoc
2545 1734 2686 1803 quod
2713 1736 2869 1806 dixit,
2892 1740 3108 1796 solliciti
3133 1757 3341 1796 servare

104 1821 232 1894 147
257 1823 559 1888 veritatem,
607 1827 936 1896 rrquitatem,
968 1836 1148 1881 autem
1183 1825 1442 1881 facientes
1486 1826 1540 1881 in
1589 1825 1891 1890 charitate,
1928 1837 2238 1880 crescamus
2281 1823 2336 1878 in
2374 1823 2464 1878 illo
2507 1839 2605 1894 per
2643 1828 2825 1883 omnia
2872 1832 3016 1886 dona
3057 1833 3339 1894 uirtutum,

97 1916 269 1982 quiest
297 1926 453 1988 caput
480 1917 757 1985 Christus,
787 1919 874 1974 19.
909 1934 976 1974 ex
1019 1935 1129 1990 quo
1158 1927 1330 1973 towm
1381 1933 1580 1990 corpus
1627 1926 1993 1988 compactum,
2041 1917 2173 1986 facit
2210 1928 2568 1989 augmentum,
2619 1920 2673 1973 id
2702 1931 2776 1975 cst
2805 1933 3235 1994 augmentatum,
3287 1935 3345 1981 ct

1517 2033 1994 2091 MMENTABIUS.

1425 2035 1994 2092 COMMENTARIUS.

103 2137 226 2177 suam
245 2125 477 2180 ostendit
506 2127 904 2196 providentiam
943 2129 996 2183 in
1028 2129 1303 2196 omnibus,
1335 2145 1648 2201 quanquam
1676 2135 1726 2194 Α
1753 2128 2003 2184 Christus
2025 2128 2256 2184 diversis
2283 2129 2496 2186 diversa
2527 2131 2695 2193 dedit.
2739 2142 2797 2186 ut
2825 2134 3064 2204 perfecte
3100 2137 3349 2209 quisquis

107 2217 233 2271 nobis
255 2227 305 2271 et
331 2233 452 2273 esse
477 2230 535 2274 et
574 2220 824 2276 habitare
853 2221 1124 2292 dignatur.

163 2309 207 2360 ϐ.
244 2305 524 2378 Unicuique
571 2303 750 2365 autem
799 2323 1045 2368 vestrum.
1104 2311 1220 2368 Hoc
1277 2313 1394 2369 vult
1451 2314 1653 2378 dicere,

107 2399 320 2466 quamvis
341 2415 436 2469 per
461 2401 650 2455 omnia
677 2403 984 2458 necessaria
1008 2403 1078 2458 sit
1100 2403 1416 2468 concordia,
1446 2403 1660 2458 videtur

116 2502 260 2546 tamen
288 2493 457 2549 inesse
489 2493 544 2548 in
576 2494 660 2548 eis
705 2493 1009 2550 dill‘erentia
1036 2495 1107 2551 ob
1141 2496 1439 2566 gratiarum
1473 2493 1661 2550 varie-

114 2588 266 2635 tatem.

171 2669 214 2722 Ἰ.
250 2671 433 2726 Lsxrn.
485 2673 628 2728 Data
671 2684 746 2729 est
788 2677 960 2747 gratia
1010 2677 1298 2732 secundum
1338 2669 1660 2740 mensuram,

119 2768 203 2812 etc.
230 2759 470 2826 Quamvis
519 2764 662 2819 υιιιιε
699 2766 770 2820 sit
823 2767 1071 2836 spiritus,
1112 2767 1327 2822 diversa
1377 2775 1501 2822 sunt
1524 2767 1664 2821 dona

123 2850 272 2918 ipsius.
304 2853 364 2907 Et
392 2855 491 2910 hoc
523 2864 611 2910 est
637 2856 780 2925 quod
811 2857 944 2911 dicit
971 2874 985 2911 :
1013 2856 1153 2910 Data
1182 2867 1256 2911 est
1285 2857 1458 2927 gratia
1481 2872 1665 2910 secun-

121 2941 537 3014 dummensuiam,
597 2947 649 3002 id
677 2957 779 3013 est,
812 2948 1068 3014 diversa);
1099 2948 1187 3003 alii
1234 2949 1359 3013 hoc,
1393 2947 1484 3001 alii
1514 2947 1661 3010 illud,

124 3033 195 3087 alii
237 3038 363 3105 plus,
408 3039 494 3095 alii
545 3043 749 3094 minus.
800 3041 954 3108 Quod
1003 3040 1154 3111 prius
1201 3040 1270 3096 ab
1321 3040 1664 3107 auctoritate,

127 3137 274 3192 postea
297 3133 474 3198 probat
503 3149 532 3186 a
560 3133 824 3202 partibus.

184 3219 226 3272 8.
279 3224 500 3279 Aucusr.
552 3225 776 3295 (Enarr.
827 3227 882 3280 in
924 3243 1058 3296 psa..
1101 3241 1270 3288 van,
1325 3233 1457 3281 tom.
1513 3223 1668 3296 Vlll.)

129 3306 353 3378 Captivam
419 3315 597 3370 duxit.
654 3315 846 3371 Utrum
884 3317 1009 3386 quia
1062 3315 1193 3371 vicit
1246 3325 1496 3382 mortem,
1553 3329 1672 3384 qua:

133 3401 328 3465 captivos
355 3406 593 3470 tenebat,
638 3405 690 3458 in
748 3405 942 3473 quibus
974 3406 1253 3476 regnabat,
1284 3420 1354 3458 an
1401 3404 1545 3474 ipsos
1578 3405 1673 3458 bo-

1758 2218 2002 2274 exerceri
2033 2219 2208 2288 possit
2260 2220 2310 2272 in
2364 2235 2500 2290 opus
2536 2221 2820 2278 ministerii
2860 2227 3004 2295 quod
3032 2228 3260 2296 accepit.
3289 2227 3349 2282 Si

1759 2309 1904 2363 enim
1950 2324 2092 2364 unus
2134 2311 2433 2380 accepisset
2461 2313 2666 2379 omnia,
2718 2330 2823 2369 non
2873 2316 3118 2386 perfecte
3163 2329 3352 2389 posset

1762 2415 1956 2456 vacare
2005 2401 2076 2456 ad
2119 2401 2350 2470 singula.
2389 2399 2528 2469 Quid
2557 2412 2741 2458 autem
2778 2406 2848 2460 sit
2880 2421 3016 2476 opus
3061 2390 3351 2464 ministerii

1763 2502 2097 2558 sanctorum,
2131 2493 2329 2563 quibus
2360 2493 2670 2562 spirituales
2711 2496 2901 2568 gratiae
2925 2513 2960 2552 a
2998 2497 3216 2556 Christo
3247 2500 3356 2557 col-

1763 2583 1888 2638 lata:
1907 2591 2054 2649 sunt,
2085 2582 2360 2654 subjungit
2381 2584 2568 2639 dicens
2603 2602 2617 2638 :
2643 2583 2709 2638 In
2733 2586 3139 2655 ludiﬁcationem
3168 2605 3354 2660 corpo-

1767 2677 1836 2730 ris
1859 2674 2078 2741 Christi,
2111 2675 2182 2730 ad
2211 2675 2316 2730 hoc
2354 2676 2500 2730 enim
2529 2677 2832 2747 spiritualia
2855 2678 3185 2744 charismata
3221 2681 3356 2736 dan-

1771 2773 1860 2818 tnr
1914 2764 2040 2832 illis,
2097 2773 2156 2818 ut
2200 2780 2398 2835 corpus
2440 2766 2663 2835 Christi,
2711 2767 2796 2822 vel
2835 2767 3134 2825 Ecclesium
3182 2770 3356 2826 aedili-

1765 2862 1912 2910 cent.

1841 2947 1927 2999 £5.
1968 2945 2144 3000 Donec
2173 2964 2530 3002 occurramus.
2564 2947 2708 3004 Ordo
2739 2967 2750 3002 :
2785 2949 2957 3005 donec
3000 2967 3098 3006 nos
3139 2968 3352 3017 omnes,

1773 3034 1826 3088 in
1867 3033 2128 3089 unitatem
2179 3034 2307 3088 lidei
2351 3044 2406 3089 et
2454 3035 2785 3106 agnitionem
2835 3035 2959 3091 Filii
3010 3037 3101 3092 Dei
3155 3039 3210 3093 in
3255 3039 3358 3094 hoc

1772 3126 1974 3206 saeculo
1995 3125 2370 3192 subsistentes,
2387 3141 2738 3183 occurramus
2763 3128 2814 3182 in
2839 3128 3012 3183 virum
3035 3127 3358 3200 perfectura,

1775 3218 1919 3274 diem
1961 3219 2150 3288 judicii
2201 3221 2492 3291 signiﬁcat,
2535 3222 2806 3291 quomodo
2857 3221 2945 3294 [f.,
2989 3223 3121 3295 quo]
3170 3238 3361 3280 omnes

1775 3310 1868 3379 qui
1906 3326 2051 3366 nunc
2091 3310 2355 3368 habemus
2377 3326 2541 3365 unam
2571 3311 2728 3367 (idem
2759 3320 2814 3367 et
2845 3327 3005 3366 unam
3027 3311 3362 3382 agnitionem

1776 3401 1897 3455 Filii
1919 3400 2036 3468 Dei,
2069 3401 2146 3456 sic
2180 3416 2244 3455 ex
2273 3401 2502 3456 diversis
2521 3403 2770 3472 partibus
2795 3401 2980 3456 mundi
3010 3417 3363 3457 occurremus

135 3489 274 3544 mines
312 3496 595 3564 appellavit
621 3496 1014 3566 captivitatem,
1039 3497 1166 3567 quia
1194 3495 1392 3568 captivi
1429 3494 1528 3549 sub
1552 3495 1670 3548 dia-
1705 3490 1746 3544 Β
1777 3492 2028 3557 invicem,
2073 3500 2132 3545 ut
2185 3493 2556 3560 unusquisque
2606 3493 2677 3546 sit
2703 3493 2785 3546 vir
2815 3492 3106 3563 perfectus,
3153 3495 3364 3550 habens

137 3578 234 3635 bolo
259 3588 584 3642 tenebantur.

191 3669 232 3722 9.
269 3669 450 3728 Lssrn.
478 3675 639 3742 Quod
668 3685 841 3730 autem
863 3676 1117 3730 ascendit.
1149 3674 1351 3729 Probat
1373 3675 1437 3729 de
1457 3673 1674 3728 Christo

138 3761 421 3827 superiorem
453 3780 674 3820 versum
710 3780 832 3820 esse
871 3765 1108 3830 dictum;
1156 3765 1271 3834 ipse
1300 3763 1442 3816 enim
1487 3778 1678 3819 ascen-

140 3850 197 3903 dit
217 3851 260 3905 in
286 3857 466 3912 coelum
493 3869 548 3913 ct
580 3858 650 3912 de
681 3858 818 3913 cmlo
842 3858 1138 3912 descendit.

197 3943 268 3998 10.
302 3947 529 4006 Asianos.
589 3949 889 4004 Descendit.
941 3949 1229 4004 Inferiores
1265 3959 1452 4022 partes
1505 3950 1677 4022 ipsam

145 4039 304 4090 terram
335 4041 566 4096 nominat
612 4040 664 4094 in
694 4040 1102 4110 comparatimze
1141 4039 1284 4093 cmli.
1335 4039 1462 4096 Vult
1500 4050 1677 4096 autem

143 4123 308 4192 dicere,
357 4134 610 4200 quoniam
665 4148 770 4186 non
820 4133 1172 4196 ascendisset,
1223 4133 1325 4187 nisi
1359 4133 1592 4203 primum
1625 4132 1678 4186 in

147 4211 218 4267 illo
240 4218 396 4276 divina
440 4223 743 4279 exstitisset
778 4234 993 4288 natura,
1026 4225 1111 4277 cui
1159 4222 1484 4292 complacuit
1533 4222 1585 4276 in
1617 4221 1680 4274 il-

147 4302 232 4359 lum
257 4309 499 4380 habitare,
540 4316 638 4386 qui
669 4331 829 4384 super
855 4325 1055 4370 terram
1085 4324 1224 4370 erat.

207 4398 278 4454 11.
316 4403 410 4470 Qui
459 4410 748 4463 descendit.
817 4408 938 4464 Vult
986 4419 1164 4463 autem
1205 4409 1386 4462 dicere
1425 4407 1678 4477 quoniam

151 4484 188 4539 is
217 4491 258 4544 in
285 4511 433 4565 quem
481 4503 664 4556 divina
711 4501 992 4556 descendit
1038 4510 1253 4565 natura,
1293 4515 1458 4568 super
1514 4500 1682 4554 cmlos

151 4575 454 4654 Cﬂectusest,
502 4600 558 4646 et
598 4592 700 4647 hoc
750 4592 981 4647 inseruit
1009 4593 1192 4646 volens
1231 4591 1518 4646 ostendere
1547 4606 1682 4660 quo-

154 4671 280 4726 modo
304 4677 540 4737 Christus
567 4683 728 4736 homo
751 4682 872 4736 aliis
899 4692 1079 4752 posset
1105 4683 1342 4736 tribuere
1373 4678 1681 4750 spirituales

155 4759 455 4839 donationes;
482 4783 606 4845 post
631 4775 861 4830 recurrit
884 4774 952 4828 ad
989 4789 1141 4829 suam
1173 4773 1518 4827 sententiam.

1776 3598 1900 3637 eam
1930 3592 2143 3637 aetatem
2171 3597 2276 3650 qua
2304 3581 2556 3636 Christus
2586 3582 2651 3636 de
2681 3583 2784 3638 hoc
2830 3583 3028 3640 smculo
3071 3585 3286 3639 transiit
3308 3596 3366 3640 et

1778 3672 2095 3733 resurrexit,
2142 3674 2242 3726 hoc
2276 3672 2530 3742 estquod
2570 3672 2700 3727 dicit
2749 3672 2804 3727 in
2837 3687 3148 3730 mensuram
3187 3676 3366 3732 mtatis

1778 3765 2128 3838 plenitudinis
2157 3764 2381 3829 Christi,
2437 3763 2490 3819 id
2548 3775 2653 3830 est,
2699 3764 2751 3819 in
2799 3781 2905 3835 qua
2932 3773 3094 3820 (etate
3116 3763 3368 3820 Christus

1779 3858 2166 3932 plenitudinem
2211 3871 2478 3912 annorum
2526 3866 2583 3912 et
2621 3858 2868 3927 corporis
2919 3857 3129 3914 habuit.
3182 3856 3370 3912 Potest

1781 3950 2007 4020 intelligi
2037 3963 2364 4004 occursuros
2410 3962 2507 4003 nos
2527 3948 2581 4002 in
2608 3948 2782 4002 virum
2807 3945 3126 4018 perfectum,
3157 3956 3216 4002 ut
3253 3962 3370 4002 om-

1781 4061 1878 4101 nes
1923 4045 2093 4099 simus
2138 4059 2276 4098 unus
2315 4043 2398 4098 vir
2431 4042 2726 4113 perfectus,
2757 4041 2808 4096 id
2837 4051 2919 4096 est
2965 4057 3072 4096 una
3105 4041 3364 4107 Ecclesia,

1782 4138 1867 4193 cui
1890 4136 2024 4192 nihil
2049 4136 2187 4192 desit
2226 4145 2282 4191 et
2313 4136 2400 4191 cui
2429 4135 2563 4190 nihil
2594 4136 2665 4191 sit
2694 4143 2881 4205 postea
2903 4134 3211 4189 addendum

1816 4249 1822 4255 ’
1854 4254 1942 4305 lli.
1982 4252 2226 4306 Aucusr.
2256 4251 2372 4320 (lib.
2418 4265 2531 4303 xxii
2579 4248 2656 4302 De
2683 4248 2824 4301 cit-it.
2858 4246 2999 4311 Dci.,
3028 4264 3076 4301 ε.
3112 4246 3198 4312 15,
3237 4256 3367 4302 ιοιιι.

1786 4344 1876 4415 ν.)
1921 4342 1989 4398 In
2022 4344 2192 4398 virum
2229 4342 2535 4412 perfectum.
2573 4341 2663 4394 Sic
2689 4339 3020 4408 accipiamus
3059 4339 3284 4405 dictum,
3315 4350 3374 4394 ut

1785 4455 1885 4494 nec
1921 4437 2082 4506 intra,
2134 4453 2235 4492 nec
2282 4437 2425 4491 ultra
2461 4434 2754 4504 jnvenilem
2807 4434 3038 4488 formam
3087 4444 3374 4505 resurgant

1784 4545 2010 4599 corpora
2057 4536 2417 4592 tnortuorum,
2455 4525 2549 4580 sed
2596 4524 2650 4578 in
2699 4524 2815 4594 ejus
2843 4531 3002 4577 aetate
3052 4533 3108 4578 et
3152 4526 3371 4589 robore,

1785 4636 1957 4690 usque
1984 4621 2051 4675 ad
2083 4634 2246 4690 quam
2277 4619 2554 4674 Christum
2583 4615 2897 4686 pervenisse
2923 4616 3300 4685 cognovimus.

1861 4732 1948 4786 l7.
1975 4729 2166 4802 (lbid.,
2193 4727 2450 4799 ante.)In
2470 4743 2788 4782 mensuram.
2813 4726 2888 4781 De
2916 4741 3167 4782 mensura
3198 4727 3376 4783 aetatis

209 4817 455 4916 12—1-3:
482 4817 606 4896 rw:-
631 4817 861 4830 -νν---η-
884 4817 957 4875 ...ἶ
989 4817 1141 4875 νηΐ...
1545 4879 1561 4898 ἱ
1639 4878 1654 4895 ἱ
1717 4838 1760 4901 C
1792 4822 2144 4894 plenitudinis
2173 4821 2394 4885 Christi,
2429 4829 2522 4873 aut
2568 4829 2787 4888 propter
2833 4817 2962 4871 illud
3015 4817 3379 4888 intelligamus

269 4899 282 4910 .
390 4880 504 4920 ira.
540 4865 786 4934 Imp/cret
815 4880 1016 4919 omnia.
1063 4866 1112 4917 td
1145 4875 1247 4920 est.
1285 4877 1476 4917 omnes
1499 4872 1686 4934 genus
2034 4929 2177 4934 ων
2219 4913 2269 4934 εί,
2297 4920 2374 4934 μ’,
2517 4911 2587 4934 ευ,
2622 4910 2776 4934 nn“,
2807 4909 2858 4934 ε*
2894 4910 3348 4934 Μηιεωι-,Λεη

158 4955 324 5006 cultura
371 4957 538 5015 divina
558 5000 596 5027 ,,
626 4958 712 5013 vel
767 4959 948 5014 omnia
1007 4973 1128 5028 quae
1180 4962 1244 5012 de
1297 4971 1363 5012 eo
1427 4956 1683 5027 praedicta

157 5046 298 5094 erant.

218 5129 287 5182 l3.
322 5135 542 5196 Aucusr.
565 5142 758 5212 (Epist.
781 5141 851 5196 59
879 5140 948 5194 ad
978 5137 1173 5193 Paulin
1205 5180 1220 5204 ,
1251 5147 1440 5206 quaest.
1469 5137 1526 5202 4,
1553 5147 1685 5190 ιοιιι.

164 5217 231 5293 11·)
258 5229 382 5288 Alios
414 5250 660 5306 pastores.
706 5239 961 5295 Pastores
990 5247 1046 5294 et
1081 5239 1350 5301 doctores,
1395 5250 1531 5305 quos
1569 5250 1688 5288 ma-

168 5311 280 5371 xime
306 5333 357 5376 ιιι
383 5327 804 5386 discerneremus
853 5329 1089 5394 voluisti,
1125 5328 1343 5382 eosdem
1389 5333 1518 5396 puto
1545 5339 1687 5392 esse,

169 5401 280 5490 sicin
305 5423 352 5466 et
379 5417 465 5473 tibi
495 5423 664 5476 visum
719 5432 823 5488 εει,
860 5431 918 5475 ιιι
947 5437 1053 5477 non
1096 5420 1230 5475 alios
1261 5427 1521 5490 pastores,
1557 5417 1693 5475 alios

172 5489 375 5556 doctores
439 5509 821 5580 intelligamus;
876 5513 968 5566 sed
1027 5511 1144 5565 ideo
1195 5525 1316 5564 cum
1377 5509 1694 5579 praedixisse

173 5593 392 5658 P‘JSlores,
417 5600 681 5671 subjttnxit
710 5612 762 5657 et
797 5605 1068 5668 doctores,
1094 5611 1153 5656 ut
1184 5599 1485 5672 intelligant
1513 5610 1698 5670 pasto-

177 5684 246 5727 res
269 5680 326 5733 ad
350 5684 563 5745 alliciam
595 5709 752 5750 suum
788 5693 1060 5763 pertinere
1087 5693 1410 5748 doctrinam.

235 5767 302 5823 Η.
339 5773 521 5834 Lassa.
563 5783 702 5836 Alios
749 5793 921 5837 autem
988 5792 1242 5852 pastores.
1319 5781 1544 5853 Propter
1594 5781 1698 5836 hoc

445 5873 704 5938 Ρηιιοι..
745 5871 867 5939 CL.

1791 4917 1997 4970 dictum
2025 4929 2180 4980 esse;
2219 4913 2270 4968 id
2292 4920 2397 4978 est,
2429 4921 2488 4965 ut
2517 4911 2588 4964 illi
2618 4910 2779 4980 capiti
2806 4909 2859 4964 in
2893 4910 3381 4980 populis-Christia-

1793 5008 1878 5064 nis
1911 5008 2265 5063 antecedente
2313 5006 2554 5060 omnium
2601 5002 2934 5074 perfectione
2987 5001 3376 5063 membrorum,

1793 5099 1970 5154 aetatis
1993 5099 2128 5169 .ejns
2149 5111 2404 5152 mensura
2423 5094 2803 5164 compleatur;
2837 5101 2932 5147 aut
2962 5092 3066 5146 hoc
3103 5090 3168 5143 de
3195 5103 3349 5142 resur
3375 5114 3384 5122 -

1799 5193 2039 5248 rectione
2071 5206 2361 5262 corporum
2384 5190 2589 5244 dictant
2619 5196 2722 5244 est.

1868 5307 1958 5363 l8.
2013 5303 2217 5360 LANFR.
2278 5305 2345 5359 In
2423 5321 2723 5359 mensuram
2801 5303 2972 5358 atatis
3041 5297 3383 5366 plenitudinis

1797 5397 2013 5462 Christi,
2047 5398 2098 5452 id
2131 5406 2231 5461 est,
2280 5398 2334 5451 in
2361 5406 2521 5452 :etate
2551 5414 2656 5466 qua
2706 5396 2958 5451 Christus
2985 5391 3382 5463 plenitudinem

1799 5504 2069 5542 annorum
2095 5497 2152 5544 et
2178 5489 2424 5559 corporis
2450 5488 2658 5542 habens
2701 5488 2756 5540 in
2786 5495 2933 5540 terra
2963 5485 3031 5540 de
3057 5483 3158 5538 hoc
3187 5481 3384 5539 seculo

1801 5579 2041 5634 transiit.

1872 5693 1960 5747 19.
1989 5694 2225 5748 Asianos.
2277 5689 2362 5745 Ex
2402 5707 2502 5761 quo
2550 5699 2734 5744 totum.
2774 5689 2850 5744 Ex
2893 5687 3108 5745 Christo
3133 5688 3286 5760 quasi
3317 5703 3384 5743 ex

1799 5783 1976 5840 capite
2004 5783 2287 5854 copulatur
2329 5797 2528 5850 corpus
2569 5782 2846 5844 Ecclesiae,
2894 5782 3189 5837 secundum
3242 5781 3385 5837 ouod

2851 5874 2924 5934 10
