3964 6290
549 352 653 407 299
1549 337 1609 390 Β.
1652 330 2049 389 ιΑΝιειιΑΝαι
2083 329 2153 384 CA

2277 326 2437 383 nan.
2481 322 2796 382 ARCIliEP.
3702 322 3793 383 ιω

548 475 850 518 connexum
881 473 977 528 per
1004 471 1221 512 onmem
1252 456 1565 526 juncturam
1596 452 1687 506 20.
1717 444 2260 509 subxninistrationis,
2291 444 2345 495 id
2371 452 2466 508 est,
2517 441 2865 495 accessionem
2915 434 3424 542 subministrantium
3455 451 3511 537 se
3551 434 3674 539 Deo.
3714 439 3791 493 2i.

549 572 843 615 secunoum
876 555 1248 625 operationem
1277 555 1330 607 in
1361 562 1672 605 mensuram
1723 542 2145 611 uniuscujusque
2174 538 2423 602 membri,
2474 537 2529 590 id
2560 545 2635 590 est
2666 534 2954 639 secundum
3003 534 3355 639 operationem
3408 534 3798 639 uniuscujusque

553 653 790 717 membri,
832 658 1185 722 augmentum
1214 646 1459 716 corporis
1491 643 1621 697 facit
1646 641 1735 694 22.
1762 640 1814 694 in
1847 636 2259 692 aediﬁcationem
2290 633 2373 687 sui
2406 632 2566 702 ipsius
2597 631 2686 734 25.
2720 631 2772 734 in
2806 628 3074 734 elzaritat‘e
3105 626 3298 734 Christi
3314 642 3427 734 non
3457 626 3669 734 meritis.

550 750 717 820 igitur
740 747 885 815 dico,
914 756 966 801 ct
1003 745 1266 801 tektilicor
1292 743 1344 796 in
1376 740 1625 801 Domino,
1654 735 1846 805 utjam
1886 740 2094 802 accepta
2123 730 2365 783 doctrina
2411 742 2517 780 non
2581 723 2870 778 ambuletis
2913 723 3054 776 sicut
3101 729 3154 775 et
3205 731 3391 790 gentes
3447 721 3713 820 ambulant
3752 724 3798 777 in

548 817 790 901 vanitate
821 858 1013 899 sensus
1040 841 1143 906 sui,
1177 838 1415 894 tenebris
1440 838 1790 891 obscuratum
1824 832 2084 886 habentes
2113 828 2469 892 intellectum,
2497 824 2713 879 alienati
2741 823 2831 877 2i.
2862 838 2892 876 a
2924 822 3035 875 vita
3065 820 3183 925 Dei,
3224 831 3443 883 veterna,
3473 817 3550 925 uel
3581 836 3614 923 ιι
3645 835 3799 872 resur-

555 943 781 998 rectione
808 940 900 993 illa
927 954 1043 1008 qua:
1079 935 1196 1004 [ieri
1223 941 1574 1003 exspectatur,
1624 944 1720 999 per
1768 926 2154 998 ignorantiam,
2198 938 2317 994 quae
2346 931 2427 977 est
2474 921 2526 1022 in
2573 920 2700 1022 illis,
2753 926 2971 1022 propter
3021 916 3317 1021 caecitatem
3350 914 3545 1022 "cordis
3581 914 3799 1022 ipsorum

555 1038 772 1094 cofendo
803 1033 963 1096 idola,
994 1031 1090 1101 qui
1111 1031 1490 1100 desperantes,
1517 1024 1837 1093 semetipsos
1861 1020 2197 1076 tradiderunt
2222 1016 2590 1088 impudicitiae,
2623 1014 2676 1068 in
2712 1012 3083 1119 Operationem
3124 1009 3478 1119 immunditize
3523 1010 3799 1119 Ott-1.1Il.S-,lﬂ

557 1133 840 1187 avaritiam
870 1125 1269 1197 inexplebiliter.
1306 1122 1413 1177 Vos
1451 1130 1630 1174 autem
1680 1135 1785 1172 non
1812 1118 1886 1172 ita
1919 1116 2187 1171 didicistis
2215 1113 2489 1169 Christum
2526 1110 2652 1166 velle
2681 1127 2768 1164 vos
2795 1113 2995 1179 lacere,
3020 1109 3063 1164 si
3096 1116 3271 1213 tamen
3294 1106 3453 1213 illum
3498 1106 3728 1174 audistis,
3744 1120 3802 1216 ἐι

555 1232 611 1284 in
640 1231 756 1298 ipso
786 1225 959 1280 edocti
994 1222 1143 1284 estis,
1179 1220 1318 1274 sicut
1350 1226 1433 1272 est
1460 1218 1661 1270 veritas
1688 1231 1789 1268 non
1817 1212 2106 1283 hypocrisis
2140 1211 2194 1263 in
2232 1208 2381 1274 Iesu,
2412 1207 2681 1276 deponere
2710 1221 2803 1261 vos
2830 1206 3125 1261 secundum
3155 1206 3438 1272 pristinam
3466 1206 3802 1259 conversatio-

546 1304 682 1381 nem
706 1331 942 1377 veterem
972 1317 1271 1380 hominem,
1302 1329 1529 1367 massam
1566 1312 1836 1374 vitiorum,
1865 1309 1969 1362 imo
1997 1306 2072 1360 ita
2100 1304 2357 1358 didicistis
2388 1301 2655 1357 Christum
2704 1300 2833 1354 velle
2875 1309 2931 1353 ut
2979 1299 3273 1369 deportatis,
3323 1300 3420 1369 qui
3461 1303 3805 1372 corrumpitur

555 1417 816 1489 peccando
856 1412 1152 1470 secundum
1176 1410 1443 1467 desideria
1485 1406 1707 1463 erroris.
1742 1404 1807 1458 Et
1830 1403 1956 1475 quia
1980 1418 2086 1456 non
2116 1399 2296 1471 suﬂ'icit
2328 1398 2584 1468 deponere
2611 1414 2642 1451 a
2676 1396 2816 1451 malo
2843 1436 2859 1463 ,
2890 1396 3108 1449 subdit:
3134 1394 3226 1449 25.
3254 1394 3609 1451 Renovamini
3643 1408 3801 1456 autem

552 1514 747 1584 spiritu
777 1511 975 1567 mentis
1003 1518 1223 1574 vestrae,
1249 1517 1304 1562 et
1330 1506 1537 1560 induite
1568 1518 1762 1558 novum
1791 1500 2087 1564 hominem,
2116 1513 2343 1552 massam
2366 1497 2642 1560 virtutum,
2664 1493 2753 1548 26.
2781 1493 2871 1562 qui
2911 1493 3203 1549 secundum
3236 1494 3403 1548 Deum
3430 1504 3645 1551 creatus
3663 1499 3801 1554 estin

536 1586 754 1679 iustitia
784 1618 839 1663 ct
866 1607 1155 1662 sanctitate
1186 1604 1446 1659 veritatis.
1477 1602 1703 1662 Propter
1727 1598 1894 1668 quod,
1928 1606 1982 1649 ut
2017 1610 2202 1649 novum
2230 1593 2493 1646 hominem
2517 1590 2773 1656 induatis,
2802 1590 3131 1658 deponentes
3157 1588 3525 1655 mendacium,
3544 1590 3802 1660 loquimini

553 1716 841 1761 veritatem
878 1703 1248 1773 unusquisque
1284 1715 1415 1755 cum
1438 1698 1687 1768 proximo
1723 1708 1845 1757 suo,
1868 1705 2127 1762 quoniam
2148 1703 2334 1743 sumus
2357 1686 2590 1741 invicem
2619 1684 2881 1740 membra.
2912 1682 2972 1739 Si
2995 1683 3075 1737 vel
3102 1684 3165 1737 de
3188 1686 3471 1755 pm’let'itis
3500 1685 3803 1757 irascimini,

532 1765 611 1858 ⁴ει
636 1803 799 1859 nolite
829 1800 897 1855 ad
929 1765 1102 1854 actu-m
1128 1765 1339 1859 ducere,
1371 1765 1453 1847 vel
1500 1792 1741 1859 deinceps
1772 1802 2023 1859 peccare.
2055 1785 2147 1839 27.
2178 1782 2290 1848 Sol,
2321 1780 2398 1836 vel
2440 1781 2703 1846 Christus,
2730 1777 2824 1833 28.
2856 1794 2963 1833 non
2990 1778 3205 1834 occidat
3232 1780 3373 1834 vobis
3404 1796 3568 1851 super
3613 1784 3805 1840 iracun-

557 1904 701 1956 diam
727 1910 984 1957 vestram.
1018 1896 1194 1952 Nolite
1216 1897 1391 1950 Iocum
1423 1894 1555 1949 dare
1589 1888 1801 1945 diabolo
1825 1887 2054 1959 (exponit
2084 1883 2367 1957 quomodo)
2397 1872 2419 1949 ;’
2444 1882 2538 1952 qui
2565 1880 2869 1945 iurabatur,
2900 1879 3006 1950 iam
3032 1896 3137 1934 non
3168 1879 3402 1945 foretur,
3433 1881 3602 1951 magis
3647 1891 3805 1938 autem

555 1996 787 2061 laboret,
815 1992 1089 2064 operando
1118 1990 1367 2046 manibus
1394 1988 1507 2043 suis
1533 1984 1675 2056 quod
1701 1986 1905 2040 bonum
1950 1993 2057 2048 est,
2086 1991 2143 2035 ut
2169 1980 2363 2036 habeat
2395 1980 2538 2034 unde
2580 1978 2782 2033 tribuat
2811 1976 2936 2050 (non
2979 1977 3119 2032 unde
3161 1978 3398 2049 inebriet)
3446 1980 3807 2037 necessitatem

556 2092 803 2166 patienti.
834 2090 1021 2147 Omnis
1045 2103 1224 2143 sermo
1251 2085 1425 2141 malus
1448 2099 1515 2139 ex
1547 2098 1642 2139 ore
1676 2089 1857 2138 vestro
1891 2096 1995 2135 non
2025 2079 2296 2151 procedat,
2348 2077 2525 2133 nullus
2551 2092 2720 2131 sermo
2750 2075 2919 2130 malus
2961 2076 3233 2145 procedat,
3269 2077 3364 2132 sed
3405 2076 3453 2131 si
3500 2078 3631 2147 quis
3662 2095 3810 2135 sermo

530 2178 731 2244 bonus
762 2199 855 2253 est,
889 2185 1051 2257 148
1076 2181 1150 2237 vel
1181 2183 1276 2249 sit,
1308 2179 1374 2234 ad
1402 2178 1815 2234 mdilicationem
1843 2175 1982 2238 lidei,
2018 2174 2106 2228 ille
2132 2173 2404 2245 procedat,
2440 2175 2512 2227 ita
2559 2180 2617 2226 ut
2666 2171 2758 2227 det
2804 2175 3061 2243 gratiam,
3106 2181 3288 2241 gratus
3333 2172 3423 2238 sit,
3470 2174 3808 2233 audientibus.

559 2281 649 2336 29.
678 2280 745 2334 Et
770 2279 936 2334 nolite
959 2276 1285 2331 contristare
1312 2273 1401 2328 50.
1437 2272 1701 2343 Spiritum
1736 2279 1984 2326 sanctum
2009 2269 2128 2337 Dei,
2159 2269 2237 2323 vel
2264 2269 2382 2323 illos
2407 2270 2497 2339 qui
2518 2268 2729 2334 habent,
2755 2285 2808 2323 ιιι
2848 2283 2955 2339 quo
2983 2270 3181 2340 srgnati
3216 2271 3349 2327 estis
3380 2272 3436 2327 in
3465 2273 3553 2329 51.
3581 2275 3717 2329 diem
3742 2292 3809 2332 re-

530 2364 904 2448 demptionis,
936 2373 1180 2440 baptismi
1207 2373 1263 2426 in
1291 2378 1491 2441 partem
1522 2369 1640 2435 Dei,
1668 2368 1723 2422 id
1754 2378 1854 2435 est,
1890 2366 2104 2421 discreti
2130 2367 2194 2420 ab
2225 2364 2553 2434 inﬁdelitate.
2582 2363 2772 2420 Omnis
2812 2364 3138 2431 amaritudo,
3183 2374 3240 2421 et
3269 2366 3377 2436 ira,
3418 2380 3474 2423 et
3516 2368 3813 2442 indignatio,

559 2486 612 2533 et
636 2477 841 2533 clamor
866 2476 926 2530 in
952 2473 1223 2541 Deum,et
1250 2470 1587 2542 blasphemia
1616 2469 1834 2525 tollatur
1863 2484 1893 2523 a
1917 2467 2070 2523 vobis
2089 2482 2222 2522 cum
2242 2465 2389 2520 omni
2418 2464 2644 2520 malitia.
2684 2463 2868 2520 Estote
2896 2474 3077 2520 autem
3122 2463 3357 2522 invicem
3395 2463 3643 2538 benigni,
3671 2467 3813 2525 mise-

1910 2606 2478 2667 COMMENTARIUS.

561 2738 616 2791 in
668 2743 990 2803 unoquoque
1049 2738 1335 2796 nostrum,
1387 2726 1684 2799 spiritualis
1741 2723 1972 2782 eﬂicitur
2024 2739 2147 2795 opc-
2180 2730 2405 2801 Aserat
2430 2721 2521 2775 lux
2541 2719 3085 2777 illa.invisibilis.Sed
3105 2721 3264 2777 aliter
3285 2722 3483 2780 melius
3503 2720 3813 2796 intelligitur,

562 2828 722 2882 ratio.

631 2915 722 2967 20.
760 2912 962 2967 Lsarn.
1008 2908 1541 2965 Snbministrationis.
1578 2905 2021 2961 Subministratia
2044 2905 2148 2959 ali-

538 3002 539 3005 “
565 3003 721 3073 cujus
746 3001 1053 3073 peccatoris
1088 3000 1156 3054 ad
1181 3000 1349 3053 Deum
1378 2996 1682 3062 conversio,
1714 2996 1807 3065 qui
1844 2995 1920 3049 ita
1963 2994 2151 3050 Eccle-

566 3098 660 3151 siae
689 3095 967 3164 capulatur
995 3101 1051 3146 ut
1088 3091 1389 3146 membrum
1421 3089 1655 3157 corpori.

641 3186 728 3241 2l.
779 3184 1076 3239 Secundum
1117 3182 1495 3252 Operationem.
1546 3179 1854 3234 Secundum
1903 3179 1956 3234 id
2006 3178 2151 3249 quod

564 3289 822 3349 operatur
872 3291 1123 3347 magnum
1171 3275 1261 3347 [[.,
1298 3272 1496 3344 unum}
1534 3273 1861 3339 membrum,
1899 3273 2004 3327 erit
2054 3287 2143 3326 au-

565 3380 841 3441 gmentum
870 3367 1133 3437 corporis.

636 3462 727 3515 22.
756 3463 994 3515 Asianos.
1028 3458 1095 3513 In
1122 3457 1524 3525 wdiﬁcationem
1547 3456 1651 3510 sui.
1681 3455 1833 3522 Quod
1861 3456 1994 3511 dicit
2019 3455 2155 3528 (sui)

566 3556 635 3611 de
670 3553 889 3608 Christo
934 3552 1087 3617 dicit,
1114 3562 1172 3604 ut
1202 3550 1391 3605 dicat:
1431 3548 1695 3614 Quoniam
1734 3546 1984 3602 Christus
2025 3547 2155 3603 facit

565 3646 773 3717 proprii
828 3644 1074 3715 corporis
1120 3642 1448 3706 aedilicium,
1499 3641 1569 3695 ob
1624 3640 1769 3694 illam
1827 3641 2151 3695 charitatem

524 3781 528 3787 .
566 3754 731 3807 quam
759 3752 883 3809 erga
914 3751 1010 3791 nos
1036 3733 1235 3789 habere
1266 3734 1476 3787 videtur

640 3831 732 3886 25.
763 3828 964 3883 Lupa.
1014 3827 1086 3881 In
1130 3827 1403 3880 charitate.
1450 3824 1685 3894 Exponit
1730 3824 1947 3878 modum
1994 3824 2155 3894 huius

568 3918 984 3982 azditicationis‘;
1014 3915 1157 3987 quod
1202 3932 1306 3970 non
1358 3914 1420 3969 ﬁt
1455 3914 1559 3969 nisi
1611 3913 1726 3969 sola
1773 3914 2063 3969 cbaritate.
2095 3915 2152 3970 Si

569 4010 787 4082 operari
821 4009 1027 4074 renuit,
1050 4006 1352 4062 membrum
1390 4021 1498 4061 non
1526 4014 1633 4061 est.

2254 2813 2384 2883 quia
2415 2823 2601 2868 noster
2629 2813 2707 2869 sol
2731 2813 2954 2883 jnstitia:
2984 2824 3038 2870 et
3065 2816 3310 2871 veritatis
3337 2816 3588 2874 Christus
3616 2828 3712 2885 est,
3737 2835 3815 2874 cu-

2246 2905 2337 2975 jus
2367 2906 2594 2961 veritate
2621 2906 2800 2961 anima
2831 2907 3067 2963 humana
3098 2908 3419 2965 illustratur.

2322 2996 2412 3050 28.
2449 2996 2691 3052 Aecus'r.
2730 2998 2909 3069 (serm.
2949 3003 3014 3054 de
3037 3001 3237 3070 psalmo
3263 3017 3318 3056 xl
3349 3004 3495 3059 intra
3540 3004 3813 3076 fragmenta

2252 3088 2344 3151 24)
2378 3087 2500 3143 Non
2530 3091 2750 3144 occidat.
2785 3092 2879 3146 Est
2907 3107 3036 3163 ergo
3083 3109 3274 3149 verum
3305 3095 3486 3151 lumen
3510 3095 3715 3165 justitia
3741 3107 3814 3152 at-

2255 3194 2362 3259 que
2388 3181 2651 3249 sapientia
2680 3184 2824 3251 quod
2846 3183 3043 3237 desinit
3070 3200 3221 3240 mens
3244 3185 3452 3251 videre,
3480 3178 3600 3243 eum
3631 3200 3815 3259 pertur-

2253 3244 2471 3325 btitione
2504 3244 2799 3325 iracundia:
2832 3271 2995 3326 fuerit
3025 3283 3279 3344 tanquam
3316 3277 3503 3334 nubilo
3537 3244 3813 3350 superata;

2254 3369 2308 3415 et
2337 3369 2447 3414 tum
2475 3363 2629 3433 quasi
2662 3364 2877 3419 occidat
2924 3365 3003 3420 sol
3041 3365 3161 3439 [al.,
3220 3377 3277 3424 et
3318 3380 3445 3427 tunc
3488 3374 3687 3429 occidit
3725 3374 3814 3446 sol]

2255 3470 2419 3526 super
2454 3456 2790 3512 iracundiam
2827 3459 3081 3516 hominis.

2326 3546 2564 3601 Aunnos.
2597 3545 2664 3602 Ut
2694 3549 2779 3603 det
2800 3553 3048 3620 gratiam,
3080 3553 3134 3609 id
3164 3564 3268 3623 est,
3295 3556 3349 3612 in
3374 3574 3484 3629 quo
3514 3560 3678 3618 laetari
3706 3577 3815 3619 con-

2253 3639 2438 3693 veniat
2468 3655 2561 3695 eos
2587 3642 2679 3711 qui
2708 3643 2954 3698 audiunt.

2324 3727 2414 3782 29.
2450 3729 2689 3785 Accusa.
2723 3732 2841 3803 (lib.
2874 3748 2928 3787 tv
2970 3735 3050 3789 De
3085 3735 3272 3793 Cenes.
3328 3741 3400 3794 ad
3451 3742 3531 3797 lit.
3559 3784 3575 3810 ,
3617 3760 3728 3816 cap.
3767 3745 3813 3815 9)

2258 3816 2441 3872 Nolite
2465 3822 2796 3879 contristare.
2829 3823 3017 3896 Neque
3045 3828 3188 3882 enim
3223 3831 3338 3900 ipsa
3370 3832 3607 3901 Spiritus
3638 3837 3816 3901 sancti,

2257 3925 2363 3980 qua
2398 3921 2483 3967 εει
2505 3914 2767 3983 quidquid
2796 3916 2909 3987 ipse
2935 3930 3037 3984 est,
3069 3921 3375 3979 substantia
3409 3928 3712 3984 contristari
3735 3944 3813 3999 po-

2260 4011 2388 4067 test,
2437 4020 2557 4059 cum
2606 4007 2803 4063 habeat
2849 4020 3104 4067 aeternam
3138 4024 3303 4085 atque
3342 4021 3811 4076 incommutabilem

639 4101 733 4154 24.
758 4099 996 4153 Animos.
1027 4098 1071 4151 Α
1102 4098 1203 4152 rita
1227 4098 1349 4163 Dei,
1384 4098 1435 4153 id
1464 4106 1546 4152 est
1573 4112 1603 4150 a
1635 4097 2032 4153 resurrectione
2062 4097 2153 4154 illa
2183 4086 2230 4147 Β
2259 4094 2670 4164 beatitudinem,
2694 4102 2973 4173 magisque
2996 4105 3067 4159 sit
3092 4107 3203 4175 ipsa
3231 4116 3433 4164 mterua
3459 4122 3514 4166 et
3542 4112 3813 4168 incommu-

571 4206 691 4261 qua:
727 4191 842 4244 lieri
867 4198 1226 4259 exspectatur.

640 4282 729 4336 25.
761 4284 1001 4336 Auens'r.
1037 4280 1153 4350 (lib.
1192 4296 1279 4336 ειν
1321 4280 1399 4334 De
1430 4278 1575 4332 Trin.
1609 4294 1727 4349 cap.
1759 4281 1841 4344 I6,
1888 4290 2013 4336 tom.
2045 4280 2154 4351 111.)

571 4374 934 4429 Renovamini.
955 4372 1104 4439 Quod
1131 4382 1309 4426 autem
1334 4372 1410 4425 ait
1438 4388 1451 4424 :
1484 4370 1687 4441 Spiritu
1709 4372 1905 4428 mentis
1932 4383 2153 4440 nostrai,

572 4481 680 4520 non
711 4465 782 4519 ibi
815 4464 947 4519 duas
977 4478 1064 4519 res
1102 4463 1403 4533 intelligere
1450 4462 1639 4527 voluit,
1686 4464 1838 4534 quasi
1887 4464 2034 4520 aliud
2083 4466 2157 4521 sit

572 4570 751 4620 mens,
777 4554 920 4610 aliud
950 4556 1173 4626 spiritus
1198 4555 1418 4610 mentis.

643 4642 731 4697 26.
762 4644 1005 4701 Ancusr.
1057 4644 1173 4715 (lib.
1208 4660 1268 4699 ιιι
1302 4644 1377 4699 De
1415 4644 1601 4699 Cenes.
1647 4645 1719 4699 ad
1758 4646 1818 4701 lit
1847 4686 1863 4714 ,
1894 4661 2015 4716 cap.
2062 4646 2154 4714 20,

573 4742 705 4789 tem.
735 4734 845 4806 111.)
879 4734 984 4801 Qui
1008 4736 1293 4791 secundant
1323 4735 1513 4790 Deum.
1543 4736 1697 4791 Sicut
1738 4738 1881 4793 enim
1913 4748 2036 4808 post
2078 4738 2159 4792 Ia-

572 4839 727 4896 psum
756 4829 988 4896 peccati,
1019 4828 1180 4883 homo
1230 4829 1283 4883 in
1331 4828 1662 4899 agnitionem
1718 4828 1813 4883 Dei
1864 4839 2157 4884 renovatur

573 4918 874 4972 secundum
902 4918 1188 4989 imaginem
1222 4918 1340 4987 ejus
1390 4919 1483 4989 qui
1529 4920 1733 4973 creavit
1778 4934 1925 4984 eum,
1977 4920 2051 4973 ita
2100 4919 2156 4973 in

573 5007 687 5075 ipsa
719 5008 996 5078 agnitione
1028 5017 1246 5063 creatus
1269 5021 1354 5064 est
1390 5020 1677 5079 antequam
1723 5010 1919 5064 delicto
1951 5018 2150 5065 vetera-

574 5108 791 5164 sceret;
833 5100 974 5154 unde
1025 5114 1213 5154 rursus
1252 5100 1305 5154 in
1356 5101 1604 5155 eamdem
1655 5102 1981 5172 agnitionem
2034 5101 2154 5173 [al.,

575 5190 628 5243 in
657 5191 846 5246 eadem
877 5191 1209 5263 cognitione}
1233 5202 1588 5248 renovaretur

644 5280 734 5334 27.
764 5282 1006 5336 Accusr.
1040 5282 1260 5351 (Enarr.
1296 5285 1349 5337 in
1373 5284 1509 5353 psal.
1550 5300 1676 5351 xxv,
1709 5296 1840 5341 tom.
1870 5286 2027 5358 VIII.)
2061 5287 2156 5343 Sol

576 5388 681 5427 non
709 5373 931 5425 occidat.
963 5373 1283 5442 Intelligitur
1310 5376 1439 5444 quid
1468 5384 1574 5441 est,
1613 5386 1667 5431 et
1693 5379 1986 5433 secundum
2021 5387 2154 5433 tem-

2265 4188 2441 4242 tabilis
2458 4188 2757 4247 beatitudo.
2791 4192 2896 4247 Sed
2924 4196 3049 4264 quia
3079 4196 3132 4252 in
3164 4200 3369 4256 sanctis
3395 4200 3525 4273 [al.,
3558 4203 3656 4277 ita}
3681 4203 3815 4260 habi-

2261 4285 2357 4342 tat,
2390 4288 2445 4332 nt
2471 4294 2564 4333 eos
2587 4279 2807 4351 impleat
2830 4284 3114 4353 charitate,
3145 4289 3271 4360 quia
3304 4290 3425 4363 [al.,
3460 4294 3589 4367 qua]
3620 4309 3817 4351 necesse

2257 4379 2344 4425 est
2376 4381 2435 4425 ut
2460 4371 2706 4429 homines
2728 4389 2797 4430 ex
2843 4386 3085 4449 tempore
3130 4383 3401 4453 gaudeant
3439 4387 3679 4457 profectu
3705 4388 3815 4444 lide-

2255 4461 2386 4515 lium
2418 4471 2473 4517 et
2497 4462 2654 4521 bonis
2682 4468 2937 4536 operibus
2962 4510 2976 4534 ,
3028 4482 3083 4526 et
3114 4474 3240 4530 ideo
3286 4492 3511 4534 necesse
3555 4490 3636 4535 est
3674 4480 3813 4535 etiam

2257 4555 2647 4611 contristentur
2675 4557 2911 4628 lapsibus
2938 4566 3025 4618 vet
3039 4567 3278 4634 peceatis
3306 4583 3494 4624 eorum
3519 4571 3582 4626 de
3607 4585 3810 4642 quorum

2256 4643 2364 4701 ﬁde
2390 4656 2445 4701 et
2472 4650 2670 4718 pietate
2700 4654 3029 4723 gaudebant.

2327 4737 2422 4792 50.
2448 4741 2624 4810 (ibid.)
2658 4740 2915 4812 Spiritum
2952 4758 3195 4804 sanctum
3225 4751 3342 4807 Dei.
3375 4753 3495 4825 Ipse
3520 4757 3729 4827 spiritus
3752 4754 3815 4810 di-

2258 4828 2400 4883 citur
2428 4832 2745 4903 contristari
2767 4838 2835 4891 ab
2864 4839 2948 4894 eis
2971 4841 3059 4909 qui
3090 4841 3166 4897 sic
3190 4855 3356 4914 agunt
3383 4857 3441 4901 ιιι
3470 4864 3657 4905 eorum
3674 4848 3815 4903 lactis

2257 4922 2646 4979 contristentur
2674 4932 2869 4997 sancti,
2897 4946 3003 4986 non
3031 4935 3104 4989 ob
3129 4935 3272 4991 aliud
3302 4939 3407 4997 nisi
3428 4942 3552 5010 quia
3579 4942 3810 5011 Spiritum

2256 5025 2502 5071 sanctum
2549 5019 2784 5087 habent;
2831 5040 2937 5092 quo
2981 5025 3123 5081 dono
3177 5037 3283 5083 tam
3323 5030 3448 5086 boni
3482 5042 3605 5088 sunt
3633 5042 3688 5086 ut
3731 5046 3812 5086 eos

2256 5106 2383 5161 mali
2412 5109 2790 5167 molestiticent
2823 5113 2942 5185 [al.,
2972 5119 3363 5193 mcestiﬁcent].

2326 5198 2421 5252 5t.
2450 5199 2649 5254 Lmen.
2680 5201 2829 5256 Diem
2859 5208 3244 5277 redemptionis.
3278 5211 3426 5266 Diem
3454 5210 3813 5281 redemptionis

2257 5290 2399 5345 diem
2439 5301 2596 5346 vocat
2620 5292 2987 5363 baptismatis,
3014 5298 3065 5350 in
3095 5314 3202 5368 quo
3233 5300 3467 5369 Spiritus
3492 5312 3700 5358 sanctus
3724 5301 3812 5355 title

2257 5391 2313 5436 et
2343 5384 2716 5449 sacramentis,
2742 5394 2795 5439 et
2816 5389 3005 5457 gratiis
3032 5391 3401 5459 Spiritualibus
3429 5395 3604 5465 signat
3628 5391 3810 5456 ﬁdeles.

574 5480 695 5534 pus.
735 5464 897 5531 Quasi
928 5480 996 5519 ex
1023 5465 1135 5534 ipsa
1174 5467 1478 5521 conditione
1513 5478 1569 5521 et
1600 5467 1912 5524 inﬁrmitate
1954 5481 2152 5525 morta-
2180 5444 2223 5505 Ο
2259 5471 2311 5526 id
2347 5480 2432 5527 est
2460 5473 2527 5527 ab
2554 5444 2867 5530 inﬁdelitate
2893 5444 3152 5534 secernit.

576 5559 765 5625 litatis,
804 5575 962 5629 quam
1012 5567 1306 5630 portamus,
1336 5561 1577 5631 subrepit
1604 5562 1681 5616 ira
1707 5562 2015 5621 Christiano
2045 5579 2151 5619 non

576 5654 735 5708 debet
782 5653 872 5708 diu
922 5654 1090 5709 teneri
1129 5662 1184 5709 et
1219 5653 1332 5709 ﬁeri
1380 5655 1672 5723 pridiana;
1713 5654 1848 5724 ejice
1892 5654 2037 5710 illam
2087 5657 2153 5713 de

578 5748 739 5803 corde
767 5760 1055 5820 antequam
1086 5750 1296 5806 occidat
1331 5750 1418 5805 lux
1452 5752 1552 5806 ista
1600 5750 1844 5816 visibilis,
1880 5765 1946 5805 ne
1976 5760 2027 5805 te
2057 5749 2151 5805 ἀει

2330 5564 2573 5618 Aucnsr.
2615 5564 2699 5635 (ea:
2726 5564 2817 5619 lib.
2859 5565 3054 5623 Contra
3099 5575 3296 5639 mend.,
3345 5574 3515 5642 c.19,
3569 5582 3688 5630 tom.
3732 5568 3809 5639 IV)

2257 5654 2614 5725 Btasphemia.
2647 5657 2983 5731 Blasphemia
3029 5671 3113 5718 est
3140 5678 3237 5733 per
3266 5678 3427 5736 quam
3460 5665 3528 5721 de
3572 5666 3680 5737 ipso
3715 5662 3810 5716 Deo

2256 5746 2390 5803 falsa
2422 5746 2693 5803 dicuntur.
