3880 6306
110 372 194 427 501
784 360 849 415 ιχ
894 360 954 416 D.
1000 360 1205 417 PAULI
1241 359 1461 416 EPIST.
1505 357 1865 414 COMMENT.
1898 389 1965 398 -—
1999 357 2230 415 EPlST.
2266 362 2359 416 AD
2396 361 2632 419 EPllES.
3240 364 3348 421 50.!

116 481 342 545 ricnrdes,
369 477 796 532 eommunicmtdo
830 486 1040 542 vestrm,
1071 476 1335 530 donantes
1380 474 1632 539 invicem,
1662 474 2006 529 condonanda
2038 476 2335 531 commissa.
2368 475 2459 532 52.
2498 478 2637 533 sicut
2666 489 2716 533 et
2746 478 2891 534 Deus
2922 479 2976 533 in
3026 480 3266 550 Christo,
3288 499 3347 536 tn

111 582 201 648 ﬁde
219 576 423 631 donavit
453 573 626 629 nobis.

1546 636 1773 695 CAPUT
1816 638 1877 695 V.

178 782 348 837 Estote
368 795 519 848 ergo,
554 788 750 848 autem,
795 778 1095 833 imitatores
1140 774 1261 839 Dei,
1291 776 1433 832 sicut
1478 776 1571 831 lilii
1604 776 1931 842 charissimi,
1964 776 2314 832 etambulatc
2358 775 2415 830 in
2460 776 2769 845 dilectione,
2823 779 2962 835 sicut
3014 794 3067 839 et
3103 784 3349 844 Christus

112 877 275 934 dilexit
301 890 414 940 nos,
443 883 498 930 et
525 873 744 927 tradidit
776 872 1123 943 semetipsum
1158 886 1258 941 pro
1282 872 1438 927 nobis
1459 872 1811 938 oblationem,
1842 882 1896 928 et
1927 873 2157 927 hostium
2190 873 2301 927 Deo
2327 873 2380 927 in
2416 874 2636 929 odorem
2668 878 2952 934 suavitatis
2972 924 2984 945 ,
3020 892 3073 935 ut
3112 901 3231 937 eum
3258 888 3349 939 de-

112 973 299 1027 lectetis.
328 970 635 1025 Fornicatio
659 976 839 1025 autem
859 976 915 1023 et
937 968 1116 1023 omnis
1138 966 1509 1033 immunditia,
1532 978 1625 1022 aut
1648 969 1876 1023 avaritia
1901 983 2003 1023 nec
2024 968 2334 1025 nominetur
2357 968 2409 1022 in
2435 969 2607 1035 vobis,
2633 972 2821 1025 nedum
2841 989 3184 1046 perpe:retur,
3207 984 3352 1039 sicut

111 1072 245 1126 decet
266 1077 496 1134 sanctos,
531 1076 623 1122 aut
653 1065 930 1137 turpitudo
960 1065 1254 1130 verborum,
1284 1073 1379 1118 aut
1406 1064 1799 1136 stultiloquium
1845 1066 1899 1119 in
1943 1064 2129 1130 Deum,
2164 1073 2259 1118 aut
2302 1065 2627 1131 scurrilitas,
2650 1067 2974 1135 joculatoria
3021 1078 3194 1145 verba,
3228 1097 3350 1151 qua:

115 1168 170 1222 ad
192 1183 313 1230 rem,
340 1165 641 1233 utilitatem,
665 1180 772 1219 non
801 1162 1056 1235 pertinet,
1084 1162 1177 1217 sed
1213 1162 1386 1234 magis
1415 1163 1716 1234 gratiarum
1746 1163 1909 1230 actio,
1942 1165 2008 1218 sit
2047 1164 2102 1218 in
2132 1164 2292 1218 vobis.
2326 1163 2517 1218 Reddit
2547 1182 2763 1220 causam
2800 1185 2895 1221 cur
2945 1188 3047 1228 non
3091 1177 3193 1231 sint
3230 1196 3349 1248 per-

115 1263 351 1334 petranda.
379 1261 490 1316 Hoc
509 1262 655 1315 enim
683 1260 875 1317 scitote
891 1257 1267 1329 intelligentes,
1296 1260 1438 1329 qqu
1459 1260 1635 1314 omnis
1654 1257 1968 1324 fornicator,
1992 1268 2081 1313 aut
2105 1258 2437 1325 immundus,
2470 1268 2561 1313 ant
2582 1275 2795 1327 avarus,
2823 1266 2874 1318 t.
2904 1264 3046 1330 quod
3069 1275 3154 1321 est
3175 1266 3344 1325 idolo-

118 1374 214 1411 rum
240 1357 483 1421 servitus,
517 1371 623 1410 nou
648 1354 812 1409 habet
836 1351 1206 1408 hrrreditatem
1233 1351 1301 1422 _in
1329 1366 1494 1422 regno
1520 1350 1746 1420 Christi,
1776 1360 1831 1407 et
1877 1350 1992 1407 Dei.
2019 1352 2074 1406 2.
2110 1351 2279 1408 Nemo
2314 1367 2411 1407 nos
2457 1352 2678 1408 seducat
2722 1362 3040 1425 persuadens
3087 1360 3227 1413 vobis
3256 1377 3352 1430 per

114 1457 215 1520 ἡκ,
243 1471 446 1523 regnum
475 1453 573 1508 Dei
597 1468 701 1506 non
730 1450 921 1515 amitti,
954 1448 1206 1507 inanibus
1245 1449 1464 1516 verbis;
1498 1459 1723 1520 propter
1763 1449 1879 1504 haec
1923 1448 2088 1514 enim,
2124 1465 2245 1503 nam
2297 1465 2411 1503 vere
2451 1463 2663 1520 propter
2697 1451 3021 1520 supradicta,
3071 1453 3221 1507 venit
3271 1454 3352 1507 ira

118 1550 190 1602 ilci
218 1550 264 1602 iu
295 1548 426 1603 filios
468 1548 780 1606 diuidendae
809 1549 1097 1620 difﬁdentes
1142 1550 1205 1604 de
1245 1550 1378 1604 Deo.
1417 1548 1555 1614 Quia
1585 1555 1794 1618 prapter
1812 1547 1909 1600 hoc
1935 1547 2069 1601 venit
2093 1548 2175 1600 ira
2208 1545 2321 1601 Dei.
2343 1545 2515 1601 Nolite
2538 1561 2667 1617 ergo
2684 1546 2820 1603 ellici
2846 1547 3135 1621 participes
3164 1565 3353 1604 eorum

114 1641 267 1698 Eratis
289 1643 426 1697 enim
458 1642 753 1714 aliquando
775 1645 1032 1708 teuebrm,
1050 1660 1200 1699 nunc
1220 1653 1400 1698 autem
1421 1642 1589 1715 149
1612 1643 1701 1697 lux
1731 1642 1787 1697 in
1814 1642 2061 1697 Domino.
2097 1640 2233 1713 Ergo
2256 1643 2379 1713 quia
2400 1642 2494 1696 lux
2513 1643 2655 1709 estis,
2682 1654 2739 1697 ut
2762 1644 2857 1699 lilii
2884 1644 3020 1701 lucis
3046 1646 3347 1710 ambulate;

118 1757 201 1794 ccc.
232 1742 474 1811 quomodo
511 1742 696 1795 debent
748 1741 1041 1809 ambulare,
1075 1741 1270 1797 scilicet
1305 1742 1360 1795 in
1399 1743 1540 1795 omni
1582 1740 1812 1794 bonitate
1838 1781 1853 1806 ,
1901 1740 1957 1793 id
1999 1749 2074 1794 est
2104 1781 2119 1806 ,
2152 1755 2285 1794 vere.
2321 1740 2377 1795 ’5.
2407 1739 2639 1795 Fructus
2664 1741 2839 1808 enim,
2873 1752 3069 1809 autem,
3098 1743 3236 1799 lueis
3270 1759 3356 1800 est

118 1836 162 1890 iu
190 1837 316 1891 omni
341 1838 611 1901 bonitate,
641 1844 698 1889 et
725 1834 983 1905 justitia,
1032 1845 1087 1892 et
1136 1836 1370 1892 veritate
1394 1877 1410 1902 ,
1453 1834 1749 1906 probantes
1778 1876 1792 1901 ,
1827 1836 2168 1906 experientes,
2205 1836 2334 1905 quid
2393 1836 2465 1891 sit
2502 1836 2900 1906 beneplacitum
2928 1838 3077 1904 Deo;
3110 1848 3165 1895 et
3188 1842 3355 1897 nolite
3430 1912 3431 1915 η

114 1932 478 1988 communicare
507 1932 768 2002 operibus
800 1931 1156 1989 infructuosis
1206 1932 1576 1997 tenebrarum,
1629 1931 2047 1995 tenebrosorum,
2076 1931 2249 2002 magis
2284 1940 2469 1986 autem
2516 1933 2825 2004 redargnile
2855 1934 2949 1988 illa
2990 1952 3166 2006 opera.
3216 1938 3354 2005 Quae

114 2025 234 2080 enim
258 2026 307 2081 iu
335 2027 513 2083 occlto
546 2027 685 2083 ﬁunt
716 2028 786 2083 ab
838 2028 992 2099 ipsis,
1033 2040 1193 2099 turpe
1218 2037 1303 2085 est
1330 2037 1388 2084 et
1406 2028 1606 2084 dicere.
1645 2027 1994 2099 Redarguite,
2035 2028 2088 2093 4,
2118 2029 2171 2083 5.
2219 2027 2413 2084 Omnia
2443 2036 2645 2095 autem,
2701 2030 2870 2096 enim,
2904 2030 3099 2086 scilicet
3136 2046 3353 2102 peccata

116 2123 571 2188 pradatinatorum
601 2125 671 2179 ad
710 2126 904 2191 citam,
944 2141 1067 2197 qua:
1104 2136 1404 2197 arguuntur
1426 2165 1441 2192 ,
1472 2141 1501 2179 a
1534 2125 1759 2191 lumine,
1800 2142 1832 2179 a
1882 2125 2146 2195 spirituali
2181 2124 2423 2191 homine,
2463 2126 2885 2182 manifestantur
2918 2129 3261 2198 confessione.
3295 2131 3351 2186 6.

120 2213 260 2271 Omne
294 2217 422 2272 enim
460 2220 611 2289 quod
648 2220 1081 2285 mauisfcstatur,
1134 2220 1491 2291 confessione,
1521 2220 1702 2275 lumen
1729 2230 1851 2287 est,
1884 2222 1938 2273 id
1969 2232 2044 2275 est
2074 2261 2089 2286 ,
2135 2220 2313 2275 lumen
2349 2221 2498 2290 facit,
2526 2224 2617 2292 qui
2671 2223 3000 2291 manifestat.
3054 2224 3255 2280 Probat
3286 2230 3353 2282 ab

120 2313 419 2379 auctoritate;
470 2327 701 2387 propter
737 2318 881 2387 quod
920 2317 1052 2373 dicit
1085 2334 1097 2370 :
1128 2317 1182 2382 7,
1213 2319 1264 2373 8.
1306 2316 1481 2387 Surge
1531 2317 1622 2387 qui
1682 2316 1888 2371 dormis
1943 2317 1999 2369 in
2038 2317 2197 2379 vitiis,
2245 2325 2300 2371 et
2331 2332 2565 2386 exsurge
2598 2318 2894 2381 conﬁtendo
2926 2331 3139 2387 peccata
3171 2332 3263 2375 tua
3323 2338 3355 2377 a

120 2407 329 2472 mortuis,
344 2412 602 2478 peccatis,
636 2421 690 2468 et
718 2413 1039 2468 illuminabit
1072 2422 1123 2468 te
1157 2412 1424 2468 Christus.
1466 2411 1601 2466 Ecce
1645 2410 1785 2482 quod
1836 2410 2009 2465 lumen
2048 2420 2142 2465 est.
2174 2410 2363 2466 Videte
2401 2412 2616 2481 itaque,
2659 2411 2874 2481 fratres,
2919 2416 3043 2486 quia
3089 2417 3190 2485 ﬁlii
3219 2417 3356 2472 lucis

122 2508 236 2571 estis,
260 2511 518 2578 quomodo
562 2518 727 2565 caute
750 2510 1037 2566 ambuletis
1065 2525 1171 2565 non
1201 2510 1357 2580 quasi
1410 2508 1751 2580 insipientes,
1784 2509 1876 2563 sed
1924 2521 1982 2561 ut
2016 2508 2289 2579 sapientes
2346 2510 2399 2564 9.
2449 2509 2779 2565 redimentes
2817 2520 3053 2581 tempus,
3095 2524 3354 2579 quoniam

124 2601 219 2657 dies
241 2604 352 2659 ntali
375 2615 520 2671 sunt,
550 2605 666 2658 dies
696 2604 856 2674 hujus
907 2603 1111 2670 saeculi,
1159 2605 1216 2658 in
1267 2603 1456 2674 quibus
1501 2603 1673 2657 malus
1702 2604 1883 2658 stevire
1911 2603 2252 2673 permittitur.
2292 2604 2585 2675 Propterea
2633 2605 2819 2671 nolite,
2866 2609 2988 2677 quia
3030 2608 3175 2673 mali,
3237 2607 3360 2667 fieri

127 2696 472 2767 imprudentes,
516 2699 618 2757 sed
665 2697 1031 2769 intelligentes
1058 2714 1177 2768 quae
1203 2698 1277 2754 sit
1304 2699 1553 2755 voluntas
1596 2698 1714 2754 Dei.
1756 2698 1824 2753 Et
1866 2699 2033 2753 nolite
2068 2699 2327 2755 inebriari
2355 2701 2501 2767 vino,
2532 2701 2584 2756 in
2609 2716 2719 2772 quo
2745 2711 2830 2757 est
2860 2702 3106 2771 luxuria;
3136 2704 3232 2761 sed
3255 2705 3359 2760 im-

123 2788 308 2858 pictttini
344 2794 545 2865 Spiritu
586 2806 797 2863 sancto,
838 2796 1121 2866 loquentes
1142 2797 1547 2867 vobismetipsis
1594 2797 1648 2851 in
1687 2796 1932 2867 psalmis,
1964 2796 2152 2861 David,
2203 2806 2258 2852 et
2304 2798 2540 2869 hymnis,
2594 2808 2650 2852 ut
2690 2798 2997 2867 Prudentii,
3037 2809 3093 2857 et
3128 2802 3357 2879 canticis

131 2886 476 2957 spiritualibus,
502 2894 710 2947 creteris
737 2891 1086 2954 orationibus,
1118 2903 1403 2948 cantantes
1426 2902 1481 2948 et
1507 2892 1799 2962 psallentes
1821 2891 1883 2947 in
1912 2892 2169 2948 cordibus
2194 2893 2415 2959 vestris,
2442 2912 2545 2949 non
2569 2911 2657 2949 ore
2677 2903 2830 2949 tenus
2857 2906 3064 2950 tantum
3094 2896 3348 2963 Domino,

131 2984 304 3050 gratias
327 2997 541 3057 agentes
570 3005 789 3061 semper
816 3005 914 3059 pro
949 2990 1229 3056 erunibus,
1255 2991 1339 3045 uel
1359 3007 1452 3061 pro
1478 2992 1763 3061 prosperis,
1804 2989 1882 3045 uel
1915 2990 2169 3056 aduersis,
2199 2989 2251 3045 in
2290 2991 2509 3047 nomine
2530 2991 2743 3048 Domini
2771 2992 2943 3048 nostri
2973 2990 3100 3047 Jesu
3124 2991 3356 3057 Christi,

134 3076 219 3134 Deo
244 3091 287 3135 et
312 3082 468 3139 Patri.
502 3084 748 3156 Subjecti
779 3094 941 3139 estote
968 3084 1220 3151 invicem,
1270 3084 1326 3140 in
1356 3086 1550 3141 timore
1575 3084 1804 3141 Christi.
1847 3085 1984 3139 Ecce
2011 3085 2273 3154 quomodo
2320 3086 2510 3154 subjici
2560 3096 2731 3157 rogat.
2788 3086 2877 3143 10.
2913 3087 3171 3144 Mulieres
3224 3089 3358 3144 viris

131 3174 220 3230 suis
244 3178 450 3235 subdita:
472 3182 610 3249 sint,
639 3197 742 3237 non
764 3182 818 3236 in
843 3181 1127 3252 hypocrisi,
1157 3180 1301 3237 sicut
1339 3180 1587 3254 Domino,
1628 3180 1705 3236 vel
1740 3181 1873 3237 Deo.
1912 3179 2048 3236 Ecce
2074 3198 2174 3248 cur
2200 3199 2220 3237 :
2252 3181 2340 3237 il.
2368 3182 2626 3253 quoniam
2652 3183 2738 3238 vir
2757 3225 2771 3251 ,
2807 3194 2974 3254 caput
2996 3193 3086 3240 est
3116 3184 3362 3239 mulieris

1444 3252 2021 3334 corlusursutus.

180 3367 253 3421 52.
283 3370 504 3428 Alanos.
535 3371 684 3428 Sicut
714 3382 767 3426 et
808 3371 969 3427 Deus.
1016 3371 1289 3439 Quoniam
1317 3386 1480 3440 grave
1511 3372 1658 3425 vide-
1690 3376 1738 3435 Α
1760 3371 1850 3424 nis
1880 3371 2025 3425 enim
2078 3386 2240 3441 super
2267 3371 2520 3426 delictum
2567 3387 2721 3427 suum
2749 3371 2793 3427 si
2822 3372 3220 3438 manifestatur,
3264 3387 3360 3442 pa-

127 3454 256 3511 latur
289 3471 339 3515 ut
380 3465 496 3533 quis
532 3465 781 3519 remittat
815 3464 1028 3518 nocenti
1060 3478 1139 3529 se,
1162 3464 1365 3534 adjecit
1398 3480 1409 3516 :
1440 3465 1572 3517 sicut
1609 3470 1662 3516 et
1770 3463 1902 3517 titur
1928 3462 2320 3519 confusionem.

132 3544 240 3601 Beas
265 3551 388 3605 dedit
416 3556 468 3609 in
500 3554 718 3609 Christo
744 3554 905 3607 vobis.
1840 3553 1892 3609 6.
1920 3552 2088 3608 Omne
2121 3564 2294 3608 autent
2339 3555 2478 3625 quod
2519 3554 2909 3623 manifestatur.
2958 3555 3119 3609 Aliud
3181 3562 3363 3608 autem

186 3641 311 3695 CAP.
346 3646 398 3699 ν.
430 3677 497 3687 -
534 3649 589 3701 1.
623 3647 865 3701 Ausuos.
920 3646 1072 3712 Quod
1101 3655 1174 3700 est
1212 3643 1496 3699 idolorum.
1527 3644 1667 3700 Ava-
1771 3643 1953 3698 retulit
1991 3644 2134 3713 quod
2188 3645 2320 3699 dicit
2356 3661 2369 3698 :
2423 3642 2602 3699 Nolite
2665 3647 3049 3702 communicare
3111 3646 3359 3717 operibus

135 3724 242 3781 riaizc
265 3735 449 3800 pondus
478 3736 530 3791 in
566 3735 734 3790 simili
764 3735 1106 3800 monstravit,
1144 3733 1411 3789 idolorum
1433 3734 1670 3788 servitn-
1769 3734 2130 3801 tenebrarum;
2161 3749 2264 3790 noc
2294 3746 2381 3791 est
2412 3775 2428 3802 ,
2472 3738 2639 3793 nolite
2670 3738 2885 3793 illorum
2928 3754 3094 3808 opera
3133 3738 3363 3803 imitari,

134 3825 217 3872 tem
244 3822 368 3880 illam
399 3844 619 3893 vocans,
643 3843 709 3884 eo
736 3828 879 3899 quod
906 3827 1157 3883 similiter
1182 3842 1211 3881 a
1236 3827 1350 3881 Deo
1377 3834 1665 3881 averteret.
1770 3826 1864 3880 sed
1890 3826 2013 3880 talia
2037 3826 2181 3896 agite
2204 3842 2348 3897 quin,
2370 3828 2416 3883 si
2448 3828 2651 3884 fuerint
2679 3828 3031 3894 manifestati,
3058 3829 3242 3885 triStes
3268 3845 3365 3885 vos

188 3909 232 3963 2.
254 3912 436 3972 mura.
476 3919 650 3975 Nemo
672 3936 769 3981 vos
800 3920 1039 3974 seducat.
1077 3918 1418 3975 Seducebant
1450 3918 1668 3989 quidam
1767 3919 1994 3973 minime
2020 3916 2242 3974 faciant.
2284 3918 2533 3974 Luminis
2558 3921 2703 3975 enim
2761 3929 2885 3975 sunt
2921 3920 3009 3975 illa
3046 3935 3214 3991 opera
3244 3936 3367 3991 qua:

139 4000 362 4061 auditores
401 4025 548 4077 suos,
582 4010 973 4079 persnadentes
1012 4011 1093 4066 eis
1128 4011 1296 4081 quod,
1328 4023 1549 4081 propter
1576 4027 1670 4066 sn-
1772 4009 1826 4063 in
1858 4007 2145 4064 manifesto
2178 4008 2347 4076 fiunt;
2374 4011 2717 4066 tenebrarum
2748 4026 2875 4081 vero
2921 4010 3010 4064 illa
3040 4024 3203 4081 opera
3235 4017 3367 4065 sunt

137 4094 306 4158 Ρυτίοτει
330 4114 565 4170 peccata,
587 4120 694 4159 non
713 4105 986 4160 amitteret
1008 4106 1168 4159 homo
1194 4104 1360 4158 vitam
1387 4111 1668 4158 atternam.
1772 4118 1893 4174 qua:
1919 4103 2280 4159 occultantur.

192 4187 233 4238 3.
257 4187 463 4249 Fructus
482 4197 623 4249 enim
650 4196 801 4249 lucis.
841 4195 1135 4249 llluminati
1197 4195 1393 4264 inquit,
1430 4194 1671 4250 hominis
1842 4195 1898 4249 7.
1925 4195 2095 4267 Surge
2109 4196 2198 4267 qui
2220 4196 2439 4251 dormis.
2458 4196 2851 4253 Testimonium
2869 4196 2972 4251 hoc
2988 4195 3188 4251 nullam
3203 4193 3368 4249 habet

136 4274 305 4338 fructus
328 4296 403 4342 est
418 4290 595 4345 omnis
628 4290 839 4344 bonitas
872 4298 931 4343 et
950 4289 1183 4360 justitia,
1213 4288 1505 4351 etveritas,
1537 4302 1674 4356 prar-
1774 4287 2579 4356 sequentium;delumiueeuim
2593 4289 2834 4359 disputas
2850 4287 3147 4342 retulitlo:
3162 4288 3371 4355 adope-

141 4372 270 4430 misso
286 4382 577 4447 generesibi
607 4381 698 4454 υἱ,
727 4382 824 4455 ibi]
845 4381 1023 4453 junxit
1054 4381 1282 4450 species.
1297 4389 1352 4435 et
1375 4378 1669 4452 justitiam;
1774 4394 1838 4432 ra
1862 4377 2233 4433 tenebrarum.
2260 4378 2490 4445 Quidam
2522 4388 2700 4434 autem
2724 4381 2975 4435 dixerunt
3005 4379 3149 4448 q‘nod
3181 4396 3235 4432 Ill
3266 4378 3360 4432 illo

136 4463 313 4528 tlIIidam
335 4471 383 4525 iu
412 4474 665 4545 operibus
703 4474 986 4530 veritatem
1016 4472 1240 4542 intelligi
1281 4471 1395 4525 vult
1435 4474 1489 4525 in
1520 4473 1673 4542 cogi-
1779 4470 2178 4540 temporeinter
2191 4470 2325 4525 alias
2346 4471 2758 4543 gratias,gratia
2779 4470 3366 4541 psalmosfaciendida-

142 4557 389 4631 ialionibns
414 4577 465 4621 ei
485 4567 850 4624 sermonibus.
1778 4570 1957 4626 retur;
1985 4561 2126 4616 unde
2149 4563 2249 4617 hoc
2268 4564 2577 4617 testimonio
2601 4564 3106 4633 Apostolnsabnsus
3134 4562 3364 4616 videtur.

195 4647 235 4700 i.
265 4650 434 4711 Omnia
465 4669 641 4712 autent
667 4676 783 4729 quae
810 4667 1059 4729 aguntur.
1091 4656 1321 4713 Causam
1374 4655 1551 4711 reddit
1574 4670 1676 4710 cur
1851 4654 1903 4707 8.
1935 4654 2176 4709 Ancusr.
2211 4654 2431 4721 (Enarr.
2470 4657 2524 4710 in
2545 4655 2682 4727 psal.
2714 4659 2846 4725 LXII)
2890 4655 3122 4711 Somnus
3174 4656 3369 4710 animus

143 4733 299 4795 dixerit
324 4750 474 4817 magis
502 4759 679 4803 autem
720 4750 1031 4818 redarguite.
1057 4748 1251 4805 Omnia
1281 4745 1426 4803 enim
1454 4757 1671 4817 peccata
1708 4743 1751 4797 B
1778 4755 1859 4801 est
1885 4747 2130 4802 oblivisci
2167 4747 2336 4803 Deum
2362 4763 2548 4815 suum;
2597 4762 2936 4820 quaecunque
2977 4749 3156 4802 anima
3201 4747 3369 4803 oblita

143 4826 371 4891 hominum
394 4844 895 4911 prmtlestittatorum
920 4842 988 4897 ad
1017 4841 1179 4896 vitam
1218 4848 1497 4902 aeternam,
1550 4856 1672 4909 qua:
1777 4838 1941 4893 fuerit
1968 4839 2134 4893 Deum
2161 4853 2320 4893 suum
2343 4840 2596 4895 dormivit
2618 4838 2743 4911 [al.,
2765 4837 3009 4910 dormit].

147 4932 333 4988 aillinitur
364 4947 391 4985 a
420 4932 644 4998 lumine,
678 4935 731 4988 id
758 4942 863 4999 est,
895 4949 925 4987 a
950 4945 1099 5001 Justo
1129 4931 1398 5003 spirituali
1431 4930 1669 4995 homine,
1842 4932 1897 4986 9.
1925 4930 2167 4987 Aoeusr.
2210 4931 2411 5002 (Serm.
2442 4933 2507 4986 l6
2546 4932 2620 4986 De
2664 4934 2849 4985 direre.
2882 4931 2936 4985 iu
2978 4929 3259 4998 appendtce
3282 4967 3298 4993 ,
3326 4935 3366 4979 t.

146 5015 432 5079 confessione
493 5025 943 5088 manifestantur;
1003 5039 1164 5079 omne
1220 5031 1399 5077 autem
1441 5022 1584 5091 quod
1620 5021 1673 5075 in
1776 5023 1874 5093 X.)
1903 5022 2231 5077 Redimentes
2274 5033 2498 5092 tempus.
2522 5023 2814 5078 Redimere
2853 5030 3088 5090 tempus,
3128 5033 3226 5073 noc
3259 5024 3367 5080 est,

148 5102 429 5166 confessione
477 5113 877 5178 manifestatur,
929 5111 1107 5167 lumen
1156 5120 1260 5177 est,
1315 5111 1367 5165 id
1405 5119 1509 5174 est,
1547 5110 1677 5179 facit
1779 5114 1997 5182 quando
2025 5113 2221 5183 aliquis
2252 5114 2347 5167 tibi
2405 5113 2570 5169 infert
2619 5113 2798 5179 litem;
2848 5114 3013 5181 perde
3059 5108 3261 5176 aliquid
3310 5116 3370 5159 nt

149 5195 440 5267 cumlumen,
470 5207 560 5277 qui
592 5204 992 5261 manifestatur.
1038 5204 1104 5258 Et
1128 5213 1275 5260 recte
1311 5204 1529 5273 quidem
1586 5201 1673 5256 di-
1783 5205 1892 5259 Deo
1939 5220 2125 5267 vaces,
2181 5219 2286 5258 nou
2334 5205 2550 5270 litibus;
2608 5206 2773 5274 perde
2807 5219 2956 5273 ergo,
3002 5216 3067 5255 ex
3114 5214 3179 5253 eo
3226 5198 3372 5267 quod

147 5289 263 5337 ctum
289 5301 380 5357 est,
404 5294 538 5352 sicut
580 5298 726 5352 enim
757 5296 994 5367 patratio
1043 5295 1266 5351 sceleris
1293 5295 1565 5357 tenebras.
1597 5293 1678 5348 sic
1781 5294 1982 5365 perdis,
2011 5295 2242 5363 pretium
2268 5305 2351 5349 est
2377 5297 2655 5365 temporis.

150 5371 240 5437 eius
265 5375 505 5442 confessio
532 5389 709 5443 lumen
738 5388 886 5443 facit.
1855 5385 1941 5440 10.
1980 5388 2219 5441 Austros.
2250 5386 2499 5442 Mulieres
2531 5388 2673 5442 viris.
2709 5387 2843 5443 Tres
2896 5387 3122 5441 effectus
3168 5400 3373 5440 memo-

205 5465 247 5518 5.
273 5470 482 5532 Auaaos.
519 5480 707 5535 Omnia
734 5489 910 5534 autem
940 5495 1055 5549 qua!
1079 5487 1327 5547 aguntur.
1359 5478 1570 5532 Dictum
1598 5484 1683 5530 est
1786 5490 1935 5534 ratus
1959 5489 2060 5543 est,
2088 5480 2232 5534 inter
2260 5495 2396 5548 quos
2417 5480 2553 5534 duos
2594 5477 2872 5533 naturales
2901 5476 3194 5547 przeposuit
3240 5476 3371 5530 etin

156 5548 233 5607 hoc
259 5560 314 5613 ab
340 5565 575 5635 Apostolo
595 5587 701 5627 non
751 5548 981 5641 integre.
1015 5574 1148 5625 Nam
1182 5571 1367 5625 dicens
1413 5569 1536 5637 quia
1561 5583 1681 5622 ma-
1787 5584 1895 5623 uno
1933 5584 2148 5639 quoque
2175 5568 2242 5622 ab
2274 5569 2618 5624 inferioribus
2640 5567 2932 5635 inchoavit.

155 5645 456 5727 uilestautur,
502 5666 640 5735 quod
694 5665 1021 5735 sequebatur
1071 5663 1288 5719 silentio
1337 5661 1582 5727 tradidit,
1618 5661 1673 5715 id
1857 5663 1938 5715 ll.
1982 5660 2243 5726 Quoniam
2286 5663 2361 5714 vir
2391 5671 2544 5729 caput
2584 5670 2678 5712 est.
2723 5659 2876 5713 Illum
2923 5659 3167 5713 ordinem
3219 5657 3374 5713 Chri-

157 5740 324 5801 δοξῑὶεει
350 5756 473 5821 quod
496 5760 659 5828 possit
716 5759 826 5831 ipsa
859 5758 1223 5816 manifestatio
1250 5754 1522 5828 adjuvare.
1550 5755 1678 5813 Om~
1786 5764 1902 5814 stus
1934 5756 2095 5812 habet
2120 5756 2185 5811 ad
2224 5753 2556 5821 Ecclesium,
2601 5767 2665 5810 eo
2696 5754 2838 5824 quod
2877 5768 2943 5809 ex
2998 5753 3087 5808 illo
3122 5750 3373 5807 secunda:
