3964 6290
546 413 659 468 sas
1235 400 1245 408 '
1540 395 1600 451 Β.
1643 359 2048 449 LANFltANCl
2074 386 2156 441 ea

2266 383 2428 438 usa.
2476 380 2793 436 saeuum.
3709 348 3802 436 δός

548 531 689 583 sicut
726 522 976 579 Christus
1004 522 1167 587 caput
1207 523 1291 569 est
1330 509 1622 573 Ecelesim;
1664 509 1739 561 vir
1773 504 1977 577 quidem
2036 516 2135 554 non
2180 495 2395 552 saluauit
2425 494 2716 559 mulierem,
2782 492 2872 546 sed
2919 501 3092 544 tamen
3134 488 3372 543 Christus
3406 488 3520 557 ipse
3566 486 3799 547 Salvator

550 614 797 687 corporis
832 610 967 680 ejus.
1006 578 1113 664 Sed
1149 606 1290 661 sicut
1334 599 1575 656 Ecclesia
1615 596 1856 665 subjecta
1886 602 1967 648 est
2016 589 2256 653 Christo,
2290 588 2362 641 ita
2402 596 2456 641 et
2483 586 2735 641 mulieres
2776 584 2909 638 viris
2943 582 3056 637 suis
3095 580 3254 650 150
3293 580 3345 633 in
3383 578 3631 633 omnibus
3656 583 3800 652 subji-

547 676 779 760 ciuntur.
812 676 923 755 Viri
953 739 969 764 ,
1009 694 1219 764 diligite
1248 708 1448 752 uxores
1486 703 1723 755 vestras,
1764 692 1903 745 sicut
1929 699 1983 742 et
2013 686 2262 741 Christus
2285 683 2475 738 dilexit
2502 682 2797 737 Ecclesium
2817 722 2830 745 ,
2879 684 2966 745 (ea:
2990 678 3198 747 effectu)
3227 686 3281 732 et
3308 676 3546 744 scipsum
3598 680 3798 736 tradidit

546 812 647 867 pro
677 811 764 860 ea,
795 801 856 846 ut
884 790 1033 845 illam
1063 784 1451 852 sanctilicaret,
1488 786 1575 840 19..
1620 784 1884 838 mtmdans
1914 779 1999 833 15.
2043 778 2261 831 lavacro
2301 790 2454 843 aquae
2500 774 2552 828 in
2609 773 2775 827 verbo
2804 771 2948 834 vitm,
2986 769 3261 838 baptismo,
3296 768 3349 821 id
3382 777 3477 829 est,
3513 768 3566 821 in
3610 770 3798 825 nomine

547 859 749 947 :l’atris,
780 890 827 936 et
858 878 1015 944 Filii,
1035 885 1080 930 et
1114 875 1351 945 Spiritus
1380 877 1572 939 sancti,
1605 873 1673 928 ad
1701 874 1818 934 hoc,
1846 870 1937 923 ll.
1963 877 2018 921 nt
2045 867 2327 921 exhiberet
2356 866 2471 936 ipse
2497 865 2596 920 sibi
2623 864 2912 936 gloriosam
2933 860 3252 925 Eeclesiam,
3272 860 3359 913 15.
3394 874 3502 912 non
3533 859 3798 917 habentem

547 975 824 1033 maculam
850 970 1069 1043 peccati,
1095 976 1189 1022 aut
1225 981 1417 1038 rugam
1443 963 1754 1035 hypocrisis,
1784 969 1877 1013 aut
1902 958 2106 1027 aliquid
2134 956 2468 1025 bujusmodi,
2494 958 2588 1011 sed
2627 964 2684 1010 ut
2723 956 2794 1009 sit
2843 963 3033 1010 sancta
3065 963 3121 1006 et
3154 951 3525 1017 immaculata,
3572 962 3624 1005 ut
3660 952 3798 1008 Chri-

552 1082 689 1125 stus.
715 1069 796 1124 lta
822 1074 877 1121 et
906 1063 1007 1118 viri
1033 1060 1232 1116 debent
1256 1059 1482 1128 diligere
1521 1069 1718 1109 uxores
1741 1066 1867 1107 suas
1889 1059 1946 1103 ut
1974 1065 2210 1119 corpora
2244 1064 2363 1104 sua.
2400 1049 2484 1101 16.
2518 1047 2618 1115 Qui
2648 1063 2809 1103 suam
2831 1060 3057 1101 uxorem
3082 1044 3287 1113 diligit,
3318 1043 3577 1113 seipsum,
3605 1060 3797 1101 carnem

552 1176 729 1220 suam,
763 1155 956 1226 diligit.
987 1151 1073 1206 17.
1098 1147 1266 1203 Nemo
1293 1145 1438 1201 enim
1470 1158 1706 1212 unquam
1734 1154 1953 1196 carnem
1981 1153 2133 1191 suam
2160 1137 2283 1192 odio
2309 1136 2513 1201 habuit,
2549 1137 2646 1193 sed
2693 1136 2861 1191 nutrit
2899 1142 2954 1191 et
2981 1133 3127 1189 fovet
3152 1148 3297 1201 eam,
3325 1134 3467 1190 sicut.
3494 1143 3550 1190 et
3574 1134 3799 1193 Christus

552 1255 882 1316 Ecclesium,
932 1248 1017 1302 18.
1046 1245 1171 1314 quia
1214 1257 1327 1303 nos,
1355 1238 1409 1293 id
1431 1248 1534 1301 est,
1565 1233 1823 1296 Ecclesia,
1852 1232 2094 1286 membra
2129 1245 2318 1284 sumus
2357 1230 2600 1298 corporis
2630 1229 2765 1297 ejus,
2806 1229 2870 1284 de
2910 1243 3076 1283 carne
3101 1226 3242 1295 ejus,
3267 1235 3321 1281 ct
3351 1226 3417 1281 de
3440 1226 3654 1281 ossibus
3680 1229 3799 1298 ejus,

552 1351 618 1404 de
636 1344 951 1415 inﬁrmis,et
973 1337 1146 1408 ﬁrmis
1174 1330 1464 1393 existentis,
1495 1327 1571 1381 vel
1597 1325 1830 1380 eamdem
1858 1329 2151 1385 carnem,et
2179 1319 2359 1373 eadem
2389 1336 2526 1385 ossa,
2554 1336 2670 1390 quw
2693 1319 2871 1372 habuit
2897 1317 3158 1384 Christus,
3182 1320 3441 1373 habentis.
3474 1318 3797 1389 19.3Propter

555 1442 662 1495 hoc
687 1437 778 1491 20.
827 1433 1090 1500 relinquet
1124 1427 1286 1481 homo
1311 1432 1519 1492 patrem
1570 1425 1625 1472 et
1672 1415 1764 1468 ﬁll.
1790 1421 2018 1467 matrem
2043 1426 2219 1474 suam,
2251 1418 2303 1465 et
2336 1411 2635 1465 adlncrebit
2657 1410 2812 1465 uxori
2843 1425 2977 1474 sua},
3019 1420 3074 1466 ct
3107 1424 3266 1470 crum
3296 1416 3403 1471 duo
3436 1415 3489 1469 in
3513 1430 3670 1470 came
3692 1433 3799 1470 υηε,

559 1532 654 1586 22.
679 1530 1095 1585 Sacramentum
1118 1520 1219 1574 hoc
1234 1529 1486 1586 magnum
1507 1519 1609 1574 est,
1636 1523 1735 1580 ego
1765 1515 1944 1560 autem
1966 1505 2087 1558 dico
2115 1519 2224 1557 esse
2244 1513 2629 1557 sacramentum
2654 1502 2786 1556 illud
2821 1505 2873 1558 in
2905 1503 3122 1563 Christo
3149 1518 3201 1563 et
3230 1509 3283 1562 in
3310 1508 3572 1564 Ecclesia.
3605 1508 3690 1563 9.3.
3717 1507 3803 1565 Ve-

550 1633 899 1689 rnmtamem,
936 1614 1097 1685 151
1120 1608 1354 1681 quamvis
1392 1603 1666 1674 allegorice
1691 1597 1850 1669 possit
1897 1594 2114 1664 intelligi
2153 1594 2216 1648 de
2267 1594 2492 1655 Christo,
2526 1602 2581 1648 ct
2606 1608 2700 1649 vos
2741 1594 2957 1666 singuli,
2989 1599 3363 1670 unusquisque
3409 1614 3633 1654 uxorem
3668 1614 3804 1654 suam

527 1688 692 1771 sicut
722 1712 959 1781 seipsum
989 1706 1212 1775 diligat;
1239 1713 1375 1754 uxor
1407 1704 1589 1750 autem
1619 1692 1809 1747 timeat
1844 1688 2018 1742 virum
2041 1702 2219 1741 suum.

2057 1795 2286 1852 CAPUT
2323 1795 2412 1852 Vl.

623 1942 787 2008 Filii,
818 1934 1038 1994 obedite
1070 1926 1387 2002 parentibus
1416 1917 1614 1975 vestris
1659 1914 1712 1968 in
1746 1910 2009 1975 Domino;
2056 1908 2159 1963 hoc
2186 1908 2331 1963 enim
2356 1907 2559 1976 justum
2588 1918 2670 1963 est
2700 1908 2769 1978 (et
2796 1910 2895 1965 hoc
2915 1913 3098 1980 probat
3129 1915 3192 1968 ab
3225 1916 3583 1985 auctoritate).
3615 1918 3809 1973 lloaara

521 2015 776 2116 ipatrem
816 2046 966 2090 tuum
1013 2038 1069 2083 et
1099 2033 1326 2080 matrem
1377 2027 1553 2079 tuam,
1608 2014 1659 2067 1.
1706 2009 1849 2079 quod
1896 2016 1979 2062 est
2021 2005 2337 2060 mandatum
2367 2005 2601 2075 primum
2652 2006 2704 2058 in
2751 2007 3144 2075 promissione,
3172 2010 3226 2064 in
3255 2009 3396 2080 lege,
3423 2026 3540 2079 quae
3578 2010 3807 2080 promittit

563 2100 966 2209 λάίηψίεηιξδκε
997 2125 1145 2181 illam
1176 2131 1370 2173 terram
1398 2114 1531 2165 laete
1556 2118 1600 2163 et
1630 2105 1779 2161 melle
1809 2105 2054 2173 ﬂuentem
2076 2141 2089 2165 ,
2118 2110 2178 2154 ut
2206 2100 2344 2157 bene
2379 2101 2448 2161 sit
2478 2101 2598 2165 tibi,
2632 2109 2688 2157 et
2715 2102 2793 2156 sis
2815 2102 3091 2171 longazvus
3120 2120 3285 2173 super
3310 2115 3512 2159 terram
3539 2106 3807 2158 virentium.

1927 2214 2491 2273 COMMENTARIUS.

572 2372 684 2425 vitm
710 2375 925 2421 causam
950 2355 1150 2411 habere
1176 2342 1423 2407 videtur:
1471 2342 1570 2397 hoc
1598 2338 1749 2393 enim
1792 2335 1845 2388 in
1899 2334 2000 2388 isto
2028 2331 2147 2385 loco
2178 2337 2223 2396 Α
2253 2331 2483 2386 litteram
2516 2332 2736 2402 intelligi
2771 2343 2826 2388 nt
2851 2334 3003 2388 multi
3060 2335 3339 2405 diligentes
3387 2351 3579 2390 uxores
3624 2345 3808 2405 patrem

564 2423 810 2529 [f.,
836 2444 1058 2518 dicitur]
1098 2445 1213 2515 ipse
1251 2437 1501 2493 SaIVator
1547 2430 1791 2500 corporis
1834 2428 1975 2481 hunc
2010 2423 2155 2478 ordi-
2256 2433 2308 2479 et
2340 2433 2566 2478 matrem
2600 2424 2928 2494 relinquant.
2976 2426 3041 2480 Et
3095 2427 3193 2481 hoc
3215 2426 3327 2492 est;
3367 2425 3725 2480 Verumtamen
3771 2437 3810 2480 et

563 2514 793 2606 nem
825 2542 987 2598 habet
1015 2514 1083 2591 ad
1115 2531 1422 2591 mulierem,
1467 2539 1533 2579 eo
1556 2521 1719 2592 quod,
1754 2525 1812 2572 ut
1868 2514 2153 2577 consistat,

560 2643 738 2698 virum
765 2633 975 2703 accipit.

634 2733 722 2789 12.
745 2697 983 2785 Aucdsr.
1026 2718 1227 2791 (Tract.
1274 2713 1341 2769 15
1392 2712 1447 2765 in
1505 2708 1709 2775 Evang.
1747 2703 1936 2765 Joan.,
1969 2709 2006 2753 t.
2036 2697 2154 2768 1X.)

565 2823 832 2882 Hundans
886 2817 1114 2870 lavacro.
1160 2806 1303 2874 Quid
1342 2810 1426 2858 est
1474 2794 1810 2868 baptismus?
1858 2792 2155 2845 Lavacrum

567 2927 721 2983 aqua:
773 2910 827 2964 in
872 2904 1059 2961 verbo.
1115 2897 1267 2953 Tolle
1312 2905 1530 2964 aquam,
1574 2892 1789 2942 nonest
1834 2882 2155 2951 baptismus.

568 3005 719 3062 Tolle
746 3001 996 3062 verbum,
1015 3008 1123 3049 non
1142 2998 1225 3046 est
1250 2985 1571 3057 baptismus.

638 3097 729 3151 15.
757 3092 960 3147 ΙρλΝι-ιι.
992 3085 1228 3139 Lavacro
1267 3092 1418 3148 aquae
1446 3077 1500 3128 in
1533 3070 1703 3126 verba.
1728 3066 1966 3124 Verbum
2003 3070 2157 3117 vocat

571 3186 927 3261 prolationem
971 3173 1295 3237 divinitatis,
1316 3183 1435 3240 qua:
1484 3183 1514 3221 a
1557 3158 1960 3234 baptizantibus
1998 3167 2160 3224 super

571 3297 769 3355 aquam
801 3276 1089 3349 profertur.

643 3335 731 3427 it;
758 3335 999 3422 Abcus'r.
1027 3357 1117 3415 lt.
1138 3356 1257 3427 (lib.
1275 3353 1351 3407 De
1366 3346 1763 3420 pcrfect.just.,
1785 3357 1835 3396 c.
1857 3339 1944 3402 ts,
1970 3346 2009 3390 t.
2027 3335 2159 3405 vu.)

578 3460 936 3519 [lt-exhiberet
970 3455 1077 3523 ipse
1113 3448 1231 3504 sibi.
1263 3446 1414 3499 Tunc
1447 3440 1634 3507 utique
1655 3432 1872 3505 quando
1896 3428 2158 3523 gloriosa;

542 3528 545 3529 ν
573 3568 682 3608 non
704 3550 850 3605 enim
877 3516 1034 3599 modo
1060 3541 1113 3595 in
1132 3536 1305 3592 tantis
1322 3531 1500 3595 malis,
1526 3529 1580 3582 in
1611 3524 1777 3579 tantis
1798 3516 2089 3580 scandulis,
2109 3516 2160 3568 in

575 3654 725 3703 tanta
760 3636 1111 3713 permistione
1145 3629 1423 3689 hominum
1448 3610 1808 3693 pessimorum
1839 3654 1853 3679 ,
1894 3613 1948 3666 in
1992 3609 2166 3713 tantis

571 3753 642 3808 οἱ)

751 3914 990 3969 Aucusr.
1010 3903 1255 3979 (Serm.2
1270 3902 1324 3955 in
1346 3906 1538 3959 monte,
1554 3886 1800 3961 μιμῇ.)
1825 3884 1946 3940 Non
1973 3882 2166 3936 haben-

576 4024 677 4070 tem
708 4008 990 4064 maculam.
1012 4000 1128 4075 Non
1150 3997 1440 4052 habentem
1464 3985 1729 4043 maculam
1748 3994 1925 4051 neque
1955 3992 2169 4048 rugam,

577 4108 639 4162 td
657 4113 765 4170 est,
791 4098 1043 4156 mundam
1076 4102 1130 4148 et
1154 4088 1471 4159 simplicem.

646 4165 961 4252 uiduam.
991 4186 1092 4252 Qui
1137 4196 1285 4238 suam
1319 4189 1535 4231 uxorem
1573 4169 1767 4238 diligit.
1800 4165 2004 4221 Debent
2033 4178 2169 4218 uxo-

577 4304 665 4343 res
704 4285 959 4354 diligere,
988 4276 1115 4348 quia
1162 4272 1375 4339 seipsos.
1422 4280 1451 4318 a
1502 4271 1641 4324 toto,
1674 4260 1726 4313 id
1756 4269 1841 4312 est
1868 4295 1882 4322 ,
1946 4268 2165 4309 carnem

577 4395 727 4435 suam
754 4395 769 4431 :
801 4344 928 4429 nam
951 4344 1055 4426 non
1084 4365 1283 4422 debent
1309 4358 1509 4414 habere
1540 4353 1590 4421 (a
1640 4348 1969 4419 contrario).
1997 4344 2167 4400 Nemo

578 4475 743 4537 enim,
760 4482 937 4535 ete.,a
965 4475 1180 4538 genere.

650 4570 736 4623 17.
768 4561 1083 4621 Nemoenim
1106 4569 1360 4627 unquam.
1392 4549 1592 4606 Probat
1618 4545 1765 4617 quod
1791 4542 1893 4598 viri
1938 4553 2164 4610 corpora

581 4677 676 4717 sua
713 4660 959 4717 diligant.

656 4677 676 4716 a
713 4674 802 4715 tllll
846 4674 959 4710 ant.

656 4752 739 4807 18.
770 4674 909 4816 Qiia
936 4742 1164 4799 membra
1177 4735 1405 4807 corporis
1418 4730 1751 4803 ejus.Potest
1781 4724 1904 4795 legi,
1929 4720 2172 4791 corporis

584 4843 698 4913 ejus
730 4836 1031 4896 constantis
1061 4832 1126 4887 de
1154 4843 1318 4884 carne
1364 4834 1419 4880 et
1443 4821 1655 4879 ossibus
1681 4817 1819 4885 ejus,
1863 4814 1915 4868 id
1968 4822 2071 4875 est,
2103 4810 2169 4863 de

583 4904 817 4988 inﬁrmis
834 4938 889 4985 et
922 4921 1215 4989 lirmis,vel
1248 4920 1314 4974 de
1334 4929 1496 4973 carne
1524 4920 1578 4967 et
1598 4908 1813 4965 ossibus
1838 4904 1953 4973 ejus
1985 4917 2171 4957 sumus

581 5025 847 5086 membra,
871 5016 1119 5075 eamdem
1149 5024 1394 5074 carnem,
1422 5014 1479 5062 et
1506 5003 1697 5059 eadem
1721 5012 1843 5054 ossa
1884 4992 2162 5056 habentia,

582 5133 702 5187 qua:
725 5117 839 5185 ipse
866 5108 1074 5168 habuit.

656 5180 761 5263 19.-
784 5205 1009 5274 PrOpter
1030 5202 1126 5254 hoc
1160 5194 1414 5262 relinquet
1443 5190 1621 5243 homo.
1652 5183 1817 5251 Quia,
1848 5180 2041 5250 inquit,
2064 5193 2164 5234 nos

582 5315 771 5357 sumus
798 5299 862 5351 de
896 5271 1062 5350 carne
1088 5298 1143 5345 et
1165 5289 1232 5342 de
1255 5283 1469 5339 ossibus
1495 5278 1634 5347 ejus,
1660 5284 1881 5347 prepter
1911 5274 2034 5337 hoc,
2060 5271 2161 5325 sic-

581 5401 642 5445 ut
672 5390 935 5457 scriptum
966 5391 1051 5437 est
1074 5380 1129 5435 in
1154 5372 1387 5433 Genesi:
1415 5362 1959 5437 Relinquet,\’erbutn
1990 5360 2162 5414 Patris

582 5482 672 5551 qui
707 5451 921 5533 futurus
940 5481 1023 5528 est
1049 5471 1229 5530 homo,
1270 5464 1507 5525 Patrem,
1532 5459 1584 5513 id
1606 5465 1717 5523 est,
1772 5470 1879 5510 non
1909 5451 2157 5507 eamdem

582 5548 877 5628 essentiam
924 5554 1358 5633 apparens,°quia
1391 5566 1513 5607 cum
1552 5549 1714 5605 Patre
1763 5548 2067 5614 permanet,
2115 5549 2163 5595 et

581 5673 825 5724 matrem,
844 5656 897 5712 id
924 5665 1037 5720 est,
1058 5652 1419 5723 Synagogam,
1445 5654 1494 5698 et
1541 5639 1823 5695 adhwrebit
1856 5649 2007 5688 uxori
2030 5648 2163 5698 sure,

2258 2532 2363 2577 ros,
2397 2524 2503 2569 etc.

2324 2605 2418 2659 20.
2450 2606 2693 2661 Aucusr.
2736 2606 2847 2676 (lib.
2868 2622 2941 2660 xu
2971 2606 3167 2660 Contra
3198 2605 3365 2661 Faust
3421 2606 3669 2670 Martia/1.,
3700 2622 3741 2661 c.
3764 2608 3809 2671 9,

2260 2706 2298 2751 t.
2361 2693 2468 2763 γι.)
2527 2695 2801 2767 Relinquat
2847 2698 3022 2750 homo.
3081 2696 3213 2761 Quis
3254 2698 3400 2752 enim
3444 2713 3547 2751 non
3581 2708 3811 2765 agnoscat

2258 2788 2533 2842 Christum
2579 2801 2645 2842 eo
2676 2787 2834 2841 modo
2873 2787 3158 2855 reliquisse
3200 2788 3452 2852 Patrem;
3501 2790 3588 2858 qui
3632 2805 3741 2841 cum
3767 2790 3810 2841 in

2259 2880 2439 2949 forma.
2462 2879 2555 2933 Dei
2580 2888 2732 2945 esset,
2782 2895 2883 2943 non
2930 2880 3167 2948 rapinam
3226 2879 3518 2933 arbitratus
3547 2889 3615 2931 est
3644 2894 3749 2932 esse
3770 2895 3815 2931 se

2259 2972 2512 3041 (squalent
2558 2971 2666 3025 Deo
2698 3011 2714 3037 ,
2767 2972 2856 3025 sed
2909 2973 3240 3041 semetipsum
3279 2972 3564 3025 exinanirit
3613 2972 3811 3039 formam

2259 3065 2387 3118 servi
2417 3063 2718 3132 accipiensZ
2745 3062 3048 3131 Reliquissc
3090 3062 3256 3117 etiam
3310 3070 3540 3116 matrem
3595 3061 3811 3131 Synago‘

2260 3169 2381 3223 gam
2408 3152 2720 3207 Judzeorum
2748 3150 2930 3207 Veteri
2960 3151 3311 3206 Testamento
3348 3150 3639 3206 carnaliter
3664 3150 3813 3203 tnhm-

2263 3237 2843 3301 réntemetadhazsisse
2858 3245 3008 3298 uxori
3026 3260 3137 3299 sua:
3149 3244 3410 3299 Ecclesia:
3433 3242 3530 3314 [ιιι.
3545 3242 3813 3314 sanctae]ut

2263 3352 2395 3407 pace
2419 3337 2555 3392 Novi
2581 3337 2917 3391 Testamenti
2940 3345 3123 3391 essent
3158 3336 3265 3389 duo
3285 3336 3335 3389 in
3370 3349 3534 3389 carne
3557 3350 3677 3396 una,
3708 3335 3811 3403 quia

2262 3445 2387 3484 eum
2417 3428 2486 3484 sit
2516 3428 2654 3482 Deus
2706 3428 2843 3496 apud
2891 3436 3124 3496 patrem,
3152 3442 3249 3495 per
3293 3441 3454 3496 quem
3480 3425 3600 3479 laeti
3631 3440 3811 3487 sumus,

2263 3521 2439 3575 factus
2467 3528 2547 3575 est
2584 3520 2875 3589 participes
2904 3527 3107 3581 uoster,
3146 3529 3202 3571 ut
3254 3518 3397 3572 illius
3423 3518 3613 3587 capitis
3641 3531 3813 3585 corpus

2264 3627 2384 3667 esse
2407 3626 2710 3682 possemus.

646 3699 879 3808 prolis-iis
907 3714 1503 3796 impiorumdicendum
1530 3719 1614 3765 est
1647 3716 1919 3763 cumesse
1956 3699 2155 3772 glorio-
2191 3701 2236 3759 Β
2309 3700 3811 3774 21..ln.(Ea:posit.quvang.Joan.10,t.lX.)Elmatrcm.

2268 3798 2547 3865 Quomodo
2599 3795 2817 3866 reliquit
2867 3797 3142 3851 matrem?
3186 3795 3561 3864 Relinquenda
3607 3794 3817 3862 Synago-

2269 3906 2389 3962 gam
2412 3887 2750 3955 Judaeorum,
2773 3888 2840 3943 de
2866 3904 2973 3959 qua
2996 3887 3292 3943 secundum
3323 3901 3544 3941 carnem
3576 3895 3724 3939 natus
3743 3887 3811 3936 est

2268 3984 2538 4039 Christus.

2336 4076 2426 4129 9.2.
2469 4075 2672 4130 Lmrn.
2714 4073 3135 4128 Sacramentum.
3170 4072 3319 4139 Quod
3351 4072 3415 4127 de
3448 4070 3567 4126 viro
3599 4080 3809 4125 etuxore

2269 4172 2440 4237 dicit,
2486 4180 2538 4225 et
2576 4170 2641 4223 ad
2682 4168 2918 4222 litteram
2979 4163 3386 4234 intelligendum
3418 4171 3503 4217 est
3549 4159 3815 4215 secundum

2268 4263 2448 4318 saeculi
2480 4260 2947 4321 consuetudinem,
2972 4264 3026 4311 et
3072 4254 3429 4325 spiritualiter
3458 4255 3523 4308 de
3543 4252 3746 4308 Christo
3771 4256 3814 4301 et

2270 4354 2530 4412 Ecclesia.
2581 4352 2798 4407 Patrem
2862 4349 3112 4405 Christus
3179 4347 3487 4416 relinquere
3536 4359 3681 4399 visus
3729 4350 3815 4401 θεῖ,

2269 4447 2487 4518 quando
2538 4444 2889 4514 semetipsum
2939 4441 3269 4507 exinanivit,
3332 4449 3388 4493 et
3427 4438 3653 4493 formam
3697 4431 3815 4488 servi

2272 4540 2502 4609 accepit.
2532 4537 2758 4591 Matrem
2790 4534 3157 4606 Synagogam,
3188 4548 3255 4588 ex
3286 4547 3394 4601 qua
3435 4539 3593 4611 natus
3615 4536 3709 4589 est,
3739 4538 3810 4578 re-

2271 4631 2459 4700 liquit;
2492 4628 2710 4698 quando
2747 4627 2861 4696 ipsa
2903 4627 2957 4681 in
2983 4642 3082 4681 sua
3129 4626 3449 4681 inﬁdelitate
3498 4623 3813 4693 persistentc,

2271 4722 2337 4776 ad
2388 4720 2786 4791 prxdicandum
2839 4718 3090 4789 gentibus
3132 4715 3403 4786 apostolos
3456 4715 3635 4777 misul,
3672 4721 3721 4765 ct
3760 4723 3814 4761 es

2271 4829 2459 4869 eorum
2518 4813 2917 4875 conversione,
2977 4808 3219 4864 Ecclesia
3300 4815 3646 4876 congregata,
3687 4798 3815 4871 quasi

2271 4919 2479 4972 sponsa:
2510 4918 2739 4971 sponsus
2762 4901 3018 4964 adhaesit,
3048 4915 3172 4954 cum
3211 4913 3316 4968 qua
3348 4896 3654 4966 unigenitus
3677 4889 3814 4946 estin

2264 5009 2433 5051 .earnc
2462 5008 2599 5056 una;
2632 4993 2758 5061 quia
2794 5006 3012 5047 carnem
3045 5005 3208 5059 quam
3257 4989 3325 5043 de
3355 4989 3565 5058 virgine
3594 4981 3814 5054 sumpsit,

2192 5055 2234 5139 Ω
2269 5086 2321 5139 in
2358 5085 2523 5145 missa
2565 5094 2620 5138 et
2661 5055 3112 5147 celebritatibus,
3165 5073 3409 5150 quotidie
3446 5055 3692 5135 'Ecclesia
3738 5089 3813 5130 sn-

2270 5177 2388 5232 mit.

2338 5267 2427 5321 25.
2466 5265 2853 5321 Verumtamen.
2914 5264 3078 5331 Quasi
3133 5262 3341 5319 diceret
3377 5280 3392 5317 :
3430 5262 3676 5332 quamvis
3707 5270 3814 5327 ergo

2268 5360 2373 5414 hoc
2407 5366 2807 5413 sacramentum
2849 5357 2900 5410 in
2933 5357 3148 5411 Christo
3181 5366 3237 5410 et
3269 5354 3516 5415 Ecclesia
3550 5354 3809 5420 intelligant

2270 5449 2643 5519 Spiritualiter,
2696 5455 3075 5502 verumtamen
3134 5460 3230 5501 vos
3261 5460 3291 5499 a
3333 5444 3527 5500 morali
3572 5442 3811 5499 intellectu

2267 5540 2510 5594 historiae
2533 5538 2696 5593 nolite
2717 5536 2987 5591 recedere.
3136 5590 3140 5597 ,

2335 5629 2486 5684 CAP.
2528 5628 2704 5683 VL—
2731 5629 2777 5682 1.
2821 5629 3019 5683 Laxrn.
3062 5628 3215 5693 Quod
3264 5640 3340 5684 est
3384 5629 3685 5689 mandatum
3723 5621 3813 5693 pri-

2266 5741 2426 5777 mum.
2460 5723 2517 5777 in
2556 5723 2727 5792 prima
2776 5723 2995 5791 quidem
3033 5724 3210 5777 tabula
3262 5724 3362 5778 tria
3394 5723 3546 5780 fuere
3591 5717 3810 5775 mandata

2263 5816 2329 5869 ad
2370 5816 2538 5869 Deum
2583 5815 2906 5886 pertinentia
2933 5856 2946 5881 ,
3000 5816 3050 5870 id
3090 5825 3171 5870 est
3216 5834 3228 5870 :
3272 5815 3392 5872 Non
3434 5817 3675 5874 adorabis
3710 5814 3813 5867 dus
