3880 6306
87 364 180 417 505
266 318 269 321 Ι
781 358 851 415 IN
891 359 953 414 D.
996 359 1204 417 PAULI
1245 359 1461 415 EPIST.
1502 357 1863 415 COMMENT.
1912 391 1969 399 —-
1999 359 2219 414 EPlSl'.
2261 358 2352 413 AD
2385 358 2626 415 EPHES.
3232 356 3336 411 303

80 477 135 531 Et
155 516 169 541 ,
196 490 287 528 vos
312 481 507 544 patres
530 513 544 537 ,
575 471 739 527 nolite
767 472 834 525 ad
866 472 1202 527 iracundiam
1235 486 1535 542 provocare
1564 471 1701 527 filios
1728 479 1968 538 vestros;
1999 471 2093 526 sed
2121 472 2350 527 educate
2375 472 2495 527 illos
2528 472 2579 525 in
2613 472 2893 543 disciplina
2921 478 2973 526 et
2995 476 3340 544 correptione

84 572 292 628 Domini.
328 569 525 635 Servi,
561 568 771 623 obedite
797 569 1033 623 dominis
1064 566 1405 632 carnalibus,
1451 584 1573 622 cum
1625 568 1821 623 timore
1871 568 2069 630 animi,
2108 578 2163 623 et
2210 564 2452 624 tremore
2479 586 2745 635 corporis,
2789 570 2843 625 ‘2.
2896 570 2948 625 in
2996 572 3342 642 simplicitate

79 669 237 725 cordis
265 666 474 731 vestri,
527 666 664 721 sicut
706 663 925 720 Christo
955 664 1231 719 obediretis
1259 663 1397 737 (ecce
1432 682 1529 718 cur
1556 665 1607 718 in
1651 664 1985 734 simplicitate
2025 664 2273 736 dixerit),
2325 681 2431 720 non
2474 667 2541 719 ad
2587 665 2835 733 oculum,
2881 666 3057 734 palam
3099 676 3299 720 tantum
3324 707 3340 730 ,

79 766 356 820 servientes
379 803 396 827 ,
432 761 592 831 quasi
620 761 932 817 hominibus
956 762 1276 832 placentes;
1306 760 1402 816 sed
1430 769 1487 814 ut
1514 762 1653 814 servi
1678 759 1915 827 Christi,
1946 759 2206 816 facientes
2232 760 2566 815 voluntatem
2596 760 2691 815 Dei
2722 775 2785 815 ex
2812 760 3025 825 animo,
3058 774 3179 815 cum
3200 761 3342 817 bona

80 859 333 912 \‘olutllale
390 858 742 924 servientes,
786 856 927 911 sicut
970 856 1232 922 Domino,
1284 864 1340 912 et
1387 872 1493 911 non
1543 856 1886 921 hominibus,
1937 857 2175 913 scientes
2225 857 2482 927 quoniam
2528 857 2934 927 unusquisque,
2985 856 3344 926 quodcunque

81 953 245 1009 {esurit
288 953 537 1019 bonum,
586 953 689 1007 hoc
735 952 963 1023 recipiet
1008 967 1040 1006 a
1086 952 1348 1018 Domino,
1392 953 1507 1007 sive
1554 968 1775 1018 servus,
1825 953 1939 1008 sive
1988 953 2147 1009 liber.
2182 955 2236 1008 5.
2273 954 2338 1008 Et
2379 969 2496 1019 vos,
2534 952 2765 1019 domini,
2801 953 3026 1010 eadem.
3053 953 3109 1006 id
3147 964 3344 1011 αμα

82 1048 395 1117 simplicitate
415 1089 434 1114 ,
464 1059 515 1101 et
545 1050 678 1103 bona
709 1048 1004 1115 voluntate,
1032 1049 1194 1105 facile
1225 1049 1359 1116 illis,
1383 1049 1440 1104 4.
1466 1050 1809 1104 remittentes
1831 1052 2029 1116 minas,
2055 1051 2290 1105 scientes
2316 1052 2442 1119 quia
2471 1059 2526 1105 et
2554 1051 2768 1105 illorum
2796 1062 2852 1106 ct
2879 1060 3058 1105 vester
3085 1050 3343 1106 Dominus

81 1153 151 1201 est
179 1146 227 1200 in
254 1144 441 1210 cretis,
473 1153 534 1199 et
562 1159 915 1214 personarum
947 1145 1193 1212 acceptio
1226 1160 1330 1199 non
1356 1154 1439 1200 est
1469 1146 1610 1215 apud
1634 1160 1760 1200 eum
1780 1184 1793 1196 .
1828 1162 1932 1199 non
1961 1156 2037 1201 est
2067 1147 2115 1201 ei
2141 1147 2356 1202 citarier
2386 1147 2518 1202 liber
2548 1128 2706 1213 quam
2752 1164 2925 1203 serras
2967 1147 3210 1207 obediens
3238 1146 3340 1200 illi.

82 1242 146 1297 De
170 1249 378 1303 ca-tero,
406 1240 639 1303 fratres,
675 1240 1058 1296 confortamini
1094 1242 1145 1294 in
1176 1242 1426 1307 Domino,
1448 1250 1504 1296 et
1536 1242 1588 1295 in
1620 1242 1860 1311 potentia
1887 1243 2104 1317 virtutis
2126 1244 2265 1313 ejus,
2301 1261 2401 1298 non
2426 1255 2629 1298 vesti-te.
2658 1243 2866 1298 lnduite
2890 1257 2986 1297 vos
3013 1253 3344 1297 armaturam

84 1340 193 1402 Dei,
221 1350 275 1391 ut
298 1337 531 1407 possitis
555 1346 702 1391 stare
732 1338 995 1391 adversus
1030 1336 1253 1391 insidias
1284 1335 1516 1401 diaboli,
1546 1336 1645 1391 Dei
1684 1316 2021 1391 armaturam
2054 1340 2171 1392 dico
2191 1380 2205 1405 ,
2236 1316 2492 1408 quoniam
2519 1339 2571 1393 5.
2606 1354 2712 1394 non
2740 1348 2821 1394 cst
2848 1339 3007 1394 nobis
3029 1338 3343 1395 colluctatio

82 1436 310 1489 adversus
350 1448 615 1497 carnem,
652 1444 708 1487 ct
736 1432 1056 1503 sanguinem
1089 1442 1326 1498 tantum,
1374 1431 1469 1487 sed
1515 1432 1778 1487 adversus
1805 1431 2108 1502 principes,
2154 1443 2204 1488 et
2257 1442 2581 1503 potestates,
2624 1434 2881 1489 adversus
2926 1435 3143 1501 mundi,
3175 1436 3337 1505 hujus

83 1531 270 1593 seculi,
303 1530 354 1582 6.
388 1538 636 1584 rectores
666 1529 1015 1583 tenebrarum
1047 1528 1275 1594 harum,
1306 1527 1538 1593 scilicet,
1573 1527 1852 1607 7.10tmtra
1883 1527 2182 1596 spiritualia
2215 1528 2567 1598 (intransitire
2595 1528 2859 1591 dwmones
2885 1530 3033 1584 dicit)
3081 1530 3337 1600 nequitia:

83 1626 126 1677 8.
148 1626 193 1678 in
216 1625 554 1690 caelestibus,
577 1627 631 1677 in
656 1641 778 1678 aere
806 1624 1065 1693 degentia,
1088 1622 1246 1693 152
1275 1622 1353 1676 vel
1374 1640 1467 1693 pro
1492 1624 1789 1687 virtutibus,
1815 1641 1945 1692 quas
1975 1624 2121 1677 nobis
2140 1625 2404 1678 dtrmones
2429 1624 2639 1694 auferre
2663 1634 2940 1681 conantur.
2968 1624 3021 1681 9.
3046 1624 3344 1695 Propterea

88 1717 157 1769 lt).
185 1716 400 1785 accipite
430 1726 769 1770 armaturam
803 1713 933 1782 Dei,
965 1716 1212 1779 virtutes,
1254 1723 1311 1768 ut
1336 1714 1557 1784 possitis
1604 1716 1859 1770 resistere
1908 1716 1993 1768 11.
2048 1716 2099 1769 in
2133 1716 2220 1770 die
2258 1717 2429 1782 maio,
2462 1718 2515 1771 in
2548 1704 2794 1786 prwsenti
2832 1717 3056 1784 sarculo,
3085 1718 3173 1771 ubi
3200 1719 3345 1773 mala

82 1812 225 1876 ﬁunt,
271 1820 324 1865 et
372 1812 427 1865 in
479 1812 770 1875 omnibus,
820 1811 898 1864 vel
946 1812 1245 1880 prosperis,
1306 1810 1383 1865 vel
1428 1811 1661 1865 adversis
1708 1811 1933 1881 perfecti
1976 1821 2143 1865 stare.
2196 1811 2348 1867 State
2392 1828 2553 1885 ergo,
2589 1831 2691 1869 non
2724 1814 2951 1884 jacentis
2980 1816 3035 1868 in
3068 1815 3347 1880 sordibus,

84 1908 311 1963 succincti
344 1907 567 1963 lumbos
594 1918 810 1963 vestros
841 1908 917 1978 (id
963 1918 1070 1973 est,
1103 1907 1345 1977 stringite
1382 1908 1530 1976 ﬂuxa
1573 1907 1807 1961 carnalis
1854 1907 2151 1978 voluptatis)
2185 1908 2235 1962 in
2269 1910 2531 1973 veritate,
2560 1916 2618 1963 et
2653 1908 2823 1963 induti
2872 1908 3097 1963 loricam
3122 1908 3347 1977 justitia:

85 2008 310 2076 iuoperc,
334 2017 390 2062 et
420 2009 510 2063 19..
547 2008 800 2073 calceati,
825 2016 1010 2061 contra
1039 2006 1260 2061 insidias
1288 2004 1486 2059 diaboli
1514 2009 1745 2060 munitos
1775 2006 2023 2060 habentes
2055 2006 2243 2076 pedes,
2282 2018 2499 2071 mentes,
2536 2006 2588 2060 in
2622 2006 3018 2076 prmparatione
3046 2005 3349 2076 Evangelii,

84 2112 129 2153 ut
159 2105 450 2171 prtrparetis
480 2121 575 2159 eos
610 2103 944 2174 percipiendo
991 2100 1310 2172 Evangelia,
1346 2101 1526 2172 pacis,
1572 2103 1903 2173 paciﬁcantis
1932 2116 1951 2154 :
1991 2102 2047 2157 ln
2093 2104 2343 2158 omnibus
2393 2112 2671 2158 sumentes
2718 2102 3099 2175 (intransitive)
3132 2112 3346 2158 Scutunt

86 2198 212 2265 ﬁdei,
248 2200 296 2253 in
323 2217 431 2270 quo
458 2201 691 2271 possitis
718 2200 905 2256 omnia
933 2199 1037 2255 tela
1056 2241 1069 2264 ,
1100 2201 1227 2254 vitia
1246 2240 1261 2261 ,
1292 2199 1648 2269 nequissimi,
1671 2200 1871 2255 diaboli
1898 2200 2055 2269 ignea
2083 2202 2461 2272 exstinguere,
2490 2210 2546 2256 et
2572 2200 2653 2253 15.
2684 2200 2892 2271 galeam
2924 2200 3148 2265 salutis,
3178 2218 3343 2271 spem,

86 2296 148 2348 cel
168 2296 316 2365 ipsam
346 2296 583 2351 salutent
615 2307 898 2363 wternam,
924 2296 1226 2362 assumite;
1259 2297 1344 2351 H.
1376 2305 1430 2353 et
1454 2296 1693 2367 gladium
1718 2298 1941 2366 spiritus
1968 2298 2132 2369 (quod
2163 2308 2249 2353 est
2275 2299 2499 2353 verbum
2523 2298 2640 2367 Dei)
2664 2312 2759 2367 per
2781 2310 2996 2353 omnem
3018 2298 3343 2363 orationem,

84 2398 129 2443 et
148 2407 226 2459 per
244 2408 468 2457 crucem,
504 2393 589 2447 vel
618 2393 1052 2449 obsecrationem
1073 2434 1086 2459 ,
1114 2403 1335 2448 Orantes
1369 2394 1516 2447 omni
1551 2403 1794 2463 tempore
1824 2394 1876 2447 in
1914 2395 2134 2464 spiritu,
2167 2404 2221 2449 et
2258 2396 2309 2448 in
2345 2394 2462 2465 ipso
2488 2394 2770 2465 vigilante:
2802 2394 2854 2449 in
2879 2394 3028 2450 omni
3062 2393 3345 2460 instantia,

88 2503 169 2539 non
193 2489 389 2541 remisse
409 2531 424 2553 ,
454 2499 512 2543 et
545 2490 919 2546 obsecratione
950 2506 1049 2560 pro
1080 2490 1333 2545 omnibus
1361 2490 1599 2555 sanctis;
1648 2499 1701 2544 et
1730 2504 1826 2560 pro
1859 2505 1944 2544 me
1964 2531 1978 2554 ,
2012 2499 2068 2542 ut
2106 2491 2265 2545 detur
2296 2490 2423 2544 mihi
2456 2504 2635 2545 sermo
2662 2488 2714 2543 in
2746 2489 3032 2559 apertione
3056 2488 3166 2542 oris
3193 2489 3297 2542 mei
3328 2530 3343 2551 ,

89 2586 421 2650 scilicet,cum
468 2587 709 2654 ﬁducia,
757 2605 859 2643 non
893 2606 1011 2643 cum
1051 2593 1270 2654 timore,
1302 2598 1488 2645 notum
1522 2587 1703 2643 facere
1736 2588 1821 2641 lii.
1861 2604 1948 2659 my
1984 2589 2176 2642 tcrium
2216 2587 2520 2656 Evangelii;
2566 2602 2662 2657 pro
2702 2602 2809 2657 quo
2849 2586 3118 2657 legatione
3150 2584 3345 2656 iungor

93 2682 133 2733 in
156 2692 354 2749 catena,
382 2701 605 2739 carcere
625 2725 641 2750 ,
673 2685 743 2739 ita
774 2693 834 2737 ut
861 2685 913 2738 in
947 2684 1062 2755 ipso
1096 2684 1326 2740 audeam
1347 2726 1361 2751 ,
1393 2693 1553 2756 prout
1580 2691 1794 2754 oportet
1828 2699 1941 2747 inc,
1972 2683 2138 2754 loqui.
2180 2683 2247 2739 Ut
2279 2693 2461 2737 autem
2491 2694 2545 2738 et
2591 2698 2685 2737 vos
2718 2682 2903 2737 sciatis
2932 2696 3050 2752 quae
3076 2681 3222 2737 circa
3254 2695 3345 2735 me

1412 2801 1980 2860 COMMENTARIUS.

92 2917 271 2973 alienos.
304 2918 422 2973 Non
444 2936 687 2974 assumes
716 2936 901 2974 nomen
930 2920 1025 2973 Dei
1060 2921 1135 2973 tui
1167 2921 1219 2973 in
1259 2936 1467 2973 vanum.
1503 2918 1644 2973 Sab-
1676 2924 1722 2979 Λ
1754 2918 2375 2984 tnram.Vernmtamen,
2405 2920 2732 2985 charissrmi,
2752 2934 2905 2974 arma
2929 2918 3029 2974 ista
3059 2932 3127 2973 ne
3144 2917 3350 2988 putetis

98 3008 192 3062 beta
217 3012 486 3065 custodies.
547 3010 614 3065 Et
672 3011 879 3080 reliqua
933 3019 1140 3079 septem
1190 3012 1243 3064 in
1294 3009 1531 3064 secunda
1580 3010 1648 3063 ad

94 3101 353 3165 proximum
382 3103 754 3173 pertinentia;
786 3118 1019 3172 quorum
1063 3102 1161 3155 fuit
1197 3104 1347 3173 prius
1378 3115 1395 3157 :
1424 3101 1646 3157 Honora

97 3199 258 3254 patrem
281 3201 325 3245 et
348 3203 602 3247 matrem.
634 3192 786 3248 Unde
818 3192 951 3247 dicit
974 3193 1114 3263 quod
1142 3203 1215 3246 est
1239 3193 1466 3263 primum
1504 3209 1649 3246 man-

97 3278 261 3334 datam.

151 3371 197 3424 Ξ.
231 3372 454 3432 Austros.
485 3378 561 3431 In
583 3377 936 3448 simplicitate.
963 3378 1177 3432 Motuum
1206 3393 1313 3446 quo
1345 3377 1472 3431 illud
1504 3378 1651 3433 dixe-

100 3470 163 3513 rat
182 3468 441 3533 expandit,
467 3468 841 3539 sulijungens:
870 3467 993 3523 Non
1025 3470 1093 3522 ad
1116 3468 1324 3522 oculum
1350 3468 1648 3523 servientes.

154 3553 199 3606 5.
234 3554 418 3612 LANF‘R.
464 3558 544 3612 Ει
588 3576 679 3613 vos
728 3560 938 3615 Domini
980 3562 1194 3625 eadem,
1227 3561 1275 3614 id
1310 3570 1424 3627 est,
1457 3561 1651 3616 similia

104 3643 144 3695 iu
181 3647 499 3718 simplicitate
556 3652 767 3718 cordis,
819 3661 872 3706 et
916 3653 1056 3707 bona
1083 3654 1391 3719 voluntate,
1421 3662 1479 3707 ut
1508 3653 1652 3708 servi

103 3736 262 3793 Christi
292 3741 556 3799 facientes
586 3745 918 3801 voluntatem
950 3746 1045 3801 Dei
1076 3762 1205 3816 erga
1235 3746 1379 3801 illos.

156 3830 200 3883 4.
234 3833 454 3892 Attianos.
485 3838 852 3892 Remittentes.
886 3838 1002 3893 Non
1032 3838 1169 3893 dixit
1202 3839 1532 3907 auferentes,
1557 3841 1651 3895 sed

106 3924 417 3985 remittentes.
449 3930 572 3987 Non
601 3932 743 3986 enim
776 3931 1051 4002 corrigere
1084 3946 1270 3987 servos
1290 3973 1308 3997 ,
1337 3934 1379 3987 si
1412 3934 1652 4003 pertina-

105 4016 215 4069 citer
236 4031 444 4087 peccant
466 4065 480 4089 ,
516 4024 793 4093 prohibet.

160 4113 204 4166 5.
244 4116 355 4171 Non
382 4128 456 4173 est
500 4120 678 4173 nobis.
723 4120 938 4175 Abusus
967 4131 1049 4175 est
1084 4121 1449 4177 indifferenter
1483 4123 1650 4178 collu-

106 4202 317 4260 ctationis
350 4211 609 4275 nomine,
642 4224 741 4278 pro
769 4210 909 4265 bello
941 4227 1168 4280 ponens.

1754 3012 1834 3066 sic
1858 3027 1979 3066 esse
2014 3023 2072 3065 ut
2099 3013 2253 3081 quasi
2286 3012 2427 3080 quod
2463 3021 2696 3078 scutum,
2740 3026 2953 3082 semper
2999 3019 3212 3066 scutum
3241 3009 3347 3076 sit,

1756 3105 2018 3175 autquod
2072 3104 2222 3176 galea
2278 3113 2389 3169 est,
2445 3119 2659 3175 semper
2707 3103 2858 3176 galea
2907 3104 3007 3171 sit;
3074 3113 3168 3159 aut
3226 3119 3347 3174 quze

1756 3195 1952 3259 lorica,
1984 3211 2201 3266 semper
2232 3196 2398 3252 lorica
2436 3197 2524 3252 sit.
2576 3196 2634 3251 In
2684 3196 2803 3252 istis
2851 3196 2994 3251 enim
3031 3196 3200 3252 armis
3223 3210 3348 3252 cor-

1755 3287 2031 3357 poralibus
2082 3287 2152 3342 ita
2202 3296 2307 3354 est,
2346 3302 2658 3358 quanquam
2685 3297 2741 3343 et
2787 3288 2854 3342 de
2888 3286 3036 3343 ferro
3068 3302 3190 3357 qum
3214 3286 3348 3342 ﬁunt

1758 3382 1954 3436 mutari
1984 3383 2232 3451 possint,
2265 3390 2324 3435 ut
2348 3396 2415 3436 ex
2447 3380 2626 3451 gladio
2665 3380 2905 3446 securis;
2956 3387 3132 3435 tamen
3177 3380 3348 3449 ipsum

1756 3472 2058 3542 apostolum
2109 3473 2352 3527 videmus
2397 3471 2601 3527 dixisse
2664 3472 2901 3541 quodam
2949 3471 3097 3537 loco,
3126 3470 3346 3525 loricam

1755 3564 1906 3632 ﬁdei,
1941 3572 1993 3616 ct
2024 3562 2132 3617 alio
2157 3562 2374 3626 dixisse,
2408 3572 2616 3617 scutum
2652 3563 2798 3627 ﬁdei.
2828 3562 3052 3617 Scutum
3078 3576 3209 3631 ergo
3234 3570 3341 3624 est,

1755 3655 1880 3724 quia
1922 3654 2027 3709 tela
2059 3654 2403 3708 inimicorum
2436 3654 2637 3723 excipit
2671 3662 2725 3709 et
2765 3653 2995 3723 repellit.
3026 3652 3217 3708 Lorica
3241 3661 3345 3716 est,

1757 3746 1880 3815 quia
1916 3745 2174 3800 interiora
2204 3754 2292 3798 tua
2324 3745 2563 3814 transfigi
2605 3759 2711 3799 non
2758 3744 2905 3799 sinit.

1830 3838 1916 3893 11.
1958 3836 2271 3892 Ammoan
2297 3837 2383 3891 die
2409 3834 2569 3892 malo.
2603 3835 2754 3891 Diem
2794 3835 2994 3889 malum
3028 3843 3346 3902 praesentem

1757 3931 1923 3984 vitam
1955 3930 2113 3995 dicit,
2152 3945 2217 3985 eo
2265 3932 2408 3999 quod
2456 3931 2507 3983 in
2558 3929 2810 3999 prtescnti
2842 3926 3039 3983 smculo
3075 3926 3213 3982 mala
3250 3926 3341 3999 [ᾖ.

1758 4020 1905 4092 mali]
1934 4030 2119 4091 agunt.

1831 4113 1914 4167 12.
1955 4113 2155 4168 Lanra.
2202 4112 2435 4167 Caleeati
2464 4111 2641 4181 pedes.
2672 4110 2960 4166 Calceatos
2985 4108 3142 4180 jubet
3181 4108 3349 4178 pedes

1757 4213 1975 4259 nostros
2006 4221 2165 4270 esse,
2198 4204 2325 4273 quia
2370 4203 2732 4273 cogitationes
2783 4210 3015 4265 nostrae,
3067 4216 3164 4270 per
3213 4210 3349 4267 quas

159 4293 202 4346 6.
239 4298 460 4356 Amusr.
496 4300 725 4373 (Enarr.
760 4303 813 4357 in
848 4301 1183 4371 Psul.cxvn,
1204 4316 1333 4359 tom.
1360 4305 1522 4378 Vlll.)
1552 4306 1653 4361 Re-
1687 4300 1727 4359 B
1759 4311 1911 4351 mens
1940 4296 2340 4365 quodammodo
2369 4294 2713 4356 deambulat,
2744 4292 2968 4346 munitas
3003 4291 3201 4345 debent
3227 4300 3349 4343 esse

109 4392 260 4440 ctores.
287 4389 545 4449 lieclores
576 4393 925 4449 tenebrarum
951 4396 1173 4463 harum,
1200 4397 1252 4451 id
1278 4406 1381 4463 est,
1415 4407 1655 4455 rectores

111 4470 367 4543 iniquorum
401 4485 663 4538 mundum
693 4484 852 4539 istum
896 4486 1256 4556 diligentium.

165 4567 208 4621 'l.
243 4572 424 4630 Contra
458 4577 785 4646 spiritualia.
812 4577 952 4634 Sunt
979 4596 1108 4647 ergo
1129 4582 1430 4651 spiritualia
1463 4586 1656 4652 nequi-

114 4658 181 4712 titc
208 4661 251 4715 in
276 4666 585 4722 coelestibus
654 4684 761 4723 non
800 4671 889 4725 ubi
919 4672 1098 4726 sidera
1124 4672 1382 4741 disposita
1417 4673 1651 4743 fulgent,

112 4756 155 4799 et
176 4754 318 4807 sancti
346 4761 517 4832 angeli
549 4769 977 4825 commorantur,
1008 4762 1101 4816 sed
1137 4762 1190 4815 in
1218 4762 1377 4831 hujus
1405 4763 1547 4818 aeris
1574 4763 1659 4819 in-

113 4834 198 4891 timi
218 4844 491 4916 caliginoso
514 4848 825 4904 habitacula
840 4890 854 4914 ,
889 4850 979 4904 ubi
998 4860 1056 4906 et
1073 4851 1263 4907 nebula
1279 4853 1650 4924 conglobatur.

169 4927 377 4991 Asianos.
407 4937 474 4992 In
508 4938 823 4993 ctelestibns.
860 4939 973 4995 Hoc
1018 4948 1135 5007 est,
1167 4957 1266 5013 pro
1305 4944 1650 5012 coelestibus,

117 5014 273 5087 idest,
316 5044 410 5096 pro
451 5046 621 5101 regno
649 5031 910 5087 caelorum
945 5034 1208 5089 adversus
1236 5034 1356 5092 illos
1384 5044 1467 5091 est
1499 5036 1653 5093 nobis

119 5120 367 5175 certamen.

172 5202 215 5255 8.
246 5204 426 5264 [μυξη.
461 5212 522 5267 In
559 5212 869 5269 caelestibus.
920 5214 1179 5270 leestia
1212 5227 1371 5272 vocat
1400 5219 1650 5285 virtutes,

122 5300 214 5354 quae
237 5296 295 5348 ad
324 5300 579 5368 caelestia,
613 5301 666 5355 in
700 5302 896 5372 quibus
920 5307 1239 5361 exercendis
1276 5308 1527 5378 spiritum
1559 5324 1656 5364 ne-

118 5400 246 5453 ‘luam
269 5403 737 5459 contradictionem
776 5404 1036 5475 patimur.

172 5482 216 5538 9.
252 5486 523 5559 Propterea
539 5499 779 5569 accipite.
807 5498 973 5565 Quasi
1003 5497 1209 5551 diceret
1237 5514 1251 5549 :
1288 5493 1423 5561 Quia
1454 5502 1644 5549 contra

122 5574 381 5639 spirituales
414 5587 592 5645 hostes
638 5590 865 5646 certatis
886 5632 899 5655 ,
945 5588 1280 5660 spiritualem
1314 5596 1643 5642 armaturam

122 5674 295 5726 timuere
319 5674 531 5735 debetis.

178 5758 247 5815 10.
267 5764 487 5827 Accusr.
507 5773 715 5830 (ibidem
748 5775 799 5829 in
827 5774 964 5845 psal.
993 5756 1199 5845 xxxiv.)
1224 5772 1453 5844 Accipite
1476 5789 1644 5827 arma-

1756 4395 1944 4442 contra
1975 4386 2196 4439 insidias
2228 4384 2583 4455 malignorum
2620 4383 2938 4452 spirituum,
2970 4390 3029 4434 ut
3073 4394 3350 4450 praepare-

1756 4492 1879 4531 mus
1911 4477 1963 4530 in
1993 4474 2152 4530 nobis
2176 4489 2240 4529 ea
2266 4490 2388 4544 qua:
2404 4472 2561 4542 jubet
2584 4471 2935 4541 Evangelimn
2962 4471 3132 4541 pacis,
3161 4469 3213 4524 id
3235 4478 3343 4534 est,

1756 4571 1981 4628 Christi.

1831 4665 1915 4718 15.
1948 4662 2168 4717 Galeam
2188 4662 2399 4716 salutis.
2425 4659 2586 4716 Salus
2614 4667 2817 4715 {eterna
2842 4657 3003 4714 debet
3021 4656 3144 4713 esse
3165 4663 3351 4711 nostra

1757 4758 1936 4827 galea,
1969 4755 2095 4826 quia
2125 4755 2176 4809 in
2209 4756 2471 4809 memoria
2506 4761 2745 4807 mentem
2792 4760 3067 4815 nostram,
3112 4765 3233 4821 qua:
3260 4763 3351 4803 ca-

1756 4851 1891 4923 pitis
1916 4849 2136 4905 nomine
2167 4848 2503 4917 designatur,
2535 4861 2679 4917 smpe
2704 4844 2864 4899 debet
2890 4843 3200 4898 obvolvere.

1830 4940 1916 4995 14.
1958 4939 2201 4995 Aucusr.
2242 4938 2393 5006 (ibid.
2443 4939 2498 4990 in
2540 4936 2676 5005 psal.
2725 4949 2937 5005 cxux.)
2978 4933 3045 4987 Et
3092 4932 3347 5002 gladium.

1759 5035 1952 5089 Sermo
1977 5048 2106 5103 ergo
2137 5030 2232 5085 Dei
2263 5024 2472 5099 gladius
2500 5027 2587 5082 bis
2617 5037 2842 5091 acutus;
2873 5024 3017 5080 unde
3045 5024 3130 5078 bis
3162 5029 3351 5075 acutus

1757 5124 1886 5179 dicit
1914 5123 1979 5177 de
2001 5119 2406 5192 temporalibus,
2437 5118 2566 5172 dicit
2589 5118 2656 5172 de
2673 5116 2912 5171 aeternis.
2941 5113 3166 5171 Gladius
3188 5109 3335 5181 enim

1756 5217 1840 5272 bis
1870 5224 2090 5279 acutus,
2124 5213 2191 5267 de
2217 5227 2326 5282 quo
2350 5210 2639 5281 Apostolus
2670 5210 2833 5275 dicit,
2865 5208 2993 5277 quia
3018 5206 3084 5261 de
3113 5211 3348 5271 utroque

1759 5316 2085 5363 testamento
2112 5306 2318 5360 feriens
2346 5304 2450 5358 hoc
2481 5302 2661 5373 gladio
2690 5298 3031 5364 mactabant;
3059 5296 3125 5351 de
3151 5293 3350 5366 quibus

1758 5400 2039 5455 dicebatur
2070 5397 2231 5453 Petro
2263 5412 2279 5452 :
2317 5395 2494 5450 Macta
2526 5405 2573 5449 et
2600 5393 2884 5449 manduca.

1835 5490 1921 5545 15.
1981 5489 2182 5544 Laxra.
2264 5487 2573 5558 Mysterinm
2653 5483 2950 5553 Evangelii;
3032 5479 3351 5553 Mysterium

1762 5582 2076 5654 Evangelii,
2126 5582 2177 5636 id
2214 5589 2329 5645 est,
2363 5580 2505 5649 quod
2542 5576 2896 5647 Evangelium
2929 5576 3216 5647 praedicat,
3268 5574 3349 5629 in-

1679 5670 1720 5727 C
1762 5677 2140 5733 carnationem
2170 5682 2224 5728 et
2266 5673 2579 5741 passionem
2612 5668 2816 5727 Christi
2845 5679 2899 5727 et
2937 5680 3132 5727 caetera
3164 5682 3349 5724 sacra-

1754 5775 1937 5824 menta
1973 5765 2083 5821 vult
2119 5763 2436 5834 intelligere.
2868 5798 2874 5803 .
3308 5778 3313 5781 -
