3964 6290
541 376 644 438 307
1538 370 1596 426 Β.
1631 370 2025 427 LANFRANCI
2063 368 2416 427 CANTUAR.
2458 365 2771 425 ARClllEP.
3698 370 3792 431 508

540 504 697 563 sunt,
729 493 858 565 quid
905 505 1060 564 agam
1082 532 1097 557 ,
1149 489 1329 544 omnia
1375 487 1527 545 vobis
1573 496 1697 542 nota
1730 487 1890 543 faciet
1939 486 2248 562 Tycmcus,
2274 485 2633 540 charissi‘mus
2688 485 2885 548 frater,
2905 489 2963 536 et
2992 479 3164 537 ﬁdelis
3194 489 3442 537 mtmster
3469 478 3523 536 in
3553 481 3802 553 Domino,

541 605 703 661 quem
744 588 866 643 misi
906 591 973 643 ad
1002 603 1125 651 vos,
1155 587 1209 642 in
1236 628 1251 653 ,
1281 595 1514 657 prapter,
1546 586 1651 640 hoc
1691 585 1898 655 ipsum,
1934 594 1994 639 ut
2053 582 2394 653 cognoscatis
2448 596 2567 650 qua:
2614 583 2757 635 circa
2803 594 2903 635 nos
2934 586 3091 643 sunt,
3121 587 3178 633 et
3203 594 3265 661 ne
3292 577 3550 631 deﬁciatis
3580 594 3670 638 pro
3694 596 3795 644 me,

542 684 858 741 consoletur
883 684 1046 739 corda
1079 691 1278 738 vestra.
1310 680 1420 735 Pax
1451 679 1717 736 fratribus
1746 688 1802 735 et
1843 678 2085 734 charitas
2112 693 2234 733 cum
2262 677 2368 732 ﬁde
2395 693 2424 731 a
2455 678 2565 732 Deo
2613 676 2806 739 Patre,
2843 684 2900 731 et
2940 674 3171 730 Domino
3196 673 3323 729 ἔθευ
3352 672 3589 729 Christo.
3628 673 3800 729 Gratia

539 782 643 847 sit,
668 796 791 838 cum
818 782 1075 837 omnibus
1101 780 1194 850 qui
1226 778 1456 851 diligunt
1483 778 1772 835 Dominum
1803 786 2051 834 nostrum
2079 775 2266 833 Iesum
2300 774 2581 832 Christum
2608 774 2661 829 iu
2691 773 3099 844 incorruptione
3118 814 3133 840 ,
3161 774 3384 828 sincere.
3408 772 3602 828 Amen.

603 922 3792 954 W

665 1064 1253 1161 E'PISTOLA
1324 1069 1429 1157 B.
1491 1066 1845 1157 PAULI
1918 1064 2503 1158 APOSTOL'I
2562 1064 2713 1155 AD
2771 1066 3689 1157 PHILIPPENSES.

1198 1258 1383 1322 CUM
1418 1257 1979 1321 INTERJECTIS
2042 1257 2120 1318 Β.
2162 1256 2643 1320 LANFRANCI
2686 1256 3160 1321 GLOSSULIS.

1985 1426 2316 1440 Ψ

612 1527 769 1601 153
783 1527 1631 1600 Antonianarum—Philippenses
1644 1538 1770 1586 sunt
1785 1530 2129 1586 Macedones.
2159 1545 2173 1567 ι
2237 1541 2561 1599 receperunt
2584 1529 2750 1586 falsos
2768 1529 3061 1598 apostolos.
3084 1530 3192 1587 llos
3213 1531 3479 1588 collaudat
3510 1534 3807 1605 Apostolus,

533 1621 624 1691 Ili,
654 1632 876 1694 accepto
895 1622 1064 1679 verbo
1083 1622 1350 1691 veritatis,
1376 1624 1726 1694 perstiterunt
1750 1624 1802 1678 in
1848 1623 1976 1689 ﬁde,
2023 1637 2126 1679 nee
2236 1621 2480 1677 scribens
2511 1622 2593 1677 eis
2632 1636 2664 1675 a
2695 1622 2864 1677 Roma
2898 1623 2964 1678 de
2998 1638 3218 1679 carcere
3250 1640 3350 1695 per
3378 1624 3807 1696 Epaphroditum.

1888 1757 2121 1814 CAPUT
2169 1756 2466 1813 PRIMUM.

606 1875 660 1930 i.
702 1873 904 1929 Pauius
933 1882 987 1929 et
1008 1873 1351 1940 Timotheus,
1384 1873 1527 1929 servi
1561 1870 1687 1929 Iesu
1714 1871 1942 1937 Christi,
1967 1872 2219 1927 erunibus
2239 1871 2447 1926 sanctis
2471 1870 2522 1925 in
2547 1868 2771 1926 Christo
2785 1869 2932 1937 Jesu,
2956 1870 3284 1940 conﬁrmatis
3322 1871 3430 1940 ﬁde
3466 1872 3662 1926 Christi
3689 1873 3809 1928 Iesu

531 1965 624 2035 qui
671 1974 801 2019 sunt
829 1963 1110 2035 Philippis,
1141 1966 1199 2019 2.
1236 1981 1358 2021 eum
1396 1965 1688 2034 episc0pis,
1732 1972 1786 2018 et
1838 1963 2182 2019 diaconihus.
2212 1961 2399 2018 Gratia
2433 1962 2603 2026 vobis,
2636 1970 2692 2017 et
2729 1977 2836 2032 pax
2867 1977 2896 2016 a
2926 1963 3036 2018 Deo
3066 1964 3227 2019 Patre
3256 1972 3466 2029 nostro,
3504 1973 3561 2020 et
3592 1965 3808 2020 Domino

531 2054 660 2110 ἔθευ
690 2053 930 2109 Christo.
963 2054 1181 2109 Gratias
1205 2069 1305 2125 ago
1342 2054 1453 2108 Deo
1478 2067 1599 2107 meo
1625 2052 1679 2108 in
1710 2052 1857 2108 omni
1897 2052 2159 2108 memoria
2192 2051 2394 2117 vestri,
2421 2066 2637 2122 semper
2668 2052 3078 2125 quotiescunque
3133 2056 3288 2109 rastri
3318 2056 3566 2111 recordor
3586 2096 3601 2123 ,
3628 2056 3805 2112 scilicet

532 2145 713 2200 habita
750 2146 804 2201 in
835 2146 1048 2201 cunctis
1086 2144 1425 2201 orationibus
1455 2144 1591 2200 meis
1633 2145 1788 2214 factis
1817 2159 1915 2214 pro
1939 2143 2198 2199 ontnibus
2221 2142 2376 2199 vobis
2420 2158 2543 2198 cum
2576 2144 2804 2214 gaudio,
2828 2144 2908 2198 vel
2949 2147 3130 2201 habito
3166 2147 3231 2202 de
3268 2150 3365 2202 hoc
3389 2149 3530 2217 quod
3558 2148 3809 2218 evangelio

531 2236 948 2309 communicatis,
979 2235 1414 2305 deprecationem
1442 2236 1668 2299 faciens,
1713 2250 1875 2306 super
1900 2235 1954 2289 5.
1986 2235 2481 2291 communicatione
2521 2246 2726 2302 vestra,
2759 2247 2814 2291 ut
2851 2255 2967 2292 eam
3009 2237 3151 2295 Deus
3195 2240 3525 2311 multiplicet,
3559 2241 3611 2295 in
3642 2240 3804 2295 Evan-

531 2327 675 2398 gelio
695 2328 905 2383 Christi
925 2328 1298 2398 perdurantem
1318 2344 1347 2383 a
1372 2331 1545 2398 prima
1571 2330 1659 2385 die
1688 2330 2041 2384 conversionis
2061 2338 2245 2383 vestra:
2269 2344 2439 2399 usque
2461 2344 2604 2384 nunc
2628 2344 2643 2382 :
2667 2329 2723 2384 4.
2748 2330 3026 2387 conﬁdens
3050 2332 3155 2388 hoc
3176 2332 3376 2402 ipsum,
3392 2332 3518 2402 quia
3541 2332 3634 2402 qui
3658 2332 3807 2401 cmpit

531 2420 587 2473 in
613 2421 769 2476 vobis
791 2436 928 2490 opus
958 2421 1184 2485 bonum,
1206 2421 1453 2489 perﬁciet
1481 2437 1652 2491 usque
1679 2421 1734 2475 5.
1765 2421 1818 2475 in
1844 2421 1990 2475 diem
2020 2420 2225 2476 Christi
2250 2418 2378 2474 ἔθευ
2407 2438 2421 2475 :
2442 2421 2660 2491 judicii,
2692 2422 2772 2476 uel
2802 2423 2972 2478 obitus
2998 2423 3253 2495 cujusque
3276 2443 3295 2481 :
3319 2425 3371 2480 6.
3405 2426 3550 2480 sicut
3576 2434 3660 2481 est
3688 2427 3803 2482 mihi

531 2513 762 2584 iustum,
792 2517 917 2587 quia
957 2517 1087 2571 bene
1131 2516 1312 2586 agitis,
1346 2513 1450 2569 hoc
1495 2512 1701 2568 sentire
1738 2528 1837 2583 pro
1880 2512 2133 2567 omnibus
2164 2510 2317 2565 vobis
2342 2511 2573 2581 :(reddit
2610 2512 2849 2583 causam)
2885 2527 2950 2569 eo
2977 2514 3122 2584 quod
3164 2515 3401 2569 habeam
3428 2530 3526 2570 vos
3557 2531 3609 2569 tn
3640 2517 3804 2581 corde,

536 2609 594 2662 id
616 2618 711 2675 est,
741 2608 903 2680 diligo
934 2626 1046 2675 vos,
1077 2618 1133 2665 et
1164 2609 1217 2663 in
1248 2606 1480 2663 vinculis
1507 2605 1662 2669 meis,
1691 2616 1747 2660 et
1775 2607 1829 2659 in
1854 2603 2192 2669 defensioue,
2216 2611 2271 2658 et
2300 2602 2712 2659 conﬁrmatione
2739 2604 3053 2678 (miraculis)
3094 2605 3395 2677 Evangelii,
3430 2607 3504 2660 ita
3528 2608 3729 2676 quidem
3757 2615 3807 2659 ut

531 2702 686 2757 velim
716 2703 894 2758 socios
916 2701 1097 2773 gaudii
1129 2700 1257 2765 mei,
1285 2700 1339 2754 id
1368 2708 1466 2763 est,
1494 2713 1637 2767 regni
1663 2696 1932 2761 caelorum,
1963 2709 2153 2750 omnes
2180 2708 2277 2749 vos
2305 2707 2446 2749 esse.
2485 2693 2643 2766 154
2672 2694 2852 2750 Testis
2873 2695 3018 2750 enim
3058 2697 3192 2750 mihi
3222 2706 3307 2750 est
3329 2698 3494 2764 Deus,
3533 2699 3670 2751 unde
3692 2700 3804 2751 mihi

532 2794 675 2848 testis
703 2803 777 2849 est
817 2794 979 2858 Deus,
1025 2792 1298 2865 quomodo
1325 2793 1380 2845 7.
1411 2791 1623 2861 cupiam
1654 2804 1845 2844 omnes
1884 2803 1981 2844 vos
2008 2789 2061 2842 in
2095 2786 2394 2841 visceribus
2419 2784 2547 2841 ἔθευ
2582 2784 2783 2842 Christi
2839 2785 2895 2840 id
2918 2797 2990 2841 est
3015 2788 3068 2841 in
3095 2788 3352 2844 charitate
3386 2806 3508 2845 auat
3537 2790 3805 2844 secundum

533 2886 804 2941 Christum
833 2896 906 2940 est
939 2902 1073 2942 esse.
1117 2886 1187 2940 Et
1230 2884 1334 2939 hoc
1374 2897 1492 2947 oro,
1526 2890 1585 2935 ut
1613 2880 1858 2936 charitas
1886 2888 2068 2934 vestra
2116 2877 2291 2947 magis
2339 2891 2404 2932 ac
2440 2877 2614 2948 magis
2655 2875 2895 2931 abundet
2933 2878 2987 2931 in
3025 2878 3273 2944 scientia,
3302 2888 3358 2934 et
3398 2879 3452 2933 in
3490 2882 3646 2935 omni
3662 2895 3811 2934 sensu

534 2975 773 3045 agendo;
815 2985 877 3031 ut
907 2976 1148 3047 probetis
1173 2984 1299 3029 actu
1322 2973 1434 3041 ipso
1475 2971 1707 3037 notiora,
1750 2980 1809 3024 ut
1837 2970 1959 3026 sitis
1993 2969 2217 3035 sinceri,
2248 2976 2304 3024 et
2348 2967 2467 3024 sine
2501 2966 2706 3023 oh‘ensa
2742 2968 2794 3022 in
2827 2968 2969 3023 diem
3005 2967 3241 3036 Christi,
3258 2970 3484 3040 judtcii,
3514 2972 3591 3025 vel
3630 2970 3807 3035 obitus,

535 3064 727 3134 repleti
757 3063 1205 3133 fructu-justitiaa,
1240 3065 1345 3118 vita
1379 3073 1608 3130 wterna,
1641 3078 1739 3132 per
1770 3060 1955 3117 Jesum
1983 3059 2260 3116 Christum
2284 3099 2299 3125 ,
2332 3059 2384 3113 in
2414 3058 2661 3129 gloriam,
2694 3068 2750 3113 et
2777 3057 2987 3113 laudem
3017 3059 3133 3115 Dei.
3167 3061 3323 3117 Scire
3345 3071 3528 3117 autem
3557 3076 3654 3117 vos
3679 3062 3810 3127 volo,

535 3155 752 3223 fratres,
784 3156 870 3228 (ne
898 3158 998 3227 ipsi
1037 3157 1486 3212 debaccharentur
1520 3166 1733 3226 propter
1759 3156 2050 3225 captionem
2094 3153 2351 3225 Apostoli)
2381 3154 2507 3224 quia
2543 3168 2663 3224 quae
2705 3154 2851 3209 circa
2887 3169 2973 3209 me
3003 3162 3156 3217 sunt,
3189 3154 3398 3208 vincula
3447 3171 3565 3209 mea
3604 3154 3806 3219 scilicet,

535 3248 709 3320 magis
739 3248 805 3303 ad
836 3248 1163 3318 profectum,
1194 3265 1354 3320 quam
1403 3248 1473 3301 ad
1519 3248 1908 3312 detrimentum,
1940 3255 2209 3302 venerunt
2233 3245 2535 3316 Evangelii,
2580 3246 2634 3301 8.
2681 3244 2753 3299 ita
2790 3254 3039 3299 venerunt
3078 3246 3150 3297 ad
3184 3245 3480 3314 profectum
3515 3255 3577 3300 ut
3608 3245 3809 3301 vincula

536 3357 657 3398 mea
700 3342 991 3399 manifesta
1035 3342 1230 3399 ﬁerent
1266 3342 1318 3396 in
1361 3341 1604 3405 Christo,
1634 3341 1759 3413 quia
1796 3358 1890 3411 per
1931 3340 2199 3395 Christum
2238 3341 2443 3395 vinctus
2470 3356 2635 3402 erant,
2681 3338 2734 3393 in
2780 3339 2925 3392 omni
2966 3339 3252 3409 prtetorio,
3283 3347 3338 3393 et
3364 3338 3416 3393 in
3448 3340 3665 3395 caneris
3693 3339 3807 3393 locis

535 3433 810 3503 omnibus,
834 3443 888 3490 et
916 3435 1098 3505 plures
1118 3449 1148 3489 e
1170 3435 1431 3490 fratribus
1455 3435 1505 3489 in
1529 3435 1779 3500 Domino,
1809 3434 2053 3503 apostoli,
2082 3434 2420 3490 conﬁdentes
2449 3432 2678 3489 vinculis
2714 3434 2848 3489 meis
2878 3444 3090 3504 propter
3114 3433 3325 3487 vincula
3358 3450 3500 3501 mea,
3531 3435 3806 3490 abundan-

537 3522 643 3580 tius
662 3523 815 3578 solito
839 3524 1106 3579 auderent
1124 3523 1177 3579 9.
1206 3524 1322 3579 sine
1349 3525 1545 3580 timere
1567 3525 1797 3579 verbum
1820 3525 1910 3579 Dei
1936 3524 2109 3595 loqui.
2128 3525 2214 3580 10.
2244 3524 2475 3592 Quidam
2496 3525 2713 3595 quidem
2739 3523 3057 3595 praedicant,
3082 3534 3137 3580 et
3162 3524 3249 3579 li.
3279 3534 3512 3596 propter
3536 3527 3804 3590 invidiam,

1891 3660 2464 3718 COMMENTARIUS.

607 3768 761 3825 CAP.
791 3770 962 3827 i.—l.
982 3774 1219 3831 Aunnos.
1245 3776 1335 3830 Ad
1353 3775 1731 3847 Philippensem
1756 3775 2130 3847 Philippenscs
2158 3781 2206 3839 Α
2235 3775 2307 3830 ita
2339 3775 2496 3831 velle.
2528 3775 2762 3847 Exponit
2787 3790 3007 3832 causam
3038 3793 3052 3830 :
3080 3774 3157 3829 Eo
3183 3776 3346 3847 quod,
3377 3776 3576 3848 inquit,
3610 3776 3810 3832 habeam

537 3860 645 3915 viri
674 3861 943 3933 elegantes
984 3874 1173 3931 erant,
1217 3867 1309 3922 sed
1339 3867 1404 3922 de
1441 3867 1678 3938 primatu
1710 3868 1986 3923 contentio
2012 3875 2130 3921 erat

538 3953 687 4009 inter
716 3956 977 4024 quosdam
1006 3956 1252 4023 illorum,
1284 3968 1340 4015 et
1378 3960 1481 4015 hoc
1516 3960 1659 4017 inter
1682 3961 1804 4017 illos
1835 3962 1927 4031 qui
1955 3962 2128 4017 virtu-

539 4045 688 4101 tibus
718 4047 896 4102 ornati
933 4047 1275 4105 videbantur.
1326 4050 1598 4108 Seribitur
1635 4068 1769 4124 ergo
1810 4053 1895 4108 his
1932 4053 2002 4108 de
2040 4069 2132 4108 ουρ

538 4137 716 4193 stadia
746 4138 1099 4206 humilitatis,
1132 4151 1187 4196 et
1216 4151 1274 4196 ut
1304 4157 1410 4198 non
1450 4144 1795 4200 intenderent
1827 4144 1986 4201 dictis
2017 4144 2132 4202 illo~

540 4244 664 4285 rum
688 4246 779 4301 qut
808 4232 1085 4289 custodire
1109 4247 1203 4289 eos
1227 4234 1398 4304 legem
1422 4235 1743 4291 suadebant.

616 4320 675 4375 2.
713 4320 845 4375 Cum
880 4323 1154 4394 episcopis.
1183 4324 1479 4395 Episcopos
1512 4327 1670 4392 dixit,
1700 4325 1792 4395 qui
1828 4340 1974 4381 nunc
2006 4339 2134 4396 pre—

544 4405 754 4481 sbiteri
796 4412 1071 4479 dicuntur,
1109 4428 1211 4468 nec
1246 4415 1392 4468 enim
1439 4413 1605 4483 hujus
1637 4415 1846 4472 ordinis
1889 4414 1972 4471 fas
2015 4422 2136 4470 erat

550 4501 753 4558 multos
780 4519 900 4560 esse
929 4504 982 4559 in
1011 4521 1116 4561 una
1146 4507 1384 4561 civitate.

617 4595 671 4649 5.
714 4594 913 4651 Lmen.
953 4596 1333 4655 Communione
1367 4610 1561 4663 vestra,
1603 4600 1656 4656 id
1692 4610 1799 4667 est,
1841 4615 1947 4670 qua
1987 4615 2137 4656 cem-

544 4686 859 4743 munionem
886 4688 1100 4744 habetis
1138 4689 1190 4743 in
1229 4690 1520 4761 Evangcl‘o
1558 4690 1786 4755 Christi,
1820 4691 1901 4746 vel
1931 4700 1990 4745 ut
2016 4705 2135 4745 ma-

542 4776 719 4846 iorem
758 4779 1041 4846 habeatis;
1084 4780 1151 4835 ad
1191 4790 1478 4850 utramque
1506 4781 1652 4835 enim
1692 4780 2017 4837 sententiam
2050 4796 2137 4836 re-

544 4871 687 4928 fertu
696 4889 741 4928 r.

616 4964 672 5019 4.
714 4964 993 5034 Conﬁdens
1036 4964 1134 5018 hoc
1186 4964 1380 5034 ipsum.
1424 4964 1539 5020 Hoc
1586 4964 1709 5020 ideo
1758 4963 1978 5034 adjecit,
2009 4965 2137 5035 quia

547 5055 829 5113 incautum
880 5057 1163 5112 videbatur
1199 5056 1435 5127 gaudere
1472 5057 1537 5111 de
1574 5056 1660 5111 his
1696 5071 1928 5126 quorum
1956 5058 2136 5113 exitus

550 5158 669 5204 erat
700 5151 962 5204 incertus.

621 5238 677 5293 5.
712 5238 781 5292 In
814 5240 952 5293 diem
983 5236 1202 5293 Christi.
1247 5237 1397 5293 Diem
1437 5237 1636 5292 Christi
1676 5237 1803 5293 ἔθευ
1850 5247 2009 5295 vocat
2049 5238 2138 5295 vel

551 5333 977 5403 uniuscujusque
1000 5331 1143 5386 diem
1176 5339 1503 5396 extremum,
1529 5347 1636 5403 quo
1661 5332 1728 5387 de
1751 5348 1979 5403 corpore
2000 5333 2132 5397 exit,

552 5434 607 5480 et
631 5426 697 5480 ad
717 5424 980 5494 judicium
1007 5420 1211 5477 Christi
1236 5422 1583 5492 perdueitur;
1609 5422 1692 5477 vel
1718 5422 1931 5478 ﬁnalem
1955 5422 2138 5479 δίρρυιί

554 5519 722 5583 diem,
751 5532 860 5587 quo
887 5516 953 5572 ad
989 5513 1341 5584 iudicandum
1373 5522 1632 5570 venturus
1657 5524 1741 5570 est
1763 5516 2043 5569 Dominus.

624 5608 678 5662 6.
721 5605 867 5661 Sicut
902 5616 949 5661 et
972 5607 1100 5660 mihi
1113 5606 1319 5676 justum
1340 5615 1434 5660 est.
1459 5604 1621 5671 Quasi
1644 5605 1848 5660 diceret
1874 5623 1888 5660 :
1917 5604 2136 5660 Gratias

552 5715 655 5773 pro
699 5700 855 5756 vobis
886 5715 1010 5771 ago,
1046 5700 1214 5754 Deum
1255 5714 1372 5753 oro.
1425 5698 1501 5752 De
1542 5697 1696 5753 vobis
1736 5696 1873 5753 bene
1901 5698 2135 5763 confido,

556 5793 699 5848 sie-tt
738 5792 941 5863 justum
982 5802 1065 5850 est
1110 5793 1240 5848 mihi
1270 5792 1335 5848 dc
1370 5790 1521 5847 vobis
1550 5790 1652 5847 hoc
1681 5790 1915 5858 sentire,
1952 5789 2003 5846 id
2033 5797 2136 5858 est,

2234 3881 2325 3920 vos
2347 3866 2401 3920 in
2428 3867 2605 3933 corde,
2637 3866 2753 3922 sive
2774 3866 3033 3933 vinctus,
3053 3866 3168 3922 sive
3197 3866 3524 3933 defendens,
3551 3870 3665 3924 sive
3695 3885 3809 3923 con.

2236 3955 2461 4012 ﬁrmans
2486 3956 2857 4028 Evangelium,
2890 3966 2949 4012 ut
2972 3972 3164 4013 omnes
3185 3957 3305 4013 sitis
3329 3959 3461 4014 socii
3493 3960 3674 4029 gaudii
3697 3959 3811 4027 mei,

2234 4047 2289 4104 ’d
2322 4057 2427 4115 est,
2459 4048 2610 4119 regni
2645 4049 2899 4105 cmlestis.

2308 4141 2361 4195 7.
2400 4144 2642 4197 Animos.
2668 4139 2889 4213 Cuptam
2926 4158 3035 4198 eos.
3071 4142 3225 4210 Quod
3258 4143 3391 4200 dixit
3430 4159 3483 4200 ὐ
3528 4144 3813 4201 visceribus

2235 4232 2465 4296 Christi.
2508 4234 2689 4290 dicere
2730 4234 2899 4290 voluit
2940 4235 2997 4290 in
3030 4236 3298 4292 charitate
3335 4236 3425 4292 illa
3486 4246 3600 4308 rquae
3637 4253 3813 4294 secun-

2238 4325 2364 4381 dum
2391 4325 2669 4383 Christum
2699 4337 2801 4383 est.

2307 4418 2361 4473 8.
2391 4417 2477 4472 Ita
2514 4429 2569 4472 ut
2610 4418 2839 4473 vincula.
2875 4418 3009 4475 Nam
3047 4420 3259 4476 vinctus
3296 4422 3362 4474 ad
3403 4421 3651 4477 omnium
3690 4421 3814 4476 noti,

2237 4507 2367 4561 tiam
2407 4510 2687 4578 pervenit,
2725 4518 2781 4565 et
2829 4510 3012 4565 ﬁdeles
3046 4526 3169 4566 cum
3218 4510 3415 4567 ﬁducia
3455 4512 3721 4567 docebant
3753 4526 3814 4573 ex

2237 4599 2326 4656 his
2351 4616 2472 4671 quae
2500 4601 2645 4656 circa
2672 4601 2819 4656 illum
2845 4602 2986 4656 facta
3014 4612 3161 4668 sunt,
3187 4602 3439 4658 ﬁduciam
3463 4605 3811 4674 accipientes;

2236 4691 2455 4761 quidam
2490 4703 2709 4762 propter
2732 4693 2988 4749 invidiam
3014 4694 3291 4749 Christum
3322 4697 3677 4763 annuntiant;
3703 4711 3811 4765 quae

2237 4792 2471 4855 utraque
2507 4785 2669 4841 latius
2701 4786 2973 4857 signiﬁcat
3012 4786 3320 4857 adjicienda
3347 4806 3361 4842 :
3390 4787 3501 4841 Alii
3522 4805 3586 4843 ea:
3619 4798 3815 4843 contem

2236 4877 2398 4943 tione,
2427 4878 2641 4949 quidam
2671 4878 2879 4949 quidem
2917 4895 2982 4933 ea:
3002 4881 3275 4934 charitate.

2312 4968 2366 5023 9.
2410 4968 2611 5023 Lassa.
2644 4969 2772 5026 Sine
2817 4970 3022 5025 timore.
3069 4969 3327 5026 Videntes
3371 4971 3463 5025 alii
3511 4971 3813 5042 Apostolum

2240 5058 2294 5114 in
2326 5059 2560 5115 vinculis
2593 5076 2699 5115 non
2751 5061 3029 5116 timentem
3069 5062 3294 5116 verbum
3336 5061 3429 5117 Dei
3470 5062 3615 5131 loqui
3658 5061 3815 5114 abun-

2164 5145 2209 5204 B
2238 5151 2542 5208 dantiorem
2587 5151 2895 5207 audentiam
2950 5151 3235 5208 sumebant
3276 5168 3395 5209 sme
3450 5153 3645 5209 timore
3683 5150 3814 5221 loqui

2238 5248 2464 5302 verbum
2494 5245 2607 5309 Dei,
2641 5261 2764 5301 cum
2797 5245 2895 5317 ipsi
2928 5262 3035 5301 non
3066 5255 3249 5302 essent
3278 5247 3470 5303 vincti.

2311 5338 2397 5392 10.
2437 5338 2675 5393 Aucusr.
2721 5336 2836 5406 (lib.
2865 5336 3060 5391 Contra
3092 5338 3424 5392 mendacium
3453 5340 3522 5393 ad
3552 5336 3810 5398 ϐοηθεῖτε..

2239 5443 2287 5484 c.
2308 5430 2363 5495 6,
2396 5437 2525 5482 tom.
2558 5427 2673 5497 ιν.)
2704 5427 2933 5494 Quidam
2961 5428 3192 5497 quidem.
3224 5428 3465 5483 Fuerunt
3489 5429 3634 5483 enim
3661 5428 3813 5483 etiam

2241 5518 2575 5587 temporibus
2612 5516 2980 5587 apostolorum
3007 5517 3099 5588 qui
3124 5517 3414 5572 veritatem
3440 5532 3544 5571 non
3571 5518 3813 5579 veritate,

2244 5609 2299 5664 id
2337 5616 2453 5673 est,
2484 5622 2591 5663 non
2642 5607 2824 5663 veraci
2867 5607 3049 5662 animo
3088 5606 3467 5678 praedicarent,
3511 5620 3650 5677 quos
3697 5602 3819 5659 dicit

2246 5697 2536 5769 Apostolus
2570 5697 2846 5753 Christum
2880 5697 3233 5753 annuntiasse
3260 5713 3367 5753 non
3403 5706 3575 5762 caste,
3610 5698 3705 5751 sed
3733 5708 3819 5764 per

2247 5787 2504 5845 invidiam
2551 5797 2602 5846 et
2637 5788 3069 5856 contentionem;
3096 5802 3160 5846 ac
3204 5803 3303 5861 per
3352 5790 3454 5847 hoc
3499 5787 3667 5845 etiam
3706 5796 3821 5842 tunc
