3880 6306
102 374 191 430 sas
770 377 835 433 IN
874 380 936 434 ι).
988 380 1194 437 raw
1226 382 1444 442 EPIST.
1485 385 1837 446 COMMENT.
1875 422 1943 432 -
1971 391 2191 451 EPIST.
2232 396 2322 451 AD
2359 395 2634 454 PltlLIPP.
3223 364 3326 461 sto

103 497 150 540 at
186 488 234 540 in
272 503 351 540 nte
388 490 797 557 persecutionem
831 494 1175 558 excitent,.et
1213 498 1646 564 contentionem,
1690 500 1908 571 quidam
1939 510 2117 560 autem
2146 516 2196 560 ct
2225 518 2440 577 propter
2464 509 2659 563 bonam
2694 511 3018 570 voluntatem
3052 517 3324 577 Christum

102 577 405 645 praedicant;
441 577 667 646 (repetit,
697 579 910 648 quidam
942 583 1172 654 quidem)
1199 586 1417 653 quidam
1455 589 1744 655 praedicant
1770 604 1834 643 ex
1871 592 2160 657 charitate,
2201 598 2456 661 scientes,
2490 598 2716 652 ridentes
2742 604 2992 668 quoniam
3040 607 3091 660 in
3134 608 3325 662 defert-

100 668 286 722 sionem
313 667 593 738 Evangelii
611 668 821 739 positus
847 685 963 724 sum
987 672 1041 725 in
1066 689 1290 728 carcere.
1310 675 1539 746 (repetit,
1560 678 2017 753 quidamquidem)
2034 684 2260 750 Quidam
2286 695 2464 739 autem
2492 686 2574 739 12.
2599 701 2663 739 ex
2688 667 3031 746 contentione
3048 692 3320 751 Christum

99 759 402 811 aununtiant
431 773 544 812 non
584 760 819 824 sincere,
849 760 937 815 13.
964 762 1338 820 existimantes
1368 780 1674 833 pressuram
1714 783 1771 823 se
1810 772 2073 827 suscitare
2102 774 2331 830 vinculis
2370 776 2536 841 meis,
2568 780 2658 832 sed
2700 782 2811 837 Iure
2838 786 3010 839 omnia
3051 791 3213 858 magis
3257 791 3326 842 ad

98 849 360 917 profectum
383 860 653 903 venerunt.
687 850 825 917 Quid
851 850 993 904 enim
1016 851 1042 903 2
1071 851 1280 907 Scilicet
1307 854 1483 923 refert.
1515 854 1647 908 Dum
1670 859 1815 911 omni
1844 860 2021 925 modo,
2050 861 2164 916 sive
2195 878 2295 931 per
2322 866 2683 934 occasionem,
2715 871 2768 923 id
2797 881 2893 937 est,
2924 849 3324 946 prOpter'pcrse—

99 942 336 993 cntionem
375 942 718 1013 excitandam
759 940 907 1006 mihi,
956 943 1069 1003 sive
1111 958 1207 1012 per
1249 946 1555 1004 veritatem,
1585 958 1766 1002 sancto
1809 951 2092 1017 desidem,
2130 954 2381 1011 Christus
2423 959 2799 1023 antmntietur,
2834 971 2889 1014 et
2925 940 2979 1015 in
3022 940 3326 1033 hoc,un

96 1043 371 1095 prcssuram
400 1030 538 1082 mihi
557 1032 809 1096 excitant,
832 1034 1037 1103 gaudeo
1057 1051 1193 1088 nunc
1216 1037 1308 1090 sed
1334 1046 1389 1091 ct
1422 1041 1682 1109 gaudebo.
1712 1040 1849 1096 Ecce
1873 1060 1989 1109 cur,
2023 1044 2109 1098 14.
2139 1044 2263 1101 Scio
2293 1048 2434 1102 enim
2458 1050 2589 1118 quia
2620 1051 2739 1115 hoc,
2770 1051 2863 1104 illa
2891 1069 3162 1123 pressura,
3194 1030 3327 1112 mihi

96 1117 351 1184 proveniet
379 1118 449 1172 ad
480 1119 736 1185 salutem,
767 1134 864 1189 per
890 1131 1124 1177 vestram
1154 1126 1475 1193 orationem,
1505 1129 1593 1183 15.
1620 1139 1678 1186 et
1709 1133 2265 1190 subministrationem
2297 1117 2529 1207 Spiritus
2556 1138 2683 1195 Jesu
2712 1117 2934 1209 Christi,
2964 1146 3017 1215 (a
3039 1117 3327 1221 contrario)

98 1205 280 1276 largam
315 1210 635 1276 mercedem,
667 1221 915 1279 quantam
957 1213 1098 1267 decet
1141 1216 1403 1284 spiritum,
1444 1218 1699 1286 tribuere,
1731 1223 2024 1277 secundum
2069 1205 2560 1296 exspectationem,
2586 1240 2637 1283 et
2675 1232 2772 1284 hoc
2803 1205 3057 1303 exspecto,
3083 1249 3136 1291 et
3177 1205 3328 1308 spem

101 1310 269 1398 meam,
308 1306 357 1349 et
383 1301 730 1368 spero,‘quia
759 1300 811 1354 in
839 1299 984 1354 nullo
1014 1301 1099 1355 16.
1130 1303 1450 1371 confundor,
1480 1307 1640 1378 155
1671 1311 1763 1363 sed
1803 1311 1855 1365 in
1896 1314 2076 1367 omnia
2106 1316 2322 1382 ﬁducia,
2355 1321 2493 1377 sicut
2528 1340 2773 1398 seraper,
2801 1340 2856 1384 et
2887 1299 3056 1397 nunc,
3088 1299 3327 1391 etiamin

99 1381 310 1446 rinculis,
341 1384 787 1496 milgpjliLcabitur
817 1387 1063 1447 Christus
1091 1392 1145 1446 in
1180 1408 1410 1463 corpore
1445 1411 1585 1460 meo,
1610 1399 1723 1453 sive
1750 1414 1847 1469 per
1872 1401 2062 1467 vitam,
2096 1404 2273 1460 dando
2295 1413 2585 1481 exemplum
2613 1381 2734 1470 ὀί)ηὲ
2760 1381 2914 1483 aliis,
2960 1381 3056 1474 17.⁷
3076 1422 3191 1478 sive
3231 1439 3329 1496 per

100 1471 442 1577 mortem,.18.
478 1471 611 1527 Mihi
637 1475 778 1529 enim
806 1478 1009 1545 vivere,
1040 1498 1202 1536 causa
1224 1484 1347 1537 vita:
1376 1501 1526 1551 mete,
1562 1484 1812 1545 Christus
1850 1499 1966 1557 est,
2002 1500 2056 1547 et
2088 1495 2223 1550 mori
2262 1471 2494 1564 lucrum,
2534 1504 2657 1573 quia
2702 1515 2825 1559 tunc
2867 1471 3125 1577 quiescam
3164 1529 3196 1565 a
3231 1471 3328 1566 ila-

100 1559 299 1663 tioribus.
320 1560 413 1617 '19.
439 1561 598 1628 Quod
623 1565 668 1618 si
699 1566 856 1620 etiam
885 1570 1066 1626 vivere
1097 1570 1150 1625 in
1181 1586 1374 1639 carne,
1406 1572 1495 1628 hic
1530 1575 1663 1631 mihi
1700 1577 1905 1635 fructus
1944 1582 2123 1651 operis
2166 1593 2270 1651 est,
2301 1589 2436 1643 sicut
2470 1559 2516 1645 et
2546 1559 2714 1664 .mori,
2745 1610 2801 1652 et

102 1653 282 1722 ignoro,
308 1671 428 1708 cum
469 1667 755 1729 utrumque
790 1662 973 1730 prosit,
1015 1663 1142 1732 quid
1169 1662 1356 1733 eligam
1383 1667 1595 1735 ignoro,
1636 1670 1802 1725 vivere
1839 1689 1907 1726 an
1946 1677 2099 1729 mori.
2148 1677 2411 1738 Coarclor
2445 1695 2655 1754 autem,
2682 1653 2848 1757 enim,
2881 1710 2912 1750 e
2956 1653 3329 1770 duobus;u(bis

107 1748 286 1770 --ειε--.ι
325 1751 423 1770 1--·
448 1752 513 1770 le,
536 1753 548 1764 -
674 1756 686 1770 ι
745 1755 759 1770 ι
919 1755 954 1770 ιι
1051 1756 1066 1770 I
1108 1756 1120 1769 ο
1846 1765 1892 1770 ,η
1951 1768 1960 1770 -

101 1748 287 1819 scilicet)
313 1751 646 1807 desiderium
672 1755 876 1810 habens
902 1755 1123 1811 dissolvi
1146 1775 1179 1812 a
1205 1774 1439 1827 corpore,
1471 1770 1664 1818 etesse
1686 1780 1807 1819 cum
1834 1765 2067 1833 Christo,
2097 1770 2457 1846 (parenthesis)
2482 1782 2649 1838 multo
2676 1748 2847 1856 magis
2872 1789 3081 1857 melius,
3104 1748 3325 1848 scilicet.

101 1850 179 1903 est,
195 1856 293 1894 esse
314 1858 432 1895 cum
454 1840 669 1898 Christo
692 1862 709 1908 ;
735 1861 1052 1914 permanere
1076 1858 1254 1904 autem
1282 1866 1362 1905 me
1381 1850 1436 1905 in
1459 1866 1647 1918 carne,
1675 1857 2062 1923 necessarium,
2087 1861 2230 1926 utile,
2253 1840 2476 1937 propter
2498 1885 2614 1937 vos,
2637 1885 2691 1927 ut
2713 1840 2828 1931 de’m
2851 1878 2987 1933 vobis
3007 1840 3321 1951 exemplum.

102 1932 155 2041 Et
186 1933 281 2041 hocr
308 1934 469 2003 (quod
498 1938 854 1990 necessarium
886 1948 967 1993 est
989 1939 1152 2011 vobis)
1180 1940 1495 2041 conﬁdens,
1517 1942 1636 2041 seio
1657 1945 1779 2014 quia
1815 1950 2072 2016 manebo,
2100 1962 2155 2007 et
2184 1932 2510 2024 permanebo
2547 1932 2794 2022 omnibus
2822 1932 3328 2041 vobispapud

102 2020 153 2073 ad
171 2022 453 2090 proiectum
482 2033 751 2090 vestrum,
786 2036 844 2082 et
882 2030 1136 2099 gaudium
1167 2031 1309 2096 ﬁdei,
1340 2032 1477 2103 quod
1503 2031 1633 2101 ﬁdes
1660 2047 2017 2103 promeretur,
2044 2040 2125 2093 vel
2153 2020 2353 2113 erigit;
2384 2058 2446 2103 ut
2479 2020 3322 2122 gratulatiovveslrambundetviri

102 2110 286 2165 Christo
310 2111 440 2167 Jesu
468 2115 558 2179 in,
579 2131 691 2183 per,
723 2132 808 2171 me
850 2117 1068 2179 scilicet,
1090 2133 1189 2188 per
1213 2132 1390 2172 meum
1418 2121 1705 2175 adventum
1735 2122 1930 2177 iterum
1962 2127 2028 2180 ad
2055 2144 2172 2184 vos.
2202 2110 2433 2189 Tantum
2460 2110 2620 2208 digne
2640 2110 3327 2214 EvangelioCliris-ti“

101 2204 377 2267 versamini,
404 2206 490 2259 ita
537 2216 617 2270 ut,
645 2222 762 2264 sive
787 2224 906 2263 cum
930 2224 1129 2264 venero
1150 2218 1205 2264 et
1233 2209 1421 2264 videro
1444 2224 1558 2275 vos,
1587 2211 1701 2266 sive
1724 2212 1941 2277 absens,
1981 2218 2177 2272 scilicet
2212 2221 2385 2289 fuero,
2417 2204 2632 2281 audiam
2665 2231 2729 2283 de
2758 2204 2911 2288 vobis
2932 2234 3056 2303 quia
3088 2237 3243 2291 statis
3275 2204 3325 2290 in

103 2309 189 2346 uno
208 2295 386 2362 spiritu
431 2299 749 2365 unanimes,
780 2300 1174 2356 collaborantes
1208 2301 1333 2355 ﬁdei
1381 2301 1682 2371 Evangelii,
1713 2313 1790 2368 et,
1827 2307 1902 2359 ita
1942 2318 2020 2372 ut,
2067 2309 2116 2363 in
2164 2312 2309 2367 nullo
2354 2321 2666 2374 terreatnini
2710 2324 2778 2377 ab
2820 2295 3176 2381 adversariis'
3207 2344 3328 2397 qua:

102 2387 234 2455 (quod
274 2388 368 2457 ipsi
401 2405 499 2443 eos
538 2391 758 2463 terrent)
800 2391 903 2446 illis
935 2399 1020 2446 est
1056 2405 1219 2444 causa
1266 2389 1604 2459 perditionis,
1636 2391 1790 2445 vobis
1815 2400 1995 2448 autem
2036 2396 2243 2465 salutis,
2290 2401 2472 2471 (causa
2514 2421 2609 2458 cur
2636 2424 2737 2461 non
2770 2412 3089 2482 terreamini)
3122 2387 3327 2481 ethoc,

104 2485 215 2553 quod
243 2485 335 2554 ipsi
355 2504 439 2540 nos
465 2497 667 2541 terrere
692 2486 891 2554 volunt,
922 2503 951 2541 a
979 2488 1109 2550 Deo,
1140 2485 1334 2540 scilicet
1362 2485 1543 2538 datum
1573 2494 1674 2551 est,
1714 2486 1839 2555 quia
1866 2488 2018 2544 vobis
2043 2491 2297 2549 donatum
2332 2506 2415 2552 est
2443 2514 2540 2567 pro
2576 2497 2811 2565 Christo,
2845 2518 2949 2557 non
2977 2502 3147 2556 solum
3173 2510 3231 2556 ut
3266 2504 3318 2557 in

102 2595 203 2635 eum
222 2584 467 2649 credatis,
500 2585 604 2640 sed
635 2593 693 2639 ut
730 2584 896 2641 etiam
923 2598 1020 2654 pro
1049 2580 1140 2638 illo
1160 2579 1467 2653 patiamini,
1494 2579 1586 2646 2|,
1618 2579 1707 2635 22.
1747 2581 1889 2637 idem
1917 2592 2192 2643 certamen
2239 2588 2499 2647 habentes
2524 2592 2682 2663 quale
2703 2600 2761 2648 et
2787 2592 2993 2650 vidistis
3031 2592 3082 2649 in
3117 2608 3226 2662 me,
3259 2606 3323 2654 et

104 2690 222 2729 nunc
241 2677 459 2731 audistis
487 2678 564 2732 de
594 2692 699 2734 me.

1532 2763 1763 2821 CAPUT
1806 2764 1874 2817 ll.

160 2850 210 2905 Si
232 2868 327 2922 qua
356 2868 485 2925 ergo
512 2854 817 2909 consolatio
842 2870 1000 2925 quam
1025 2854 1325 2922 exspectetis
1352 2854 1405 2908 in
1439 2854 1672 2922 Christo,
1705 2858 1750 2913 si
1776 2860 1918 2927 quod
1947 2869 2020 2911 est
2046 2860 2173 2913 mihi
2200 2860 2253 2914 in
2285 2862 2424 2915 vobis
2455 2862 2702 2917 solatium
2732 2863 3040 2931 clraritatis,
3070 2866 3120 2919 1.
3145 2866 3191 2921 si
3218 2880 3325 2937 qua

107 2944 299 3000 societas
319 2949 567 3017 spiritus,
596 2950 653 3002 2.
678 2950 722 3003 si
748 2965 857 3018 qua
889 2949 1093 3003 viscera
1117 2948 1506 3016 miserationis,
1538 2952 1753 3023 implete
1793 2954 2046 3024 gaudium
2084 2970 2281 3020 meum,
2315 2958 2508 3012 scilicet
2551 2968 2610 3013 ut
2642 2959 2782 3015 idem
2809 2961 3052 3030 sapiatis,
3078 2963 3320 3017 eamdem

109 3041 381 3098 charilatem
410 3046 702 3109 habentes,
744 3044 1045 3109 unanimes,
1071 3043 1300 3114 idipsum
1345 3047 1671 3113 sentientes,
1707 3048 1840 3103 nihil
1868 3066 1966 3119 per
1992 3051 2395 3107 contentionem
2420 3053 2581 3124 156
2613 3068 2786 3123 neque
2826 3069 2923 3124 per
2953 3054 3169 3111 inanem
3202 3056 3333 3127 ειη-ί

110 3136 217 3192 liam
239 3140 512 3209 facientes;
548 3141 643 3195 sed
668 3140 725 3195 in
774 3140 1077 3199 humilitate
1104 3143 1414 3215 superiores
1441 3144 1541 3198 sibi
1590 3144 1819 3198 invicem
1859 3145 2216 3212 arbitrantes,
2245 3161 2349 3201 non
2381 3162 2499 3217 qua:
2539 3164 2636 3203 sua
2666 3159 2791 3204 sunt
2839 3150 3031 3223 singuli
3077 3154 3312 3208 conside-

1421 3238 1798 3293 COMMENTA
1808 3239 1872 3293 ιιι
1884 3240 1989 3297 US.

108 3345 307 3401 nonnulli
338 3347 556 3403 tolerati
580 3357 707 3404 sunt
729 3357 1109 3406 annuntrantes
1137 3364 1242 3406 non
1275 3359 1427 3406 casto
1458 3352 1640 3407 animo
1674 3336 1721 3393 Α
1822 3353 1910 3408 18.
1953 3352 2087 3408 Mihi
2112 3354 2269 3410 enim.
2309 3355 2573 3423 Quoniam
2623 3358 2757 3413 dixit
2790 3359 2915 3429 quia
2955 3362 3327 3431 magniﬁcabi—

108 3435 374 3495 veritatem.
428 3439 554 3494 Non
609 3448 788 3495 tamen
839 3440 915 3495 illi
961 3440 1162 3497 laudati
1208 3451 1335 3497 sunt
1389 3450 1659 3512 tanquam-
1751 3451 1840 3499 tur
1869 3444 2115 3500 Christus
2143 3462 2237 3517 per
2277 3447 2463 3514 vitam,
2494 3462 2593 3503 nec
2642 3449 2784 3504 hanc
2806 3452 3176 3520 procationem
3232 3454 3329 3507 ha-

109 3530 451 3588 aununtiantes
510 3542 669 3589 casto
726 3535 908 3589 animo
956 3532 1272 3591 falsitatem.
1323 3536 1529 3593 Deinde
1579 3538 1649 3594 de
1749 3533 1930 3602 bebat,
1967 3535 2193 3604 adjecit:
2228 3537 2361 3591 Mihi
2399 3541 2532 3591 enim
2557 3539 2718 3594 vivere
2741 3538 2979 3595 Christus
3009 3552 3124 3608 est;
3156 3558 3331 3614 neque

111 3615 193 3669 illis
235 3619 391 3677 dicit:
440 3622 569 3679 Sive
618 3626 907 3691 occasione,
957 3625 1061 3680 sive
1109 3627 1355 3693 veritate,
1409 3626 1648 3685 Christus
1750 3626 1916 3692 enim,
1946 3627 1993 3681 si
2024 3628 2221 3692 vivam,
2256 3628 2494 3697 inquam,
2523 3628 2749 3684 alterius
2784 3630 2861 3685 rei
2888 3646 3071 3685 curam
3099 3632 3292 3686 habeo.

111 3713 418 3767 attuunlietur,
1819 3715 1905 3769 19.
1946 3713 2147 3770 Lmrn.
2190 3714 2342 3781 Quod
2389 3718 2432 3770 si
2480 3717 2644 3772 vivere
2686 3719 2742 3772 in
2778 3734 2952 3773 carne.
2986 3720 3230 3786 Quandiu
3268 3721 3324 3775 iu

166 3797 441 3857 illam.
468 3804 1085 3874 Propterinvidiam,vel
1110 3822 1176 3863 ne
1194 3807 1482 3879 Apostolus
1500 3810 1646 3866 solus
1748 3821 1913 3861 carne
1939 3821 2157 3874 possum
2198 3805 2461 3877 proﬁcere
2492 3804 2693 3877 aliquid
2712 3848 2727 3872 ,
2760 3823 2950 3877 ignoro
2976 3810 3102 3879 quid
3137 3809 3327 3881 eligam

111 3886 345 3946 videretur
363 3895 711 3962 prtedieator,
734 3895 817 3952 vel
835 3896 1303 3955 contendentesse
1328 3915 1643 3971 pressuram
1748 3912 1842 3951 seu
1890 3900 2025 3952 mori
2078 3913 2172 3954 seu
2223 3900 2448 3965 vivere;
2490 3909 2548 3955 ct
2578 3901 2623 3954 si
2676 3901 2819 3955 enim
2866 3901 2918 3955 in
2970 3917 3137 3957 carne
3194 3903 3328 3957 nihil

112 3979 334 4037 suscitare
357 3986 662 4055 Apostolo..
1752 3989 2016 4058 prodesse
2062 4005 2300 4061 possem,
2329 3991 2469 4045 haud
2499 3990 2717 4045 dubium
2761 3991 2887 4059 quin
2915 4000 3141 4046 mortem
3168 3992 3328 4063 elige-

168 4069 239 4123 l2.
283 4073 359 4128 Ea:
404 4078 736 4132 contentione
773 4076 1038 4133 Christum
1073 4081 1408 4135 annuntiant.
1459 4080 1641 4152 Neque
1747 4098 1888 4138 rem.

111 4157 315 4219 homines
359 4168 692 4223 reducebant
748 4170 812 4222 ad
866 4170 1181 4224 memoriam
1236 4170 1366 4225 illud
1424 4180 1643 4243 propter
1814 4174 1904 4227 ‘20.
1944 4174 2185 4230 Aucusr.
2226 4174 2341 4243 (lib.
2371 4191 2432 4229 ιιι
2461 4174 2537 4229 De
2576 4175 2715 4228 doct.
2745 4174 2870 4229 Chr.
2899 4176 3035 4240 c.2,
3063 4175 3323 4243 tom.lll.)

111 4253 226 4316 quod
258 4255 539 4325 Apostolus
582 4260 949 4315 iucarccratus
1000 4269 1152 4325 erat,
1195 4271 1254 4314 ut
1306 4260 1427 4316 ideo
1473 4261 1644 4332 magis
1746 4265 1815 4321 Et
1841 4267 1967 4336 quid
1993 4266 2200 4337 eligam.
2232 4266 2321 4320 Sic
2343 4281 2471 4336 ergo
2501 4266 2938 4337 distinguendum
2970 4275 3082 4329 est,
3116 4282 3163 4319 ει
3200 4267 3326 4335 quid

111 4344 405 4407 Ιὶιιῐιῖτοηιιιτ.
1745 4360 1933 4429 eligam
1962 4360 2165 4428 ignoro.
2206 4357 2511 4426 Compellor
2550 4365 2729 4410 autem
2771 4370 2837 4409 ex
2870 4354 3114 4422 duobus;
3163 4372 3326 4426 quam

168 4434 242 4489 i5.
270 4438 658 4496 Existimantes.
684 4442 1456 4511 VituperabantChristum,ut
1476 4446 1645 4512 magis
1746 4450 2149 4505 distinctionem
2180 4449 2422 4517 sequitur
2456 4448 2952 4519 concupiscentiam
2983 4447 3187 4503 habens
3217 4450 3328 4504 dis-

113 4529 352 4591 puniretur
374 4534 688 4605 Apostolus,
714 4536 804 4605 qui
831 4535 985 4606 ligari
1017 4550 1074 4590 se
1095 4550 1286 4605 passus
1318 4544 1401 4589 est
1427 4546 1646 4605 propter
1744 4541 1877 4595 solvi
1903 4550 1958 4595 et
1984 4555 2102 4595 esse
2149 4556 2268 4593 cum
2299 4540 2537 4594 Christo.
2568 4539 2632 4592 Et
2684 4549 2939 4608 antiquam
2993 4549 3329 4610 quaereretur

115 4616 245 4673 talem
265 4621 560 4681 Dominum.
1670 4693 1714 4703 __
1745 4649 1913 4703 quare
1937 4632 2095 4701 hujus
2120 4634 2194 4687 rei
2220 4633 2395 4702 potius
2418 4632 2608 4687 habeat
2630 4632 3141 4703 concupiscentiam,
3158 4633 3327 4688 multo

168 4706 240 4760 11.
277 4710 390 4767 Scio
412 4716 572 4769 enim.
605 4713 1066 4784 Vituperationem
1097 4715 1262 4771 etiam
1306 4715 1641 4771 adversario—
1670 4693 1718 4754 Β
1745 4693 1889 4780 enim
1922 4693 2091 4795 magis
2116 4693 2397 4794 optimum,
2434 4722 2605 4791 inquit

116 4807 207 4849 nun
232 4799 277 4854 in
301 4802 568 4860 Christum
586 4804 876 4874 iaculatam
906 4806 1189 4875 pervenire
1204 4806 1305 4861 sibi
1324 4807 1455 4862 dicit
1484 4808 1536 4861 in
1562 4822 1643 4862 sa-
1817 4816 1881 4869 21
1958 4817 2199 4871 Αιιιιιοε,
2229 4814 2377 4869 Idem
2408 4825 2688 4869 certamen;
2724 4813 2980 4884 Exemplo
3027 4813 3110 4870 sui
3157 4812 3331 4884 magis

115 4881 265 4953 lutem,
289 4895 404 4962 quia
423 4912 538 4965 quo
564 4899 737 4965 magis
764 4908 985 4968 propter
1027 4914 1147 4953 cum
1181 4900 1400 4968 punitus
1437 4906 1544 4965 cst,
1577 4914 1642 4954 eo
1746 4922 1840 4961 eos
1869 4906 2207 4961 adhortatur.

117 4978 308 5043 “mplius
339 4996 647 5041 coronatur.
1816 4996 1905 5052 22.
1948 4996 2148 5049 Lanrn.
2184 4996 2330 5050 Idem
2374 5006 2634 5051 certamen
2668 4995 2931 5050 habentes.
2955 4994 3179 5064 Quando
3204 5003 3328 5048 tmte

168 5068 242 5121 15.
275 5073 501 5131 Aussos.
550 5078 615 5131 Et
658 5079 1207 5133 subministrationem.
1243 5079 1471 5152 Largam
1509 5096 1643 5135 uter.
1746 5088 1885 5143 dixit
1910 5087 2243 5158 Pythonissa:
2269 5087 2523 5159 Philippis
2553 5088 2731 5142 futura
2766 5087 3105 5171 pragdieare.‘

116 5156 267 5213 cedem
293 5164 573 5234 signiﬁcat,
617 5180 876 5239 quantam
911 5170 1066 5224 decet
1098 5169 1343 5239 spiritum
1383 5171 1638 5225 tribuere.

1813 5156 1965 5234 CAP.
1994 5180 2206 5232 11,-Ι.
2238 5156 2470 5234 Ausus—1".
2507 5181 2695 5243 (scrm.
2727 5180 2810 5242 11,
2843 5180 2916 5233 De
2942 5180 3079 5233 verb.
3102 5167 3321 5231 Domm.

122 5272 130 5341 ὲ
172 5246 243 5301 l6.
278 5251 469 5311 Lmen.
500 5258 567 5312 In
598 5260 742 5313 nullo
774 5259 1089 5329 confundor.
1117 5259 1267 5325 Quod
1295 5270 1471 5326 esset,
1504 5261 1547 5315 si
1574 5261 1643 5316 ab

1791 5312 1794 5324 .
1826 5272 1909 5334 17,
1938 5282 2067 5324 tom.
2093 5270 2187 5340 Χ.)
2222 5269 2279 5325 Si
2312 5289 2413 5341 qua
2448 5272 2687 5325 societas.
2724 5269 2804 5326 Ad
2832 5271 3001 5338 ipsum
3028 5269 3171 5323 enim
3202 5284 3323 5336 pcr-

121 5331 312 5408 ioctepto
336 5345 673 5416 destitissem,
707 5350 791 5405 vel
811 5350 858 5405 si
891 5351 1033 5421 quod
1055 5366 1215 5420 spero
1238 5367 1341 5405 non
1364 5351 1646 5407 habiturus

1795 5374 1885 5418 net
1927 5365 2164 5419 societas
2196 5380 2300 5435 qua
2329 5363 2588 5418 elﬁcimur
2616 5379 2781 5417 unum
2818 5378 3013 5432 corpus
3060 5360 3201 5415 unici
3235 5360 3292 5415 Ιτί
3320 5393 3326 5403 ο

120 5440 282 5486 essent.
1748 5452 1807 5507 lii
1841 5453 1953 5507 Dei.

176 5519 247 5617 l'i.
280 5526 505 5587 Auuuos.
546 5534 667 5590 Sive
718 5552 811 5605 per
869 5546 1103 5590 mortem.
1165 5534 1434 5606 Sperabat
1498 5537 1642 5589 enim

1820 5545 1875 5599 2.
1916 5545 2155 5601 Ακιςῐιοε.
2198 5544 2253 5599 St
2304 5562 2407 5615 qua
2455 5546 2673 5608 viscera,
2715 5544 2767 5598 id
2812 5553 2917 5612 est,
2965 5544 3009 5601 si
3045 5543 3326 5617 diligentes

120 5606 298 5705 Christo
336 5625 654 5682 concedente
701 5637 928 5686 mortem
960 5644 1112 5683 suam
1159 5643 1265 5684 non
1310 5627 1427 5683 ﬁeri
1482 5626 1641 5682 abso-
1752 5651 1848 5691 nos
1875 5636 2172 5692 conduletis
2205 5636 2358 5692 nobis
2398 5635 2519 5690 talia
2551 5634 2893 5705 patientibus.

123 5695 209 5755 lutc
233 5719 312 5764 aut
348 5729 492 5771 vane.
