3964 6290
504 338 604 400 3H
1496 346 1537 401 Β
1596 347 1873 404 LANFRA
1884 347 1995 404 NCI
2027 347 2144 404 CA3

2269 347 2381 403 All.
2428 348 2468 404 Α
2480 348 2750 408 RClliEP.
3099 400 3102 403 .
3671 357 3772 416 512

503 470 718 528 rantes,
746 461 840 518 sed
869 469 1084 531 eaquae
1111 461 1361 517 aliorum.
1391 460 1444 516 5.
1481 459 1591 517 lioc
1636 465 1780 519 enim
1817 465 2013 518 sentite
2045 462 2096 516 in
2127 464 2280 518 vobis
2309 466 2452 534 quod
2479 475 2532 520 ct
2572 467 2626 521 in
2655 468 2872 522 Christo
2893 467 3037 522 Jesu.
3067 465 3166 535 Qui
3205 473 3326 522 eum
3365 467 3418 523 in
3463 467 3634 526 forma
3683 473 3775 531 Dei-

505 569 671 623 esset,
697 559 756 624 4,
787 558 840 614 5.
871 575 980 615 non
1006 561 1271 630 rapinam,
1299 569 1354 614 ut
1389 560 1588 630 primus
1611 561 1787 625 homo,
1815 559 2110 636 arbitratus
2139 567 2224 614 est
2263 573 2384 614 esse
2419 576 2477 613 se
2514 563 2779 631 .rquale‘m
2828 563 2960 627 Deo,
2990 561 3045 627 6,
3073 560 3126 616 7.
3157 563 3249 617 sed
3289 565 3640 634 semetipsum
3692 583 3771 622 ex.

509 655 767 718 inauivit,
796 655 1091 710 humiliauit
1114 695 1125 708 .
1150 654 1202 709 8.
1234 655 1461 709 formam
1488 653 1632 709 servi
1663 655 1952 724 accipiens,
1990 653 2042 707 in
2067 653 2470 709 similitudinem
2496 657 2796 724 hominum,
2818 659 2991 712 carnis
3045 659 3370 728 peccatricis,
3403 660 3575 716 factus
3600 704 3614 726 ,
3645 664 3693 718 9.
3723 677 3772 720 ει

509 751 700 806 habitu
737 751 989 806 inventus
1018 759 1074 805 ut
1116 750 1296 814 homo,
1324 749 1504 814 sitit-it,
1553 750 1788 812 esurivit,
1833 758 1939 806 etc.
1984 747 2296 804 liutniliavit
2343 753 2691 822 semetipsum
2721 753 2900 809 factus
2941 754 3200 810 obediens
3231 769 3402 824 usque
3445 755 3509 810 ad
3553 767 3771 812 mortem

510 845 894 917 turpissimam,
925 855 1154 900 mortem
1187 852 1368 898 autem
1405 843 1605 897 crucis.
1639 843 1726 897 10.
1768 843 1996 913 Propter
2033 844 2200 914 quod,
2254 848 2380 915 quia
2418 847 2710 902 Immiliavit
2736 866 2810 914 se,
2835 859 2890 904 et
2934 849 3074 905 Deus
3111 851 3372 906 exaltavit
3414 850 3586 914 illum,
3615 855 3696 907 ll.
3724 867 3770 909 ct

513 943 738 998 donavit
767 942 842 996 illi
874 955 1094 1005 nomen,
1123 938 1268 1009 quod
1299 948 1382 992 est
1409 953 1572 1008 super
1593 952 1754 993 omne
1787 953 2001 1000 nomen,
2034 947 2094 992 ut
2122 939 2174 993 in
2205 941 2425 996 nomine
2458 940 2612 996 Iesus
2638 957 2819 1010 omne,
2849 960 2914 998 ea:
2954 945 3095 999 omni
3137 962 3319 1016 genere
3347 962 3484 1018 genu
3513 948 3776 1013 ﬂectatur,

511 1039 592 1095 uel
615 1041 683 1106 vi,
705 1039 785 1092 vel
814 1038 1095 1100 uoluntate,
1126 1036 1212 1089 19..
1245 1034 1574 1099 εωΙεειίιιιη,
1619 1034 1981 1095 terrestrium,
2014 1042 2070 1089 et
2098 1034 2459 1102 infernorum,
2487 1046 2542 1092 et
2570 1038 2644 1092 ita
2677 1047 2732 1092 ut
2752 1039 2932 1094 omnis
2977 1039 3159 1110 lingua
3189 1041 3511 1096 conﬁteatur
3534 1043 3658 1112 quia
3683 1043 3771 1098 Do-

512 1138 697 1193 minus
725 1136 882 1192 Jesus
907 1134 1154 1190 Christus
1185 1133 1238 1187 in
1270 1130 1440 1202 gloria
1477 1140 1562 1186 est
1594 1131 1684 1186 Dei
1714 1129 1912 1186 Patris.
1957 1130 2143 1202 Itaque
2169 1131 2304 1186 sicut
2344 1132 2608 1200 Christus,
2634 1135 2724 1205 qui
2754 1135 2808 1190 in
2832 1135 3072 1190 omnibus
3112 1152 3168 1191 se
3209 1138 3533 1204 humiliarit,
3575 1141 3775 1196 charis-

515 1233 642 1288 simi
674 1233 804 1297 mei,
834 1230 947 1303 [15.
974 1229 1111 1284 sicut
1141 1242 1355 1295 semper
1381 1225 1665 1294 obedistis)
1693 1241 1797 1280 non
1825 1235 1884 1280 ut
1931 1225 1984 1280 in
2018 1227 2307 1297 prccsentia
2341 1228 2445 1282 mei
2478 1237 2690 1284 tantum
2754 1231 2847 1286 sed
2877 1230 3046 1287 mttlto
3071 1232 3243 1302 magis
3281 1249 3425 1289 nunc
3454 1234 3506 1289 in
3546 1235 3778 1292 absentia

515 1344 662 1395 mea,
690 1331 774 1383 14.
802 1343 923 1384 cum
952 1333 1118 1381 metu.
1149 1332 1204 1378 et
1233 1335 1470 1378 tremore
1493 1340 1582 1378 vos
1607 1340 1746 1393 ipsos
1782 1321 2132 1388 lmmiliando,
2163 1334 2212 1377 et
2250 1341 2368 1394 quas
2394 1326 2621 1379 aliorum
2665 1336 2785 1381 sunt
2817 1329 3118 1398 qtttereudo,
3152 1339 3388 1384 vestram
3413 1330 3643 1386 salutem
3664 1347 3778 1401 ope-

516 1426 738 1480 ramini.
775 1425 861 1478 l5.
891 1426 1031 1480 Deus
1057 1433 1138 1479 est
1167 1423 1332 1479 enim.
1368 1423 1458 1492 qui
1486 1432 1742 1492 operatur
1771 1422 1823 1476 in
1865 1421 2018 1476 vobis
2046 1429 2099 1477 et
2134 1422 2294 1489 velle,
2336 1432 2392 1479 et
2422 1424 2707 1494 perﬁcere,
2739 1441 2838 1496 pro
2877 1427 3017 1482 bona
3042 1444 3140 1483 sua
3162 1427 3464 1495 voluntate,
3509 1445 3610 1484 non
3639 1430 3780 1484 meri-

517 1523 584 1576 tis
615 1522 817 1577 uestris.
853 1521 1046 1578 Omnia
1078 1531 1256 1577 autem
1289 1521 1453 1576 facile
1485 1521 1603 1576 sine
1649 1521 2200 1588 nmrmuratimnibus,
2233 1539 2336 1576 non
2395 1524 2784 1580 recalcitrantes
2812 1566 2828 1591 ,
2865 1534 2921 1580 et
2968 1526 3398 1582 luesitationibus
3448 1525 3502 1578 in
3546 1524 3645 1578 ﬁde
3719 1535 3775 1580 ut

517 1617 640 1673 sitis
679 1617 797 1673 sine
833 1617 1071 1687 querela,
1105 1628 1160 1672 ut
1217 1635 1319 1672 non
1346 1617 1505 1687 possit
1560 1617 1624 1670 de
1674 1617 1816 1671 vobis
1864 1617 2134 1688 conqueri,
2187 1627 2244 1672 et
2271 1618 2568 1688 simplices,
2620 1635 2723 1674 non
2773 1621 3056 1691 hypocrisi,
3100 1620 3256 1691 157
3289 1620 3382 1674 ﬁlii
3413 1619 3530 1684 Dei,
3563 1620 3676 1674 sine
3701 1635 3779 1675 re-

515 1714 962 1784 prehensionein
987 1715 1162 1768 medio
1190 1715 1426 1769 nationis
1453 1728 1632 1783 pravae
1675 1721 1730 1767 et
1757 1726 2051 1782 perversze;
2108 1712 2249 1766 inter
2293 1727 2428 1781 quos
2471 1707 2664 1770 lucetis
2702 1713 2844 1770 sicut
2888 1714 3174 1770 luminaria
3224 1715 3279 1770 in
3325 1716 3546 1780 mundo,
3575 1716 3782 1770 verbum

517 1812 647 1868 vita:
681 1829 769 1867 vos
817 1812 1158 1869 continentes
1189 1811 1254 1864 ad
1304 1809 1529 1881 gloriam
1569 1823 1768 1871 meam,
1798 1809 1936 1862 unde
1962 1807 2251 1874 gloriabor,
2299 1809 2352 1863 in
2383 1808 2471 1864 die
2501 1810 2728 1876 Christi,
2757 1810 2895 1880 (ecce
2945 1810 3062 1880 cur)
3117 1811 3244 1880 quia
3281 1825 3388 1866 non
3451 1810 3504 1865 in
3564 1824 3782 1864 vacuum

521 1908 764 1973 cucurri,
797 1923 974 1977 neque
1012 1908 1065 1962 in
1099 1923 1326 1964 vacuum
1357 1906 1620 1962 laboravi.
1669 1906 1755 1960 16.
1807 1903 1910 1959 Sed
1939 1913 1994 1960 et
2046 1905 2090 1958 si
2127 1905 2377 1961 immolor
2427 1923 2517 1978 ego
2551 1908 2660 1976 ipse
2719 1923 2814 1978 pro
2873 1907 3037 1972 vobis,
3075 1922 3237 1977 supra
3272 1904 3624 1969 sacriﬁcium,
3656 1904 3782 1974 quod

523 2007 623 2074 feci
653 2005 761 2060 Deo
785 2045 802 2070 ,
829 2006 892 2060 de
922 2005 1025 2074 ﬁde
1054 2012 1244 2068 vestra,
1280 2012 1336 2058 et
1377 2002 1692 2070 obsequium
1741 1999 1860 2054 ﬁdei
1892 2008 2109 2067 vestrm,
2159 1999 2246 2056 17.
2274 2003 2504 2072 gaudeo,
2556 2004 2642 2060 18.
2690 2011 2747 2059 ει
2791 2003 3137 2074 congratulor
3183 2003 3436 2058 omnibus
3493 1999 3665 2064 vobis,
3713 1999 3788 2052 vel

523 2103 650 2172 quia
683 2102 814 2157 tales
861 2102 1004 2157 estis.
1031 2101 1265 2169 ldipsum
1322 2109 1528 2163 autem,
1588 2097 1644 2150 id
1693 2106 1792 2160 est,
1823 2097 1887 2150 de
1927 2096 2025 2150 hoc
2086 2097 2131 2151 si
2171 2096 2434 2162 immolor,
2477 2108 2530 2153 et
2588 2114 2718 2163 vos,
2769 2097 2848 2153 uel
2894 2109 2950 2152 ut
2997 2096 3239 2153 similiter
3289 2096 3649 2160 immo/omini,
3713 2096 3786 2150 rel

521 2200 650 2268 quia
697 2197 986 2269 exemplar,
1040 2193 1296 2267 gaudete,
1337 2200 1392 2247 et
1447 2189 1899 2262 congratulamiui
1950 2190 2082 2245 mihi
2133 2190 2220 2246 19.
2271 2191 2448 2262 Spero
2498 2203 2700 2258 autem,
2751 2209 2806 2247 In
2855 2193 3086 2247 Domino
3125 2191 3275 2257 Iesu,
3321 2193 3666 2247 Timotheum
3713 2208 3788 2246 me

1878 2283 2448 2342 COMMENTARIUS.

595 2386 651 2441 3.
690 2385 894 2440 LANFR.
937 2381 1054 2438 Hoc
1099 2382 1238 2436 enim
1287 2367 1500 2442 sentite,
1533 2377 1584 2432 id
1615 2385 1720 2442 εει,
1753 2376 2111 2432 humilitatem
2143 2383 2190 2442 Α
2220 2379 2349 2444 lum,
2380 2379 2472 2435 sed
2509 2396 2619 2434 rem
2648 2380 2936 2450 quamdam
2980 2380 3301 2448 acquisitam
3324 2379 3393 2442 ei,
3429 2379 3555 2448 quia
3603 2392 3790 2431 assum-

529 2486 587 2533 et
616 2476 941 2531 charitatcm
975 2473 1118 2544 (quae
1159 2471 1385 2526 aliorum
1419 2477 1540 2524 sunt
1570 2468 1896 2538 quaerentes)
1925 2466 2118 2523 habete
2219 2478 2345 2539 plus
2370 2478 2454 2524 est
2495 2486 2523 2523 a
2557 2470 2756 2532 Verbo,
2785 2479 2845 2523 ut
2889 2468 3016 2524 illud
3043 2478 3098 2523 et
3145 2477 3498 2540 cognoscant,
3551 2468 3786 2536 quoniam

529 2571 586 2624 in
615 2569 769 2624 vobis
815 2582 958 2637 quas
984 2567 1039 2620 in
1079 2565 1298 2620 Christo
1345 2562 1533 2627 fuisse,
1567 2560 1793 2631 etquod
1840 2558 2118 2614 Christum
2221 2573 2418 2615 nomen
2446 2561 2538 2614 tibi
2569 2560 2846 2615 Dominus.

527 2658 728 2715 fecisse
749 2658 924 2725 scitis,
953 2656 1098 2726 quod
1132 2663 1217 2710 est
1245 2671 1260 2708 :
1292 2652 1408 2707 Hoc
1438 2654 1618 2708 sentite
1650 2653 1706 2705 in
1752 2651 1912 2713 vobis,
1946 2658 2050 2702 etc.
2297 2651 2381 2704 12.
2413 2651 2734 2708 Ccelestium.
2789 2651 3100 2707 C(elestium
3157 2650 3290 2705 dicit
3338 2648 3681 2703 invisibilinm
3708 2646 3795 2699 vir-

597 2750 654 2804 4.
698 2748 824 2803 Non
877 2747 1140 2817 rapinam.
1199 2745 1457 2814 Quisquis
1519 2743 1819 2798 arbitratur
1871 2756 1930 2797 se
2002 2756 2124 2796 esse
2226 2751 2440 2804 tutum;
2479 2743 2817 2796 terrestrium
2874 2740 3311 2805 vero,vivorum
3363 2737 3681 2792 hominum:
3721 2735 3792 2786 iu-

529 2839 674 2909 quod
705 2854 812 2893 non
849 2846 956 2901 est,
1007 2836 1408 2907 quodammodo
1457 2835 1530 2889 in‘
1561 2835 1676 2905 ipsa
1725 2849 1838 2892 sua.
1871 2836 2125 2906 opinione
2227 2835 2502 2889 ﬁtrnorum
2557 2835 2744 2899 etiam,
2794 2833 3008 2888 illorum
3052 2831 3143 2902 qui
3193 2831 3393 2884 mortui
3441 2837 3592 2891 sunt,
3622 2827 3706 2896 qui
3746 2832 3794 2877 ει

531 2932 752 2987 aliunde
789 2931 930 3000 rapit
961 2929 1064 2985 sibi
1095 2928 1238 2998 quod
1268 2943 1373 2984 non
1410 2937 1513 2984 est.
2228 2927 2329 2996 ipsi
2384 2941 2482 2996 per
2527 2924 2983 2979 resurrectionem
3035 2923 3204 2977 Deum
3250 2919 3655 2975 conﬁtebuntur
3701 2931 3796 2970 sum

602 3024 658 3079 5.
700 3023 939 3079 Αῠευετ.
965 3020 1080 3092 (lib.
1113 3037 1149 3075 tt
1173 3020 1323 3074 Cant.
1359 3019 1661 3084 Mamilium,
1684 3033 1734 3074 c.
1762 3018 1820 3085 5,
1843 3027 1974 3073 tom.
2011 3017 2124 3089 Vl.)
2229 3016 2646 3073 resurrectionis
2675 3023 2974 3068 auctorem.

537 3113 662 3168 Non
693 3113 953 3183 rapinam.
989 3111 1132 3180 Ergo
1156 3109 1394 3182 intelligo
1437 3107 1750 3180 Apostolum
1784 3109 1904 3162 ideo
1925 3107 2129 3163 dixisse
2299 3107 2386 3161 15.
2426 3105 2576 3161 Sicut
2631 3119 2853 3173 semper.
2889 3100 3108 3170 Optime
3146 3116 3246 3170 per
3304 3097 3625 3168 memoriam
3674 3110 3798 3165 [r27

536 3223 644 3261 non
665 3207 904 3276 rapinam
921 3204 1206 3258 arbitratus
1232 3212 1309 3258 est
1335 3219 1445 3258 esse
1475 3193 1528 3257 se
1557 3202 1811 3272 (aqualem
1845 3201 1972 3274 Deo,
1996 3201 2120 3270 quia
2230 3196 2534 3258 teritorum,
2575 3194 2846 3266 persuasit
2893 3193 2998 3248 illis
3033 3191 3166 3247 nihil
3188 3191 3256 3247 de
3301 3198 3500 3246 caetero
3545 3187 3796 3258 indignum

523 3311 646 3362 non
680 3297 907 3352 aliorum
935 3296 1231 3352 arbitratus
1262 3303 1348 3351 est
1371 3309 1492 3352 esse
1521 3294 1664 3364 quod
1688 3300 1846 3347 natus
1873 3302 1957 3348 est
1987 3311 2002 3359 ;
2033 3293 2127 3348 sed
2231 3303 2443 3359 sapere.

538 3401 722 3444 tamen
750 3389 998 3458 quamvis
1032 3386 1402 3456 aequalitatem
1447 3387 1539 3442 Dei
1571 3399 1678 3439 non
1704 3383 1867 3438 fuerit
1899 3383 2134 3438 arbitra-
2304 3381 2388 3436 11.
2431 3382 2668 3437 Αυευςτ.
2721 3379 2835 3452 (lib.
2896 3379 2971 3434 De
3018 3387 3156 3450 grat.
3193 3386 3242 3432 et
3276 3375 3368 3428 lib.
3407 3375 3548 3438 arb.,
3581 3387 3692 3442 cap.
3743 3369 3798 3432 9.

536 3490 627 3535 tus
662 3480 916 3545 alienam,
945 3478 1040 3534 sed
1070 3493 1248 3541 suam,
1279 3477 1628 3546 semetipsum
1675 3473 1996 3539 exinanivit,
2023 3486 2130 3528 non
2233 3483 2363 3528 tom.
2399 3474 2529 3543 VII.)
2556 3472 2687 3526 Cant
2711 3485 2848 3526 metu
2879 3481 2928 3526 et
2963 3481 3210 3524 tremore.
3238 3469 3524 3538 Tanquam
3553 3481 3678 3534 ergo
3725 3478 3798 3513 ιιι-

539 3586 787 3642 (ιιιξενεηε
817 3587 938 3642 qme
968 3584 1065 3625 sua
1093 3577 1239 3634 sunt,
1283 3567 1376 3622 sed
1410 3553 1529 3637 qua:
1557 3573 1741 3621 nostra
1772 3573 1917 3619 sunt.
2234 3571 2606 3631 tet-rogaretur
2626 3561 2915 3632 Apostolus
2942 3572 2998 3616 et
3021 3562 3297 3615 diceretur
3319 3559 3368 3613 ei
3392 3574 3406 3611 :
3434 3558 3615 3624 Quare
3639 3551 3798 3608 dixisti

610 3665 665 3719 6.
707 3664 879 3720 Caes.
909 3663 1256 3734 Semetipsum
1302 3658 1606 3715 exinanivit.
1646 3656 2006 3726 Semetipsum
2033 3669 2131 3709 ex-
2168 3731 2197 3734 _
2233 3670 2356 3710 cum
2387 3656 2581 3710 timore
2607 3665 2661 3710 et
2691 3665 2926 3710 tremore
2955 3655 2978 3707 ?
3009 3653 3199 3707 horum
3230 3653 3520 3706 verborum
3564 3647 3805 3702 rationem-

543 3756 783 3812 inanissc
814 3765 920 3822 est,
947 3757 1016 3812 ab
1057 3731 1451 3810 invisibilitatis
1482 3765 1592 3805 suae
1635 3747 2030 3821 magnitudine,
2058 3748 2132 3802 vi-
2168 3731 2211 3789 Β
2239 3747 2477 3803 reddidit
2523 3747 2710 3802 dicens
2743 3763 2754 3798 :
2789 3745 2928 3800 Deus
2976 3745 3110 3798 enim
3149 3743 3238 3811 qui
3283 3751 3534 3810 operatur
3560 3739 3615 3792 in
3658 3734 3800 3790 vobis.

543 3846 756 3902 sibil‘em
813 3863 873 3902 se
917 3847 1322 3907 demonstrare,
1357 3851 1414 3896 ut
1441 3839 1670 3895 formam
1720 3839 1862 3895 servi
1909 3847 2130 3909 tegeret,
2242 3840 2299 3897 Si
2332 3839 2478 3896 enim
2519 3839 2720 3894 timetis
2771 3847 2827 3892 et
2871 3835 3122 3896 tremitis,
3173 3849 3278 3888 non
3323 3829 3644 3886 extollimini
3699 3836 3801 3881 tan-

547 3939 692 4007 quod
735 3938 1200 4008 incircumscripte
1241 3933 1423 3990 omnia
1453 3947 1518 3986 ex
1562 3931 1848 3986 divinitate
1883 3937 2136 4000 penetra-
2239 3946 2402 4001 quam
2434 3931 2500 3987 de
2527 3929 2720 3986 vestris
2750 3929 2908 3984 bouis
2946 3927 3234 3997 operibus,
3265 3925 3391 3996 quia
3444 3922 3588 3977 Deus
3629 3928 3704 3974 εει
3725 3915 3801 3987 qui

545 4037 650 4084 ret.
2240 4031 2497 4094 operatur
2523 4023 2576 4076 in
2602 4021 2778 4078 vobis.

619 4121 672 4174 7.
713 4121 952 4175 Auanos.
986 4118 1089 4174 Sed
1135 4116 1498 4186 semetipsum,
1529 4115 1630 4170 hoc
1682 4121 1766 4168 est
1814 4113 2136 4184 dignitatem

550 4227 704 4267 suam
756 4213 1062 4270 abscondit.
1094 4211 1197 4264 hoc
1230 4208 1402 4264 solum
1449 4208 1592 4264 enim
1639 4206 1984 4261 audientibus
2021 4219 2141 4260 esse

551 4305 970 4360 existimabatur
998 4302 1142 4373 quod
1169 4309 1224 4355 et
1247 4301 1418 4356 videri
1451 4308 1685 4372 poterat.

624 4399 678 4453 8.
721 4396 970 4452 Formam
1001 4395 1154 4450 servi.
1182 4396 1336 4462 Quod
1363 4393 1518 4457 dixit,
1551 4391 1802 4446 Formam
1836 4390 1970 4444 servi
2006 4389 2139 4448 acci-

551 4490 721 4561 piens,
754 4488 1001 4560 exposuit
1055 4487 1278 4551 addens,
1325 4486 1381 4541 in
1433 4483 1828 4540 similitudinem
1875 4481 2143 4534 hominum

2316 4142 2403 4197 15.
2443 4141 2644 4196 Lanrn.
2676 4139 2818 4194 Deus
2847 4149 2922 4193 est
2956 4137 3116 4192 enim.
3151 4133 3309 4188 Ratio
3353 4147 3452 4185 cur
3485 4125 3673 4183 dixerit
3701 4133 3807 4176 cum

2243 4243 2390 4290 metu
2419 4243 2474 4289 ει
2507 4242 2772 4296 tremore;
2798 4245 3006 4286 summa
3030 4229 3171 4284 enim
3199 4223 3498 4280 reverentia
3537 4229 3597 4274 et
3636 4212 3805 4270 mentis

2244 4334 2300 4381 et
2345 4323 2590 4394 corporis
2619 4322 2922 4378 faciendum
2952 4330 3032 4376 est
3065 4319 3218 4383 illud,
3264 4316 3418 4386 cujus
3459 4313 3604 4367 Deus
3636 4319 3808 4375 coope-

2245 4427 2397 4473 rator
2423 4416 2632 4472 existit.

28 4999 30 5006 ι

28 5007 30 5020 Ι

28 5047 30 5054 ι

28 5067 30 5084 |

28 5277 30 5288 ι

28 5305 30 5316 l

28 4999 30 5006 l

28 5007 30 5020 Ι

28 5047 30 5054 ι

28 5277 30 5288 t

28 5305 30 5316 ι

28 5451 30 5464 Ι

28 5469 30 5482 Ι

28 5491 30 5578 i

555 4583 750 4652 factus,
791 4583 966 4638 lactus
1002 4582 1182 4653 posuit
1208 4594 1307 4652 pro
1353 4579 1639 4643 habitans,
1664 4577 1720 4630 in
1748 4573 2145 4630 similitudinem

556 4675 847 4743 hominum,
881 4676 931 4731 id
954 4683 1056 4738 est,
1081 4674 1134 4729 itt
1162 4673 1400 4731 homine.

625 4767 678 4823 9.
719 4767 959 4823 Aucusr.
995 4765 1108 4829 (lib.
1149 4779 1378 4827 LXXXIII,
1421 4762 1624 4828 Qua’sl.
1663 4774 1717 4828 q.
1745 4758 1832 4821 75,
1876 4765 2005 4811 tom.
2031 4757 2144 4828 ιν.)

557 4855 761 4911 Habitu
799 4858 1056 4914 inventus.
1082 4856 1134 4911 id
1165 4864 1272 4920 est,
1302 4851 1550 4908 habendo
1578 4847 1872 4904 hominem.
1899 4847 2146 4904 inventus

559 4959 620 5005 ut
650 4964 817 5004 [IOIIIO'
834 4958 935 5004 85L
1409 4965 1416 4970 '

627 5044 868 5098 AMBROS.
895 5039 1208 5097 Humiliavit
1233 5034 1783 5106 semetipsum.Usque
1813 5032 1863 5086 in
1892 5033 2035 5088 hunc
2067 5032 2147 5084 lo-

561 5152 685 5191 cum
713 5136 802 5190 illa
843 5152 966 5207 quae
992 5137 1058 5189 ad
1092 5132 1328 5187 divinam
1380 5137 1629 5180 naturam
1675 5125 1949 5194 pertinent
1997 5123 2146 5178 visus
2176 5101 2219 5162 (ἶ

561 5235 646 5282 εει
695 5227 918 5282 dixisse.
949 5225 1068 5280 lam
1099 5235 1229 5276 vero
1263 5218 1331 5272 ad
1383 5215 1472 5270 illa
1513 5214 1705 5269 transit
1733 5228 1853 5284 qua:
1901 5213 2148 5266 humana:

561 5329 790 5388 possunt
817 5316 989 5388 aptari
1017 5322 1248 5368 naturae.

635 5413 723 5466 10.
754 5411 978 5480 Propter
996 5407 1156 5479 quod.
1177 5404 1289 5459 Illis
1315 5401 1654 5459 sermonibus
1678 5399 1770 5472 qui
1803 5406 1962 5455 erant
1979 5397 2150 5452 deita-

565 5507 634 5565 tis
667 5506 932 5563 suadebat
984 5499 1143 5556 nobis
1186 5496 1582 5562 humilitatem;
1621 5495 1690 5550 de
1734 5491 1838 5549 illis
1885 5504 2016 5546 vero
2055 5489 2145 5560 qui

565 5597 867 5654 secundum
919 5591 1316 5648 humanitatem
1348 5587 1478 5644 facti
1520 5594 1666 5653 sunt,
1695 5583 1931 5642 ostendit
1973 5583 2144 5652 ipsam

564 5683 926 5744 humilitatem
964 5681 1282 5738 lucrativam
1328 5694 1442 5735 rem
1473 5693 1612 5735 esse.

638 5777 725 5830 11.
773 5775 837 5831 Et
868 5773 1077 5831 donauit
1107 5771 1204 5828 illi.
1232 5771 1467 5828 Evidens
1495 5778 1579 5828 est
1618 5767 1759 5840 quod
1789 5781 1894 5823 non
1916 5764 2147 5822 vocabu-

2316 4528 2402 4583 16.
2445 4525 2548 4582 Sed
2577 4534 2622 4579 et
2651 4525 2696 4578 si
2727 4521 2985 4580 immolor.
3018 4518 3352 4581 lmmolatus,
3383 4515 3436 4570 id
3479 4521 3588 4576 est,
3617 4507 3810 4566 occisus

2245 4631 2330 4679 εει
2357 4617 2664 4691 Apostolus,
2698 4615 2824 4686 quia
2863 4615 2962 4669 hos
2994 4623 3050 4666 et
3079 4611 3214 4666 alios
3245 4609 3310 4664 ad
3341 4609 3511 4663 Deum
3543 4599 3804 4660 convertit,

2247 4690 2477 4782 quorum
2511 4707 2669 4762 ﬁdem
2709 4705 2863 4774 quasi
2895 4702 3222 4759 sacriﬁcium
3253 4710 3307 4754 et
3348 4696 3666 4767 obsequium
3715 4690 3806 4743 Deo

2247 4781 2461 4860 obtulit.
2489 4801 2555 4856 Et
2583 4808 2664 4854 est
2701 4813 2914 4862 sensus,
2943 4794 3191 4866 quamvis
3234 4782 3562 4847 sacriﬁcium
3593 4781 3808 4852 corporis

2249 4897 2354 4950 mei
2378 4893 2550 4966 [mlh
2572 4889 2843 4961 olTeramI,
2877 4888 3014 4943 addo
3056 4885 3405 4948 sacriﬁcium,
3432 4889 3488 4935 et
3519 4874 3806 4945 obsequium

2251 4988 2375 5042 ﬁdei
2403 4997 2618 5049 vestrae,
2649 4993 2757 5039 etc.

2325 5099 2414 5154 17.
2453 5097 2701 5163 Gaudeo,
2751 5104 2857 5150 etc.
2907 5092 3150 5155 Gaudeo,
3199 5087 3413 5158 inquit,
3465 5084 3530 5138 de
3576 5073 3813 5145 obsequio-

2256 5189 2380 5246 lidei
2429 5198 2643 5251 vcstrzn,
2697 5185 2747 5239 id
2797 5191 2919 5247 est,
2953 5182 3019 5236 de
3050 5183 3152 5236 hoc
3199 5178 3342 5248 quod
3397 5175 3553 5229 ﬁdem
3600 5177 3806 5222 vestram

2250 5281 2364 5336 Deo
2393 5278 2723 5341 sacriﬁcavi;
2757 5285 2810 5330 et
2841 5290 2946 5328 non
2985 5273 3052 5325 de
3084 5272 3186 5325 hoc
3236 5279 3443 5322 tantum
3472 5307 3486 5330 ,
3523 5263 3616 5319 sed
3667 5258 3812 5313 etiam

2251 5373 2296 5429 si
2325 5372 2604 5440 contingat
2636 5369 2766 5422 mihi
2798 5383 2896 5438 pro
2925 5365 3098 5427 vobis,
3132 5363 3181 5416 id
3211 5371 3315 5424 est,
3347 5361 3390 5415 si
3425 5355 3684 5412 immolor.

2323 5463 2410 5519 18.
2475 5439 2542 5515 Et
2600 5457 2976 5530 congratulor,
3031 5456 3081 5509 id
3130 5462 3244 5516 est,
3295 5451 3502 5522 gratias
3545 5462 3660 5516 ago,
3702 5439 3808 5510 quia

2251 5554 2555 5612 obedientia
2585 5557 2764 5605 vestra
2796 5549 2897 5604 hoc
2937 5545 3068 5602 mihi
3095 5543 3342 5599 contulit.

2327 5670 2414 5724 19.
2458 5665 2620 5738 Spero
2667 5654 2883 5728 autem,
2938 5669 3045 5718 etc.
3092 5658 3315 5715 Mittens
3362 5652 3648 5727 Apostolus
3691 5648 3809 5738 hanc

2255 5737 2548 5832 Epistolam
2597 5773 2692 5828 per
2753 5752 3174 5826 Epaphroditum
3208 5793 3222 5821 ,
3273 5743 3539 5822 promittit
3591 5737 3726 5815 quod
3765 5741 3810 5789 et
