3864 6300
129 348 217 406 515
790 341 856 398 IN
894 343 957 398 D.
997 340 1201 397 PAULI
1244 340 1460 396 EI'IST.
1498 340 1858 397 COMMENT.
1901 372 1969 380 ———
2000 340 2215 398 EPlST.
2246 343 2335 396 AD
2372 343 2659 400 PHILIPP.
3259 352 3368 408 5M

129 462 216 514 cito
242 458 444 511 mittere
476 456 543 510 ad
578 471 691 517 vos,
741 465 800 510 ut
838 471 937 527 ego
970 457 1110 512 bono
1151 455 1334 509 animo
1374 455 1498 519 sint,
1545 455 1774 524 cognitis
1818 471 1936 524 qna-
1970 456 2115 510 circa
2166 472 2261 511 vos
2309 468 2448 512 sunt.
2505 457 2782 514 Neminem
2828 462 2968 518 enim
3024 462 3200 523 habeo
3259 476 3366 521 tam

129 555 402 610 unanimem
432 554 585 618 milii,
614 553 704 622 qui
738 553 947 608 sincera
980 550 1285 617 affectione,
1319 568 1420 605 non
1445 569 1539 621 pro
1569 551 1714 604 lucro
1754 561 1959 606 terreno
1982 594 1995 617 ,
2044 569 2140 622 pro
2192 554 2342 608 vobis
2385 554 2647 610 sollicitus
2688 556 2775 610 sil.
2810 556 3010 616 Omnes
3060 562 3203 617 enim
3238 580 3369 633 quos

128 652 281 715 habeo,
306 665 420 719 quae
448 665 544 703 sua
578 658 700 703 sunt
729 649 1000 703 commoda
1028 656 1296 717 quaerunt,
1328 663 1433 701 non
1465 662 1585 716 quae.
1612 654 1736 702 sunt
1772 646 1901 702 Jesu
1932 649 2153 703 Christi.
2186 649 2656 720 Experimentum,
2686 659 2943 716 studium,
2994 662 3175 708 autem
3224 652 3369 722 ejus,

130 748 368 812 limat/rei,
394 748 724 817 cOgnoscite,
756 747 879 816 quia
912 746 1106 800 scilicet
1137 746 1279 800 sicut
1308 746 1446 815 patri
1495 744 1658 810 lilius,
1690 759 1902 799 mecum
1931 746 2154 800 servivit
2201 747 2251 800 in
2301 747 2612 815 Evangelio.
2645 747 2798 811 llune
2820 749 2987 818 igitur
3016 789 3031 814 ,
3071 748 3196 818 quia
3244 748 3373 803 talis

126 863 200 903 est.
232 860 377 914 spem
415 860 501 899 me
534 845 749 899 mittere
779 845 846 898 ad
879 859 993 909 vos,
1023 859 1147 898 mox
1187 854 1248 897 ut
1275 843 1462 898 videro
1506 858 1625 913 qua:
1661 842 1805 898 circa
1838 858 1923 898 me
1952 853 2097 897 sunt.
2141 844 2369 900 Conﬁdo
2422 854 2603 899 autem
2652 845 2708 900 in
2743 846 2994 909 Domino,
3027 845 3283 914 quoniam
3313 854 3371 900 et

128 946 220 1011 ipse
252 957 451 995 veniam
485 944 553 997 ad
583 959 678 998 vos
705 944 836 999 cito.
887 941 1267 997 Necessarium
1321 950 1500 996 autem
1546 941 1853 997 exnstimavi
1883 982 1898 1005 ,
1937 941 2366 1021 Epaphroditum
2410 944 2635 996 fratrem
2667 983 2681 1007 ,
2735 952 2791 997 et
2840 951 3273 1011 cooperatorem,
3314 951 3373 995 et

127 1039 512 1094 commilitonem
567 1056 782 1104 meum,
830 1049 1072 1093 vestrum
1127 1048 1305 1092 autem
1359 1037 1659 1106 apostolum
1692 1078 1708 1103 ,
1754 1046 1809 1091 ct
1856 1036 2162 1092 ministrant
2212 1038 2549 1092 necessitatis
2580 1053 2712 1092 mea:
2745 1079 2760 1103 ,
2790 1038 2879 1107 qui
2920 1036 3047 1090 mr‘lii
3075 1034 3373 1089 necessaria

127 1138 376 1201 ministrat,
411 1137 627 1192 mittere
675 1138 741 1190 ad
773 1151 870 1191 vos
897 1177 909 1199 ,
940 1135 1195 1205 quoniam
1232 1134 1450 1204 quidem
1508 1148 1699 1190 omnes
1741 1149 1838 1188 vos
1872 1134 2042 1188 ridere
2079 1135 2453 1196 desiderabat,
2494 1145 2549 1188 et
2602 1144 2832 1189 moestus
2874 1143 2991 1187 erat
3020 1174 3034 1199 ,
3082 1141 3368 1202 propterea

124 1232 239 1300 quod
275 1232 566 1287 audieratis
598 1232 742 1286 illum
777 1232 1129 1294 inlirmatum,
1167 1242 1213 1285 et
1246 1232 1317 1283 ita
1350 1230 1471 1298 fuit.
1521 1230 1655 1284 Nam
1691 1239 1745 1285 et
1779 1230 2086 1285 inﬁrmatus
2117 1239 2199 1285 est
2249 1231 2645 1301 Epapltroditus
2675 1247 2845 1301 usque
2874 1232 2940 1285 ad
2974 1236 3233 1295 mortem;
3274 1230 3369 1284 sed

129 1328 242 1382 Deus
264 1330 508 1383 misertus
538 1339 623 1384 est
654 1330 793 1400 ejus,
834 1344 937 1384 non
970 1330 1143 1384 solum
1176 1339 1355 1383 autem
1386 1328 1524 1398 ejus,
1558 1344 1745 1383 verum
1797 1329 1961 1383 etiam
1997 1331 2051 1384 in
2101 1332 2270 1384 salute
2299 1332 2433 1400 ejus,
2475 1340 2530 1385 et
2555 1331 2683 1397 mei,
2728 1346 2797 1385 ne
2840 1330 3021 1384 mortis
3051 1330 3163 1399 ejus
3196 1327 3371 1382 tristi-

128 1422 250 1486 tiam,
272 1436 418 1489 super
456 1422 733 1477 tristitiam
763 1423 1090 1490 inﬁrmitatis
1127 1422 1263 1493 ejus,
1289 1422 1364 1477 rel
1394 1424 1618 1477 carceris
1649 1424 1747 1477 mei
1780 1424 2057 1478 haberem.
2092 1422 2461 1479 Festinantius
2501 1440 2652 1495 ergo,
2690 1425 2814 1495 quia
2862 1424 2925 1478 de
2963 1440 3022 1477 eo
3048 1422 3215 1477 moesti
3259 1422 3372 1491 fue-

128 1524 251 1583 ratis,
280 1519 391 1573 misi
426 1518 599 1583 illum,
635 1529 693 1574 ut
722 1521 838 1575 viso
870 1535 955 1586 eo,
988 1520 1183 1574 iterum
1216 1520 1521 1591 gaudeatis,
1571 1520 1705 1573 sicut
1738 1520 1887 1589 prius
1911 1537 1971 1573 eo
1997 1531 2266 1590 pra’senle,
2313 1530 2368 1576 et
2398 1536 2497 1591 ego
2531 1521 2620 1575 20.
2672 1521 2788 1575 sine
2834 1521 3052 1575 tristitia
3105 1520 3227 1575 sim.
3277 1521 3366 1574 ει.

128 1614 329 1683 Excipite
356 1616 539 1685 itaque
567 1618 717 1673 illum
746 1634 870 1673 cum
899 1619 1044 1673 omni
1074 1619 1268 1689 gaudio
1297 1619 1348 1671 in
1381 1616 1633 1681 Domino,
1659 1625 1714 1671 et
1748 1618 2012 1688 ejusmodi
2062 1619 2322 1691 hominem
2353 1635 2476 1673 cum
2526 1620 2732 1675 honore
2778 1618 3028 1675 habetote
3062 1638 3074 1674 :
3112 1620 3369 1689 quoniam

128 1722 311 1780 propter
339 1726 470 1782 opus
498 1713 704 1768 Christi
748 1729 919 1784 usque
965 1715 1030 1769 ad
1060 1724 1286 1770 mortem
1318 1714 1568 1777 accessit,
1607 1713 1828 1767 tradens
1877 1713 2115 1766 animam
2168 1729 2347 1777 suam,
2392 1712 2517 1781 (non
2571 1713 2767 1767 dimisit
2820 1730 2914 1782 pro
2955 1712 3202 1778 inimicis,
3244 1711 3372 1782 quin

129 1808 333 1873 Apostolo
365 1808 685 1863 ministraret
713 1810 768 1862 in
799 1812 1026 1880 carcere)
1066 1818 1121 1862 ut
1154 1809 1421 1879 impleret,
1470 1809 1545 1874 id,
1579 1809 1721 1879 quod
1761 1823 1826 1862 ex
1857 1808 2015 1863 vobis
2060 1809 2245 1864 deerat
2285 1825 2412 1881 erga
2466 1825 2644 1865 meum
2696 1810 3037 1880 obsequium,
3078 1807 3217 1879 quod
3267 1824 3369 1860 non

129 1904 337 1968 poteratis
366 1905 491 1959 milii
514 1904 912 1960 administrare.

1425 2003 1611 2075 153
1674 2003 1905 2060 CAPUT
1946 2004 2033 2060 ut.

186 2105 246 2157 De
271 2114 476 2167 etetero,
504 2103 704 2157 fratres
736 2103 861 2163 mei,
893 2105 1122 2172 gaudete
1155 2102 1208 2156 in
1263 2100 1516 2157 Domino.
1563 2103 1618 2155 1.
1649 2101 1853 2156 Eadem
1889 2117 2007 2170 qua:
2035 2100 2155 2171 jam
2185 2117 2414 2170 pra:sens
2467 2100 2581 2155 dixi
2620 2100 2772 2157 vobis
2820 2118 2901 2155 me
2949 2102 3210 2162 scribere,
3240 2098 3373 2155 mihi

132 2201 308 2267 quidem
334 2216 434 2256 non
463 2216 706 2270 pigrum,
750 2200 906 2255 vobis
952 2209 1132 2254 autem
1166 2215 1556 2265 necessarium,
1593 2200 1719 2261 utile
1751 2182 1855 2256 est.
1890 2201 2027 2256 Ecce
2065 2218 2182 2272 qua!
2229 2202 2286 2265 2,
2339 2203 2395 2264 '5,
2452 2201 2505 2256 4.
2540 2182 2737 2256 νὶἀειό
2778 2216 2965 2281 canes,
3019 2210 3073 2255 ut
3119 2202 3372 2268 caveatis,

134 2298 277 2350 videte
303 2297 464 2353 malos
502 2298 811 2361 operarios.
838 2298 891 2352 5.
924 2296 975 2353 6.
1004 2299 1183 2352 videte
1213 2299 1600 2361 concisioncm,
1648 2300 1802 2369 quasi
1833 2299 1902 2352 ad
1940 2316 2043 2354 non
2079 2298 2417 2352 circumcisos
2448 2308 2494 2352 et
2526 2306 2814 2363 separatos.
2859 2300 2911 2352 7.
2953 2299 3005 2354 8.
3044 2297 3152 2352 Nos
3201 2298 3375 2352 enimv

132 2392 380 2449 Christiani
408 2408 643 2459 tantum,
669 2411 857 2451 sumus
883 2396 1251 2456 circumcisio.
1276 2395 1530 2465 (qualitas
1567 2413 1662 2462 pro
1692 2398 1861 2465 quati)
1890 2397 1982 2465 qui
2014 2396 2225 2466 spiritu,
2261 2382 2362 2450 non
2386 2396 2685 2450 carnalibus
2715 2395 3080 2460 observantiis,
3106 2395 3378 2449 servimus

134 2487 235 2552 Deo,
259 2500 308 2543 et
341 2490 643 2560 gloriamur
670 2492 720 2545 in
749 2491 965 2545 Christo
993 2492 1144 2553 Jesu,
1175 2493 1227 2542 in
1258 2491 1363 2560 fide
1392 2490 1590 2545 Christi
1612 2490 1767 2555 Jesu,
1801 2501 1855 2547 et
1885 2507 1991 2545 non
2022 2492 2073 2546 in
2117 2506 2302 2555 carne,
2352 2490 2559 2545 carnali
2608 2490 2737 2559 lege,
2790 2489 3042 2544 ﬁduciam
3090 2489 3375 2551 habentes,

133 2600 392 2654 quanquam
416 2601 516 2655 ego
547 2587 801 2649 habeam,
852 2586 1041 2639 habere
1069 2586 1291 2649 raleam,
1320 2588 1703 2642 conlidentiatn
1733 2597 1788 2642 et
1820 2588 1871 2642 in
1920 2603 2102 2643 carne.
2151 2588 2207 2643 Si
2240 2590 2361 2658 quis
2410 2588 2546 2642 alius
2576 2587 2789 2641 videtur
2833 2604 2984 2657 posse
3013 2587 3289 2643 confidere
3323 2586 3376 2640 iu

135 2696 281 2749 carne,
303 2699 393 2753 ego
426 2702 642 2753 possum
669 2685 885 2754 gloriari
922 2685 1114 2755 magis,
1146 2685 1505 2741 circumcisus
1553 2696 1749 2741 octavo
1782 2687 1889 2751 die,
1918 2688 2113 2742 habens
2160 2688 2610 2742 circumcisiouem
2651 2688 2816 2741 octavi
2842 2684 2969 2749 diei,
3008 2700 3110 2738 non
3139 2681 3380 2751 prosely-

135 2788 197 2830 ltts
218 2780 262 2831 9.
284 2796 341 2834 ex
370 2796 566 2851 genere
594 2782 779 2845 Israel,
812 2782 1068 2836 oriundus
1095 2782 1159 2836 de
1193 2783 1333 2835 tribu
1384 2782 1686 2851 Benjamin,
1718 2783 1976 2839 Hebraeus
2001 2800 2069 2839 ex
2110 2784 2370 2847 Hebraeis,
2398 2784 2484 2837 10.
2535 2782 2831 2837 secundum
2876 2780 3052 2852 legem
3085 2776 3378 2849 (Pltaristci

136 2875 261 2944 legent
289 2888 499 2945 tantum,
548 2897 655 2933 non
688 2880 962 2946 pmphetas
993 2878 1189 2949 tenent)
1222 2879 1549 2943 Phariszuus,
1594 2881 1889 2950 religiosior
1920 2882 1972 2934 in
2021 2882 2150 2951 lege,
2203 2881 2498 2935 secundum
2545 2879 2943 2934 temulationem
2978 2878 3164 2930 bonum
3195 2880 3381 2943 perse-‘

137 2987 272 3039 quens
297 2975 412 3029 olim
440 2976 745 3032 Ecclesiam
779 2976 895 3039 Dei,
927 2977 1222 3030 secundum
1245 2976 1535 3045 justitiam,
1563 2990 1684 3045 qum
1716 2977 1767 3031 in
1819 2977 1935 3048 lege
1961 2989 2067 3043 est,
2095 2987 2444 3033 conversatus
2473 2977 2591 3031 sine
2618 2976 2860 3047 querela,
2924 2991 3026 3028 non
3058 2987 3378 3042 conquerens

138 3069 480 3128 deottsteritate
508 3072 689 3143 legali.
726 3072 812 3125 ll.
839 3069 946 3125 Sed
977 3086 1116 3141 qute,
1172 3070 1275 3136 lex,
1308 3071 1383 3124 uel
1408 3071 1697 3138 persecutia
1722 3073 1885 3125 stulta
1928 3074 2192 3142 opinione,
2243 3074 2373 3127 mihi
2424 3073 2637 3127 fuerant
2692 3072 2838 3143 prius
2870 3070 3041 3135 lucra,
3074 3069 3191 3123 haec
3234 3064 3380 3119 arbi-

1435 3187 1811 3244 COMMENTA
1824 3189 2004 3249 RIUS.

139 3301 428 3360 Timotheum
457 3322 564 3360 non
595 3305 761 3360 multo
786 3314 908 3377 post
932 3306 1001 3361 ad
1024 3320 1120 3362 eos
1149 3304 1355 3360 mittet'
1399 3321 1505 3361 non
1533 3305 1676 3360 enim
1708 3308 1752 3366 Λ
1785 3323 1911 3362 vero
1944 3323 2084 3362 nunc
2139 3308 2250 3362 Deo
2302 3323 2408 3362 non
2462 3304 2660 3375 placet,
2723 3312 2931 3359 tantum
2985 3299 3224 3356 concisio
3274 3308 3378 3355 est.

142 3394 270 3449 simul
296 3406 577 3467 utrumque
611 3397 793 3451 mittit.
1854 3399 1907 3454 6.
1950 3398 2152 3453 Lsnrn.
2213 3399 2395 3453 Videte
2427 3398 2899 3452 circumcisionem.
2949 3394 3178 3461 Quidam
3226 3392 3376 3447 enim

192 3484 267 3539 ‘20.
322 3489 442 3543 Sine
467 3490 712 3543 tristitia.
743 3488 915 3554 Quam
950 3488 1124 3543 habeo
1161 3502 1260 3555 pro
1286 3501 1350 3541 eo
1376 3486 1519 3556 quod
1550 3501 1682 3541 con-
1784 3506 1906 3557 cum
1942 3506 2047 3545 non
2091 3499 2277 3546 essent
2306 3490 2496 3556 Judaei,
2550 3488 3112 3551 circumcidcbantur,
3161 3493 3217 3539 et
3260 3491 3385 3554 post

140 3576 299 3633 tristati
325 3581 469 3644 estis,
502 3582 689 3635 audita
724 3580 1037 3635 inﬁrmitate
1065 3578 1227 3634 illius.
1777 3580 2064 3650 jactabant
2088 3597 2147 3636 se
2174 3596 2296 3637 esse
2322 3597 2388 3636 ex
2419 3595 2617 3652 genere
2648 3580 2898 3635 Abrahae.

191 3667 265 3722 2|.
324 3670 575 3741 Excipite.
615 3670 669 3724 In
698 3685 918 3725 carcere
961 3683 1089 3725 erat.
1120 3668 1429 3738 Apostolus,
1458 3669 1525 3722 ad
1563 3683 1682 3723 ser-
1856 3674 1905 3727 7.
1947 3672 2060 3727 Nos
2092 3673 2251 3726 enim.
2293 3670 2455 3725 llatio
2489 3685 2587 3725 cur
2616 3669 2687 3724 illi
2726 3679 2853 3724 sunt
2878 3667 3126 3730 cavendi,
3156 3675 3213 3721 et
3242 3681 3379 3736 apo-

140 3759 347 3815 vicudum
378 3765 423 3819 ei
446 3764 681 3822 accessit
710 3765 812 3818 iste
839 3778 961 3819 cum
992 3779 1190 3834 magno
1214 3763 1476 3834 periculo.
1786 3765 1907 3821 stoli
1941 3764 2215 3830 audiendi,
2244 3764 2371 3833 quia
2401 3763 2650 3818 videlicet
2679 3762 2753 3817 illi
2776 3755 3078 3827 carnalem,
3104 3759 3192 3816 isti
3221 3759 3385 3831 spiri-

194 3855 324 3909 CAP.
380 3857 458 3914 lll.
498 3889 571 3899 —-
609 3858 659 3910 1.
700 3855 938 3913 Annuus.
1008 3855 1209 3911 Eadem
1263 3855 1428 3910 vobis.
1484 3854 1682 3909 Eadem
1787 3859 1987 3914 tnalem
2020 3856 2494 3912 circumeisionem
2527 3855 2919 3926 prmdicabant.

144 3942 263 4011 dicit,
295 3948 409 4017 quia
457 3950 524 4004 de
573 3948 660 4003 his
691 3947 953 4002 docuerat
991 3960 1088 4003 eos
1125 3946 1350 4015 quando
1396 3944 1536 4013 apud
1588 3959 1683 4000 eos
1854 3952 1907 4007 8.
1946 3950 2189 4006 Accus'r.
2216 3948 2331 4019 (lib.
2383 3947 2461 4003 De
2508 3965 2614 4003 ver.
2654 3955 2824 4018 apost.
2876 3960 3140 4005 serm.,xv
3168 3984 3183 4010 ,
3228 3959 3279 3999 e.
3329 3944 3384 4011 Ι,

144 4036 313 4103 “lerat;
338 4055 385 4097 et
418 4045 533 4099 hinc
568 4042 659 4114 [[2,
694 4040 818 4113 hoc]
848 4040 915 4096 ad
944 4056 1006 4096 ea
1038 4054 1157 4111 qua:
1182 4048 1511 4109 sequuntur,
1544 4039 1683 4093 refe-
1786 4052 1916 4098 totn.
1950 4042 2045 4099 Χ.)
2076 4042 2189 4095 Nos
2214 4041 2351 4096 enim
2374 4056 2575 4094 sumus.
2608 4039 2714 4094 Sed
2756 4053 2857 4094 nos
2881 4052 3069 4093 sumus
3094 4034 3385 4091 circumci-

144 4133 326 4189 rcndum
349 4145 445 4191 est.
1784 4135 1866 4189 sio
1904 4153 1917 4189 :
1953 4135 2033 4190 sic
2079 4133 2309 4204 accipite
2363 4132 2468 4187 hoc
2521 4131 2759 4186 voluisse
2802 4130 3126 4203 Apostolum
3178 4127 3384 4190 dicere,

196 4222 241 4276 9-
275 4227 492 4283 Avccsr.
522 4224 722 4295 (Epist.
754 4224 856 4279 120
886 4225 955 4277 ad
985 4222 1189 4277 Honor.
1211 4236 1333 4290 cap.
1365 4220 1474 4288 lli.)
1505 4218 1684 4272 Videte
1785 4240 1973 4279 sumus
2021 4239 2120 4279 nos
2163 4222 2395 4291 justitia.
2441 4220 2801 4276 Circumcisio
2852 4218 2998 4274 enim
3031 4216 3244 4287 jnstitia
3276 4226 3381 4270 est.

145 4328 283 4368 canes.
309 4317 470 4374 Canes
517 4317 811 4389 appellavit
839 4332 944 4373 non
994 4315 1222 4376 ratione.
1257 4313 1352 4367 sed
1389 4322 1682 4367 consuetu-
1786 4317 1953 4386 Magis
1977 4316 2123 4370 enim
2153 4314 2497 4370 commendat
2522 4313 2667 4383 quod
2693 4311 2845 4375 dicit,
2874 4310 3102 4365 dicendo
3133 4324 3230 4364 nos
3260 4322 3385 4364 esse

146 4402 242 4459 dine
287 4419 459 4466 contra
530 4411 806 4466 insolitam
866 4409 1149 4462 veritatem
1223 4406 1517 4469 latrantes;
1568 4404 1683 4459 hcce
1778 4406 2067 4478 justitiam,
2093 4421 2254 4475 quam
2286 4404 2516 4460 dicendo
2542 4420 2641 4459 nos
2685 4400 3007 4469 essejustos
3038 4415 3055 4453 :
3086 4400 3166 4461 sic
3195 4407 3383 4455 tamen

146 4494 258 4550 enim
300 4511 480 4557 natura
543 4511 631 4557 est
679 4515 871 4555 canum
898 4541 912 4563 ,
965 4507 1025 4552 ut
1072 4513 1192 4553 eum
1240 4497 1437 4567 quibus
1482 4497 1684 4552 habent
1784 4509 1844 4554 ut
1869 4515 1991 4555 cum
2021 4496 2292 4564 justitiam
2321 4496 2614 4559 dicitesse,
2642 4494 2819 4566 justos
2852 4490 3234 4561 intelligamus.

148 4594 560 4657 consuetudinem,
593 4594 708 4649 sive
738 4593 808 4646 illi
841 4591 963 4646 boni
995 4592 1125 4655 sint,
1158 4592 1273 4645 sive
1307 4589 1454 4653 mali,
1484 4604 1590 4643 non
1613 4591 1679 4644 ad
1853 4594 1906 4647 9.
1935 4592 2123 4663 (lbid.,
2152 4607 2202 4646 c.
2242 4590 2296 4659 5)
2329 4588 2413 4644 Ex
2436 4604 2637 4658 'gencre
2664 4584 2871 4651 Israel,
2904 4584 2955 4639 id
2985 4594 3091 4649 est,
3126 4599 3232 4639 non
3255 4598 3389 4654 pro-

148 4688 220 4729 cos
244 4678 443 4751 latrent;
477 4685 816 4740 insolitorum
849 4692 1029 4739 autem
1061 4683 1308 4753 personis
1343 4683 1475 4738 visis
1510 4685 1675 4739 etiam
1711 4664 1753 4723 Β
1786 4686 2012 4755 selytus,
2060 4702 2164 4740 non
2199 4685 2406 4738 advena
2451 4683 2517 4737 ad
2566 4680 2817 4753 populum
2871 4678 3004 4744 Dei,
3051 4694 3157 4733 non
3208 4675 3382 4743 major

152 4760 472 4829 innocentibus
500 4774 803 4829 irritentur.
1788 4777 2161 4841 circumcisus,
2197 4776 2290 4831 sed
2318 4792 2346 4828 a
2385 4775 2702 4843 parentibus
2732 4780 2891 4828 natus
2916 4771 3157 4837 Ju‘dteus,
3202 4768 3380 4824 habeo

202 4856 245 4910 5.
266 4858 447 4917 Lasrn.
492 4863 669 4918 Videte
696 4880 870 4918 canes.
912 4863 1087 4919 Canes
1111 4872 1166 4919 et
1192 4864 1364 4918 malos
1402 4865 1687 4935 operarios
1785 4869 2252 4926 circumcisionem
2282 4867 2455 4923 octavi
2486 4861 2637 4920 diei.‘

149 4956 273 5000 Vocat
316 4968 401 5007 eos
451 4956 541 5025 qui
592 4954 867 5009 carnalem
913 4955 1378 5011 cireumcisionem
1423 4956 1688 5025 praatliea-
1861 4961 1951 5015 i0.
1989 4959 2180 5030 (Ibid)
2226 4959 2524 5015 Secundum
2565 4956 2727 5029 legem
2794 4958 3208 5011 n’uaristcorum.
3260 4950 3386 5005 Pri-

150 5030 269 5101 bant,
316 5057 440 5109 quos
483 5046 753 5101 cavendos
800 5045 1063 5115 prmcipit.
1105 5046 1479 5100 Concisionem
1525 5053 1679 5099 vocat
1791 5050 1947 5104 marii
1974 5050 2192 5119 quidam
2242 5059 2420 5113 erant,
2452 5058 2507 5104 et
2534 5050 2689 5120 quasi
2729 5048 2795 5103 ad
2825 5047 3162 5103 nobilitatem
3192 5040 3381 5097 Iudai-

152 5124 217 5179 vel
247 5130 710 5202 circumcisionem,
755 5137 806 5191 id
834 5145 938 5198 est,
988 5135 1220 5201 Judzcos,
1267 5137 1350 5192 vel
1389 5138 1678 5209 separatio-

1855 5157 1905 5195 m
1923 5139 2210 5210 segregati,
2230 5154 2339 5194 non
2366 5139 2759 5209 contemptibili
2790 5137 2932 5206 plebi
2959 5132 3254 5197 commisti,
3283 5131 3379 5200 qui

154 5227 271 5282 nem.
314 5223 361 5279 id
402 5236 503 5293 est,
548 5243 643 5284 eos
688 5228 779 5297 qui
814 5227 866 5283 in
903 5226 1064 5281 aliam
1110 5228 1412 5283 doctrinam
1457 5243 1488 5282 a
1538 5238 1682 5284 etetu
1787 5231 2109 5286 dicebantur
2133 5229 2416 5284 Pharisaei.
2446 5228 2577 5283 Nam
2604 5229 2802 5283 dicitur
2821 5228 2926 5282 hoc
2952 5226 3181 5281 verbum
3216 5220 3379 5292 quasi

154 5302 349 5368 ﬁdelium
374 5332 462 5375 eos
487 5320 831 5391 separabant.
1784 5324 2194 5395 scgregationem
2254 5323 2647 5393 interpretari,
2716 5319 2992 5389 quomodo
3055 5317 3108 5371 in
3182 5314 3377 5370 Latina

209 5397 254 5453 ll.
288 5405 511 5469 Alanos.
561 5412 741 5467 Videte
768 5413 1139 5469 caues.Canes
1165 5413 1405 5476 vocavit,
1439 5412 1564 5482 quia
1596 5427 1686 5467 ve-
1790 5417 1972 5485 lingua
2004 5416 2202 5471 dicitur
2226 5416 2476 5486 egregius
2498 5415 2653 5484 quasi
2688 5429 2717 5467 a
2749 5428 2910 5483 grege
2935 5415 3236 5479 separatus.

155 5499 421 5558 recundiam
453 5525 551 5563 non
571 5510 791 5575 habent,
818 5509 909 5564 sed
931 5509 1243 5578 frequenter
1264 5508 1599 5579 reprehensi,
1630 5508 1685 5563 in
1864 5510 1948 5563 Η.
1992 5509 2196 5564 [ΑΜ-ιι.
2231 5508 2333 5564 Sed
2376 5525 2495 5579 qua:
2538 5509 2771 5577 fuerunt.
2824 5502 3081 5561 Carnalcs
3117 5501 3378 5556 observa~

157 5596 266 5641 vana
290 5592 513 5656 doctrina
540 5604 830 5674 persistere
851 5602 1119 5657 videntur.
1794 5603 1989 5666 tiones,
2020 5616 2139 5670 qua:
2171 5608 2299 5657 ante
2346 5600 2634 5655 adventum
2678 5595 2878 5653 Christi
2925 5593 3229 5649 animarum
3265 5589 3379 5644 fue-

212 5675 257 5775 ξ-
295 5679 455 5745 Videte
502 5695 866 5749 concisioncm.
916 5695 1059 5749 Bene
1106 5694 1471 5751 concisionem
1518 5692 1685 5756 dixit,
1793 5703 1920 5749 runt
1965 5693 2153 5756 lucra,
2205 5701 2432 5749 servata:
2473 5698 2596 5760 post
2645 5689 2926 5743 adventum
2973 5685 3112 5756 ejus,
3160 5682 3380 5739 Ϊυθΐυηι

158 5774 258 5833 'lma
298 5782 513 5845 quandiu
567 5785 675 5843 Deo
722 5785 944 5856 placuit,
996 5785 1338 5843 circumcisio
1388 5797 1522 5853 erat,
1558 5785 1683 5855 quia
1797 5786 2158 5853 detrimenta;
2200 5787 2347 5849 ﬁdes,
2392 5785 2537 5843 enim
2584 5781 2785 5839 Christi
2827 5778 3105 5838 observari
3152 5790 3247 5835 eas
3273 5787 3381 5830 non
