3964 6290
431 350 534 404 515
1440 356 1499 411 Β.
1543 356 1930 413 LANFRANCI
1969 354 2319 413 CANTUAR.
2358 355 2668 412 ARClllEl’.
3577 351 3694 411 510

432 469 604 517 tratus
629 477 746 518 sum
777 471 1001 536 propter
1020 464 1319 534 Christum,
1361 469 1514 537 fidem
1545 471 1759 536 Christi,
1792 469 2133 527 detrimenta.
2184 471 2566 526 Verumtamen
2597 486 2734 525 nunc
2772 486 2973 540 quoque
3002 468 3252 525 existimo
3280 470 3461 524 omnia
3512 471 3687 525 detri-

430 566 671 611 mentum
714 558 875 630 159
907 576 1049 627 esse,
1075 564 1165 619 l2.
1194 573 1414 635 propter
1441 567 1791 631 eminentem,
1825 568 1999 621 omnia
2042 578 2396 636 superantem,
2443 568 2725 622 scientiam
2773 576 3147 634 assequenttam
3176 564 3301 622 Iesu
3333 568 3537 622 Christi
3584 568 3690 620 Do-

374 652 387 667 ‘
427 644 560 698 mini
603 646 737 711 mei,
773 658 995 719 propter
1027 667 1189 716 quem
1226 655 1449 723 (repetit,
1481 655 1562 708 vel
1587 656 1879 725 generalitts
1915 656 2064 727 dicit)
2108 657 2291 711 omnia
2332 657 2714 712 detrimentum
2764 657 2899 723 feci,
2943 666 2997 713 et
3043 660 3279 714 arbitror
3318 669 3376 714 ut
3414 669 3695 721 stercora,

424 734 551 802 quia
575 738 844 793 observata
880 742 1110 794 animam
1140 743 1400 812 polluant,
1436 753 1494 797 ut
1521 744 1796 800 Christum
1833 745 2169 801 lucrifaciam
2190 786 2206 812 ,
2238 756 2293 799 ut
2325 755 2379 802 et
2405 747 2649 802 inveniar
2683 748 2736 803 iu
2767 748 2894 812 illo,
2930 764 3036 804 non
3069 751 3273 805 habens
3306 766 3481 803 meam
3516 748 3695 816 justi-

432 825 593 892 tiam,
624 844 744 898 qua:
773 844 839 887 ex
869 831 985 902 lege
1012 841 1115 898 est,
1148 834 1241 888 sed
1276 834 1420 888 illam
1452 850 1575 905 qua:
1608 853 1675 891 ex
1706 836 1808 891 fide
1840 846 1921 892 est
1951 836 2151 892 Christi
2184 835 2315 893 Jesu
2342 853 2358 892 :
2384 854 2503 908 quae
2532 855 2597 894 ex
2624 841 2734 896 Deo
2762 847 2845 894 est
2874 840 3082 910 iustitia
3121 841 3175 894 in
3206 838 3309 894 fide
3334 839 3557 903 Christi,
3596 838 3694 892 15.

429 916 496 971 ad
530 921 964 988 cognoscendum
1005 923 1172 987 illum,
1201 925 1341 995 quod
1380 926 1753 995 beneplacitum
1785 928 1852 981 sil
1891 927 2017 993 Deo,
2045 927 2135 989 14.
2160 929 2249 994 15,
2275 929 2362 983 16.
2395 942 2449 987 et
2484 931 2735 985 virtutem
2767 930 3179 986 resurrectionis
3227 931 3360 1001 ejus,
3393 948 3498 1002 qua
3526 940 3697 983 homo

428 1010 649 1063 interior
673 1014 975 1075 suscitatur,
1003 1013 1086 1074 l7,
1115 1014 1202 1069 l8.
1234 1023 1287 1068 et
1318 1015 1635 1069 societatem
1675 1016 1986 1086 passionum
2036 1016 2204 1082 illius,
2228 1017 2316 1083 19,
2341 1017 2432 1073 20.
2465 1020 2833 1087 configuratus
2864 1020 3024 1075 morti
3064 1020 3202 1089 ejus,
3232 1022 3275 1075 si
3304 1034 3411 1089 quo
3438 1017 3605 1072 modo
3635 1018 3698 1070 in

428 1098 609 1166 futuro
634 1117 915 1159 occurram
946 1105 1012 1159 ad
1038 1105 1509 1171 resurrectionem,
1540 1122 1659 1176 qua:
1685 1116 1768 1163 est
1796 1122 1864 1163 ex
1888 1108 2139 1173 mortuis,
2163 1108 2240 1163 vel
2262 1109 2325 1162 de
2346 1110 2588 1179 peccatis.
2619 1109 2735 1165 Non
2759 1110 2874 1164 ideo
2901 1109 3017 1163 dico
3038 1108 3181 1179 quod
3202 1106 3315 1176 jam
3347 1106 3696 1177 acceperim,

427 1194 854 1249 resurrettionem
894 1196 1067 1251 carnis
1104 1197 1157 1249 in
1197 1196 1487 1264 cognitione
1516 1196 1730 1263 Christi,
1759 1206 1854 1252 aut
1882 1197 1995 1266 jam
2026 1197 2297 1268 perfectus
2330 1201 2431 1254 sim
2470 1201 2526 1253 in
2555 1200 2845 1271 cognitione
2871 1198 3097 1264 Christi;
3126 1198 3216 1252 21.
3245 1213 3444 1269 sequor
3475 1207 3695 1260 autem,

428 1278 472 1332 si
500 1296 607 1350 quo
637 1284 794 1337 modo
822 1287 1303 1354 comprehendam,
1337 1306 1402 1345 ea:
1427 1300 1535 1343 toto
1572 1308 1851 1361 agnoscam
1891 1292 2186 1356 Christum,
2216 1293 2307 1347 22.
2338 1293 2390 1347 in
2420 1308 2527 1362 quo
2555 1294 2630 1365 (in
2670 1292 2981 1363 cognitione)
3013 1301 3068 1345 et
3106 1290 3533 1360 comprehensus
3559 1302 3697 1340 sum

425 1386 491 1424 ex
516 1383 623 1425 toto
654 1388 682 1427 a
708 1373 923 1430 Christo
948 1375 1096 1443 Jesu,
1125 1378 1343 1445 fratres,
1375 1395 1475 1450 ego
1510 1395 1598 1437 me
1627 1396 1732 1436 non
1761 1382 1997 1437 arbitror
2045 1383 2523 1451 comprehendisse
2566 1382 2764 1437 scilicet
2808 1382 3078 1436 scientiam
3110 1378 3305 1434 Christi
3331 1395 3397 1433 ea:
3420 1387 3556 1432 toto.
3589 1375 3698 1437 23.

423 1460 515 1527 21,
544 1462 632 1517 25.
667 1464 839 1520 Unum
883 1478 1081 1535 autem,
1110 1474 1202 1527 sed
1234 1475 1330 1529 hoc
1360 1491 1521 1528 unum
1551 1476 1798 1541 arbitror,
1824 1492 1944 1547 qua:
1970 1476 2185 1546 quidem
2225 1476 2419 1531 scilicet
2450 1485 2595 1533 retro
2625 1484 2752 1530 sunt
2779 1473 3016 1529 carnales
3063 1472 3446 1527 observationes
3479 1469 3698 1524 oblivi-

424 1567 609 1624 secus,
643 1559 710 1613 ad
740 1575 801 1614 ea
832 1576 963 1618 vero
1008 1579 1128 1634 qua:
1167 1577 1293 1622 sunt
1325 1567 1540 1638 priora,
1584 1570 1789 1639 potiora
1835 1571 2135 1625 extendens
2178 1569 2473 1639 meipsum,
2521 1569 2587 1622 ad
2626 1568 2954 1623 destinatum
2997 1579 3314 1635 persequor,
3358 1563 3587 1627 scilicet,
3622 1561 3699 1615 ad

425 1642 693 1745 ξπθγῖίηην
724 1651 1018 1745 Ρξξεηιίαηιν
1051 1670 1296 1727 supernae
1325 1661 1627 1716 vocationis
1653 1661 1771 1726 Dei,
1810 1678 1926 1732 qua:
1961 1661 2161 1715 vacatio
2206 1670 2281 1715 est
2322 1660 2374 1715 in
2412 1661 2627 1716 Christo
2668 1661 2826 1735 160
2870 1656 3019 1713 .lesu.
3050 1657 3142 1711 26.
3193 1655 3514 1727 Quicunque
3552 1669 3699 1723 ergo

426 1732 573 1803 (quia
616 1753 707 1808 ego
752 1739 807 1792 id
852 1744 1017 1797 sentio
1058 1747 1228 1803 volens
1272 1768 1380 1805 esse
1421 1751 1700 1821 perfectus)
1743 1750 1971 1821 perfecti
2014 1765 2222 1815 Sumus,
2263 1750 2339 1805 vel
2371 1768 2482 1806 esse
2524 1732 2781 1814 uolumus,
2821 1753 2922 1808 hoc
2963 1754 3282 1821 sentiamus,
3324 1769 3417 1807 nos
3446 1751 3699 1806 nondum

428 1834 874 1900 comprehendisse
900 1851 919 1890 :
950 1837 1039 1893 27.
1076 1851 1131 1896 et
1167 1842 1210 1896 si
1250 1844 1378 1911 quid
1418 1842 1575 1897 aliter
1612 1844 1825 1913 sapitis,
1864 1859 2020 1913 quam
2052 1842 2357 1911 sapientium
2392 1844 2481 1909 sit,
2523 1851 2579 1897 et
2612 1843 2713 1898 hoc
2753 1844 2905 1900 vobis
2942 1843 3083 1899 Deus
3120 1843 3412 1912 revelabit,
3451 1843 3527 1896 ita
3574 1856 3700 1895 esse

426 1921 773 1979 sentiendum.
818 1927 910 1983 28.
952 1927 1334 1986 Verumtamen
1375 1948 1479 1987 non
1517 1932 1994 2002 comprehendimus
2036 1945 2101 1983 ex
2138 1938 2246 1982 toto
2274 1970 2289 1992 ,
2328 1931 2395 1986 ad
2434 1930 2578 1999 quod
2615 1929 2704 1984 29.
2744 1934 3087 2002 pervenimus
3113 1976 3129 2002 ,
3168 1934 3222 1989 in
3266 1943 3519 2005 quantum
3563 1947 3702 2002 pro-

1760 2018 2321 2078 COMMENTARIUS.

428 2110 707 2178 permittit.
773 2111 902 2180 Quae
947 2113 1090 2170 enim
1164 2115 1449 2169 adventum’
1518 2114 1716 2169 Christi
1764 2123 1999 2167 tantum-
2026 2114 2071 2173 Α
2102 2110 2154 2164 in
2185 2110 2286 2165 hac
2311 2111 2439 2165 vita.
2474 2110 2565 2167 Sic
2598 2112 2722 2168 alibi
2752 2126 2768 2167 :
2798 2110 2943 2168 Tunc
2980 2131 3310 2186 cognoscam,
3338 2114 3473 2168 sicut
3503 2122 3557 2168 et
3594 2129 3693 2167 co-

429 2216 518 2255 mo
540 2201 589 2255 lo
615 2202 1007 2273 significabant,
1035 2206 1078 2261 si
1098 2204 1208 2275 jam
1236 2216 1537 2273 serventur,
1569 2206 1852 2261 advenisse
1881 2220 2003 2263 eum
2103 2201 2280 2270 gnitus
2304 2217 2443 2255 sum.

428 2303 648 2359 negant.
2172 2292 2263 2347 22.
2304 2292 2545 2349 Annos.
2588 2293 2655 2347 In
2685 2310 2786 2365 quo
2817 2297 3234 2365 comprehensus.
3290 2297 3367 2350 De
3416 2295 3562 2351 coelo
3616 2294 3701 2349 illi

498 2379 589 2432 12.
616 2377 940 2436 Eminentem
971 2384 1259 2440 scientiam.
1285 2385 2005 2443 SciendumChristihahere
2106 2384 2357 2455 apparuit
2392 2384 2672 2450 Christus,
2707 2395 2762 2441 et
2807 2402 2959 2440 suam
2990 2387 3214 2457 gloriam
3262 2386 3531 2451 ostendit;
3586 2384 3700 2437 hoc

428 2481 534 2521 non
560 2478 737 2537 potest
759 2473 1002 2543 quisquis
1031 2477 1265 2531 carnalia
1292 2488 1557 2549 praecepta
1577 2477 1711 2549 legis
1734 2480 2001 2543 observat,
2104 2474 2243 2529 dixit
2268 2491 2282 2528 :
2315 2472 2506 2530 Omnia
2542 2475 2682 2530 facio
2709 2484 2769 2530 ut
2801 2475 2887 2529 illa
2920 2490 3182 2545 assequar
3219 2476 3269 2528 in
3303 2474 3501 2545 quibus
3523 2472 3703 2528 Chri-
3734 2482 3735 2485 ‘

430 2558 512 2613 vel
541 2560 878 2618 observanda
911 2576 1082 2634 putat.
2104 2576 2248 2621 stum
2287 2581 2408 2622 esse
2439 2567 2716 2637 perspexi,
2757 2567 2973 2637 quando
2999 2576 3413 2637 persequentem
3451 2581 3553 2620 sua
3608 2581 3702 2619 re-

500 2650 589 2704 15.
629 2652 709 2705 Ad
750 2656 1157 2722 agnoscendum.
1212 2656 1376 2723 Quasi
1422 2659 1629 2715 diceret
1659 2674 1676 2714 :
1719 2660 1819 2728 Qui
1856 2676 1914 2716 se
1950 2660 2003 2716 in
2103 2656 2376 2712 relatione
2406 2657 2459 2713 in
2488 2673 2639 2713 suam
2673 2658 3036 2728 cognitionem
3074 2673 3160 2712 me
3187 2657 3475 2712 convertit.

431 2741 548 2814 lege
582 2741 872 2811 iustificari
914 2759 1084 2818 putat,
1127 2766 1233 2806 non
1261 2752 1536 2821 cognoscit
1562 2753 1868 2818 Christum;
1907 2753 2003 2807 sed
2173 2746 2267 2801 25.
2304 2746 2543 2802 AUGUST.
2585 2746 2774 2817 (Ibid.)
2813 2744 2985 2799 Unum
3020 2757 3215 2800 autem.
3272 2745 3388 2800 Hoc
3440 2761 3527 2800 me
3580 2762 3699 2802 non

429 2848 530 2903 ego
556 2844 734 2905 spreta
762 2836 916 2909 legali
936 2838 1165 2907 iustitia,
1197 2842 1248 2897 in
1280 2843 1382 2896 fide
1411 2842 1526 2912 ejus
1546 2842 1831 2911 justificari
1860 2844 2000 2910 volo,
2105 2837 2343 2892 arbilror
2380 2836 2817 2907 apprehendisse-

431 2932 489 2978 ut
514 2940 801 2995 agnoscam
834 2929 1004 2995 illum,
1032 2930 1081 2985 id
1116 2941 1198 2986 est
1230 2931 1317 3005 [[2,
1353 2933 1519 3003 quod,
1561 2944 1651 2989 aut
1684 2934 2001 3008 quomodo],
2174 2927 2264 2981 24.
2308 2927 2493 2996 (Ibid.)
2523 2925 2715 2980 Unum.
2742 2926 2905 2980 Multa
2934 2926 3125 2991 habeo,
3152 2932 3207 2980 et
3236 2940 3400 2979 unum
3444 2938 3702 2980 nondum

433 3014 748 3075 incarnatus
775 3029 829 3075 ct
857 3030 1100 3079 mortuus
1128 3025 1221 3079 sit.
2105 3020 2458 3090 apprehendi.
2501 3017 2670 3073 Unam
2708 3019 2831 3087 petii
2866 3036 2899 3071 a
2927 3018 3178 3079 Domino,
3219 3018 3353 3071 hanc
3394 3021 3699 3090 requiram.

504 3109 592 3163 H.
632 3109 865 3168 Attenes.
913 3112 1161 3169 Virtutem
1190 3118 1603 3176 resurrectionis.
1629 3120 2003 3177 Rcsurreclio-

2131 3105 2241 3171 )uid
2272 3104 2490 3174 petisti?
2530 3102 2596 3157 Ut
2627 3103 2855 3157 habitem
2894 3102 2947 3156 in
2977 3104 3128 3155 domo
3151 3102 3362 3156 Domini
3385 3120 3479 3173 per
3503 3120 3700 3158 omnes

435 3200 521 3254 nis
555 3200 672 3268 ejus
714 3203 885 3260 virtus
912 3214 1027 3271 est,
1059 3216 1118 3261 ut
1158 3223 1350 3263 onmes
1381 3221 1740 3266 assequamur
1771 3212 2001 3268 similem
2105 3197 2216 3250 άίεε
2253 3198 2371 3250 vim”
2401 3212 2552 3251 ’πείθ-

437 3294 909 3349 rcsurrectionem.
2174 3290 2265 3344 25.
2303 3289 2505 3343 Laure.
2546 3286 2719 3342 Unum
2756 3296 2951 3342 autem.
2993 3286 3193 3351 Unum,
3231 3286 3426 3356 inquit,
3476 3286 3547 3341 de
3605 3300 3700 3338 me

506 3380 590 3435 t5.
613 3382 849 3439 Aucusr.
883 3384 1276 3458 (lbid.,c.10.)
1305 3388 1556 3444 Virtutem
1586 3393 1999 3453 resurrectionis.
2105 3396 2325 3451 possm"
2353 3379 2686 3435 conﬁdenter
2714 3392 2986 3443 asserere;
3021 3385 3265 3431 terrenas
3292 3390 3526 3444 namque
3555 3376 3706 3429 sub—

435 3470 503 3524 Et
541 3472 630 3526 ubi
676 3477 977 3531 nominavit
1013 3480 1267 3534 virtutem
1317 3482 1733 3539 resurrectionis
1766 3482 1997 3548 Christi,
2033 3471 2078 3531 Β
2106 3472 2353 3535 stantias,
2384 3485 2520 3540 quas
2547 3477 2766 3540 propter
2788 3467 2954 3522 Deum
2983 3465 3206 3535 reliqui,
3254 3466 3469 3535 penitus
3495 3464 3707 3519 oblivi-

436 3578 664 3631 agnosce
712 3565 785 3621 ibi
826 3566 1273 3637 justificationem
1322 3581 1489 3627 tuam.
1549 3574 1627 3628 Ex
1677 3573 1821 3629 illius
1857 3575 2001 3629 enim

435 3667 495 3707 re
526 3655 831 3711 urrectioue
853 3657 1233 3726 justiticamur.

512 3746 597 3799 16.
639 3745 840 3801 Lssrn.
889 3747 1143 3804 Virtutem
1174 3755 1588 3809 resurrectionis.
1614 3756 1798 3811 Virtus
1822 3767 2007 3810 resur-

438 3838 697 3893 rectionis
725 3840 927 3895 Christi
970 3849 1082 3905 est,
1140 3840 1441 3910 iustificare
1486 3846 1800 3913 credentes;
1865 3847 2008 3901 unde

441 3926 568 3983 alibi
601 3930 766 3985 dicit:
806 3930 873 3985 Et
906 3935 1186 3988 resurrexit
1215 3946 1426 4006 prapter
1445 3918 1884 4007 justiﬁcatione'n
1916 3952 2012 3990 no-

438 4031 625 4076 stram.

517 4113 602 4165 t7.
644 4112 711 4166 Et
746 4114 1061 4170 societatem.
1094 4117 1185 4173 ille
1215 4118 1380 4173 habet
1405 4118 1717 4172 societatem
1746 4118 2012 4187 passionis

445 4205 571 4262 Jesu
603 4208 835 4274 Christi,
874 4210 965 4280 qui
1014 4212 1085 4265 ita
1134 4212 1339 4282 patitur
1380 4212 1433 4265 iu
1468 4211 1570 4265 hoc
1607 4210 1826 4275 sazculo,
1871 4211 2014 4266 sicut

446 4296 585 4354 idem
617 4315 805 4370 passus
833 4310 949 4367 est;
984 4316 1104 4371 quae
1144 4304 1377 4357 societas
1409 4312 1536 4357 tunc
1569 4301 1704 4357 bene
1734 4301 2016 4372 cognosci-

445 4396 553 4453 tur,
590 4391 805 4458 quando
838 4406 935 4463 per
966 4407 1086 4449 eam
1121 4393 1392 4463 perveniri
1434 4393 1501 4447 ad
1541 4393 1733 4463 gaudia
1775 4392 2015 4448 caelestia

447 4481 703 4536 creditur.

514 4573 601 4629 18.
640 4576 875 4632 Ancus'r.
898 4577 1043 4649 (Ibid
1072 4618 1088 4645 ,
1108 4592 1159 4632 (ι.
1183 4576 1293 4639 l2.)
1317 4574 1386 4629 Et
1415 4576 1713 4630 societatem
1739 4574 2015 4644 passionis.

440 4663 508 4718 Si
545 4665 690 4719 enim
735 4667 789 4721 in
836 4676 886 4723 te
929 4667 1093 4723 fuerit
1141 4667 1379 4722 cuaritas
1426 4665 1542 4732 Dei,
1588 4663 2018 4720 communicabis

444 4753 652 4810 Christi
700 4757 1067 4828 passionibus,
1107 4767 1163 4813 et
1198 4772 1358 4814 verus
1393 4756 1503 4812 eris
1544 4768 1771 4825 martyr.
1824 4756 1880 4809 In
1911 4770 2018 4824 quo

2108 3580 2295 3631 scens,
2337 3565 2404 3619 ad
2438 3570 2662 3628 aeterna,
2701 3575 2822 3632 qua:
2856 3558 3244 3628 temporalibus
3284 3556 3499 3626 potiora
3535 3563 3704 3619 sunt,

2109 3665 2221 3712 tota
2250 3654 2544 3710 intentione
2556 3666 2647 3707 me
2672 3648 2990 3714 extendens,
3018 3646 3215 3701 festino
3239 3645 3305 3700 ad
3329 3645 3702 3709 destinatum,

2110 3749 2163 3804 id
2193 3756 2299 3810 est,
2331 3746 2399 3801 ad
2429 3746 2483 3801 id
2512 3744 2653 3814 quod
2685 3757 2770 3797 me
2794 3740 3173 3796 festinaturum
3203 3746 3383 3792 mente
3406 3737 3705 3807 proposui,
3734 3768 3745 3789 ι

2110 3836 2362 3891 videlicet
2409 3834 2477 3888 ad
2520 3831 2795 3891 bravium.
2838 3829 2892 3884 id
2937 3835 3052 3894 est,
3103 3826 3383 3897 praemium
3432 3840 3704 3893 superna:

2111 3926 2431 3992 vocationis,
2463 3924 2515 3980 id
2539 3932 2645 3990 est,
2672 3922 2797 3977 vitae
2823 3927 3061 3985 aeternas,
3092 3918 3161 3971 ad
3186 3931 3351 3987 quam
3386 3926 3549 3970 vocat
3601 3930 3708 3970 nos

2113 4017 2273 4072 Deus.

2184 4108 2274 4163 26.
2305 4106 2541 4163 Aoeusr.
2564 4105 2750 4171 (lbid.,
2773 4118 2824 4159 c.
2857 4100 2968 4173 l5.)
2991 4099 3296 4171 Quicunque
3316 4114 3435 4169 ergo
3449 4097 3705 4167 perfecti.

2115 4200 2336 4255 Dixerat
2381 4218 2396 4255 :
2447 4215 2555 4255 non
2610 4212 2728 4253 sum
2776 4194 3080 4266 perfectus,
3132 4201 3187 4248 et
3235 4192 3366 4247 dicit
3424 4201 3711 4266 quotquot

2113 4289 2337 4361 perfecti
2382 4289 2487 4345 hoc
2525 4287 2827 4359 sapiamus;
2879 4299 2980 4354 ego
3028 4298 3115 4338 me
3161 4296 3268 4341 nou
3315 4283 3559 4341 arbitror
3605 4302 3710 4356 ap-

2114 4380 2485 4454 prehendisse,
2522 4395 2627 4435 non
2660 4378 2784 4449 quia
2813 4376 2925 4445 jam
2964 4380 3265 4449 acceperim
3296 4386 3389 4432 aut
3422 4379 3541 4447 jam
3577 4394 3711 4447 per-

2117 4474 2288 4529 fectus
2314 4472 2445 4535 sim,
2474 4480 2529 4527 et
2552 4470 2683 4525 dicit
2704 4478 2971 4543 quotquot
2998 4470 3218 4541 perfecti
3262 4470 3363 4525 hoc
3392 4469 3709 4537 sapiamus,

2116 4561 2342 4634 perfecti
2383 4569 2438 4616 et
2475 4574 2578 4615 non
2619 4562 2867 4633 pertecti.
2902 4560 3136 4615 Perfecti
3175 4558 3415 4613 viatores
3452 4558 3711 4613 nondum

2115 4652 2339 4725 perfecti
2373 4666 2736 4713 possessores.

2188 4744 2277 4798 27.
2309 4743 2509 4800 lusura.
2541 4744 2607 4799 Et
2636 4746 2682 4799 si
2710 4746 2855 4817 quid,
2890 4744 2940 4800 id
2966 4752 3069 4809 est,
3100 4743 3143 4798 si
3175 4741 3468 4813 perfectam
3494 4739 3714 4796 ChriSti

452 4847 690 4903 charitas
716 4858 1028 4911 coronatur,
1064 4851 1171 4904 crit
1212 4849 1391 4921 [adde,
1424 4845 1560 4917 ipse]
1597 4861 1762 4899 verus
1788 4854 2014 4915 martyr.
2044 4832 2091 4895 C
2122 4838 2490 4908 cognitionem
2519 4852 2612 4891 vos
2635 4837 2836 4891 habere
2859 4836 3081 4905 putatis,
3106 4844 3161 4890 et
3186 4836 3305 4899 hoc,
3342 4833 3393 4887 id
3419 4841 3527 4897 est,
3560 4833 3716 4886 male

520 4939 611 4994 19.
654 4938 844 5005 tlbid.,
875 4955 925 4994 c.
954 4940 1065 5009 15.)
1094 4938 1470 5008 Conﬁguratus
1516 4936 1694 4989 morti.
1720 4933 2021 5005 Consepulti
2117 4945 2215 4985 vos
2240 4943 2455 4999 sapere,
2481 4930 2634 4985 vobis
2661 4942 2759 5000 per
2788 4927 3217 4983 misericordiam
3250 4940 3401 4982 suam
3434 4924 3716 4980 revelabit

448 5028 587 5082 enim
619 5044 819 5093 sumus,
848 5029 1043 5097 inquit,
1075 5028 1281 5082 Christo
1307 5042 1400 5098 per
1438 5025 1748 5097 baptismum
1795 5026 1850 5079 in
1875 5040 2018 5078 mor—

444 5133 574 5190 tem,
605 5134 659 5177 ut
686 5122 1121 5194 quemadmodum
1144 5121 1382 5176 Christus
1409 5122 1691 5177 resurrexit
1724 5138 1755 5175 a
1783 5119 2021 5186 mortuis,

446 5211 524 5265 sic
549 5220 601 5264 et
626 5228 719 5265 nos
745 5212 801 5265 in
828 5211 1053 5263 novitate
1076 5221 1192 5266 vute
1212 5211 1557 5265 ambulemus.

519 5304 611 5358 20.
651 5301 851 5357 Lmen.
890 5299 1261 5371 Conﬁguratus
1289 5302 1444 5356 morti
1468 5301 1605 5372 ejus.
1640 5299 1698 5354 lu
1725 5298 2019 5369 baptismo,

451 5403 514 5450 ut
547 5395 691 5451 enim
726 5392 899 5448 tribus
933 5391 1126 5448 diebus
1154 5390 1327 5460 jacuit
1362 5392 1609 5448 Christus
1646 5390 1701 5446 iu
1746 5389 2017 5460 sepulcro,

452 5487 534 5543 sic
562 5488 617 5542 in
641 5486 967 5555 baptismate
998 5484 1137 5540 trina
1162 5484 1236 5542 sit
1262 5483 1558 5540 immersio.

520 5579 611 5632 21.
651 5577 871 5647 Sequor.
912 5575 1116 5644 lmitor,
1156 5575 1362 5647 inquit,
1391 5574 1668 5631 Christum
1693 5574 1853 5631 bonis
1894 5589 2027 5644 ope-

457 5670 621 5729 ribus.
675 5682 877 5723 conans
926 5668 975 5723 si
1022 5669 1203 5739 aliquo
1247 5668 1408 5725 modo
1451 5668 1774 5738 quandoque
1810 5665 2020 5735 capiam

455 5758 606 5813 illum
642 5756 880 5829 perfecta
922 5759 1305 5831 intelligentia,
1351 5761 1407 5817 in
1447 5774 1554 5830 qua
1592 5758 1705 5829 ipse
1734 5757 1898 5828 cwpit
1938 5771 2024 5813 me

2118 5022 2281 5078 Deus.

2186 5111 2280 5167 28.
2319 5112 2559 5167 Aucusr.
2600 5108 2788 5180 (Ibid.)
2838 5107 3226 5164 Verumtamen.
3283 5106 3409 5162 Sive
3436 5120 3548 5174 quo
3577 5118 3716 5175 per-

2119 5205 2399 5270 venimus,
2447 5204 2501 5258 in
2541 5219 2607 5258 eo
2636 5200 2991 5267 ambulemus,
3031 5201 3175 5254 sicut
3220 5198 3353 5253 dicit
3384 5196 3711 5266 Apostolus,

2122 5313 2231 5354 non
2302 5296 2475 5351 solum
2536 5293 2681 5364 quod
2739 5292 3012 5347 nescimus
3077 5299 3135 5345 et
3199 5289 3341 5344 scire
3393 5286 3715 5351 debemus,

2123 5387 2220 5443 sed
2253 5386 2417 5441 etiam
2456 5385 2501 5441 si
2535 5382 2665 5455 quid
2704 5382 2858 5437 aliter
2896 5380 3156 5451 sapimus.
3196 5379 3249 5434 id
3285 5388 3505 5448 quoque
3544 5376 3716 5431 nobis

2125 5478 2408 5536 revelabit.

2194 5571 2288 5627 29.
2329 5570 2529 5624 Laure.
2571 5568 2927 5623 Perrenimus.
2980 5564 3142 5631 Quasi
3173 5563 3424 5618 diceret:
3458 5559 3608 5631 quod
3646 5559 3720 5614 de

2129 5663 2345 5721 Christo
2374 5662 2633 5733 sapimus,
2668 5658 2894 5714 firmiter
2920 5667 3216 5722 teneamus,
3249 5662 3304 5710 et
3331 5666 3498 5724 opere
3546 5664 3716 5705 com-

2128 5754 2389 5823 pleamus.
