3864 6300
192 332 286 391 3i?
846 338 916 395 IN
952 340 1014 396 D.
1049 341 1256 401 PAULI
1296 345 1514 403 EPIST.
1555 345 1910 406 COMBENT.
1945 380 2018 390 —-
2043 350 2260 409 EPIST.
2301 351 2392 407 AD
2431 352 2711 409 PlllLlI‘P.
3316 357 3423 415 518

188 449 299 507 secti
332 462 538 515 sumus,
590 458 649 506 ut
696 450 837 508 idem
883 455 1193 527 sapiamus;
1233 469 1288 515 el.
1328 462 1382 516 in
1419 462 1607 518 eadem
1646 477 2061 533 permaneamus
2099 468 2299 540 regula.
2340 469 2428 525 50.
2469 469 2774 526 imitatores
2812 472 2917 527 mei
2953 480 3158 539 estote,
3199 473 3422 540 fratres,

186 551 236 599 et
265 543 563 599 observate.
618 544 924 614 imitemini,
960 565 1087 616 eos,
1126 554 1219 623 qui
1259 554 1365 621 ita,
1402 557 1536 611 sicut
1567 574 1691 623 nos,
1732 557 2041 624 ambulant,
2078 561 2217 615 sicut
2266 562 2481 618 habetis
2528 562 2757 617 formam
2810 571 3081 629 nostram,
3127 564 3261 617 sicut
3299 566 3426 618 estis

187 634 437 703 replicati,
459 636 534 727 ita
561 635 847 727 ambulate.
886 640 1037 698 Multi
1075 646 1220 701 enim
1256 647 1553 715 ambulant,
1591 667 1762 706 nonne
1789 667 1966 707 omnes
1994 654 2068 707 ita
2093 654 2405 712 ambulant?
2435 672 2575 727 quos
2607 670 2748 725 saepe
2785 654 3029 710 dicebam
3067 658 3221 711 vobis
3258 657 3425 727 (nunc

182 733 348 818 autem
382 732 438 779 et
471 722 608 780 ﬂens
643 725 786 800 dico)
840 729 1091 791 inimicos
1135 738 1314 794 crucis
1342 738 1587 804 Christi,
1637 755 1868 810 quorum
1912 741 2036 798 linis
2086 744 2342 801 interitus
2364 786 2380 811 ,
2418 722 2508 803 5i.
2548 722 2782 818 quorum
2818 748 2960 804 Deus
2996 758 3189 806 venter
3225 722 3328 814 est,
3369 759 3427 804 et

182 817 336 886 gloria
369 836 550 873 eorum
587 822 888 891 temporalis
939 824 993 879 in
1034 838 1280 898 perpetua
1319 830 1637 886 confusione
1674 831 1941 901 ipsorum,
1975 834 2067 903 qui
2109 843 2324 890 terrena
2362 817 2598 907 sapiunt.
2635 837 2833 894 Nostra
2871 846 3048 893 autem
3084 842 3432 894 conversatio

181 908 231 962 in
265 908 411 965 caelis
444 918 558 977 est,
593 910 673 967 uel
713 912 778 966 de
810 912 951 968 caelis
978 926 1078 982 est,
1108 918 1234 987 quia
1269 918 1322 974 in
1360 919 1501 974 caelis
1541 937 1924 976 conversamur.
1967 921 2118 977 Unde
2155 925 2319 980 etiam
2359 926 2692 984 Salvatorem
2730 938 3105 999 exspectamus
3141 928 3428 985 Dominum

180 1013 409 1059 nostrum
432 1003 618 1061 Iesum
644 1005 940 1071 Christum,
972 1007 1061 1073 52,
1090 1007 1179 1063 55.
1213 1010 1305 1080 qui
1339 1011 1658 1068 reformabit
1691 1027 1888 1083 corpus
1918 1013 2239 1071 humilitatis
2272 1026 2490 1083 nostrae,
2521 1020 2717 1076 humile
2744 1030 3000 1084 nostrum,
3035 1021 3429 1091 coniiguratum

178 1096 377 1163 corpori
416 1096 682 1152 claritatis
721 1113 862 1166 sum,
901 1109 948 1153 et
992 1098 1091 1154 hoc
1124 1110 1326 1170 potest,
1375 1102 1669 1158 secundum
1716 1102 2089 1173 operationem
2125 1105 2364 1173 virtutis,
2404 1108 2692 1166 divinitatis
2728 1128 2869 1179 sum,
2909 1127 3014 1183 qua
3052 1112 3216 1168 ctiam
3255 1113 3432 1183 possit

177 1187 434 1259 subjicere
469 1189 575 1244 sibi
613 1191 818 1246 omnia.

1593 1285 1819 1343 CAPUT
1860 1287 1953 1344 IV.

240 1364 444 1437 itaque,
474 1366 619 1439 (quia
650 1367 791 1423 Deus
822 1369 1125 1439 reformabit
1160 1387 1277 1436 nos,
1306 1371 1482 1427 dando
1510 1375 1979 1449 immortalitatem)
2011 1375 2209 1430 fratres
2238 1372 2342 1429 mei
2367 1373 2679 1431 charissimi
2709 1387 2764 1432 et
2788 1376 3255 1444 desideratissimi,
3292 1393 3427 1449 gau-

176 1455 312 1511 dium
339 1472 547 1523 meum,
576 1458 718 1512 unde
750 1459 1005 1528 gaudebo,
1028 1470 1091 1516 et
1124 1475 1326 1516 corona
1366 1478 1507 1528 mea,
1535 1466 1672 1518 unde
1706 1468 1997 1521 coronabor
2035 1467 2115 1522 sic
2144 1474 2308 1529 state,
2352 1476 2410 1519 ut
2444 1467 2500 1520 in
2525 1466 2775 1523 Ecclesiis
2810 1471 3204 1537 conversemini,
3241 1472 3294 1526 in
3326 1473 3431 1525 Do-

175 1552 314 1608 mino
347 1554 654 1610 charissimi
684 1555 1102 1625 (dissentiebant)
1131 1556 1389 1611 Evodiam
1417 1557 1705 1627 (proprium
1731 1560 1939 1630 nomen)
1968 1575 2117 1632 rogo.
2157 1568 2211 1615 et
2242 1559 2553 1631 Syntychcn
2580 1560 2868 1632 (proprium
2908 1563 3115 1635 nomen)
3144 1565 3430 1635 deprecor,

173 1654 229 1698 ut
263 1645 492 1716 idipsum
526 1661 739 1716 sapere,
771 1647 1001 1716 sapiant,
1030 1646 1083 1700 in
1111 1648 1361 1702 Domino.
1405 1648 1578 1702 Etiam
1607 1664 1737 1719 rogo
1770 1659 1824 1705 et
1860 1659 1932 1717 te,
1956 1650 2228 1707 Germane
2254 1650 2545 1721 (praprium
2579 1652 2786 1722 nonten)
2814 1669 3058 1723 compar,
3085 1654 3277 1722 adjuva
3309 1656 3429 1710 illas

172 1741 321 1802 duas,
349 1753 469 1809 qua:
490 1754 701 1793 mecum
741 1738 1142 1804 laboraverunt,
1180 1741 1473 1793 necessaria
1505 1724 1881 1806 ministrantes,
1922 1740 1975 1795 in
2001 1740 2294 1812 Evangelio
2322 1756 2444 1795 eum
2468 1740 2749 1796 Clemente
2772 1751 2827 1799 et
2857 1744 3068 1799 caeteris
3097 1745 3431 1813 adjutoribus

172 1832 325 1896 meis,
346 1847 573 1901 quorum
601 1832 815 1885 nomina
848 1839 975 1885 sunt
1010 1831 1061 1885 in
1094 1830 1231 1885 libro
1255 1830 1400 1886 vitae.
1434 1832 1483 1886 ι.
1508 1829 1752 1886 Gaudete
1776 1832 2130 1902 (determinat)
2157 1833 2209 1886 in
2236 1832 2461 1887 Domino
2483 1846 2716 1904 semper,
2741 1834 2937 1888 iterum
2966 1834 3086 1890 dico
3118 1854 3131 1890 :
3163 1836 3429 1892 Gaudete.

171 1925 223 1980 2.
268 1924 523 1978 Modestia
564 1931 744 1977 vestra
790 1922 862 1977 sit
903 1922 1155 1978 omnibus
1189 1920 1520 1990 hominibus,
1552 1923 1788 1993 omnibus
1817 1922 2039 1977 modesti
2062 1923 2202 1987 sitis,
2224 1923 2275 1979 5.
2304 1922 2565 1978 Dominus
2592 1924 2736 1979 enim
2760 1940 2928 1995 prope
2957 1935 3060 1982 est.
3086 1924 3244 1998 (Ecce
3265 1929 3433 1984 vobis-

172 2036 291 2073 ntm
318 2036 429 2072 sum
457 2018 697 2072 omnibus
724 2016 906 2072 diebus
934 2034 1095 2089 usque
1124 2018 1195 2070 ad
1223 2019 1726 2072 consummationem
1748 2018 1977 2089 saeculi.)
2004 2016 2149 2073 Nihil
2174 2017 2391 2073 solliciti
2449 2019 2590 2083 sitis,
2620 2020 2714 2074 sed
2739 2018 2793 2073 4.
2826 2019 2880 2074 in
2933 2020 3079 2074 omni
3109 2021 3163 2075 5.
3189 2022 3434 2076 oratione

175 2124 229 2169 et
254 2112 662 2179 obsecratione,
692 2130 816 2170 cum
846 2116 1143 2186 gratiarum
1176 2115 1389 2170 actione
1413 2155 1427 2179 ,
1460 2114 1512 2168 6.
1544 2114 1833 2185 petitiones
1862 2124 2059 2170 vestra:
2093 2114 2434 2168 innotescant
2465 2131 2577 2168 esse
2605 2115 2745 2184 apud
2776 2114 2942 2170 Deum
2961 2156 2975 2180 ,
3004 2132 3105 2171 non
3129 2117 3198 2170 ad
3216 2117 3431 2188 jactan-

170 2213 301 2264 tiam
336 2210 624 2264 hominum.
657 2210 708 2275 7,
743 2211 797 2267 8.
839 2212 906 2266 Et
943 2227 1047 2282 pax
1081 2212 1207 2277 Dei,
1246 2227 1365 2282 qua:
1410 2219 1699 2281 exsuperat
1743 2225 1959 2267 omnem
1988 2224 2239 2276 sensum,
2270 2209 2393 2281 (qua
2435 2209 2676 2263 Christus
2705 2226 2798 2263 nos
2828 2208 2982 2265 Patri
3006 2212 3328 2282 pacificavit,
3358 2215 3433 2268 rel

171 2306 530 2371 intransitive,
558 2308 697 2374 quod
723 2307 897 2363 nullus
918 2324 1098 2363 sensus
1121 2309 1224 2362 nisi
1247 2306 1343 2361 Dei
1367 2308 1584 2377 percipit
1615 2308 1887 2363 custodiat
1922 2306 2090 2362 corda
2120 2313 2299 2359 vestra
2318 2344 2333 2370 ,
2361 2312 2419 2359 et
2447 2303 2829 2372 intelligentias
2866 2313 3101 2369 vestras,
3136 2305 3189 2359 in
3215 2305 3432 2360 Christo

168 2403 320 2459 Jesu.
350 2404 424 2459 De
446 2413 675 2465 ea-tero,
702 2402 919 2469 deinde,
955 2401 1031 2456 vel
1057 2403 1123 2456 de
1152 2401 1271 2456 aliis
1301 2401 1672 2468 emendandis,
1704 2401 1934 2468 fratres,
1966 2415 2303 2471 quaecunque
2333 2408 2461 2454 sunt
2488 2414 2614 2453 vera
2634 2439 2648 2461 ,
2679 2413 3013 2469 quaecunque
3041 2401 3255 2471 pudica,
3284 2417 3430 2471 quae-

169 2516 381 2571 cunque
402 2501 550 2571 iusta
570 2538 588 2567 ,
614 2514 949 2571 quaecunque
972 2508 1191 2564 sancta,
1221 2513 1557 2570 quazcunque
1584 2500 1871 2564 amabilia,
1905 2500 1961 2555 9.
1998 2514 2335 2569 quascunque
2377 2498 2533 2553 bona:
2562 2499 2749 2563 inmte,
2791 2496 2843 2553 si
2872 2508 2980 2568 qua
3006 2496 3177 2552 virtus
3196 2537 3210 2561 ,
3246 2496 3290 2550 si
3322 2512 3427 2565 qua

169 2595 298 2651 laus
323 2596 645 2667 disciplina,
675 2595 792 2649 haec
820 2594 1074 2665 cogitate.
1097 2593 1228 2660 Quae
1250 2602 1307 2648 et
1335 2593 1633 2661 didicistis,
1668 2603 1721 2649 et
1748 2595 2069 2663 accepistis,
2102 2602 2158 2648 et
2181 2593 2445 2659 audistis,
2475 2604 2530 2648 et
2555 2593 2768 2648 vidistis
2796 2594 2849 2647 in
2891 2609 3008 2658 me,
3037 2592 3151 2647 haec
3175 2593 3344 2663 agite;
3377 2602 3435 2648 et

170 2690 315 2748 Deus
339 2691 493 2763 pacis
521 2691 627 2747 erit
653 2690 953 2747 vobiscum.
996 2689 1086 2745 10.
1118 2688 1349 2747 Gavisus
1374 2703 1494 2745 sum
1521 2698 1701 2745 autem
1732 2691 1783 2745 in
1812 2691 2040 2745 Domino
2071 2689 2447 2755 vehementer,
2482 2689 2737 2759 quoniam
2771 2689 2988 2744 tandem
3022 2687 3311 2758 aliquando
3341 2687 3432 2742 ll.

1514 2784 2086 2842 COMMENTARIUS.

240 2880 329 2935 39.
366 2880 610 2936 Attenes.
646 2878 972 2947 Imitatores,
1004 2878 1111 2935 hoc
1144 2886 1247 2946 est,
1286 2878 1454 2935 nolite
1489 2877 1590 2933 sub
1629 2877 1746 2949 lege
1773 2882 1821 2939 Α
1850 2887 1970 2947 post
2001 2876 2461 2932 communionem.
2488 2875 2601 2932 lloc
2630 2876 2783 2946 ponit
2820 2891 2918 2947 pro
2960 2875 3108 2932 omni
3160 2875 3429 2930 oratione.

170 2986 377 3038 vivere,
405 2972 549 3027 sicut
582 2985 681 3027 nec
710 2985 811 3042 ego
842 2971 962 3027 vivo
992 2971 1094 3027 sub
1120 2969 1263 3041 lege.
1925 2968 1980 3023 5.
2034 2966 2319 3033 Oratione,
2370 2968 2425 3024 id
2464 2977 2581 3034 est,
2623 2969 3053 3039 quotiescunque
3106 2968 3304 3031 oratis,
3344 2966 3433 3021 vel

236 3064 327 3119 51.
372 3063 611 3130 Quorum
672 3061 813 3117 Deus
875 3070 1069 3117 venter.
1134 3061 1297 3130 Quasi
1357 3060 1469 3116 Deo
1532 3058 1751 3129 quidam
1856 3060 2063 3129 gratias
2103 3058 2351 3126 refertis,
2393 3068 2521 3116 tunc
2559 3062 2729 3131 petite
2766 3061 2811 3117 si
2854 3060 2983 3116 quid
3022 3075 3054 3115 a
3097 3060 3208 3116 Deo
3251 3069 3436 3128 petere

170 3156 345 3211 ventri
416 3153 800 3220 intendentes,
858 3153 1116 3223 pietatem
1197 3167 1318 3209 esse
1395 3152 1751 3214 existimant,

171 3246 311 3315 quod
368 3244 476 3299 alia
526 3243 744 3313 quidem
791 3241 988 3299 offerre
1026 3242 1157 3305 alia,
1206 3242 1310 3298 alia
1360 3241 1586 3297 minime
1636 3247 1755 3293 stu-

171 3336 333 3390 deant
373 3333 468 3407 [f.,
498 3333 590 3388 alii
617 3331 834 3403 quidem
869 3331 1065 3388 oﬂ‘erre
1092 3332 1227 3397 alia,
1263 3331 1353 3386 alii
1392 3331 1494 3385 alia
1531 3328 1753 3385 minime

170 3424 478 3497 studeant].
1198 3430 1204 3437 '

236 3519 328 3574 52.
377 3517 485 3584 Qui
514 3516 839 3586 reformabit.
894 3515 1105 3586 Corpus
1145 3516 1287 3585 quod
1315 3529 1459 3571 nunc
1498 3514 1757 3570 humilia-

168 3616 280 3663 tum
317 3616 407 3663 est
433 3609 536 3662 sub
566 3615 760 3672 morte,
806 3607 873 3662 ad
922 3604 1388 3661 immortalitatem
1438 3605 1750 3673 transferet,

169 3700 346 3755 simile
391 3698 524 3753 illud
565 3712 664 3753 suo
703 3698 918 3768 corpori
953 3697 1180 3753 faciens.

234 3790 327 3845 55.
370 3789 573 3843 Laure.
603 3788 717 3854 Qui
765 3788 1090 3859 reformabit.
1134 3788 1227 3844 Sic
1272 3789 1326 3844 in
1372 3788 1459 3845 die
1504 3804 1755 3845 resurre-

169 3881 367 3936 ctionis
428 3878 745 3934 reformabit
802 3878 1055 3935 Christus
1102 3894 1301 3949 corpus
1348 3888 1640 3945 nostrum,
1693 3886 1756 3934 ut

169 3971 418 4025 eamdem
467 3968 733 4025 claritatis
772 3966 1005 4040 ﬁgurant
1056 3968 1255 4024 habeat
1299 3982 1460 4039 quam
1497 3968 1662 4023 habet
1699 3976 1757 4026 et

170 4076 355 4116 ευικη.

239 4157 396 4214 CAP.
438 4156 528 4214 IV.
549 4188 608 4198 --
647 4156 698 4211 Ι.
729 4156 928 4228 (Serm.
960 4157 1029 4211 57
1052 4156 1129 4211 De
1163 4158 1300 4212 verb.
1329 4157 1512 4223 Dom.,
1550 4174 1599 4214 c.
1628 4158 1681 4225 5,
1710 4169 1751 4214 t.

1854 3151 2037 3207 vultis.

1925 3246 1979 3299 6.
2023 3242 2266 3301 Aecus'r.
2299 3245 2469 3317 (epist.
2501 3244 2623 3301 121.
2664 3245 2745 3299 Ad
2775 3244 2922 3315 prob.
2953 3244 3017 3299 de
3047 3243 3249 3298 orando
3286 3241 3427 3305 Deo,

1855 3353 1976 3407 cap.
2009 3337 2063 3402 9,
2089 3347 2221 3392 tom.
2255 3326 2343 3408 ll.)
2378 3335 2663 3391 Petitiones
2692 3345 2890 3389 t-estrtr.
2924 3334 3039 3389 Non
3065 3334 3143 3388 sic
3167 3332 3437 3401 accipien-

1857 3429 1982 3485 dum
2012 3438 2097 3483 est
2141 3437 2396 3497 tanquam
2447 3429 2557 3483 Deo
2579 3428 2946 3492 innotescant,
2971 3425 3061 3495 qui
3099 3439 3184 3479 eas
3203 3434 3256 3479 et
3282 3432 3434 3476 ante-

1855 3536 2019 3590 quam
2058 3527 2241 3575 essent
2278 3529 2520 3575 noverat.
2566 3519 2670 3574 Sed
2709 3519 2864 3573 nobis
2899 3518 3243 3572 innotescant
3292 3513 3435 3585 apud

1855 3610 2025 3666 Deum
2075 3624 2173 3681 per
2208 3609 2583 3675 tolerantiam,
2616 3623 2721 3664 non
2753 3607 2893 3677 apud
2934 3606 3180 3662 homines
3215 3619 3311 3675 per
3345 3603 3437 3674 ja-

1855 3702 2139 3759 ctantiam.
2166 3703 2276 3756 Aut
2300 3701 2440 3756 forte
2461 3701 2623 3756 etiam
2649 3701 2990 3755 innotescant
3019 3697 3159 3768 apud
3184 3695 3434 3767 angelos,

1855 3793 1947 3864 qui
1980 3800 2106 3848 sunt
2134 3792 2276 3864 apud
2306 3792 2473 3846 Deum
2495 3833 2509 3856 ,
2553 3800 2612 3847 ut
2646 3789 3042 3861 quodammodo
3080 3804 3176 3843 eas
3206 3786 3436 3844 offerant

1857 3883 1966 3939 Deo
1988 3924 2002 3948 ,
2033 3891 2087 3938 et
2114 3884 2180 3938 de
2219 3883 2304 3939 his
2332 3883 2649 3948 consulant,
2687 3890 2740 3937 et
2770 3880 2913 3951 quod
2951 3878 3062 3933 Deo
3081 3877 3304 3948 iubente
3340 3876 3436 3929 im-

1856 3974 2110 4043 plendum
2134 3986 2255 4030 esse
2281 3975 2665 4046 cognoverint,
2703 3974 2806 4027 hoc
2833 3972 2989 4026 nobis
3014 3969 3097 4025 vel
3133 3968 3436 4033 evidenter,

1856 4066 1942 4121 vel
1989 4066 2221 4123 latenter
2270 4074 2566 4136 reportent.
2614 4064 2761 4119 Dixit
2806 4064 2951 4119 enim
3002 4060 3222 4130 angelus
3252 4074 3267 4112 :
3297 4057 3433 4114 Cum

1856 4157 2119 4222 oraretis,
2144 4172 2244 4227 ego
2259 4156 2427 4212 obtuli
2457 4155 2759 4212 orationem
2792 4162 3025 4209 vestram
3058 4152 3111 4207 in
3136 4158 3431 4221 conspectu

167 4249 270 4320 Χ.)
316 4246 550 4303 Gaudete
589 4249 647 4302 in
692 4247 935 4303 Domino.
991 4248 1233 4304 Gaudete
1289 4248 1341 4303 in
1383 4249 1612 4305 Domino
1650 4266 1755 4305 non
1789 4257 1834 4312 B
1861 4247 2127 4303 claritatis
2155 4247 2269 4301 Dei.

168 4343 223 4398 in
256 4341 479 4409 saeculo,
508 4341 559 4396 id
587 4349 691 4408 est,
734 4341 963 4412 gaudete
1000 4341 1153 4413 161
1180 4341 1236 4396 in
1266 4342 1513 4409 veritate,
1552 4357 1658 4396 non
1698 4342 1753 4397 in

170 4433 477 4502 iniquitate.

237 4523 299 4579 2.
351 4525 591 4579 Δυοσετ.
634 4521 828 4579 (Epist.
851 4520 974 4580 159.
1000 4520 1053 4577 in
1080 4521 1284 4589 medio,
1316 4530 1448 4577 tom.
1476 4519 1544 4593 ll)
1580 4521 1759 4577 Mode-

167 4617 271 4670 stia
293 4624 483 4671 vestra.
499 4614 691 4671 Omnia
714 4615 852 4669 bona
872 4629 1034 4685 Opera
1054 4623 1240 4668 amant
1259 4629 1313 4667 tu
1337 4614 1456 4668 luce
1476 4613 1754 4679 constitui,

171 4724 281 4763 non
312 4716 537 4778 propter
570 4707 866 4762 humanam
904 4706 1163 4776 gloriam,
1203 4705 1295 4759 sed
1336 4713 1391 4757 ut
1417 4705 1647 4769 videant,
1678 4706 1754 4761 ait

170 4797 454 4863 Dominus,
485 4815 641 4868 opera
672 4807 839 4853 vestra
868 4797 1024 4862 bona,
1049 4806 1095 4851 et
1118 4795 1407 4867 gloriﬁcent
1435 4793 1646 4852 Patrem
1670 4811 1756 4849 tte-

167 4902 339 4944 strum
366 4890 455 4959 qui
481 4891 533 4944 in
561 4888 700 4944 calis
729 4898 823 4944 est.

242 4979 299 5032 5.
328 4977 516 5049 (lbid.)
548 4978 805 5033 Dominus
838 4993 998 5049 prope
1020 4987 1119 5033 est.
1145 4977 1237 5033 Ille
1264 4977 1406 5033 enim
1438 4977 1529 5048 qui
1558 4992 1750 5033 ascen.

172 5069 255 5123 dit
282 5070 335 5123 in
359 5070 555 5124 ctelum
572 5110 586 5135 ,
613 5077 675 5123 ut
707 5069 989 5125 tolleretur
1006 5070 1072 5124 ab
1092 5068 1264 5124 oculis
1288 5069 1492 5124 nostris
1509 5109 1524 5135 ,
1549 5069 1753 5140 promi-

174 5162 249 5215 sit
278 5160 435 5216 nobis
458 5161 646 5218 dicens
671 5178 685 5216 :
716 5161 849 5217 Ecce
878 5161 1138 5216 vobiscum
1165 5178 1280 5216 sum
1308 5163 1546 5216 omnibus
1574 5161 1754 5215 diebus

174 5270 341 5325 usque
392 5254 461 5308 ad
508 5255 1009 5309 consummationem
1047 5253 1249 5308 strculi.
1295 5252 1485 5309 Merito
1533 5254 1611 5308 sic
1656 5267 1756 5308 nos

175 5345 472 5415 Apostolus
511 5345 924 5417 alloquebatur:
956 5342 1211 5399 Dominus
1242 5345 1295 5397 in
1325 5343 1596 5413 proximo,
1628 5341 1757 5396 nihil

174 5435 392 5489 solliciti
416 5436 640 5504 fueritis.
671 5438 834 5491 Sedet
852 5450 1014 5508 super
1033 5434 1201 5492 ctelos
1224 5433 1500 5499 Christus,
1524 5443 1577 5489 et
1599 5433 1756 5505 longe

176 5536 302 5584 sunt
323 5527 445 5582 εαξιί
464 5569 479 5593 ,
506 5537 561 5584 et
591 5530 704 5597 ipse
731 5529 822 5599 qui
852 5529 922 5583 ibi
951 5529 1135 5596 sedet,
1161 5542 1330 5598 prope
1365 5535 1468 5583 est.

1929 4339 1983 4392 7.
2011 4339 2249 4394 Ancus-1'.
2284 4338 2402 4410 (lib.
2428 4353 2565 4391 χιιι.
2584 4336 2659 4391 De
2686 4336 2822 4391 civit.
2850 4334 2968 4400 Dei,
2992 4349 3041 4389 c.
3071 4333 3159 4397 29,
3187 4340 3316 4388 tom.
3341 4331 3433 4401 V.)

1874 4426 1945 4482 Et
1992 4444 2098 4498 pan:
2146 4427 2264 4483 Dei.
2301 4428 2495 4483 Pacem
2539 4443 2646 4499 qua
2689 4428 2833 4483 Deus
2879 4426 2994 4496 ipse
3039 4425 3284 4495 placatus
3312 4434 3430 4488 est,

1859 4518 2003 4573 sicut
2029 4517 2172 4572 Deus
2198 4518 2383 4583 novit,
2411 4533 2518 4573 non
2550 4532 2670 4572 eam
2695 4531 2795 4571 nos
2823 4515 2903 4571 sic
2927 4528 3215 4584 possumus
3240 4527 3435 4578 nosse,

1858 4622 1960 4664 nec
1981 4607 2076 4662 ulli
2106 4608 2313 4679 angeli;
2350 4615 2570 4677 superat
2604 4608 2789 4677 itaque
2814 4620 3032 4661 omnem
3072 4602 3430 4658 intellectum.

1931 4698 1988 4754 8.
2031 4697 2234 4753 Laure.
2278 4697 2399 4751 Pax
2440 4697 2571 4762 Dei,
2623 4697 2675 4751 id
2721 4704 2840 4761 est,
2889 4710 2996 4765 qua
3047 4695 3100 4748 in
3142 4692 3433 4759 semetipso

1854 4796 2083 4859 pacatus
2118 4798 2231 4855 est,
2272 4788 2358 4843 vel
2386 4802 2492 4857 qua
2531 4789 2826 4843 humanum
2866 4801 3037 4857 genus
3066 4782 3436 4841 reconciliavit

1854 4882 1981 4936 sibi.

1926 4974 1980 5029 9.
2020 4974 2257 5029 Aucus'r.
2291 4971 2408 5042 (lib.
2451 4972 2527 5027 De
2557 4972 2689 5027 bona
2720 4970 2916 5034 viduit,
2949 4984 2997 5024 e.
3019 4969 3109 5034 22,
3142 4976 3275 5022 tom.
3316 4965 3433 5024 IV.)

1858 5065 2192 5135 Qua‘cunque
2217 5064 2365 5118 bona:
2403 5070 2580 5133 (amre.
2618 5063 2732 5118 Non
2770 5062 3005 5131 neglexit
3043 5073 3243 5130 ponere
3280 5070 3434 5110 netia:

1858 5154 2045 5218 famae;
2077 5154 2394 5222 duobusque
2421 5162 2618 5208 cuncta
2649 5153 2947 5216 conclusit,
2978 5151 3066 5205 ubi
3096 5149 3173 5202 ait
3201 5165 3215 5202 :
3245 5146 3434 5215 Siqua

1858 5245 2045 5310 uirtus,
2069 5245 2115 5298 si
2142 5261 2245 5315 qua
2268 5244 2405 5299 laus.
2429 5243 2508 5299 Ad
2538 5245 2792 5299 virtutem
2813 5250 2992 5297 autem
3014 5238 3287 5309 pertinent
3312 5251 3433 5305 (μετα

1858 5344 2016 5390 antea
2046 5336 2388 5390 memoravit.
2412 5336 2558 5391 Bona
2587 5334 2728 5390 fama
2753 5348 2884 5389 vero
2904 5332 2968 5386 ad
2989 5330 3220 5385 laudem.

1930 5428 2017 5483 10.
2040 5427 2278 5484 Αιηικοε.
2303 5427 2524 5483 Gavisus
2547 5444 2684 5482 sunt.
2730 5426 2784 5481 In
2810 5423 3036 5481 Domino
3055 5420 3218 5487 dixit,
3243 5428 3302 5474 ut
3325 5436 3434 5475 non

1859 5517 2141 5573 videretur
2193 5519 2265 5573 ob
2304 5519 2593 5589 pecuniam
2639 5517 2744 5573 sibi
2788 5516 3050 5572 directam
3089 5510 3290 5581 laetari,
3335 5513 3434 5568 sed

247 5618 300 5673 ι.
331 5617 536 5673 Lmen.
564 5618 633 5673 In
662 5620 803 5672 omni
833 5620 1099 5684 oratione,
1126 5627 1231 5673 etc.
1260 5617 1451 5674 Oratio
1486 5632 1604 5688 quae
1630 5604 1757 5673 ante
1784 5600 1829 5665 C
1862 5619 2082 5680 propter
2108 5609 2441 5680 propositum
2470 5608 2683 5662 illorum
2713 5607 2804 5677 Qui
2840 5604 3121 5661 miserunt.

179 5710 560 5784 Evangelium;
602 5710 935 5777 obsecratio,
974 5719 1211 5778 secreta;
1255 5710 1550 5782 gratiarum
1579 5708 1753 5774 actio,

1928 5705 2011 5761 ll.
2055 5703 2255 5759 Lassa.
2294 5694 2652 5773 fie/toruistis,
2703 5700 2757 5757 id
2787 5708 2901 5768 est,
2938 5699 3227 5771 pristinum
3267 5695 3431 5756 1³καί-
