3864 6300
474 312 581 369 519
1525 310 1587 367 Β.
1620 311 2008 367 ιΑΝιτιιΑΝει
2049 316 2063 365 1

2200 312 2350 369 PUR.
2393 310 2716 368 ARCIIIEP.
3599 314 3683 372 320

474 427 790 485 reti-.irniStis
819 441 917 497 pro
946 442 1031 481 me
1051 426 1281 491 sentire;
1317 426 1456 482 sicut
1479 437 1532 481 et
1571 427 1913 482 sentiebatis:
1948 428 2193 482 occimati
2214 436 2389 481 autem
2413 425 2706 497 cratis(Ne
2737 424 2834 477 hoc
2858 424 2954 479 sibi
2977 423 3308 494 objicerelur,
3339 426 3576 498 removet.)
3598 429 3685 486 Non

474 523 627 591 quasi
656 529 877 591 pmpter
903 519 1185 590 penuriam
1216 520 1364 587 dico;
1402 534 1501 588 ego
1526 521 1670 575 enim
1696 520 1879 584 didici,
1908 523 1959 573 in
1982 520 2177 590 quibus
2196 536 2336 583 sum,
2364 520 2418 573 in
2441 520 2519 572 his
2542 534 2659 587 qua:
2683 517 2846 571 habeo
2863 558 2878 582 ,
2901 516 3170 572 subiciens
3192 531 3327 572 esse.
3349 516 3466 572 Scio
3485 528 3532 571 et
3554 520 3689 575 humi-

474 616 617 677 l'ari,
642 617 755 669 scio
778 625 830 671 et
847 615 1155 683 abundare;
1184 618 1228 671 si
1253 617 1500 683 abundet,
1531 633 1633 672 non
1655 617 1902 683 extollar;
1928 619 1973 671 si
1994 616 2144 683 desit,
2172 633 2273 670 non
2288 615 2526 686 dejicior.
2544 615 2765 686 [ubique
2788 622 2843 668 et
2865 615 2917 668 in
2937 615 3187 669 omnibus
3211 615 3470 669 institutus
3488 616 3685 688 sum]l2.

473 722 527 764 et
558 710 780 775 satiari,
823 718 878 763 et
911 710 1141 774 esurire,
1173 727 1276 765 non
1315 712 1535 780 fractus,
1572 720 1627 768 ct
1664 713 1961 776 abundare,
1994 727 2101 766 non
2127 712 2321 778 elatus,
2349 721 2403 766 et
2426 712 2705 780 penuriam
2737 712 2869 780 pati,
2894 722 2941 764 et
2971 711 3066 764 hoc
3094 728 3198 764 non
3226 727 3316 768 ver
3336 727 3444 775 me;
3470 713 3547 765 sed
3569 714 3689 783 162

471 809 656 862 omnia
681 824 898 877 possum
927 809 978 863 in
1016 826 1081 866 eo
1115 811 1206 879 qui
1243 825 1331 867 me
1351 812 1643 867 confortat.
1670 812 1734 866 ln
1771 813 2011 866 omnibus
2039 813 2271 884 sufﬁcio,
2325 813 2411 866 15.
2442 812 2829 865 Verumtamen
2862 810 2998 864 bene
3023 809 3257 872 fecistis,
3285 810 3689 865 communicantes

472 904 810 958 tribulationi
837 919 989 971 mete,
1018 904 1217 976 aliquid
1244 906 1523 977 largientes
1564 908 1692 961 milii
1720 907 2001 972 tribulalo;
2025 917 2071 962 et
2099 909 2254 961 etiam
2282 908 2427 978 prius
2466 907 2703 961 dedistis.
2730 906 2893 961 Scitis
2917 915 3116 972 autem,
3140 914 3197 959 et
3221 920 3318 962 vos
3342 905 3688 976 Pbilippenses.

478 1002 622 1069 quod
648 1002 699 1054 in
728 1002 997 1072 principio
1026 1002 1332 1073 Evangelii,
1367 1007 1583 1073 quando
1610 1004 1885 1074 profectus
1915 1021 2033 1059 sum
2059 1022 2089 1059 a
2128 1003 2442 1059 Macedonia
2467 1044 2481 1068 ,
2514 1003 2660 1057 nulla
2699 1001 2828 1056 mihi
2861 1002 3102 1057 Ecclesia
3131 1001 3539 1057 communicavit
3564 1001 3633 1054 11.
3652 1001 3691 1054 iu

476 1096 684 1151 ratione
714 1096 824 1151 dati
866 1107 919 1152 et
958 1101 1186 1170 accepti,
1220 1101 1512 1155 voluntarie
1542 1101 1716 1156 dando
1741 1102 2006 1156 terrestria
2031 1118 2126 1172 pro
2148 1100 2456 1167 cwlestibns,
2481 1100 2585 1155 nisi
2616 1115 2712 1155 vos
2740 1099 2861 1165 soli,
2884 1099 3007 1168 quia
3035 1107 3090 1153 et
3114 1096 3541 1153 Thessalonicam
3562 1097 3689 1151 semel

475 1202 531 1246 et
559 1193 643 1248 bis
683 1194 736 1248 in
782 1211 937 1250 usum
977 1198 1110 1251 mihi
1142 1198 1398 1263 misistis;
1435 1200 1522 1254 15.
1568 1216 1673 1254 non
1708 1200 1833 1269 quia
1882 1214 2066 1268 quaero
2099 1199 2315 1262 datum,
2352 1198 2446 1252 sed
2493 1196 2711 1266 requiro
2758 1196 2995 1250 fructum
3037 1193 3402 1248 abundantem
3444 1191 3494 1245 in
3524 1192 3694 1244 ratione

474 1298 679 1353 vestra,
710 1290 765 1343 id
802 1301 910 1358 est,
947 1292 1151 1361 {ructus
1174 1295 1400 1364 justitiw
1430 1307 1609 1352 vestra:
1635 1296 1941 1361 abundavit,
1967 1314 2084 1350 cum
2107 1298 2361 1351 rationein
2393 1298 2499 1351 Deo
2532 1297 2797 1351 redidistis
2826 1296 2890 1349 de
2919 1294 3095 1361 factis.
3126 1292 3311 1347 "abeo
3342 1300 3511 1347 autem
3535 1292 3691 1354 omnia,

476 1394 531 1439 et
573 1386 819 1455 abundo;
854 1390 1094 1460 repletus
1122 1408 1272 1457 sum,
1303 1394 1542 1463 acceptis
1590 1394 1657 1449 ab
1698 1393 2071 1464 Epaphrodito
2114 1409 2235 1464 qua:
2268 1378 2516 1459 misistis;
2564 1392 2759 1447 scilicet
2789 1393 2843 1446 in
2885 1392 3107 1445 odorem
3156 1388 3465 1453 suavitatis,
3503 1386 3691 1441 hostiam

476 1492 757 1553 acceptam
777 1526 792 1550 ,
828 1485 1127 1555 placentem
1156 1489 1283 1544 Deo.
1331 1488 1474 1544 Deus
1501 1499 1679 1544 autem
1714 1505 1865 1544 meus
1896 1490 2120 1559 impleat
2152 1506 2313 1545 omne
2348 1491 2677 1546 desiderium
2706 1498 2946 1544 vestrum
2970 1530 2983 1555 ,
3025 1486 3324 1543 secundum
3353 1483 3553 1538 divitias
3575 1498 3693 1546 suas,

477 1578 535 1633 in
565 1581 734 1650 gloria
766 1583 818 1636 in
848 1585 1063 1639 Christo
1103 1585 1253 1641 Iesu.
1284 1586 1394 1641 Dco
1420 1597 1600 1641 autem
1630 1597 1685 1641 et
1713 1586 1860 1641 Patri
1896 1597 2080 1642 nostro
2116 1587 2299 1658 gloria.
2328 1587 2379 1641 in
2422 1586 2617 1641 smcnla
2651 1585 2993 1641 saeculorum.
3022 1584 3219 1637 Amen.
3262 1579 3499 1635 Salutate
3523 1578 3693 1631 omnem

478 1681 729 1726 sanetum
754 1673 807 1728 in
838 1671 1060 1730 Christo
1085 1675 1233 1731 Jesu.
1270 1676 1522 1731 Salutant
1547 1694 1643 1733 vos
1686 1679 1775 1748 qui
1809 1694 2023 1734 mecum
2050 1664 2177 1734 sunt
2208 1679 2423 1736 fratres.
2461 1680 2713 1734 Salutant
2738 1694 2833 1734 vos
2863 1692 3052 1734 omnes
3078 1677 3278 1743 sancti,
3310 1674 3531 1729 maxime
3556 1682 3693 1727 autem

478 1769 570 1838 qui
601 1770 666 1824 de
691 1769 921 1847 Cmsaris
947 1772 1107 1828 domo
1128 1783 1271 1828 sunt.
1305 1773 1492 1829 Gratia
1525 1774 1737 1829 Domini
1761 1775 1929 1829 nostri
1960 1774 2084 1830 Jesu
2106 1776 2305 1830 Christi
2337 1792 2457 1830 cum
2487 1774 2681 1846 spiritu
2709 1783 2915 1829 vestro.
2940 1773 3133 1827 Amen.

1824 1864 2394 1923 COMMENTARIUS.

475 1952 606 2005 tatis
637 1950 823 2006 ﬂnrcm
875 1954 1272 2023 resumpsistis,
1314 1965 1373 2011 ut
1412 1956 1593 2026 aliqua
1642 1956 1773 2011 mihi
1821 1958 2058 2023 daretis,
2092 1966 2138 2022 Λ
2168 1960 2262 2025 cit,
2296 1969 2355 2012 ut
2384 1960 2488 2013 tale
2517 1959 2723 2013 habens
2756 1958 3096 2022 institutum,
3123 1972 3233 2012 non
3264 1954 3582 2011 existimetur
3604 1968 3699 2007 con-

477 2044 621 2113 sicut
650 2044 780 2098 dare
814 2044 943 2099 mihi
970 2032 1247 2101 Solebatis.

548 2135 636 2187 l2.
669 2134 909 2190 Aucux'r.
929 2135 1042 2204 (lib.
1069 2153 1128 2203 ιι,
1158 2136 1355 2203 Quwst.
1387 2138 1617 2207 Evang.,
1645 2146 1857 2207 quzcst.,
1883 2146 1921 2191 t.
1946 2136 2059 2208 IV.)

474 2222 546 2276 Et
594 2225 800 2277 satiari.
834 2224 1066 2281 Interest
1100 2242 1205 2281 non
1248 2228 1374 2296 quid
1426 2228 1508 2282 vcl
1547 2237 1810 2297 quantum
1841 2226 2063 2281 alimen-

477 2326 656 2372 torum
705 2332 804 2387 pro
858 2321 1213 2389 congruentia
1276 2320 1553 2374 hominum
1606 2328 1770 2389 atque
1817 2334 2063 2389 persona:

478 2426 622 2477 sum,
662 2421 715 2466 et
736 2426 835 2481 pro
857 2428 966 2467 sua:
994 2413 1320 2477 valetudinis
1357 2414 1680 2471 necessitate
1708 2415 1829 2485 quis
1852 2415 2060 2484 capiat,

474 2501 569 2554 sed
592 2509 792 2571 quanta
824 2490 1085 2558 facilitate
1113 2514 1167 2558 et
1191 2504 1485 2559 serenitate
1509 2504 1674 2559 animi
1700 2514 1883 2560 careat
1903 2548 1917 2572 ,
1942 2520 2063 2559 cum

475 2591 563 2646 his
590 2592 674 2646 vel
698 2604 931 2663 oportet,
954 2594 1039 2649 vel
1062 2596 1225 2649 etiam
1255 2611 1442 2650 carere
1462 2611 1688 2651 necesse
1710 2605 1825 2661 est,
1853 2606 1911 2649 ut
1934 2597 2065 2651 illud

475 2696 530 2735 ιιι
552 2682 733 2736 animo
752 2683 895 2738 Cliri.
914 2684 1061 2738 tiano
1099 2683 1219 2757 [at.,
1256 2684 1570 2757 Christiani]
1604 2684 1890 2754 impleatur
1916 2685 2058 2753 quod

472 2774 763 2843 Apostolus
791 2777 916 2832 dicit
952 2796 965 2831 :
1001 2777 1125 2833 Scio
1152 2789 1198 2832 et
1230 2779 1403 2833 minus
1433 2780 1622 2833 habere
1638 2820 1661 2855 ,_
1682 2780 1792 2832 scio
1819 2788 1868 2832 et
1896 2778 2066 2831 abun-

476 2866 604 2919 dare
628 2866 683 2921 in
710 2868 967 2935 omnibus,
995 2880 1041 2924 et
1073 2871 1125 2924 in
1150 2868 1270 2942 [al.,
1295 2872 1351 2924 in
1378 2870 1637 2943 omnibus]
1661 2871 1890 2924 imbutas
1917 2886 2057 2933 sum,

475 2968 525 3014 et
555 2959 773 3023 satiari,
800 2970 847 3013 et
878 2962 1106 3026 esurire,
1136 2972 1182 3016 et
1208 2963 1507 3027 abundare,
1547 2974 1593 3017 et
1629 2963 1904 3032 penuriam
1927 2964 2058 3033 pati.

551 3042 637 3101 15.
679 3048 919 3106 Animos.
961 3050 1327 3107 Verumtamen
1357 3052 1482 3108 bene
1517 3053 1734 3124 fecistis.
1775 3051 1887 3108 lloc
1916 3051 2062 3121 adje-

2171 2062 2409 2109 temnere
2433 2053 2521 2105 illa
2554 2068 2673 2122 quae
2702 2052 2769 2105 ab
2800 2051 2905 2104 illis
2935 2051 3097 2105 missa
3122 2057 3273 2104 sunt.

2241 2142 2327 2195 M.
2378 2142 2578 2195 Laure.
2622 2139 2689 2195 In
2732 2140 2936 2193 ratione
2973 2139 3104 2193 dati.
3150 2137 3343 2203 Nulla,
3389 2134 3697 2205 inquit,mihi

2170 2232 2375 2302 aliquid
2409 2231 2657 2287 Ecclesia
2692 2231 2871 2296 dedit,
2914 2230 3313 2285 considerando
3344 2227 3466 2297 quid
3496 2227 3699 2288 daret,ct
3784 2286 3793 2297 .

2169 2325 2299 2394 quid
2332 2340 2360 2378 a
2390 2339 2475 2379 me
2500 2324 2793 2394 acciperet.
2827 2322 2922 2377 Est
2945 2322 3088 2377 enim
3125 2322 3267 2376 ratio
3299 2320 3407 2375 dati
3435 2327 3483 2373 et
3511 2316 3695 2383 accepti,

2169 2416 2383 2485 quoties
2410 2415 2761 2486 perpenditur
2788 2414 2930 2484 quod
2965 2413 3253 2483 accipitur,
3273 2421 3349 2476 et,
3368 2407 3627 2466 secundum
3645 2405 3695 2467 il.

2169 2509 2369 2577 aliquid
2403 2507 2735 2577 rependitur.

2242 2599 2329 2653 l5.
2356 2598 2596 2653 Aususr.
2625 2598 2741 2665 (lib.
2769 2612 2885 2651 xm.
2913 2595 3124 2666 Confes.
3161 2612 3191 2651 c
3246 2596 3340 2661 25,
3377 2604 3495 2649 tom.
3530 2592 3567 2661 Ι)
3603 2587 3695 2643 Non

2169 2688 2293 2759 quia
2313 2704 2510 2758 quiem.
2539 2687 2749 2749 Datum,
2780 2673 2865 2742 est
2892 2701 2979 2741 res
3012 2687 3124 2757 ipsa
3143 2703 3311 2757 quam
3334 2687 3419 2741 dat
3440 2683 3522 2754 qui
3543 2683 3699 2748 impee

2172 2782 2304 2835 titur
2347 2782 2462 2837 haec
2509 2782 2854 2847 necessaria,
2894 2780 3058 2835 veluti
3110 2794 3192 2835 cst
3240 2793 3513 2841 nummus,
3557 2772 3697 2829 cibus.

2170 2885 2361 2944 potus,
2404 2874 2824 2939 vestimentum,
2862 2883 3101 2939 tectum,
3144 2873 3489 2944 adjutorium.
3522 2867 3699 2922 Fructus

2171 2974 2350 3022 autem
2381 2968 2521 3023 bona
2544 2982 2704 3035 opera
2721 3007 2735 3034 ,
2763 2975 2819 3021 et
2843 2974 2988 3021 recta
3012 2966 3263 3021 voluntas
3292 2964 3488 3021 datoris
3507 2976 3559 3017 es

3295 3245 3683 3265 .___.__———:_

513 3256 1201 3268 _—...—-—-———.—.—~—.

625 3419 1209 3515 EPISTOLA
1282 3424 1385 3509 Β.
1449 3420 1803 3513 PAULI
1891 3416 2478 3511 APOSTOLI
2534 3415 2683 3504 AD
2755 3408 3585 3508 COLOSSENSES.

1162 3610 1343 3673 CUM
1375 3608 1927 3675 INTERJECTIS
1961 3609 2031 3669 Β.
2068 3603 2552 3687 LANFRANCI
2591 3602 3062 3699 GLOSSULIS.

1696 3259 3538 3269 ______________________i,

1896 3775 2280 3790 ﬂ

552 3861 945 3916 Attonitas-run.
970 3860 1340 3923 Colossenses,
1365 3871 1418 3915 et
1441 3859 1495 3916 hi
1518 3860 1660 3915 sicut
1686 3858 2065 3928 Laodicenses,
2098 3845 2144 3905 Β
2176 3856 2484 3924 Archippo,
2513 3851 2603 3923 qui
2650 3860 2704 3907 et
2742 3852 3100 3908 ministerium
3150 3852 3201 3906 in
3233 3864 3331 3905 eos
3370 3844 3577 3917 accepit.
3601 3840 3704 3908 Ergo

480 3962 609 4008 sunt
635 3952 855 4015 Asiani,
911 3960 963 4007 et
1010 3951 1110 4022 ipsi
1149 3953 1408 4021 prmventi
1462 3961 1618 4007 erant
1654 3969 1683 4006 a
1729 3952 2068 4023 pscudoapo-
2176 3945 2467 4017 Apostolus
2507 3944 2620 4014 jam
2675 3943 2900 4013 ligatus,
2941 3943 3129 3997 scribit
3170 3941 3253 3996 eis
3299 3942 3366 3994 ab
3410 3937 3600 4008 Epheso
3636 3942 3705 4000 Ρθτ

480 4042 653 4102 stolis.
682 4041 789 4097 Nec
820 4040 886 4096 ad
912 4043 1010 4097 hos
1042 4042 1270 4097 accessit
1293 4040 1405 4112 ipse
1427 4041 1745 4112 Apostolus;
1773 4043 1865 4097 sed
1891 4042 2070 4098 ethos
2178 4036 2472 4109 Tychicum
2494 4037 2777 4091 diaconum
2808 4045 2861 4091 et
2887 4034 3202 4091 Onesimum
3233 4033 3521 4105 acolytum.

479 4136 578 4207 per
616 4133 915 4206 Epistolam
954 4132 1200 4205 corrigit.
1243 4132 1543 4187 Audierant
1568 4131 1713 4187 enim
1742 4133 1967 4187 verbum
2000 4131 2070 4187 ab

1706 4268 1864 4340 133
1903 4266 2131 4323 CAPUT
2170 4263 2463 4322 PRIMUM.

547 4389 601 4442 1.
631 4387 829 4444 Paulus
857 4384 1133 4457 apostolus
1176 4384 1305 4442 Jesu
1335 4382 1562 4451 Christi,
1592 4400 1694 4440 non
1719 4384 1963 4450 Ananice,
1992 4398 2089 4454 per
2120 4381 2451 4437 voluntatem
2478 4378 2594 4445 Dei,
2622 4394 2724 4432 non
2771 4377 2993 4443 meritis,
3052 4376 3129 4431 vel
3176 4375 3427 4439 hominis,
3480 4378 3529 4425 et
3565 4365 3705 4420 Timo-

476 4487 639 4542 theus
676 4486 868 4553 frater,
897 4486 977 4540 eis
1001 4485 1096 4554 qui
1119 4492 1245 4539 sunt
1271 4483 1530 4549 Colossis,
1562 4482 1792 4547 sanctis,
1826 4482 2130 4553 baptizotis,
2162 4488 2217 4534 et
2257 4477 2508 4533 fidelibus
2532 4475 2817 4541 fratribus,
2850 4473 3237 4528 catechumenis
3261 4470 3315 4526 in
3343 4468 3550 4525 Christo
3588 4458 3702 4515 Jcsu.

478 4581 535 4634 in
564 4580 668 4645 ﬁde
690 4577 910 4635 Christi.
937 4581 1126 4637 Gratia
1157 4582 1332 4645 vobis,
1369 4590 1423 4635 et
1455 4597 1560 4651 pax
1586 4597 1617 4635 a
1648 4579 1948 4637 Deol'atre
1971 4587 2180 4645 nostro,
2207 4586 2263 4633 et
2284 4575 2514 4631 Domino
2563 4573 2691 4629 Jesu
2722 4571 2966 4627 Christo.
3011 4570 3229 4626 Gratias
3274 4567 3482 4638 agimus
3519 4562 3631 4621 Deo,
3665 4558 3705 4605 (ι

478 4674 630 4733 Patri
661 4676 872 4731 Domini
904 4677 1075 4731 nostri
1107 4675 1232 4732 Jesn
1265 4674 1490 4741 Christi,
1520 4677 1573 4732 2.
1606 4691 1823 4746 semper
1859 4691 1956 4746 pro
1995 4675 2150 4729 vobis
2170 4680 2411 4733 orantes,
2436 4669 2719 4724 audientes
2760 4666 2919 4722 fidem
2947 4674 3180 4720 vestram
3214 4664 3266 4718 in
3289 4662 3500 4718 Christo
3525 4654 3706 4754 πέρθε

478 4770 824 4828 dilec1ionem
856 4788 1018 4842 quam
1046 4774 1262 4829 habetis
1289 4774 1342 4827 in
1365 4784 1583 4830 sanctos
1610 4788 1823 4839 omnes,
1849 4783 2072 4842 propter
2100 4786 2275 4842 spem,
2305 4780 2427 4839 qua:
2452 4767 2688 4837 reposita
2716 4774 2799 4820 est
2822 4764 2978 4819 vobis
3027 4762 3081 4816 in
3111 4761 3295 4826 cretis;
3350 4773 3505 4831 quam
3528 4749 3707 4842 audisti?

481 4871 535 4925 in
563 4869 749 4935 verbo,
779 4871 1154 4940 pra’dicatione
1184 4870 1431 4927 veritatis
1452 4870 1758 4942 Evangelii,
1794 4870 1937 4939 quod
1962 4867 2212 4940 pervenit
2239 4866 2305 4920 ad
2330 4880 2447 4924 vos.
2479 4864 2535 4917 3.
2591 4862 2733 4916 sicut
2782 4868 2837 4914 et
2899 4860 2953 4913 in
3000 4858 3254 4912 universo
3306 4852 3500 4910 mmqu
3538 4853 3624 4903 est.
3665 4841 3706 4890 α

479 4963 774 5023 fructificat
799 4974 855 5020 et
880 4966 1103 5034 crescit,
1129 4968 1272 5023 sicut
1314 4968 1367 5023 in
1400 4968 1574 5037 vobis,
1602 4967 1657 5021 4.
1690 4982 1756 5022 ex
1782 4982 1843 5021 ea
1878 4967 1963 5021 die
1993 4981 2099 5035 qua
2135 4963 2365 5018 audistis
2405 4969 2460 5014 et
2483 4957 2818 5028 coguovistis
2867 4954 3097 5027 gratiam
3158 4952 3252 5007 Dei
3280 4951 3331 5005 in
3374 4946 3600 5004 veritate.
3639 4947 3702 4987 τε·

1788 5056 2377 5142 COMMENTARIUS.

547 5203 701 5259 CAP.
731 5203 855 5258 1.-
882 5204 931 5258 1.
978 5203 1219 5260 Αιιιιιιοε.
1266 5205 1323 5260 lu
1376 5205 1478 5262 hac
1532 5204 1770 5277 Epistola
1829 5204 2069 5260 ostenuit
2097 5181 2143 5245 ε
2175 5208 2233 5255 ut
2255 5197 2471 5265 assequi
2500 5195 2721 5266 possitis
2743 5190 2987 5248 ccelestia
3009 5190 3171 5245 bona.

479 5298 834 5353 eminentiam
862 5311 1050 5353 eorum
1071 5298 1164 5369 qui
1183 5298 1238 5353 in
1254 5297 1473 5355 Christo
1494 5309 1641 5366 sunt,
1668 5309 1725 5355 et
1740 5298 2065 5368 superfluam

480 5389 635 5459 legis
664 5389 971 5446 custodiam
1000 5430 1015 5457 ,
1063 5398 1120 5446 et
1165 5399 1288 5462 post
1338 5391 1452 5446 hcce
1513 5392 1581 5446 ad
1629 5392 2069 5446 exhortationem

481 5494 757 5550 egressus,
818 5497 983 5553 super
1010 5480 1195 5538 multis
1241 5497 1308 5538 ac
1352 5483 1676 5539 necessariis
1726 5484 1912 5549 rebus,
1966 5482 2072 5539 illis

483 5567 740 5637 loquitur.
806 5622 811 5625 ,

549 5660 608 5713 2.
635 5658 850 5733 Semper
872 5682 973 5737 pro
995 5665 1159 5721 vobis.
1199 5664 1345 5723 Ordo
1368 5675 1452 5724 est
1481 5683 1494 5721 :
1522 5675 1747 5724 orantes
1793 5682 1890 5738 pro
1916 5668 2070 5723 vobis

480 5758 704 5821 pr0pter
727 5767 875 5823 spem
889 5762 1023 5825 ‘qua:
1048 5754 1283 5826 reposita
1318 5766 1403 5814 est
1431 5757 1590 5816 vobis
1611 5758 1666 5816 in
1695 5758 1867 5828 cmlis,
1894 5758 1946 5816 id
1981 5769 2065 5816 est

2246 5288 2299 5343 5.
2327 5258 2527 5341 [Α’κῖιί.
2563 5285 2710 5341 Sicut
2740 5294 2786 5337 et
2820 5283 2874 5337 in
2905 5282 3145 5335 universo
3175 5277 3391 5332 mundo.
3430 5270 3501 5327 Ne
3527 5280 3579 5323 se
3598 5258 3708 5318 $0105

2172 5387 2368 5453 putent
2393 5392 2512 5434 esse
2539 5377 2903 5439 Christianos,
2931 5358 2986 5429 et
3011 5387 3108 5441 per
3135 5372 3237 5425 hoc
3267 5370 3531 5439 deceptos.
3558 5354 3639 5413 Vel
3658 5362 3707 5431 ne

2178 5470 2282 5528 sibi
2306 5478 2580 5539 arrogcnt,
2608 5470 2654 5525 si
2684 5468 2782 5523 soli
2806 5465 3187 5522 credidissent.

2250 5562 2306 5617 4‘.
2344 5560 2430 5616 Es:
2458 5580 2517 5617 ea
2540 5562 2624 5615 dic
2647 5577 2750 5631 qua
2773 5557 3014 5613 audistis.
3078 5553 3225 5609 illiilli
3272 5550 3513 5613 audiunt,
3556 5547 3603 5597 ct
3625 5547 3706 5592 non

2178 5646 2530 5731 cognoscunt,
2557 5654 2608 5711 id
2646 5662 2729 5709 est
2750 5638 3070 5724 approbant.
