3864 6300
144 380 229 436 3‘2!
811 370 878 427 ΙΝ
919 371 980 426 D.
1023 368 1226 426 PAULI
1255 369 1472 426 EPIST.
1511 367 1867 425 COMMENT.
1905 399 1974 410 -—
2004 368 2220 426 EPIST.
2261 368 2351 423 AD
2391 368 2674 426 CULOSS.
3291 369 3401 429 523

140 486 424 548 missionem
458 483 795 560 peccatorum
831 487 882 540 in
911 485 1021 554 [ide
1050 485 1267 548 Christi,
1298 484 1442 538 sicut
1469 481 1735 537 didicistis
1754 482 1807 535 5.
1836 482 1904 538 ab
1927 483 2178 553 Epaphra
2205 483 2531 538 charissimo
2577 482 2631 536 6.
2663 497 2927 538 conservo
2945 493 3158 550 nostro,
3189 485 3294 552 (hic
3313 504 3400 541 eos

141 587 468 656 instruxerat)
502 585 596 654 qui
624 593 706 640 est
744 583 914 638 ﬁdelis
936 598 1033 652 pro
1057 582 1208 636 vobis
1237 581 1488 635 minister
1508 579 1711 634 Christi
1739 582 1891 644 Jesu,
1929 581 2022 650 qui
2067 580 2230 635 etiam
2281 580 2648 635 manilcstavit
2695 579 2852 634 nobis
2905 580 3246 636 dilectionem
3305 598 3398 638 ve-

142 694 294 740 stram
332 681 385 734 in
417 679 638 749 spiritu.
664 679 811 745 Ideo,
839 679 966 749 quia
992 677 1150 746 ﬁdem
1185 675 1398 740 Christi,
1429 685 1476 730 et
1501 675 1834 730 dilectionem
1857 675 2079 740 habetis,
2107 683 2161 730 et
2186 691 2283 732 nos
2313 691 2375 731 ex
2401 675 2506 746 qua
2531 677 2618 731 die
2644 675 2972 740 audivimus,
2995 677 3092 731 hoc
3139 678 3204 731 ab
3257 677 3401 749 Epa-
3435 701 3448 714 ι

142 781 277 849 para,
319 792 427 831 non
460 789 746 830 cessamus
777 789 875 845 pro
901 773 1056 829 vobis
1083 781 1327 836 orantes,
1355 781 1410 826 et
1446 775 1784 842 postulantes
1814 780 1871 825 ut
1903 771 2234 842 impleamiai
2260 773 2540 843 agnitione
2563 771 2860 827 voluntatis
2889 771 3025 841 ejus,
3081 783 3134 825 ut
3187 773 3282 826 Dei
3310 790 3400 828 vo-

142 877 379 930 luntatem
408 872 714 943 agnoscatis
736 882 782 925 et
807 871 1091 942 impleatis,
1125 869 1176 924 in
1212 869 1358 924 omni
1391 869 1658 939 sapientia
1697 877 1751 924 et
1783 867 2063 923 intellectu
2093 867 2384 939 spirituali,
2419 877 2476 921 ut
2519 866 2808 922 ambuletis
2839 866 2998 938 digne
3025 867 3135 923 Deo
3159 885 3253 938 per
3279 884 3398 924 om-

140 973 217 1027 nia
241 971 550 1041 placentes;
579 967 630 1021 in
660 966 808 1022 oruni
832 980 995 1036 opere
1018 966 1161 1020 bono
1192 963 1581 1019 fructiﬁcantes
1634 972 1689 1018 et
1717 973 2034 1018 crescentes
2065 963 2117 1018 in
2139 964 2365 1019 scicntia
2405 963 2523 1027 Dei,
2554 965 2607 1018 in
2661 964 2808 1018 omni
2855 963 3053 1021 virtute
3106 965 3399 1021 confer-tati

138 1066 414 1125 secundum
443 1065 747 1136 potentiam
777 1063 1048 1119 claritatis
1076 1062 1217 1131 ejus,
1242 1063 1296 1115 id
1327 1071 1426 1127 est,
1457 1062 1748 1117 secundum
1779 1061 1919 1134 quod
1940 1063 2173 1132 potentia
2227 1062 2484 1116 claritatis
2505 1063 2618 1134 ejus
2639 1075 2804 1134 potest
2855 1081 2943 1118 ros
2989 1063 3311 1131 confortare,
3349 1063 3400 1116 in

136 1166 264 1221 omni
299 1163 566 1234 patientia
594 1171 648 1216 et
678 1159 1090 1231 longanimitate
1117 1159 1252 1230 (ecce
1282 1159 1424 1229 quod
1451 1159 1585 1212 dixit
1615 1160 1668 1212 in
1694 1159 1838 1213 omni
1863 1159 2070 1229 virtute)
2103 1174 2226 1214 cmn
2258 1160 2480 1230 gaudio,
2541 1161 2746 1231 gratias
2799 1168 3022 1230 agentes
3077 1159 3186 1212 Deo
3223 1158 3398 1224 Patri,

137 1261 214 1330 qui
239 1255 594 1313 illuminanda
624 1257 816 1327 dignos
849 1269 950 1310 nos
981 1253 1110 1310 fecit
1133 1263 1187 1307 ut
1212 1271 1440 1308 essemus
1471 1254 1524 1309 6.
1554 1254 1606 1308 in
1637 1263 1872 1324 partem,
1903 1255 1958 1308 id
1986 1266 2086 1322 est,
2114 1256 2541 1326 participatione,
2590 1258 2756 1313 sortis
2785 1267 3122 1321 sanctorum,
3175 1255 3400 1309 Incredi-

135 1359 243 1410 tatis
263 1355 425 1427 gratis
449 1354 620 1417 datw,
645 1351 697 1405 7.
731 1352 784 1405 in
814 1350 1019 1404 lumine
1043 1349 1240 1404 Christi
1267 1351 1568 1416 existentes,
1601 1349 1652 1404 8.
1697 1350 1790 1420 qui
1821 1351 2024 1422 eripuit
2059 1368 2159 1407 nos
2205 1353 2274 1406 de
2317 1363 2588 1424 potestate
2647 1343 3017 1418 tenebrarum,
3079 1344 3400 1418 da'monum,

134 1452 200 1507 vel
221 1452 637 1514 tenebrosorum,
662 1449 717 1503 9.
741 1457 796 1502 et
821 1445 1104 1501 transtulit
1137 1447 1191 1501 in
1222 1463 1445 1518 regnum
1479 1446 1599 1502 Filii
1632 1447 1940 1504 dilectionis
1961 1465 2093 1516 suae,
2116 1450 2294 1505 dilecti
2322 1453 2438 1516 sui;
2466 1452 2518 1506 in
2551 1465 2680 1521 quo,
2707 1453 2759 1504 in
2784 1452 2937 1520 cujus
2967 1451 3090 1520 ﬁde,
3128 1451 3393 1506 habemus

133 1549 551 1618 redemptionem
577 1560 677 1616 per
703 1544 1020 1615 sanguinem
1048 1543 1187 1615 ejus,
1221 1544 1596 1599 remissionem
1621 1555 1992 1615 peccatorum,
2022 1545 2107 1601 10.
2151 1547 2240 1617 qui
2272 1556 2355 1602 est
2384 1549 2562 1620 imago
2607 1546 2805 1620 (Filius
2843 1543 3259 1616 commendatur)
3309 1547 3401 1602 Dei

141 1644 426 1711 invisibilis,
455 1648 747 1702 secundum
798 1647 1362 1718 divinitatemtrqualis
1393 1647 1552 1720 165
1575 1647 1746 1715 Patri,
1772 1649 1857 1716 11,
1906 1647 1992 1702 12.
2032 1649 2426 1720 primogenitus
2453 1650 2632 1704 omnis
2673 1657 2943 1704 creatum
2988 1659 3109 1702 ante
3152 1645 3348 1700 srecula
3383 1687 3398 1711 ,

135 1739 367 1810 quoniam
396 1741 450 1795 in
481 1742 604 1812 ipso
636 1760 730 1813 per
753 1744 925 1814 ipsum
951 1744 1171 1800 condita
1203 1753 1330 1798 sunt
1354 1745 1606 1801 universa
1639 1745 1690 1800 in
1716 1744 1893 1811 cmlis,
1925 1756 1980 1801 et
2015 1746 2068 1800 in
2104 1756 2273 1813 terra,
2303 1745 2562 1812 visibilia,
2611 1755 2666 1801 ct.
2708 1746 3021 1813 invisibilia,
3074 1747 3270 1818 (partes
3313 1747 3400 1798 in-

132 1833 414 1905 visibilium)
445 1837 568 1893 sive
610 1840 813 1906 throni,
843 1841 958 1897 sive
984 1842 1408 1912 dominationes,
1438 1844 1552 1899 sive
1575 1844 1933 1915 principatus,
1963 1843 2078 1899 sive
2103 1854 2432 1915 potestates;
2467 1861 2589 1916 ergo
2611 1861 2642 1898 a
2663 1845 2803 1915 pari,
2849 1845 3030 1900 omnia
3075 1861 3171 1916 per
3201 1843 3397 1915 ipsum,

133 1932 277 1999 facta,
303 1941 356 1986 et
381 1933 437 1988 in
472 1934 597 2004 ipso
629 1947 832 2005 creata,
861 1939 1167 2001 existentia,
1192 1949 1340 2004 sunt,
1371 1957 1493 2012 ergo
1516 1959 1546 1994 a
1575 1940 1851 2007 relatione,
1877 1951 1934 1997 et
1969 1943 2083 2013 ipse
2111 1950 2194 1997 est
2225 1953 2351 1997 ante
2382 1957 2590 2006 omnes,
2619 1950 2669 1996 et
2691 1940 2874 1995 omnia
2907 1941 2958 1994 in
2986 1940 3102 2011 ipso
3125 1950 3400 1996 constant.

133 2025 188 2079 lit
222 2027 325 2098 ipse
349 2038 435 2085 est
459 2042 632 2100 caput
657 2035 742 2089 sui
761 2037 1026 2106 corporis,
1059 2037 1110 2091 id
1135 2045 1232 2103 est,
1261 2036 1538 2103 Ecclesia),
1565 2038 1768 2107 quiest
1802 2038 2130 2110 principium
2159 2038 2273 2108 ejus
2307 2037 2583 2103 Ecclesiaz,
2615 2038 2700 2092 l3.
2749 2035 3146 2108 primogenitus
3186 2035 3398 2106 (secun-

139 2124 244 2177 dum
265 2127 650 2185 humanitatem
681 2134 1032 2207 commendat)
1059 2149 1126 2189 ex
1160 2135 1410 2200 mortuis,
1442 2137 1495 2189 id
1521 2148 1617 2203 est,
1650 2137 1800 2205 prior
1828 2138 2138 2193 resurrexit.
2171 2135 2257 2190 M.
2302 2135 2372 2191 Ut
2416 2135 2488 2190 sit
2515 2135 2568 2190 in
2615 2135 2873 2191 omnibus
2930 2133 3046 2204 ipse
3101 2132 3398 2202 primatmn

137 2231 319 2291 tenens,
342 2227 448 2282 sive
471 2230 768 2284 secundum
803 2233 1152 2300 divinitatem,
1183 2234 1290 2288 sive
1320 2235 1746 2288 humanitatem:
1777 2233 1866 2289 15.
1901 2234 2029 2305 quia
2063 2235 2200 2304 (ecce
2231 2233 2346 2304 cur)
2381 2233 2432 2287 in
2467 2233 2604 2300 ipso,
2660 2231 2815 2286 Patri
2846 2231 2934 2286 16.
2967 2227 3319 2298 complacuit,
3344 2227 3399 2278 id

134 2327 214 2384 est,
241 2321 487 2390 placitum
516 2327 730 2396 habuit,
757 2345 974 2386 onmem
1002 2331 1399 2400 plenitudinem
1428 2331 1742 2395 divinitatis,
1767 2331 1845 2386 vel
1874 2332 2227 2386 membrorum
2250 2347 2500 2396 massam,
2535 2329 2870 2410 inhabitare,
2926 2313 3007 2382 rel
3046 2327 3239 2380 habere
3280 2341 3400 2378 rea—

136 2413 254 2483 liter,
281 2429 332 2474 ct
360 2437 459 2490 per
485 2439 640 2492 eum,
675 2427 964 2497 Christum,
985 2427 1186 2498 placuit
1228 2427 1378 2483 Patri
1405 2427 1764 2484 reconciliare
1790 2429 1976 2484 omnia
2009 2430 2086 2494 in,
2109 2444 2226 2498 per,
2261 2427 2458 2498 ipsum,
2510 2428 2806 2500 paciﬁcans
2838 2425 2926 2480 17.
2954 2439 3052 2494 per
3077 2421 3397 2492 sanguinem

134 2520 285 2574 crucis
304 2522 436 2592 ejus,
455 2523 582 2580 sive
594 2541 712 2597 qum
728 2529 781 2584 in
797 2531 976 2593 terris,
992 2530 1108 2585 sive
1119 2545 1239 2599 qua:
1253 2529 1306 2585 in
1327 2529 1478 2590 cmlis
1499 2539 1644 2586 sunt.
1660 2529 1728 2585 Et
1742 2544 1836 2584 vos
1849 2529 2194 2584 reconciliavit
2219 2543 2342 2595 cum
2359 2521 2853 2594 essetisaliquando
2869 2521 2951 2578 18.
2978 2519 3194 2581 alienati
3217 2536 3248 2573 a
3269 2517 3396 2575 Deo.

129 2627 175 2672 et
191 2619 374 2677 inimici
406 2639 502 2679 seu
519 2640 602 2692 su,
651 2624 881 2696 (exponit
893 2624 1177 2694 quomodo)
1220 2625 1274 2680 in
1295 2625 1549 2696 operibus
1562 2623 1718 2682 malis
1738 2641 1753 2692 ;
1800 2641 1944 2681 nunc
1958 2634 2137 2680 autem
2153 2623 2521 2682 reconciliavit
2535 2621 2674 2675 Deus
2689 2617 2960 2674 Patersibi
2971 2618 3022 2672 in
3034 2630 3260 2686 corpore
3275 2629 3398 2670 car-

135 2711 206 2766 nis
241 2714 369 2782 ejus,
400 2715 544 2770 Filii
575 2719 682 2784 sui,
739 2731 838 2787 per
859 2727 1113 2784 mortem,
1137 2719 1416 2784 exhibere,
1451 2731 1506 2773 ut
1532 2697 1891 2784 exhibeamus,
1923 2717 2000 2772 rel
2028 2728 2082 2771 ut
2113 2719 2223 2788 ipse
2249 2716 2530 2777 exhiberet,
2561 2728 2656 2767 vos
2681 2722 2900 2767 sanctos
2920 2719 2974 2766 et
2999 2707 3396 2774 immaculatos,

133 2812 178 2856 et
200 2805 700 2876 irrcprehcnsrbiles
729 2825 915 2866 coram
945 2811 1085 2886 ipso,
1109 2828 1212 2864 non
1239 2810 1408 2865 solum
1437 2828 1616 2866 coram
1644 2808 2127 2880 (continibus;quod
2149 2809 2267 2878 erit,
2304 2807 2347 2860 si
2383 2819 2563 2860 tamen
2608 2802 2942 2879 permanetis
2996 2801 3051 2856 in
3108 2799 3214 2853 ﬁde
3273 2796 3400 2852 fin-

139 2894 254 2959 dati,
281 2907 332 2952 et
363 2886 619 2967 stabiles,
651 2911 706 2955 et
728 2899 1033 2955 immobiles
1063 2917 1091 2954 a
1121 2915 1217 2970 spe
1252 2899 1551 2968 Evangelii,
1588 2901 1652 2954 ab
1674 2917 1732 2954 eo
1765 2897 1904 2969 quod
1931 2897 2188 2967 promittit
2232 2893 2599 2965 Evangelium,
2629 2893 2788 2962 quod
2830 2891 3082 2955 audistis,
3117 2889 3206 2944 19.
3253 2887 3398 2957 (ι’-οι

135 2986 452 3052 pmdicatum
485 2999 587 3056 cst
615 2991 666 3045 in
716 2990 969 3044 universa
1000 2998 1272 3054 creatura,
1298 2989 1598 3058 principali,
1629 2991 1682 3043 id
1717 3000 1817 3054 est,
1851 2987 2168 3048 hominibus,
2203 3001 2322 3055 qua:
2346 2985 2446 3038 sub
2471 2983 2611 3039 coelo
2633 2992 2737 3049 est,
2771 2982 3065 3053 (persuadet
3095 2991 3150 3035 ut
3181 2979 3400 3032 libenter

142 3074 351 3146 audiant)
382 3078 544 3149 cujus
575 3078 872 3150 (Evangelii
894 3076 1075 3133 factus
1098 3094 1218 3133 sum
1249 3093 1348 3150 ego
1381 3077 1580 3133 Paulus
1611 3078 1879 3132 minister.
1911 3077 1985 3130 ’ΞΟ
2013 3097 2024 3129 :
2052 3077 2151 3142 Qui
2183 3089 2325 3130 nunc
2355 3074 2562 3146 gaudeo
2589 3074 2642 3128 in
2669 3074 3012 3146 passionibus
3063 3087 3161 3144 pro
3222 3069 3394 3136 votis,

1447 3251 2022 3310 COMMENTARIUS.

191 3385 235 3441 5.
263 3385 520 3443 Conserva
543 3385 744 3442 nostra.
770 3387 924 3444 llunc
948 3387 1292 3444 commendat
1313 3388 1491 3444 sciens
1547 3403 1684 3458 quo-
1857 3387 1942 3442 15.
1981 3385 2370 3458 Primogenitus
2395 3404 2460 3442 ex
2489 3388 2737 3452 mortuis,
2765 3386 2821 3442 id
2839 3393 2941 3452 est,
2973 3385 3186 3456 primus
3213 3399 3395 3440 resur-

135 3475 253 3530 uiam
274 3478 395 3534 utile
419 3489 511 3535 est
541 3487 599 3532 ut
620 3479 947 3538 venerabilis
971 3480 1042 3533 sit
1074 3479 1354 3549 discipulis
1405 3479 1689 3550 magister.
1795 3495 1960 3551 gens,
1987 3481 2114 3550 quia
2142 3481 2256 3550 ipsa
2287 3479 2617 3536 resurrectio
2641 3465 2914 3550 quaedam.
2941 3479 3224 3550 generatio
3278 3488 3386 3545 est,

189 3565 233 3620 6.
270 3567 331 3622 In
357 3581 512 3635 parte
540 3569 697 3624 sortis
720 3580 1044 3623 sanctorum.
1072 3569 1206 3624 Sors
1234 3567 1435 3624 dicitur
1483 3581 1690 3624 caterua
1793 3573 1936 3628 sicut
1965 3572 2016 3626 in
2047 3572 2338 3644 Evangelio
2390 3589 2403 3626 :
2451 3571 2520 3626 In
2567 3561 2957 3642 regeneratione
3009 3586 3126 3624 cum
3179 3569 3391 3636 sederit,

133 3653 404 3725 hereditas,
434 3660 570 3731 quia
593 3661 734 3714 sicut
758 3659 886 3714 illud
915 3661 1058 3729 quod
1102 3659 1244 3714 forte
1297 3661 1534 3730 capitur,
1585 3677 1693 3718 non
1794 3673 1902 3721 etc.

133 3751 310 3808 meritis
337 3753 678 3824 acquiritur;
707 3756 786 3807 sic
806 3768 869 3808 ea
895 3770 1001 3808 non
1033 3753 1264 3820 meritis,
1297 3755 1392 3809 sed
1423 3754 1518 3810 Dei
1571 3770 1692 3825 gra-
1867 3754 1955 3809 Μ.
1991 3755 2231 3810 Asianos.
2267 3751 2337 3808 Ut
2363 3754 2428 3807 sit
2454 3753 2509 3807 in
2537 3753 2800 3808 omnibus.
2824 3750 2942 3808 Non
2967 3767 3186 3808 causam
3235 3753 3390 3821 dicit,

137 3843 193 3897 tia
211 3844 440 3901 donatur.
869 3855 872 3858 ’
1007 3853 1012 3858 ’
1793 3844 1888 3900 sed
1920 3844 2048 3898 illud
2081 3844 2222 3914 quod
2244 3843 2699 3914 consequebatur.

192 3931 236 3988 7.
267 3937 497 3994 Austros.
541 3935 610 3991 In
635 3937 850 4003 lumine,
877 3936 929 3992 id
949 3945 1053 4002 est,
1084 3951 1182 4006 per
1225 3951 1377 3990 suam
1431 3937 1694 4009 cognitio-
1868 3937 1954 3992 15.
1988 3935 2125 4002 Quia
2156 3937 2212 3990 in
2238 3937 2373 4006 ipso.
2419 3933 2819 3990 Pleuitudinem
2847 3933 2942 3991 Dei
2965 3935 3266 3991 Ecclesium
3286 3952 3387 3992 vo-

135 4038 258 4082 nem.
1793 4038 1906 4095 cat,
1943 4037 1996 4083 et
2021 4027 2175 4092 dicit,
2204 4027 2462 4097 quoniam
2489 4027 2694 4098 placuit
2721 4028 2831 4083 Deo
2891 4027 2945 4082 in
2995 4026 3215 4084 Christo
3267 4042 3388 4085 0'11-

191 4118 237 4173 8.
265 4119 496 4179 Ancus'r.
531 4107 704 4192 (epist.
753 4120 854 4176 107
885 4121 955 4174 ad
1000 4119 1227 4185 vitalem,
1285 4130 1414 4175 tom.
1467 4119 1554 4190 ll.)
1590 4120 1694 4186 Qui
1793 4136 1919 4178 nem
1958 4119 2372 4192 plenitudinem,
2400 4130 2456 4174 ut
2480 4119 2626 4175 dicat
2668 4135 2885 4176 omnem
2916 4129 3227 4176 creaturam
3268 4135 3391 4190 qua:

136 4208 291 4276 eripuit
319 4228 426 4265 nos.
462 4211 716 4266 Potestas
743 4211 886 4266 enim
915 4211 1258 4266 tenebrarum
1291 4211 1422 4282 quid
1448 4220 1550 4276 est,
1589 4212 1693 4266 nisi
1793 4216 1861 4270 ab
1892 4230 1958 4270 eo
1979 4213 2182 4285 repleta
2218 4222 2320 4294 est,
2346 4212 2598 4283 probavit
2649 4212 2724 4266 illi
2776 4211 3126 4282 conjungere,
3179 4221 3233 4266 et
3286 4212 3390 4266 hoc.

134 4306 340 4363 potestas
366 4301 572 4358 diaboli
606 4310 662 4356 et
693 4300 1042 4371 angelorum?
1084 4301 1175 4371 qui
1203 4316 1326 4355 cum
1355 4300 1580 4356 fuissent
1603 4317 1692 4355 an-
1793 4304 1956 4360 latius
1977 4304 2352 4374 consequitur.

137 4391 219 4458 geli
245 4391 388 4464 lucis,
421 4396 478 4450 in
540 4394 774 4450 veritate
830 4409 928 4464 per
965 4393 1194 4448 liberum
1243 4393 1531 4449 arbitrium
1582 4409 1690 4450 non
1865 4397 1954 4451 16.
1986 4395 2188 4467 Lmrtt.
2233 4393 2561 4459 Complacuit
2609 4394 2664 4446 in
2721 4392 2854 4464 ipso.
2898 4391 3236 4463 Complacuit
3283 4392 3387 4448 sibi

136 4491 330 4553 stantes,
360 4489 485 4544 inde
515 4488 774 4543 cadentes
804 4486 932 4542 lacti
957 4495 1082 4541 sunt
1109 4484 1348 4542 tenebrat
1625 4507 1630 4512 ·
1791 4488 1976 4555 Pater,
2008 4497 2067 4543 ut
2096 4488 2149 4543 in
2172 4486 2393 4543 Christo
2421 4483 2690 4540 habitaret
2715 4485 2894 4561 utnnis
2939 4483 3221 4556 plenitudo
3273 4495 3389 4540 tam

192 4575 239 4629 9.
261 4578 491 4636 Accas'r.
533 4579 652 4649 (lib.
687 4595 778 4642 xv,-
807 4577 885 4640 De
913 4577 1082 4642 Trin.,
1113 4593 1162 4633 c.
1200 4578 1286 4641 19,
1318 4586 1448 4633 tom.
1479 4577 1590 4650 ΙΙΙ.)
1620 4578 1687 4634 Et
1790 4582 2088 4638 divinitatis
2118 4595 2282 4653 quam
2310 4578 2550 4652 omnium
2579 4577 2861 4632 virtutum.

137 4668 384 4724 transtulit.
419 4669 576 4738 Quod
608 4677 787 4723 autem
835 4669 1035 4723 dictum
1085 4677 1188 4734 cst,
1242 4667 1371 4722 Filii
1415 4669 1687 4725 charitatis
1865 4676 1952 4729 17.
1987 4656 2095 4728 Per
2119 4673 2425 4744 sanguinem
2453 4673 2643 4726 crucis.
2673 4672 2788 4738 Qua
2835 4669 2968 4726 hora
3020 4671 3242 4744 sanguis
3302 4685 3386 4726 re-

137 4766 243 4821 διιεῖ»
271 4758 394 4815 nihil
424 4761 573 4816 aliud
611 4759 945 4833 intelligatur
997 4776 1160 4832 quam
1223 4759 1343 4814 Filii
1394 4761 1478 4815 sui
1535 4761 1690 4817 electi
1724 4763 1766 4818 B
1793 4765 2118 4837 demptionis
2146 4765 2212 4820 de
2237 4763 2408 4819 latere
2447 4763 2655 4818 Domini
2683 4762 2735 4816 in
2776 4777 2940 4818 cruce
2953 4762 3239 4833 pendentis
3269 4761 3386 4815 cxi-

140 4838 236 4909 [αίη
262 4849 476 4925 dilecti].
1795 4857 1892 4922 vit,
1927 4847 2208 4912 dimissum
2233 4863 2318 4911 est
2340 4863 2620 4925 peccatum
2645 4837 2687 4906 Ᾱ
2713 4853 2774 4907 ire
2799 4853 3037 4908 humano
3069 4851 3277 4923 generi,
3327 4861 3382 4906 et

197 4937 267 4992 10.
293 4943 524 5001 Animos.
574 4946 678 5013 Qui
731 4955 805 5000 est
851 4946 1042 5018 imago.
1103 4945 1159 5001 ln
1215 4946 1435 5001 homine
1471 4943 1688 5024 Christo
1791 4945 2074 5025 paciﬁcata
2118 4957 2245 5004 sunt
2280 4948 2522 5004 caalestia
2579 4956 2634 5003 et
2683 4948 2967 5003 terrestria
2997 4987 3012 5014 ,
3073 4962 3200 5016 quia
3256 4953 3383 4998 tunc

139 5029 263 5092 ‘luaSl
289 5031 337 5086 in
387 5035 624 5108 imagine
655 5037 982 5094 invisibilem
1042 5038 1186 5093 illam
1239 5039 1484 5093 videmus
1530 5046 1687 5092 nalu-
1790 5046 1964 5116 patuit
1991 5044 2304 5116 hominibus
2341 5042 2593 5098 introitus
2627 5041 2680 5096 in
2713 5056 2942 5112 regnum
2968 5041 3253 5095 cmlorum.

140 5126 258 5186 m1";
289 5138 405 5181 nam
437 5143 704 5204 apparens
729 5128 782 5183 in
815 5126 996 5184 futuro
1027 5128 1282 5198 imaginis
1330 5128 1486 5184 nobis
1531 5127 1682 5182 ordi-
1785 5165 1788 5168 -
1865 5135 1952 5192 18.
1981 5133 2234 5200 Alienati,
2260 5132 2316 5188 id
2349 5139 2454 5201 est,
2482 5131 2744 5198 habentes
2775 5131 3066 5187 alienatum
3122 5137 3176 5182 et
3201 5125 3382 5182 inimi-

140 5217 239 5262 netn
261 5215 535 5286 retinebit,
585 5221 842 5292 quoniam
901 5220 957 5275 in
1013 5235 1079 5276 eo
1135 5220 1290 5291 quasi
1333 5219 1388 5274 in
1451 5220 1684 5292 imagine
1787 5245 1910 5286 cum
1945 5243 2290 5286 consensum,
2413 5207 2416 5209 ⁸

140 5306 386 5364 quamdam
412 5311 647 5367 divinam
669 5313 1012 5369 continemus
1032 5321 1306 5367 naturam.
1856 5321 1943 5377 19.
1969 5320 2212 5376 Alanos.
2237 5318 2392 5386 Quod
2439 5298 2807 5389 prtrdiicatum.
2862 5317 3040 5372 Grave
3089 5313 3383 5370 adn'todnm

197 5391 486 5461 “lauru.
543 5405 955 5479 Primogenitus,
1003 5405 1259 5470 Perhac
1312 5407 1506 5476 probat
1561 5407 1686 5477 quia
1782 5422 1900 5470 erat
1925 5421 1984 5467 ut
2011 5411 2355 5468 discederent
2379 5411 2448 5466 ab
2483 5411 2574 5467 illa
2601 5425 2661 5466 re
2683 5423 2806 5480 qua:
2857 5407 2914 5462 in
2975 5405 3250 5484 communi
3309 5403 3382 5458 ab

141 5487 320 5551 Benitus
337 5507 420 5553 est
443 5516 473 5555 a
500 5499 666 5558 Patre
693 5509 820 5558 ante
840 5515 1054 5558 omnem
1080 5509 1416 5556 creaturam.
1781 5505 2036 5561 omnibus
2061 5503 2420 5558 clamabatur.

199 5583 275 5644 Η.
299 5589 674 5670 Primogenitus
704 5607 978 5658 creaturae.
1011 5593 1188 5662 Prior,
1221 5594 1414 5665 inquit,
1461 5605 1544 5650 est
1565 5595 1681 5648 Om-
1754 5655 1762 5669 ὅ
1855 5595 1947 5670 20.
1974 5597 2178 5652 Lassa.
2214 5595 2318 5662 Qui
2347 5612 2484 5650 nunc
2510 5594 2736 5667 gaudeo.
2765 5591 2976 5664 Duplici
3028 5606 3192 5649 causa
3225 5605 3376 5646 com-

143 5669 304 5819 “;bust
328 5669 497 5743 omnia
527 5675 671 5754 enim
711 5703 778 5747 co
807 5696 934 5748 sunt
954 5686 1286 5761 posteriora;
1320 5701 1444 5742 nam
1499 5684 1681 5742 omnia
1788 5691 2011 5746 meudat
2033 5706 2114 5757 se,
2143 5690 2268 5762 quia
2295 5689 2516 5761 patitur,
2544 5696 2598 5743 et
2619 5686 2816 5760 gaudet
2842 5688 2895 5745 in
2919 5686 3262 5762 passionibus
3283 5698 3381 5755 pro

145 5775 168 5814 ³
228 5783 286 5819 eo
307 5791 414 5819 sunt
445 5791 624 5819 nrnnln
1787 5783 1868 5819 nia
1902 5783 2065 5819 ἰιισιιῖρ
2343 5809 2358 5819 .

145 5775 200 5819 ³υ
228 5783 286 5829 eo
305 5791 420 5838 sunt
445 5791 646 5839 creata.
1787 5783 1870 5837 eis
1902 5783 2086 5840 illatis.
