3964 6290
537 372 638 429 6ὶῖ
1538 363 1599 422 Β.
1641 362 2031 421 LANFRANCI
2070 358 2420 419 CANTHAR.
2453 356 2765 415 ARCHIEP.
3138 392 3141 393 ν
3688 360 3793 416 εει

527 499 580 542 et
613 482 879 553 adimpieo
896 481 989 536 2t.
1016 493 1081 536 ea
1111 497 1233 552 qua:
1262 481 1460 536 desunt
1484 479 1798 548 passionmu
1820 474 2043 539 Christi,
2077 472 2130 527 in
2153 487 2323 527 carne
2353 485 2493 534 mea,
2522 486 2621 540 pro
2656 484 2887 539 corpore
2917 468 3057 539 ejus,
3106 465 3251 535 quod
3279 475 3364 522 est
3413 463 3681 534 Ecclesia,
3707 484 3794 524 cu-

528 579 611 646 jus
645 574 892 630 Ecclesia:
922 573 1101 627 laetus
1125 586 1247 626 sum
1279 586 1379 642 ego
1408 570 1659 624 minister
1678 566 1973 624 secundum
2001 562 2458 632 dispensationem
2484 560 2755 632 Evangelii
2796 560 2913 625 Dei,
2943 575 3046 614 non
3070 561 3313 627 hominis,
3362 577 3485 632 qua:
3537 563 3665 618 data
3707 574 3792 620 est

534 667 665 720 mihi
698 667 751 719 in
788 681 909 731 vos,
937 672 998 719 ut
1026 665 1279 734 impleam
1307 662 1531 715 verbum
1561 660 1679 725 Dei,
1710 661 1847 730 (ecce
1896 652 2126 723 verbum)
2182 652 2502 725 mysterium
2550 653 2952 719 incarnationis,
3000 652 3145 724 quod
3202 651 3584 709 absconditum
3642 651 3794 710 {uita

527 759 761 824 smcuiis,
795 769 846 814 et
872 756 1317 829 generationibus
1342 752 1647 824 prmteritis,
1678 764 1823 803 nunc
1854 755 2033 801 autem
2059 749 2114 799 in
2139 753 2367 815 tempore
2410 744 2755 813 plenitudinis
2803 743 3209 799 manifestatum
3251 754 3335 799 est
3383 746 3591 801 sanctis
3636 747 3791 819 185

526 848 667 918 ejus,
700 850 896 919 quibus
922 848 1089 903 voluit
1113 846 1253 901 Deus
1276 854 1434 899 notas
1472 840 1657 896 facere
1685 838 1902 894 divitias
1931 835 2137 906 gloriae,
2165 834 2445 904 gloriosas,
2479 832 2557 889 vel
2580 834 2798 905 gloriosi
2824 840 3148 893 sacramenti
3194 838 3354 909 hujus
3377 841 3709 910 prazdicandi
3740 842 3794 899 in

530 941 808 1011 gentibus,
840 939 981 1009 quod
1012 946 1095 993 est
1123 935 1396 998 Christus,
1432 930 1573 1002 (ecce
1602 923 2015 995 sacramentum)
2038 924 2093 978 in
2114 922 2270 979 vobis
2294 924 2533 993 gentibus
2554 939 2677 995 spes
2706 925 2914 995 gloriae,
2940 944 3034 998 per
3051 946 3201 1000 quem
3238 932 3462 1000 speratis
3492 930 3794 1001 gloriﬁcari,

531 1050 692 1106 quem
721 1050 821 1090 nos
850 1031 1258 1099 annuntiamus,
1291 1028 1652 1096 corripientes
1672 1039 1843 1093 pnmo
1874 1036 2091 1076 onmem
2125 1020 2423 1086 hominem,
2460 1021 2598 1076 male
2626 1023 2897 1090 viventem,
2929 1034 2983 1078 ut
3016 1027 3306 1095 resipiscat,
3347 1035 3540 1097 etpost
3596 1029 3794 1084 docen-

532 1135 614 1180 tes
636 1126 793 1193 ﬁdem
820 1124 1013 1179 Christi
1041 1124 1093 1178 in
1124 1121 1271 1178 omni
1300 1115 1589 1186 sapientia,
1619 1117 1696 1167 vel
1719 1113 1783 1165 de
1819 1111 2030 1176 divinis,
2060 1108 2137 1165 vel
2168 1110 2231 1163 de
2256 1110 2524 1174 humanis,
2556 1112 2626 1165 ad
2664 1113 2762 1165 hoc
2805 1113 3066 1182 docentes,
3090 1116 3180 1171 ‘22.
3206 1126 3265 1172 ut
3296 1118 3656 1174 exhibeamus
3681 1134 3794 1174 om-

532 1233 657 1272 nem
695 1217 968 1272 hominem
1001 1213 1303 1286 perfectum
1332 1211 1387 1263 in
1413 1206 1632 1262 Christo
1654 1203 1803 1265 Jesu,
1835 1202 2022 1271 in-quo
2041 1210 2097 1257 et
2125 1199 2334 1265 laboro,
2362 1204 2625 1257 certando
2648 1220 2751 1257 non
2779 1205 2998 1274 viribus,
3044 1208 3099 1262 id
3149 1219 3246 1276 est,
3298 1209 3521 1276 meritis,
3568 1210 3662 1265 sed
3715 1226 3797 1266 se-

532 1307 768 1361 cundum
796 1305 1170 1377 Operationem
1197 1300 1336 1371 ejus,
1376 1312 1539 1369 quam
1576 1303 1830 1366 operatur
1852 1293 1904 1347 in
1934 1307 2040 1358 me,
2062 1292 2115 1347 in
2143 1300 2344 1348 Vll‘lllie
2368 1309 2491 1359 sua,
2522 1311 2625 1348 non
2662 1312 2796 1350 mea.

2058 1405 2288 1462 CAPUT
2328 1406 2392 1463 II.

604 1530 656 1584 1.
687 1529 821 1584 Volo
849 1527 993 1584 enim
1016 1542 1113 1583 vos
1142 1525 1283 1581 scire
1304 1522 1520 1593 qualem
1542 1517 1958 1574 sollicitudinem
1986 1516 2214 1572 habeam
2240 1534 2337 1588 pro
2361 1519 2535 1586 vobis,
2564 1528 2619 1576 et
2647 1536 2744 1592 pro
2775 1523 2840 1578 iis
2867 1525 2957 1595 qui
2982 1536 3109 1583 sunt
3144 1527 3437 1597 Laodiciaa,
3470 1539 3525 1586 et
3558 1532 3784 1602 quicun-

533 1637 639 1690 que
666 1637 772 1675 non
804 1622 1055 1675 viderunt
1094 1617 1291 1673 facient
1327 1628 1504 1669 meam
1547 1611 1602 1666 in
1650 1624 1839 1671 carne,
1871 1608 2272 1680 prwsentialitcr
2317 1611 2744 1669 utconsolentur
2789 1617 2891 1687 ipsi
2934 1621 3098 1675 corda
3149 1622 3412 1691 ipsorum,
3471 1624 3721 1681 instructi
3746 1626 3795 1682 in

538 1712 827 1777 sharitate,
859 1711 915 1766 2.
947 1720 1002 1767 et
1030 1710 1085 1765 in
1116 1725 1305 1765 omnes
1328 1707 1547 1763 divitias
1573 1704 1926 1778 plenitudinis
1953 1702 2279 1767 intellectus,
2314 1704 2366 1760 in
2395 1708 2724 1776 agnitionem
2751 1714 2995 1782 mysterii
3028 1715 3121 1770 Dei
3149 1716 3348 1785 Patris,
3387 1728 3444 1775 et
3466 1720 3666 1775 Christi
3681 1720 3801 1777 Jesu

535 1806 590 1859 in
618 1820 724 1874 quo
754 1813 880 1859 sunt
908 1819 1097 1859 omnes
1125 1801 1363 1857 thesauri
1398 1799 1677 1870 sapientiae
1700 1797 1765 1852 de
1788 1797 2001 1863 divinis,
2030 1804 2086 1851 et
2113 1796 2357 1853 scientia:
2390 1799 2455 1853 de
2476 1802 2725 1866 moribus,
2759 1804 3083 1862 absconditi.
3111 1807 3224 1865 Hoc
3243 1820 3423 1865 autem
3455 1812 3595 1879 dico,
3634 1794 3803 1869 utsitis

534 1898 798 1963 instructi,
831 1905 885 1952 et
908 1905 970 1951 ut
1000 1910 1161 1950 nemo
1188 1910 1283 1949 vos
1304 1893 1540 1963 decipiat
1571 1892 1627 1946 5.
1659 1890 1714 1946 in
1746 1889 2105 1958 sublimitate,
2131 1903 2446 1947 sermonum
2474 1892 2688 1965 loquens
2724 1896 3017 1966 dialectice,
3070 1901 3147 1955 vel
3199 1903 3455 1959 rhetorice
3480 1906 3803 1961 in’sublimi-

536 1997 643 2042 tate
674 1987 908 2041 locorum
945 1996 991 2041 et
1041 1985 1484 2056 syllogismorum.
1508 1983 1559 2037 4.
1584 1981 1720 2037 Nam
1744 1982 1846 2037 etsi
1870 1995 2099 2051 corpore
2133 1980 2330 2037 absens
2354 1998 2497 2049 sum,
2556 1993 2652 2041 sed
2700 1988 2893 2055 spiritu
2938 1991 3219 2048 vobiscum
3282 2009 3436 2061 sum;
3463 1996 3724 2065 gaudens,
3760 2010 3806 2055 et

542 2077 730 2131 videns
750 2077 994 2131 ordmem
1027 2084 1286 2139 vestrum,
1314 2082 1369 2128 et
1397 2072 1800 2128 firmamentum
1830 2069 1966 2138 ejus,
1991 2086 2112 2141 quae
2140 2086 2195 2126 in
2228 2069 2448 2128 Christo
2474 2083 2577 2139 est,
2599 2073 2725 2132 ﬁdei
2739 2086 2954 2136 vestrae.
2988 2079 3142 2139 Sicut
3164 2099 3296 2156 erg)
3324 2089 3615 2158 accepistis
3635 2088 3809 2147 Jesum'

533 2166 810 2224 Christum
835 2167 1121 2222 Dominum
1148 2178 1419 2233 nostrum,
1462 2165 1517 2221 in
1538 2165 1654 2237 ipso
1690 2164 1990 2231 ambulate,
2016 2162 2246 2219 radicati
2279 2171 2334 2220 et
2365 2166 2781 2235 supersedilicati
2832 2172 2889 2228 in
2939 2174 3076 2244 ipso,
3103 2184 3159 2232 et
3184 2179 3493 2236 conﬁrmati
3535 2183 3805 2251 ﬁde,sicm

534 2272 590 2317 et
621 2261 905 2326 didicistis,
937 2260 1276 2317 abundantes
1307 2261 1361 2315 in
1398 2258 1489 2315 illo
1518 2260 1571 2313 in
1596 2260 1890 2332 gratiarum
1921 2258 2154 2314 actione.
2208 2258 2400 2314 Videte
2428 2274 2497 2316 ne
2520 2262 2643 2332 quis
2670 2279 2768 2320 vos
2799 2265 3034 2337 decipiat
3059 2282 3155 2339 per
3178 2269 3607 2342 philosophiam,
3651 2275 3806 2331 diale.

536 2354 746 2417 cticam,
775 2360 831 2406 et
862 2351 1076 2406 inanem
1107 2349 1403 2416 fallaciam,
1432 2349 1666 2421 loquens.
1700 2349 1752 2404 5.
1782 2349 2079 2405 secundant
2113 2348 2458 2405 traditionem
2485 2353 2788 2421 hominum,
2832 2365 2888 2411 ut
2940 2358 3269 2427 Aristoteles,
3296 2362 3350 2416 6.
3377 2365 3677 2421 secundum
3707 2368 3805 2425 ele-

538 2452 717 2499 menta
758 2444 919 2515 166
942 2443 1149 2510 mundi,
1178 2452 1233 2497 et
1262 2457 1371 2498 non
1397 2443 1696 2498 secundum
1725 2442 2027 2506 Christum,
2061 2440 2117 2493 7.
2146 2441 2274 2510 quia
2315 2441 2369 2496 in
2396 2442 2513 2513 ipso
2537 2444 2804 2501 inhabitat
2824 2448 3003 2504 omnis
3047 2449 3327 2520 plenitudo
3358 2454 3663 2513 divinitatis
3697 2474 3803 2515 cor-

538 2535 816 2605 poraliter,
846 2535 1077 2600 realiter,
1106 2551 1210 2589 non
1232 2533 1539 2588 umbraliter
1563 2544 1617 2588 et
1636 2534 1769 2588 estis
1801 2533 1855 2588 in
1884 2532 1998 2596 illo,
2024 2548 2116 2603 per
2136 2530 2310 2598 illum,
2346 2533 2536 2603 repleti
2562 2536 2987 2605 charismatibus,
3031 2541 3123 2612 qui
3155 2551 3241 2597 est
3272 2554 3457 2613 caput,
3480 2548 3805 2617 principium,

536 2630 713 2684 onmis
761 2628 1117 2700 principatus,
1149 2637 1205 2682 et
1225 2628 1511 2698 potestatis
1536 2642 1549 2693 ;
1577 2626 1631 2681 8.
1668 2626 1721 2680 in
1754 2640 1885 2695 quo,
1933 2626 1989 2678 in
2044 2623 2196 2694 cujus
2224 2623 2349 2692 ﬁde,
2379 2635 2435 2679 et
2469 2627 2776 2685 circumcisi
2806 2632 2936 2688 estis
2961 2632 3015 2688 9.
3033 2634 3453 2693 circumcisione
3485 2655 3594 2695 non
3628 2656 3805 2697 manu.

1884 2742 2454 2802 COMMENTARIUS.

604 2863 697 2918 21.
732 2862 813 2917 Εα
835 2877 953 2933 quae
980 2860 1187 2915 desunt.
1222 2859 1512 2916 Passiones
1542 2858 1743 2915 Christi
1774 2854 2128 2912 lueruntvin-
2154 2859 2204 2918 Α
2305 2854 2357 2909 6.
2382 2855 2624 2914 Ausnos.
2658 2859 2959 2918 Secundum
2981 2865 3253 2935 elementa,
3286 2868 3338 2924 id
3390 2879 3493 2937 est,
3527 2874 3804 2929 secundum

528 2953 681 3019 cuia,
713 2962 892 3023 sputa,
926 2952 1164 3021 eolaphi,
1210 2952 1458 3018 verbera,
1511 2951 1580 3005 ad
1625 2957 1929 3004 extremum
1979 2960 2129 3001 mors
2231 2945 2442 3003 dierqu
2477 2959 2533 3005 et
2559 2960 2859 3022 temporum
2891 2956 3320 3018 observantiam.
3359 2961 3642 3019 Elementa
3679 2980 3805 3021 eum

538 3048 690 3119 ipsa;
726 3062 951 3118 quorum
973 3054 1183 3117 partem
1220 3043 1333 3113 jam
1360 3059 1421 3099 se
1450 3059 1689 3114 passum,
1745 3050 1955 3111 partem
2007 3052 2137 3110 pas-
2234 3040 2419 3120 mundi
2451 3040 2583 3095 dicit
2607 3042 2776 3098 solem
2820 3055 2875 3100 et
2901 3044 3107 3116 lunam,
3162 3064 3234 3104 ex
3277 3051 3476 3121 quibus
3515 3053 3724 3110 dierum
3761 3064 3807 3110 et

538 3154 730 3195 surum
761 3153 820 3194 se
844 3152 964 3194 esse
993 3136 1214 3191 fatetur.
1245 3134 1501 3190 Fortasse
1531 3150 1594 3189 ea
1618 3149 1739 3204 qua:
1786 3133 1981 3187 desunt
2035 3144 2132 3185 vo-

541 3238 633 3286 cat
664 3229 853 3284 mortis
884 3226 1185 3299 angustias,
1208 3241 1343 3296 quas
1378 3225 1553 3279 adhuc
1586 3238 1779 3294 passus
1832 3236 1938 3277 non
1987 3228 2130 3276 erat.

540 3322 609 3377 Et
627 3330 711 3376 est
736 3320 871 3376 ordo
903 3334 918 3374 :
950 3316 1255 3388 adimplebo
1285 3318 1337 3371 in
1370 3331 1535 3371 carne
1562 3331 1681 3372 mea
1711 3331 1804 3371 eas
1827 3315 2130 3386 passiones.

609 3414 701 3468 22.
727 3415 970 3470 Asianos.
1003 3411 1072 3467 Ut
1112 3412 1447 3466 exhibeamus
1473 3426 1700 3464 omnem.
1730 3409 2132 3465 Perfectionem
2224 3416 2227 3425 ‘

508 3516 748 3587 .statum
804 3506 1048 3562 futurum
1107 3512 1265 3559 vocat
1301 3502 1387 3558 cui
1418 3502 1545 3558 boni
1572 3500 1707 3557 nihil
1754 3501 1944 3557 deesse
1983 3499 2134 3554 vide—

541 3600 656 3655 bitu
666 3615 710 3654 r.

611 3689 765 3744 CAP.
788 3688 947 3743 Il.—
978 3690 1029 3745 i.
1082 3688 1280 3744 Lmen.
1331 3685 1459 3741 Volo
1510 3686 1649 3741 enim
1707 3701 1795 3739 vos
1834 3684 1989 3747 scire,
2023 3690 2131 3737 etc.

543 3782 704 3837 Ratio
743 3798 842 3838 cur
863 3797 923 3837 se
946 3781 1196 3837 laborare
1239 3779 1453 3845 dixerit,
1487 3777 1739 3835 videlicet
1766 3791 1834 3831 ne
1861 3775 2137 3831 diceretur

539 3890 606 3929 ex
640 3872 907 3942 jactantia
932 3871 1136 3928 dixisse
1169 3870 1372 3925 laboro.

611 3963 668 4017 ‘2.
716 3962 783 4017 In
815 3978 993 4016 omnes
1053 3961 1261 4014 divitias
1315 3958 1657 4027 plenitudinis
1711 3954 2022 4010 intellectus.
2064 3953 2135 4011 Ut

545 4054 781 4110 habeant
823 4053 1044 4108 divitem
1077 4060 1131 4107 et
1160 4049 1375 4121 plenum
1408 4049 1764 4112 intellectum,
1806 4060 2136 4117 cognoscen-

545 4155 627 4199 tes
655 4143 971 4214 mysterium
1021 4142 1116 4197 Dei
1154 4141 1353 4204 Patris,
1384 4139 1527 4210 quod
1547 4145 1633 4193 est
1656 4135 1908 4191 Christus
1949 4134 2127 4190 Jesus.

546 4233 650 4301 Qui
681 4233 825 4289 enim
853 4232 1091 4303 perfecte
1122 4231 1225 4286 scit
1268 4228 1571 4291 Christum,
1613 4225 1717 4281 scit
1765 4223 1894 4294 quid
1924 4225 1990 4281 de
2020 4226 2131 4281 Deo
2164 4223 2207 4280 Β

542 4325 887 4381 sentiendum
907 4323 994 4386 sit,
1009 4331 1064 4378 et
1076 4319 1369 4391 quomodo,
1386 4329 1441 4373 et
1456 4316 1719 4386 inquibus
1734 4315 2019 4370 vivendum
2037 4316 2129 4372 sit.

613 4417 671 4470 5.
704 4414 771 4467 In
798 4413 1141 4478 sublimitate,
1175 4412 1227 4467 id
1254 4419 1359 4474 est,
1400 4409 1453 4462 in
1484 4406 1771 4462 altitudine
1819 4406 2130 4475 verborum,

545 4514 600 4559 et
624 4504 1080 4576 syllogismorum,
1105 4513 1162 4557 et
1182 4501 1410 4556 aliorum
1432 4513 1693 4569 generum
1715 4498 2130 4568 disputantium;

546 4614 655 4652 non
712 4606 883 4651 artem
932 4593 1241 4666 disputandi
1305 4591 1602 4663 vituperat,
1669 4592 1763 4646 sed
1814 4604 2132 4662 perversum

546 4688 941 4759 disputantium
972 4703 1147 4743 usum.

618 4780 673 4835 4.
708 4780 853 4836 Nam
881 4782 979 4836 etsi
1005 4793 1221 4850 corpore
1251 4777 1437 4832 absens
1462 4794 1599 4832 sum.
1629 4776 1709 4832 Ac
1731 4777 1776 4831 si
1800 4776 1923 4847 quis
1951 4775 2130 4833 dicat:

550 4881 677 4937 Vult
702 4896 802 4936 nos
831 4875 1026 4945 aliquis
1053 4872 1343 4943 decipere?
1373 4871 1446 4927 ita
1471 4888 1486 4939 ;
1515 4871 1610 4927 sed
1641 4886 1758 4936 vos,
1788 4870 1983 4939 inquit,
2000 4886 2135 4926 eon-

550 4986 632 5029 tra
656 4973 777 5028 illos
800 4968 1000 5024 firmati
1024 4966 1155 5020 estis
1177 4966 1229 5019 in
1248 4965 1369 5020 fide.
1395 4965 1548 5033 Quod
1574 4963 1708 5019 satis
1730 4964 1862 5032 scio,
1885 4965 2135 5036 quamvis

549 5065 768 5119 absens.

622 5154 674 5209 5.
705 5148 1006 5208 Secundum
1052 5146 1407 5201 traditionem.
1439 5146 1801 5202 'l‘radiderunt
1826 5146 2133 5218 philosophi

553 5249 709 5317 («pios
740 5240 987 5295 homines
1025 5238 1202 5311 vocat)
1229 5237 1542 5294 Creatorem
1581 5239 1820 5293 omnium
1848 5255 1952 5294 non
1979 5254 2135 5309 posse

554 5336 674 5389 fieri
718 5338 1059 5393 creaturam;
1115 5330 1388 5385 hominem
1441 5347 1547 5385 non
1593 5331 1834 5402 potuisse
1881 5332 2028 5387 nasci
2067 5348 2135 5387 ex

552 5424 765 5493 virgine
792 5438 804 5472 :
839 5418 1122 5485 Hominem
1156 5432 1425 5476 mortuum
1470 5424 1715 5478 revivere
1738 5440 1843 5477 non
1870 5425 2127 5494 potuisse,

552 5513 962 5569 considerantes
988 5509 1253 5566 elementa
1294 5514 1499 5579 mundi,
1530 5514 1630 5569 has
1658 5514 1900 5569 visibiles
1926 5525 2136 5568 creatu-

2235 3135 2538 3200 temporum
2566 3148 2761 3190 cursus
2783 3135 2921 3192 eﬂici
2947 3137 3181 3194 videtur.

2304 3240 2357 3294 7.
2396 3241 2636 3298 Accus'r.
2679 3244 2795 3317 (lib.
2825 3262 2923 3311 xu,
2969 3247 3044 3302 De
3075 3246 3264 3304 Cenes.
3310 3251 3381 3305 ad
3409 3252 3539 3319 litt.,
3596 3268 3714 3325 cap.
3758 3256 3804 3319 7,

2237 3339 2365 3385 ιοηι.
2406 3332 2518 3401 lii.)
2545 3332 2685 3399 Quia
2723 3336 2776 3389 in
2806 3336 2917 3407 ipso
2939 3339 3160 3393 habitat.
3187 3338 3322 3407 Quia
3352 3343 3621 3399 inhabitat
3652 3346 3807 3400 omnis

2235 3423 2511 3493 plenitudo
2562 3426 2861 3482 divinitatis
2890 3430 3254 3499 corporaliter
3289 3446 3467 3504 neque
3504 3436 3652 3491 enim
3689 3437 3805 3491 divi-

2236 3518 2377 3571 nitas
2402 3532 2597 3587 corpus
2620 3528 2723 3584 est,
2747 3519 2843 3575 sed
2868 3522 2996 3590 quia
3024 3534 3369 3581 sacramenta
3398 3525 3613 3584 Veteris
3637 3528 3805 3584 Testa-

2239 3610 2404 3665 menti
2468 3612 2704 3681 appellat
2770 3613 2994 3671 umbras
3067 3614 3268 3685 futuri;
3327 3628 3552 3689 propter
3607 3620 3802 3676 umbra-

2240 3716 2359 3755 rum
2400 3704 2862 3772 comparationem
2902 3707 3257 3777 corporaliter
3294 3710 3426 3766 dixit
3467 3713 3708 3769 habitare
3760 3729 3805 3767 ut

2237 3789 2453 3847 Christo
2480 3791 2869 3863 plenitudinem
2927 3799 3248 3869 divinitatis,
3308 3802 3456 3873 quod
3508 3805 3562 3860 in
3612 3805 3699 3861 illo
3722 3806 3807 3860 im-

2236 3884 2488 3954 pleantur
2519 3887 2701 3941 omnia
2740 3904 2861 3958 quae
2888 3889 3014 3962 [al.,
3042 3891 3122 3966 in]
3184 3894 3291 3950 illis
3337 3897 3548 3954 umbris
3593 3898 3804 3966 ﬁgurata

2237 3985 2385 4043 sunt,
2417 3993 2479 4032 ac
2502 3978 2545 4032 si
2577 3980 2977 4050 quodammodo
3005 3986 3322 4042 umbrarum
3359 3988 3572 4043 illarum
3606 3989 3712 4059 ipse
3746 3998 3806 4044 s.t

2236 4084 2453 4139 corpus,
2472 4071 2572 4127 hoc
2598 4083 2683 4128 est
2713 4073 3007 4146 figurarum
3038 4076 3253 4134 illarum
3280 4088 3336 4136 et
3363 4081 3802 4152 signiﬁcationum

2240 4161 2354 4233 ipse
2382 4164 2453 4219 sit
2488 4165 2710 4223 veritas.

2303 4282 2359 4339 8.
2391 4282 2634 4340 Aucusr.
2676 4284 2792 4356 (lib.
2865 4301 2954 4340 xv:
2983 4327 2999 4353 ,
3067 4297 3251 4341 contra
3289 4285 3481 4342 Faust.
3510 4287 3540 4353 ,'
3566 4302 3682 4357 cap.
3721 4287 3800 4351 29,

2234 4385 2369 4432 tom.
2397 4377 2510 4446 Vl.)
2534 4376 2603 4431 In
2651 4395 2753 4448 quo
2782 4378 3097 4433 circumcisi.
3134 4379 3273 4446 Quid
3302 4379 3801 4450 significatcircum-

2234 4468 2371 4524 cisio
2407 4469 2613 4535 carnis,
2643 4470 2748 4525 nisi
2779 4470 3228 4539 cxspoliationem
3257 4470 3628 4535 mortalitatis,
3656 4484 3798 4541 quam

2234 4558 2303 4616 de
2359 4560 2568 4616 carnali
2627 4562 2977 4632 generatione
3032 4562 3357 4631 portamus?
3404 4563 3522 4618 haec
3576 4570 3658 4617 est
3687 4560 3799 4616 ﬁdes

2235 4661 2443 4708 nostra.

2306 4769 2359 4824 9.
2420 4766 2829 4822 Circumcisione
2901 4784 3006 4822 non
3069 4767 3398 4837 manufarta.
3476 4765 3799 4823 Rcsurrectio

2237 4858 2438 4915 Christi
2458 4874 2578 4928 quae
2603 4856 2745 4915 facta
2772 4861 2934 4915 tertio
2964 4859 3185 4930 quidem
3226 4874 3255 4913 a
3285 4860 3373 4913 die
3399 4860 3695 4928 passionis,
3718 4857 3798 4912 sed

2235 4961 2431 5007 octavo
2458 4953 2511 5006 in
2543 4952 2734 5007 diebus
2758 4952 3135 5018 hebdomadis,
3179 4952 3293 5022 ipsa
3329 4966 3431 5005 nos
3461 4950 3794 5007 circumcidit.

2234 5045 2373 5100 Audi
2412 5045 2761 5100 circumcisus
2784 5058 2911 5098 vera
2946 5053 3121 5114 petra,
3162 5043 3421 5113 Apostolo
3455 5042 3793 5097 admonente:

2237 5138 2299 5193 Si
2328 5154 2448 5206 ergo
2482 5136 2840 5191 resurrexistis
2889 5153 3007 5189 cum
3062 5134 3299 5203 Christo,
3327 5153 3447 5207 qua:
3470 5152 3671 5191 sursum
3694 5142 3795 5187 sunt

2236 5230 2422 5296 sapite,
2458 5227 2544 5279 ubi
2593 5223 2830 5279 Christus
2881 5236 2955 5280 est
2996 5227 3048 5280 in
3076 5226 3291 5282 dextera
3344 5227 3438 5281 Dei
3460 5228 3667 5289 sedens;
3697 5235 3797 5292 ante

2237 5337 2445 5374 sursum
2470 5329 2590 5372 sunt
2614 5319 2851 5388 qumrite,
2882 5334 2985 5371 non
3027 5334 3144 5388 quce
3180 5335 3335 5388 super
3364 5329 3581 5375 terram.
3621 5316 3798 5369 Resur-

2239 5414 2383 5468 rexit
2416 5413 2665 5468 Christus
2731 5410 2953 5465 abstulit
3012 5410 3168 5465 nobis
3227 5412 3497 5467 desideria
3558 5407 3793 5467 carnalia,

2238 5506 2460 5560 abstulit
2482 5504 2953 5573 concupiscentias
2976 5503 3148 5558 malas
3178 5520 3191 5569 ;
3220 5504 3444 5558 abstulit
3493 5500 3793 5574 superﬂuum

556 5620 665 5668 ras,
695 5604 748 5656 in
774 5601 970 5669 quibus
993 5601 1241 5658 animalia
1268 5620 1386 5674 quas
1416 5616 1732 5673 nascuntur,
1762 5623 1828 5661 ex
1853 5607 2135 5675 utriusque
2164 5572 2205 5629 δ
2245 5583 2365 5654 cum
2390 5615 2496 5669 quo
2524 5599 2634 5652 nati
2667 5598 2853 5662 eratis,
2906 5606 2959 5650 et
2989 5597 3160 5651 multo
3200 5597 3353 5668 pejus
3406 5598 3550 5667 quod
3574 5594 3703 5651 male
3730 5590 3793 5643 vi-

556 5707 721 5746 sexus
746 5690 1118 5747 commistione
1140 5705 1488 5766 generantur,
1513 5708 1567 5753 et
1584 5699 1636 5752 in
1654 5700 1849 5769 quibus
1875 5697 2134 5769 quidquid

562 5786 795 5843 moritur
826 5784 967 5840 ultra
996 5788 1175 5845 vivere
1202 5792 1534 5862 impossibile
1571 5805 1673 5849 est.

2244 5695 2416 5750 vendo
2464 5693 2833 5757 atldideratis;
2878 5691 3183 5747 circumcisi
3236 5704 3332 5762 per
3381 5698 3609 5761 petram,
3652 5696 3793 5756 quare

2251 5790 2433 5847 adhuc
2453 5786 2640 5858 sapitis
2656 5800 2817 5857 super
2858 5793 3057 5839 terram
3074 5784 3097 5839 ἲ
