3864 6300
104 351 197 409 525
252 378 261 383 -
738 346 802 402 ΙΝ
838 348 901 403 1).
942 344 1145 403 PAULI
1180 342 1398 400 EPIST.
1434 342 1695 400 COMMEE

1831 373 1890 380 —
1930 340 2145 398 EPIST.
2187 341 2277 398 AD
2300 340 2582 401 COLOSS.
3229 341 3337 398 326

105 470 224 522 facta
251 466 376 536 (hac
398 472 447 518 et
477 462 800 517 circumcisio
831 462 1044 525 Christi,
1076 459 1197 513 vitia
1224 457 1563 527 mortiﬁcare)
1593 455 1647 510 in
1676 454 2067 525 exspoliatione
2114 455 2361 526 corporis
2404 454 2610 521 carnis,
2663 454 2759 511 sed
2814 454 2869 510 in
2911 452 3335 510 circumcisione

103 555 301 619 Christi,
331 550 720 607 circumcisione
746 550 1030 619 spirituali,
1066 549 1262 604 scilicet
1286 546 1588 618 consepulti
1622 547 1853 617 (exponit
1877 545 2159 617 quomodo)
2184 546 2233 601 ei
2260 547 2311 601 in
2339 547 2626 615 baptismo,
2658 547 2709 601 in
2740 562 2846 617 quo
2878 556 2932 601 ct
2957 546 3339 602 resurrexistts

103 666 131 701 a
152 646 276 701 uitiis
311 660 406 713 per
432 645 591 697 tidem
617 641 947 712 operationis
974 640 1086 705 Dei,
1119 656 1277 709 quam
1310 649 1552 707 operatus
1576 648 1649 693 est
1682 639 1738 691 in
1780 637 1988 693 Christo
2036 638 2173 708 (ecce
2214 640 2466 708 operatio)
2502 639 2593 708 qui
2624 640 2909 694 suscitavit
2953 638 3099 692 illum
3131 652 3162 692 a
3196 652 3341 692 mor-

104 736 212 790 tuis.
237 734 297 788 Et
320 748 414 788 vos
436 732 768 803 (determinat
796 732 1054 802 quomodo
1080 730 1332 785 intellexit
1353 729 1409 784 in
1435 746 1537 799 quo
1567 737 1613 784 et
1642 730 2028 800 resurrextstis)
2062 745 2185 782 cum
2213 729 2412 784 mortui
2440 731 2631 785 essetis
2660 732 2713 784 in
2738 730 2972 796 delictis,
3006 730 3093 784 10.
3117 739 3173 785 et
3197 744 3340 799 pm:-

104 825 234 895 pu-tio
258 824 436 878 carnis
466 830 682 887 vestras,
712 832 903 875 etcum
944 822 997 875 in
1023 820 1311 891 gentilitate
1349 821 1548 886 essetis,
1582 819 1981 875 conviviﬁcavit
2020 834 2141 874 cum
2189 820 2304 887 illo,
2350 822 2581 891 donans,
2610 825 2934 887 condonans,
2984 822 3133 878 vobis
3158 821 3343 877 omnia

107 919 279 974 delicta
318 917 403 972 11.
437 918 626 973 delens
650 918 793 987 quod
819 917 1079 971 adversus
1097 931 1215 982 nos,
1244 916 1523 970 utilitatem
1548 925 1805 981 nostram,
1825 923 1942 970 erat
1970 914 2391 986 chirographum
2434 916 2522 970 12.
2550 917 2777 984 decreti,
2800 918 2944 987 quod
2989 926 3107 971 erat
3131 925 3342 972 contra-

106 1016 225 1068 rium
250 1013 419 1078 nobis,
446 1013 589 1068 idem
608 1014 749 1084 quod
775 1014 1022 1068 adversus
1056 1029 1183 1078 nos;
1210 1012 1286 1066 vel
1318 1013 1641 1066 contrarium
1701 1021 1895 1065 nostra:
1944 1010 2188 1076 utilitati,
2236 1020 2292 1066 et
2314 1010 2488 1081 ipsum
2533 1010 2652 1066 tulit
2686 1011 2891 1082 (murus
2905 1012 3042 1067 enim
3072 1012 3350 1074 erat,iuter

107 1126 206 1175 nos,
231 1119 273 1163 ct
297 1107 489 1179 Deum)
522 1109 589 1163 de
616 1109 796 1165 medio
814 1107 999 1174 nostri,
1026 1119 1072 1163 et
1101 1108 1222 1172 Dei,
1239 1106 1482 1175 aliigeus,
1502 1107 1735 1172 abolens,
1762 1105 1892 1161 illud
1918 1106 2088 1173 cruci,
2115 1122 2198 1175 per
2228 1122 2459 1172 crucem,
2478 1115 2534 1161 et
2563 1106 2647 1160 15.
2671 1106 2983 1177 exspolians
3012 1106 3353 1177 principatus

108 1202 408 1268 ludo-orum,
434 1202 516 1258 vel
542 1204 864 1269 dwmonum,
886 1212 943 1257 et
965 1211 1283 1273 potestates,
1305 1202 1553 1257 traduxit
1579 1201 1936 1266 conﬁdenter,
1971 1201 2054 1257 14.
2098 1201 2276 1272 palam
2322 1203 2695 1273 triumphans,
2742 1205 2817 1258 vel
2843 1204 3072 1270 uincens,
3094 1204 3170 1257 uel
3197 1203 3343 1265 refu-

108 1299 246 1365 ciens,
276 1298 390 1355 illos
409 1299 466 1355 in
496 1299 811 1370 semetipso,
836 1316 939 1354 non
961 1301 1016 1353 in
1054 1299 1160 1353 alio
1187 1298 1440 1353 exercitu.
1468 1297 1535 1351 In
1554 1314 1657 1368 quo
1686 1296 1895 1350 Christo
1933 1298 2229 1351 circumcisi
2255 1298 2403 1362 estis,
2430 1297 2825 1354 circumcisione
2856 1316 2961 1353 non
2989 1315 3148 1353 manu
3176 1300 3343 1369 facta.

110 1390 289 1456 {5,16,
321 1392 479 1462 167
507 1393 598 1458 17,
631 1392 717 1447 18.
748 1391 916 1448 Nemo
944 1405 1075 1461 ergo
1103 1405 1200 1446 vos
1218 1389 1426 1458 judicet
1450 1390 1503 1444 in
1532 1390 1675 1454 cibo,
1701 1398 1791 1443 aut
1822 1389 1876 1443 in
1906 1398 2057 1458 potu,
2088 1397 2177 1442 aut
2235 1390 2287 1443 in
2318 1399 2471 1459 parte
2492 1389 2598 1445 diei
2629 1390 2771 1453 festi,
2803 1400 2857 1446 ut
2882 1407 2968 1446 vos
2989 1392 3155 1462 faciat
3178 1393 3351 1464 parti-

111 1482 259 1551 cipare
281 1483 422 1552 [estis
450 1482 790 1548 Juda‘orum,
820 1492 936 1548 aut,
962 1484 1184 1549 scilicet,
1214 1483 1537 1547 neomenite,
1566 1498 1711 1536 nova:
1739 1482 1901 1547 (ante,
1926 1480 2013 1546 19,
2039 1479 2129 1534 20.
2177 1491 2270 1535 aut
2316 1480 2708 1549 Sabbatorum,
2739 1483 2802 1539 21
2857 1498 2975 1555 qua:
3009 1494 3135 1540 sunt
3163 1487 3356 1541 umbra

112 1574 421 1641 futurorum;
446 1589 669 1645 corpus,
701 1577 916 1639 ueritas,
940 1584 1123 1629 autem
1155 1574 1381 1629 Christi.
1415 1573 1506 1627 22.
1533 1572 1701 1626 Nemo
1729 1588 1827 1627 vos
1871 1571 2115 1641 seducal,
2155 1573 2245 1634 25,
2289 1573 2380 1627 21.
2434 1575 2620 1631 volens
2646 1576 2702 1630 in
2757 1576 3084 1640 humilitate,
3120 1579 3261 1648 facta
3297 1581 3355 1635 ετ

115 1681 176 1729 se,
195 1674 245 1720 ct
270 1667 526 1737 religione
555 1669 895 1738 angelorum,
918 1667 998 1721 vel
1022 1668 1369 1736 impendenda
1394 1666 1621 1735 angelis,
1664 1664 1842 1719 dicens
1866 1680 1985 1734 quae
2014 1682 2119 1720 non
2152 1666 2284 1720 vidit
2314 1676 2368 1721 et
2398 1668 2681 1724 ambulans
2721 1669 2924 1727 frustra
2950 1672 3164 1728 inﬂatus
3190 1688 3356 1729 sensu

116 1759 269 1814 carnis
287 1774 412 1825 suae,
443 1760 489 1813 si
516 1768 691 1830 sperat
722 1759 917 1814 salvari
940 1774 994 1813 se
1020 1757 1226 1812 carnali
1252 1756 1382 1826 lege,
1415 1767 1461 1810 et
1489 1772 1552 1810 ex
1583 1757 1680 1809 hoc
1713 1756 1930 1824 inﬂatus
1962 1756 2049 1819 sit,
2100 1763 2153 1810 et
2184 1772 2289 1811 non
2321 1766 2530 1823 tenens,
2556 1768 2741 1830 caput,
2777 1762 2832 1813 id
2858 1771 2957 1829 est,
2979 1762 3266 1830 Christum,
3289 1781 3359 1822 ex

116 1863 203 1917 quo
229 1857 387 1904 totum
413 1865 634 1921 corpus,
667 1849 929 1915 Ecclesia,
972 1863 1069 1918 per
1097 1862 1269 1903 nexus
1293 1846 1529 1915 ﬁdelium
1560 1857 1613 1903 et
1642 1843 2056 1914 conjunctiones
2104 1847 2575 1903 subministratum
2629 1860 2685 1906 et
2732 1861 3130 1914 constructum.
3164 1856 3363 1910 crescit

118 1942 162 1995 in
184 1950 537 2011 augmentum,
568 1943 640 1998 ad
669 1943 939 2005 honorem,
974 1940 1091 1996 Dei.
1122 1939 1217 2006 25,
1245 1939 1338 1993 26.
1373 1937 1430 1994 Si
1458 1954 1588 2008 ergo
1614 1937 1813 1992 mortui
1845 1938 1979 1992 estis
2022 1940 2113 2010 (ad
2153 1939 2250 1993 hoc
2276 1941 2415 2011 quod
2457 1941 2589 1996 dixit
2637 1943 2925 2013 consepulti
2974 1946 3028 2000 in
3082 1947 3359 2017 baptismo)

1435 2026 1629 2085 COMM
1642 2025 1819 2083 ENTA
1830 2026 2014 2082 RiUS.

176 2101 257 2180 i0.
273 2126 505 2180 Acccsr.
538 2124 716 2195 (epist.
744 2123 836 2190 59,
858 2123 928 2177 ad
953 2119 1095 2177 Paul
1123 2120 1177 2175 in
1204 2128 1391 2191 quiest.
1424 2120 1477 2174 7.
1511 2128 1550 2174 ι.
1591 2119 1681 2188 ll.)
1714 2126 1761 2185 Α
1791 2114 1978 2183 festos,
2009 2132 2129 2186 qua:
2164 2126 2320 2171 erant
2356 2120 2545 2173 umbra
2575 2130 2813 2176 ventura:
2862 2120 3167 2191 felicitatis;
3197 2128 3365 2196 spiri-

126 2214 174 2267 Ει
196 2218 428 2285 prteputio
458 2218 661 2271 curuis.
695 2215 1023 2285 Prtepulium
1073 2223 1257 2278 vocat,
1286 2212 1429 2282 quod
1468 2212 1675 2283 signiﬁ-

124 2320 250 2359 catur
267 2308 523 2377 praeputio
564 2308 670 2363 hoc
688 2306 981 2362 estdelicta
1007 2305 1274 2370 carnalia,
1290 2304 1487 2374 quibus
1512 2318 1677 2374 espo-

124 2396 258 2448 liandi
294 2412 493 2453 sumus.

186 2488 262 2541 11.
286 2490 516 2543 Asianos.
560 2488 749 2542 Delens
784 2489 924 2559 quod
955 2488 1230 2542 adversum
1253 2499 1365 2539 nos.
1390 2482 1682 2556 Chirogra-

134 2578 269 2646 phum
296 2581 581 2636 adversum
620 2596 719 2635 nos
746 2580 916 2651 legem
945 2587 1104 2634 vocat
1130 2592 1196 2633 eo
1240 2577 1382 2648 quod
1406 2585 1517 2631 erat
1544 2590 1683 2630 con--

138 2676 274 2731 tralia
300 2676 447 2731 nobis
470 2676 579 2731 hoc
603 2685 688 2730 est
730 2689 835 2730 non
863 2674 1185 2745 permittens
1219 2671 1434 2742 assequi
1462 2678 1684 2740 propter

137 2781 260 2819 suam
305 2768 799 2837 scrupulositatem.
851 2766 1005 2822 Hanc
1029 2764 1229 2821 delevit
1281 2762 1683 2819 resurrectione

139 2862 184 2908 et
205 2855 619 2912 immortalitate.

193 2944 269 2999 12.
296 2946 485 3002 Lura.
528 2947 765 3002 Decreti.
817 2947 1105 3002 Decretum
1161 2944 1255 3001 Dei
1306 2942 1516 3010 fuit,de
1543 2942 1685 3014 ligno

142 3037 251 3104 quod
270 3049 334 3092 est
361 3039 414 3092 in
443 3040 623 3093 medio
667 3039 923 3110 paradisi,
971 3056 1035 3093 ne
1082 3038 1346 3093 comedas.
1393 3033 1564 3105 Hujus
1588 3035 1687 3092 de-

141 3131 247 3185 creti
271 3133 439 3187 violati
463 3133 889 3203 chirographum
939 3132 1016 3204 (id
1044 3142 1141 3197 est,
1167 3129 1451 3202 memoria)
1493 3129 1692 3186 delevit

147 3219 274 3286 Deus,
302 3227 505 3293 quando
545 3234 835 3297 peccatum
867 3224 1029 3295 primi
1062 3222 1302 3293 parentis
1330 3223 1566 3276 humano
1594 3236 1689 3292 ge-

145 3314 258 3377 neri,
281 3331 369 3382 per
395 3317 556 3372 ﬁdem
614 3316 895 3387 sanguinis
924 3314 1126 3371 Christi
1166 3314 1372 3370 dimisit
1415 3323 1471 3369 et
1519 3313 1689 3383 ipsius

147 3408 567 3471 praevaricationis
605 3418 885 3478 peccatum
909 3407 1165 3463 oblivioni
1196 3407 1442 3465 tradidit.

1784 2209 1944 2264 tualis
1974 2207 2063 2282 [f.,
2097 2208 2476 2283 spiritualiter]
2503 2220 2685 2265 autem
2717 2212 3047 2277 intellectus,
3090 2218 3290 2273 veritas
3315 2230 3370 2273 et

1781 2315 1999 2371 corpus.

1853 2395 1941 2449 19.
1978 2394 2215 2449 At'GUS'r.
2251 2392 2369 2464 (Ου’.
2400 2397 2604 2449 advers.
2641 2392 2881 2461 Juda'os,
2912 2410 2960 2451 c.
3000 2396 3048 2463 l,
3098 2406 3224 2452 tom.
3259 2397 3368 2469 Vl.)

1782 2483 1887 2537 Ant
1937 2482 2309 2539 Sabbatorum.
2363 2484 2420 2540 In
2475 2486 2568 2541 illo
2612 2487 2853 2554 requiem
2886 2502 3007 2541 cum
3040 2488 3369 2556 invenimus,

1781 2589 1911 2631 vere
1938 2576 2366 2642 sabbatizamus,
2410 2586 2466 2631 et
2514 2592 2669 2631 novae
2696 2576 2838 2632 lunae
2864 2577 3198 2648 observatio,
3247 2584 3372 2639 vita:

1785 2685 1937 2725 novre
1965 2670 2329 2725 sanctiﬁcatio
2351 2678 2454 2734 est,
2481 2680 2534 2726 et
2553 2669 2763 2725 Pascha
2790 2681 3035 2727 nostrum
3065 2673 3375 2731 immolatus

1784 2769 1869 2815 est
1892 2760 2166 2826 Christus,
2207 2768 2263 2815 et
2291 2775 2540 2832 azymum
2586 2770 2832 2816 nostrum
2863 2761 3153 2818 sinceritas
3172 2765 3376 2819 verita-

1788 2852 1876 2919 tis,
1894 2853 2216 2908 l'ermentum
2247 2852 2497 2908 veritatis
2514 2851 2636 2924 [al.,
2662 2867 2769 2908 non
2790 2853 3003 2910 habens
3024 2856 3368 2928 vetustatis];

1787 2949 1841 2997 et
1872 2942 1917 2998 si
1943 2957 2049 3012 qua
2077 2942 2182 2997 alia
2213 2951 2363 3008 sunt,
2409 2942 2461 2996 in
2511 2943 2711 3012 quibus
2755 2959 2901 2998 nunc
2937 2944 3217 3000 immorari
3264 2959 3373 3002 nou

1788 3055 1926 3110 opus
1954 3048 2057 3106 est,
2084 3055 2206 3112 quae
2233 3040 2338 3096 illis
2368 3043 2645 3098 veteribus
2672 3043 2991 3100 adumbrata
3033 3055 3158 3100 sunt
3184 3047 3373 3119 sigu's,

1792 3132 1847 3187 in
1874 3132 1981 3187 isto
2003 3131 2206 3188 habent
2229 3132 2415 3197 ﬁnem,
2441 3134 2595 3202 cujus
2626 3136 2777 3205 regni
2802 3151 2909 3190 non
2939 3136 3045 3192 erit
3068 3138 3211 3195 linis.

1862 3224 1957 3280 20.
1998 3222 2203 3280 Laure.
2241 3226 2347 3279 Aut
2381 3225 2763 3282 Sabbatorum.
2807 3226 2935 3284 Dies
2982 3229 3126 3294 festi,
3180 3229 3375 3301 inquit,

1791 3319 2095 3375 neomeniaz
2139 3328 2196 3374 et
2254 3319 2495 3375 Sabbata
2531 3320 2911 3393 significabant
2964 3322 3167 3389 futura,
3221 3336 3275 3379 ct
3325 3326 3376 3379 iu

1795 3412 1911 3481 ipsa
1934 3411 2332 3481 signiﬁcatione
2359 3422 2518 3467 erant
2538 3427 2741 3483 corpus
2761 3413 2988 3481 Christi,
3004 3416 3060 3470 id
3083 3426 3185 3477 est.
3214 3418 3270 3482 si,
3296 3416 3383 3470 n3-

207 3495 275 3548 15.
299 3497 631 3568 Exspoliaus.
679 3497 940 3568 Spoliavit
978 3495 1225 3552 Christus
1252 3496 1547 3551 infernales
1592 3510 1688 3566 po-
1717 3499 1764 3559 B
1793 3502 2031 3558 ﬁcabant
2062 3518 2260 3573 corpus
2283 3502 2509 3569 Christi,
2538 3503 2620 3558 vel
2651 3515 2988 3574 assumptum
3015 3520 3083 3559 ex
3133 3506 3375 3575 Virgine,

150 3592 339 3642 tcsuttes
386 3591 674 3645 animabus
724 3605 862 3659 quas
910 3588 1229 3656 habebant,
1283 3590 1369 3645 vel
1423 3590 1690 3645 habitura:

150 3685 292 3741 erant,
322 3676 370 3731 in
394 3694 554 3735 cruce
578 3679 822 3749 pendens
854 3677 937 3733 vel
990 3680 1056 3733 ad
1113 3677 1326 3734 inferna
1358 3679 1691 3735 descendens

152 3763 349 3821 traduxit
374 3770 591 3825 easdem
628 3777 944 3840 potestates,
977 3768 1030 3823 id
1070 3777 1175 3835 est,
1208 3768 1276 3823 ab
1306 3768 1550 3825 Ecclesia
1590 3785 1691 3825 sua

152 3858 500 3927 exterminavit,
532 3862 681 3916 sicut
728 3860 781 3914 in
810 3859 1103 3930 Evangelia
1148 3860 1321 3916 dixit:
1360 3858 1517 3914 Nunc
1545 3860 1695 3931 prin-

156 3957 247 4012 ειμι
265 3946 405 4018 hujus
428 3953 617 4006 mundi
647 3951 886 4022 ejicietur
918 3951 1081 4021 foras.
1115 3949 1206 4005 Vel
1261 3951 1445 4007 ﬁdeles
1474 3967 1603 4007 suos
1626 3952 1694 4005 dc

159 4030 344 4091 internis
371 4055 549 4097 secum
585 4042 739 4097 duxit
768 4041 1125 4108 conﬁdenter,
1174 4039 1316 4095 velut
1344 4042 1507 4097 homo
1550 4041 1695 4099 Deus

159 4121 253 4178 sine
271 4143 492 4197 peccato.

218 4218 290 4272 14.
319 4218 516 4293 Palam,
550 4225 605 4281 id
628 4233 731 4292 est,
760 4225 811 4281 in
843 4224 1126 4292 cruce,vel
1151 4241 1269 4281 cum
1311 4226 1570 4298 angelicis
1614 4225 1698 4282 le~~

163 4305 369 4373 gionibus
392 4315 456 4370 ad
497 4315 710 4371 inferna
758 4317 1114 4381 descendens,
1164 4316 1500 4387 triumphans
1554 4316 1696 4386 illos,

166 4395 318 4467 idest,
345 4406 559 4479 vincens
584 4408 638 4463 iu
661 4408 972 4478 semetipso,
1007 4409 1061 4463 id
1102 4417 1207 4475 est,
1235 4410 1286 4463 in
1318 4409 1565 4479 passione
1615 4409 1698 4465 sui

166 4494 386 4560 corporis,
410 4498 462 4553 in
499 4499 791 4571 praesentia
823 4514 935 4555 suae
972 4500 1295 4571 maiestatis.

223 4580 297 4637 15.
322 4583 479 4643 Nemo
513 4606 660 4661 ergo.
692 4589 829 4657 Quia
879 4605 1010 4660 ergo
1046 4591 1101 4645 in
1130 4589 1348 4646 Christo
1389 4591 1700 4648 circumcisi

170 4672 274 4727 estis
298 4676 548 4745 spirituali
579 4680 1011 4747 circumcisione,
1041 4696 1201 4736 nemo
1223 4697 1319 4735 vos
1342 4681 1473 4735 nihil
1504 4682 1706 4737 deben-

176 4762 584 4838 leslegijudicet,
614 4772 668 4826 id
707 4781 811 4838 est,
857 4772 1194 4828 damnabiies
1239 4773 1424 4839 faciat,
1468 4773 1704 4829 suadens

175 4849 269 4906 cibo
291 4857 363 4911 vel
393 4870 513 4928 potu
539 4862 835 4929 abstinere,
870 4862 955 4917 vel
978 4863 1051 4917 uti
1073 4862 1407 4920 Judteorum.

233 4942 552 5008 16.Auanos.
612 4953 781 5009 Nemo
819 4970 943 5026 ergo
964 4972 1073 5020 vos,
1127 4955 1181 5010 id
1246 4964 1352 5022 est,
1402 4970 1559 5013 nemo
1605 4972 1703 5014 vos

178 5029 385 5105 decipiat,
422 5058 510 5101 aut
538 5047 787 5102 bravium
815 5058 1053 5104 vestrum
1087 5049 1260 5105 tollat.

234 5125 305 5182 Π.
340 5131 552 5193 “IERON.
593 5137 762 5193 Nemo
786 5156 872 5193 vos
895 5140 1120 5209 judicet.
1152 5140 1320 5196 Nemo
1344 5158 1440 5197 vos
1463 5154 1706 5213 superet,

183 5226 309 5272 nemo
333 5225 607 5284 adversum
636 5245 733 5285 vos
756 5231 1005 5285 bravium
1052 5233 1301 5302 accipiat,
1346 5233 1624 5303 sicutquis
1651 5236 1706 5290 in

186 5315 435 5373 tcrtamiue
452 5321 731 5392 iniquitate
768 5332 1051 5393 agonistze,
1075 5323 1157 5379 vel
1184 5325 1393 5381 insidiis
1421 5329 1709 5397 magistro—

190 5409 279 5451 run
311 5409 470 5472 perdit
490 5413 754 5468 bravium.

221 5489 313 5586 .18.
349 5496 503 5555 Nemo
541 5520 626 5558 vos
659 5505 888 5575 judicet.
942 5505 1112 5563 Nemo
1164 5522 1260 5564 vos
1306 5506 1535 5577 indic-cl.
1565 5510 1711 5567 clde

194 5572 256 5633 his
280 5587 359 5653 (iui
389 5572 671 5665 magistros
688 5598 824 5669 legis
853 5615 973 5654 esse
994 5600 1225 5670 jactant,
1256 5572 1454 5657 in'cibo
1482 5572 1535 5657 et
1558 5614 1708 5671 potu,

196 5674 303 5774 quod
329 5678 419 5734 alia
468 5690 657 5743 munda
710 5699 857 5759 sunt,
885 5691 986 5746 alia
1020 5693 1319 5760 immunda,
1358 5704 1451 5748 aut
1478 5696 1531 5750 in
1558 5705 1712 5765 parte

200 5757 277 5817 dici
299 5768 421 5842 festi,
453 5788 506 5833 ut
527 5780 655 5840 alios
684 5783 797 5843 dies
824 5785 993 5843 festos
1024 5796 1216 5858 putent
1255 5803 1396 5856 esse,
1439 5788 1572 5845 alios
1602 5805 1710 5847 non

1797 3593 1885 3648 vel
1910 3592 2233 3657 Ecclesium,
2261 3593 2439 3663 qualis
2467 3608 2611 3649 nunc
2650 3601 2757 3660 est,
2786 3593 2870 3649 vel
2923 3594 2977 3649 in
3035 3593 3140 3650 alio
3185 3596 3382 3649 szcculu

1792 3685 1999 3742 futura.

1862 3777 1953 3834 21.
1991 3778 2235 3834 Asianos.
2274 3778 2407 3845 Qua:
2432 3788 2552 3834 sunt
2596 3779 2802 3844 umbra,
2837 3778 2890 3833 id
2936 3786 3039 3845 est,
3071 3794 3124 3833 In
3156 3793 3344 3851 compa
3366 3808 3379 3820 -

1792 3870 2008 3925 ratione
2033 3869 2340 3925 futurorum
2363 3871 2570 3926 utnbrte
2606 3880 2732 3926 sunt
2759 3871 2939 3926 omnia
2974 3870 3103 3938 ista,
3137 3874 3279 3927 unde
3315 3871 3385 3928 ad

1795 3960 2222 4033 signiﬁcantiam
2251 3961 2480 4027 umbrae,
2514 3976 2712 4032 corpus
2742 3960 2969 4032 adjecit,
3016 3963 3122 4018 hoc
3149 3964 3333 4019 dicens
3367 3980 3381 4017 :

1798 4051 2067 4116 Quoniam
2097 4049 2339 4105 Christus
2378 4053 2569 4105 veritas
2613 4061 2715 4107 est.

1865 4140 1957 4195 22.
1997 4139 2201 4196 Lassa.
2242 4141 2414 4196 Nemo
2463 4158 2552 4198 eos
2577 4142 2816 4197 seducet.
2853 4141 3043 4208 Nemo,
3075 4142 3265 4212 inquit,
3292 4157 3388 4198 vos

1801 4232 2058 4302 decipiat,
2088 4233 2277 4289 volens
2303 4232 2631 4302 persuadere
2668 4232 2825 4287 vobis
2874 4246 2937 4285 ea
2962 4239 3080 4302 (pta!
3110 4247 3386 4303 nunquam

1800 4323 2086 4389 intellexit,
2116 4324 2412 4379 ostendens
2438 4324 2594 4379 vobis
2616 4326 2669 4379 in
2700 4326 2996 4395 semetipso
3027 4326 3387 4382 humilitatem

1802 4426 1857 4471 et
1885 4417 2199 4486 religionem
2230 4417 2569 4487 angelorum,
2606 4427 2666 4473 ut
2693 4417 2856 4473 citius
2879 4418 2957 4473 eis
2982 4417 3234 4474 credatis.
3280 4419 3393 4474 Au-

1803 4510 1956 4581 gelos
1980 4519 2162 4566 autem
2190 4520 2349 4567 vocat
2394 4510 2477 4565 vel
2507 4510 2761 4566 ctelcstes
2788 4511 3037 4582 spiritus,
3065 4512 3147 4566 vel
3174 4522 3392 4569 sanctos

1802 4600 2207 4670 praedicatores.

1876 4688 1967 4745 25.
2008 4688 2238 4745 Hteuox.
2280 4688 2464 4745 Valens
2486 4690 2540 4744 in
2561 4690 2879 4746 humilitate.
2906 4688 3219 4747 Adorabant
3243 4691 3389 4747 enim

1807 4780 2059 4836 militiam
2085 4782 2237 4837 caeli.
2262 4779 2417 4837 Unde
2440 4781 2610 4838 Amos
2635 4800 2648 4837 :
2685 4781 2930 4838 Tradidit
2951 4797 3040 4839 eos
3069 4793 3123 4837 ut
3145 4783 3394 4838 servirent

1731 4856 1773 4914 (ἶ
1807 4871 2013 4926 militia:
2034 4871 2173 4927 cteli.

1878 4960 1969 5017 24.
2005 4961 2246 5018 Attenes.
2297 4960 2482 5018 Valens
2512 4964 2565 5018 in
2600 4964 2919 5022 humilitate.
2966 4963 3164 5029 Nolite,
3197 4964 3391 5032 inquit,

1808 5054 2093 5113 intendere
2136 5057 2243 5112 illis
2281 5059 2371 5127 qui
2428 5058 2648 5131 angelos
2689 5060 2873 5115 dicunt
2927 5056 3195 5125 indignari
3227 5055 3271 5109 si
3303 5053 3393 5108 h-x

1814 5164 1920 5206 non
1940 5150 2120 5205 .t'uerit
2145 5153 2440 5217 custodita,
2467 5168 2531 5207 eo
2563 5153 2707 5223 quod
2752 5168 2851 5223 per
2891 5150 3112 5221 angelos
3146 5148 3228 5201 lex
3264 5146 3390 5200 data

1811 5256 1935 5298 esse
1976 5242 2191 5297 dicatur
2258 5252 2313 5298 et
2354 5244 2714 5297 humilitatem
2741 5241 3028 5312 quamdam
3053 5237 3393 5299 simulantes,

1815 5334 2103 5389 ostendere
2148 5345 2438 5404 properant
2492 5350 2648 5405 quasi
2694 5336 2785 5404 qui
2828 5332 3000 5404 legem
3046 5336 3396 5383 contemnere

1816 5432 2079 5480 metuant.

1888 5516 1979 5571 25.
2020 5515 2081 5571 Si
2113 5518 2308 5572 mortui
2335 5520 2478 5573 estis.
2521 5517 2578 5573 Si
2609 5518 2689 5573 sic
2733 5517 3012 5573 constituti
3065 5516 3195 5571 estis
3242 5515 3397 5585 quasi

1817 5610 1907 5678 qui
1930 5610 2041 5680 jam
2072 5612 2394 5666 commortui
2427 5610 2561 5664 estis
2591 5609 2826 5672 Christo,
2872 5617 2927 5663 et
2950 5608 3394 5664 consurrexistis.

1819 5696 1929 5751 Hoc
1960 5696 2093 5751 dicit
2120 5698 2187 5751 ab
2210 5696 2491 5751 elementis
2520 5696 2705 5750 mundi
2738 5696 2913 5767 hujus.

1889 5788 1979 5844 26.
2024 5789 2247 5864 ilignea.
2285 5787 2342 5845 Si
2376 5791 2569 5844 mortui
2619 5792 2763 5846 estis.
2806 5790 3087 5848 Elementa
3118 5788 3327 5854 mundi,
3364 5804 3395 5843 a
