3864 6300
83 429 172 485 329
720 421 786 479 IN
822 424 885 481 D.
935 423 1137 482 PAULI
1179 422 1391 481 EPIST.
1427 422 1780 480 COMMENT.
1807 454 1873 463 ——
1909 422 2123 479 El‘lST.
2176 424 2265 479 AD
2298 421 2575 480 COLOSS.
3190 426 3299 483 550

82 544 241 611 ﬁcate;
268 540 459 595 viscera
483 548 650 593 autem
672 540 1048 595 misericordia
1074 540 1313 609 induite)
1343 541 1483 595 sicut
1526 538 1679 594 electi
1714 539 1826 603 Dei,
1858 538 2049 600 sancti,
2080 546 2134 592 et
2178 537 2381 602 dilecti,
2413 537 2640 602 viscera,
2675 547 2868 606 partes,
2912 538 3299 595 misericordia:

83 630 219 702 (ecce)
264 630 667 699 benignitatem,
706 629 1085 696 humilitatem,
1120 631 1455 695 modestiam,
1490 630 1833 700 patientiam;
1876 639 2256 701 supportantes
2282 645 2373 683 vos
2407 628 2661 692 invicem,
2704 637 2761 683 et
2805 629 3067 686 donantes
3114 633 3304 688 vobis-s

84 721 315 791 metipsis,
347 721 389 774 si
417 720 543 789 quis
571 721 827 775 adversus
851 721 1084 790 aliquem
1113 720 1277 775 habet
1303 717 1600 789 querelam,
1624 720 1763 775 sicut
1782 730 1837 774 et
1882 718 2140 773 Dominus
2185 718 2406 772 donavit
2433 716 2606 780 vobis,
2630 715 2705 770 ita
2738 725 2792 771 et
2830 732 2944 772 vos.
2978 718 3151 788 Super
3179 736 3294 776 om-

83 814 154 865 nia
175 822 339 865 autem
366 812 505 876 lucc,
542 811 862 866 charttatcm
888 811 1103 876 habete,
1125 811 1240 865 sitis
1267 810 1533 874 habentes,
1556 810 1608 865 9.
1633 810 1799 880 quod,
1829 810 1881 863 itl
1906 820 2002 875 est,
2036 810 2287 875 clmritas,
2308 819 2392 865 cst
2422 806 2693 864 vinculum
2719 809 3086 878 perfectionis,
3111 828 3297 867 ηιιιδειε

82 906 316 965 virtutum,
344 900 423 955 vel
447 906 817 972 perlecturum,
842 911 896 958 et
921 914 1025 972 pax
1051 901 1276 966 Christi,
1306 917 1410 971 qua
1440 899 1792 959 reconciliauit
1824 902 2057 955 homines
2098 897 2228 964 Deo,
2256 897 2489 953 exsultet
2517 898 2567 952 in
2592 900 2848 955 cordibus
2874 902 3090 964 vestris,
3118 903 3294 956 exsul-

80 1003 173 1045 tare
197 992 349 1060 faciat
378 993 543 1046 corda
584 1002 772 1060 uestra,
824 994 878 1047 in
907 1008 1038 1062 qua,
1064 1009 1156 1062 per
1201 1007 1381 1061 quam,
1408 1002 1464 1045 et
1493 990 1666 1045 vocati
1694 992 1846 1058 estis,
1877 992 2012 1058 sitis,
2045 991 2097 1045 in
2126 1006 2231 1045 uno
2260 1004 2507 1060 corpore,
2539 987 2790 1051 Ecclesia,
2826 1000 2881 1045 ct
2919 993 3057 1058 grati
3106 1005 3308 1064 estote,

79 1094 248 1154 gratias
287 1084 443 1154 agite.
475 1084 736 1151 Verbum,
775 1085 1101 1155 praedicatio,
1127 1083 1331 1138 Christi
1370 1082 1575 1137 habitet
1610 1082 1664 1136 in
1694 1084 1847 1138 vobis
1877 1083 2233 1149 abundanter,
2277 1082 2330 1136 in
2363 1083 2507 1139 oumi
2547 1081 2831 1150 sapientia,
2858 1084 2992 1148 sitis,
3031 1086 3307 1150 (Ιωωιιιμδ,

80 1184 125 1225 et
158 1184 555 1229 orniutonentes
585 1177 1129 1246 vosmetipsos,'(ecce
1175 1176 1231 1228 in
1252 1191 1358 1246 qua
1375 1173 1657 1246 sapientia)
1683 1174 1929 1243 psalmis,
1963 1176 2199 1247 hymnis,
2228 1185 2282 1231 et
2306 1175 2535 1231 canticis
2582 1174 2974 1245 Spirimalihus,
3010 1178 3063 1232 in
3107 1181 3305 1250 gratia,

78 1261 587 1329 gratiaruutaetioue,
619 1272 901 1318 cantantes
925 1263 977 1317 in
999 1263 1261 1318 cordibus
1286 1263 1507 1328 vestris,
1535 1279 1639 1317 non
1681 1279 1772 1318 ore
1794 1273 2017 1331 tantum,
2047 1264 2177 1331 Deo,
2210 1281 2312 1320 non
2337 1265 2653 1321 hominibus.
2687 1265 2755 1320 Ut
2800 1269 3018 1323 breviter
3058 1272 3196 1325 robis
3258 1284 3310 1327 et

79 1350 607 1404 ubaudautiusdicom
632 1365 654 1403 :
675 1352 849 1409 Omne
869 1344 1230 1424 quodcunque
1259 1354 1437 1410 facitis
1469 1354 1522 1407 iu
1549 1354 1715 1408 verbo
1741 1363 1834 1408 aut
1864 1355 1917 1408 in
1948 1370 2136 1427 opere,
2164 1356 2345 1411 omnia
2389 1356 2443 1410 in
2472 1356 2691 1410 nomine
2726 1355 2933 1411 Dmnitti
2960 1356 3086 1413 Jesn
3107 1359 3309 1418 Christi

83 1441 228 1508 facite,
251 1441 450 1521 gratias
498 1452 723 1512 agentes
770 1444 902 1507 Dco,
931 1453 986 1500 et
1032 1445 1176 1499 Patri
1205 1461 1302 1516 per
1332 1446 1530 1514 ipsum,
1557 1441 1742 1497 Iesum
1788 1445 2149 1501 mediatorem.
2181 1443 2453 1511 Mulieres,
2485 1447 2713 1501 subdita:
2744 1458 2917 1521 estote
2967 1452 3115 1515 viris,
3169 1454 3312 1513 s'cut

82 1539 260 1597 oportet
292 1532 344 1586 in
372 1516 628 1589 Domino.
668 1533 805 1599 Viri,
836 1535 1044 1604 diligite
1074 1550 1271 1591 uxores
1300 1546 1535 1597 vestras,
1569 1542 1624 1588 et
1652 1533 1821 1587 mlite
1844 1534 2012 1586 (ιωπί
2045 1548 2164 1588 esse
2190 1541 2255 1587 au
2286 1532 2419 1589 illas.
2444 1533 2590 1599 Filii,
2620 1518 2834 1590 obedite
2867 1540 3180 1607 patentibus
3218 1556 3313 1610 per

82 1620 257 1686 omnia;
291 1621 392 1677 hoc
415 1624 564 1678 enim
598 1624 853 1693 placitum
885 1634 969 1679 est
998 1625 1051 1679 in
1084 1626 1330 1680 Domino.
1368 1623 1574 1687 Patres,
1605 1622 1776 1677 nolite
1800 1623 1868 1676 ad
1893 1622 2313 1691 indignationem
2352 1639 2650 1692 provocare
2692 1627 2832 1684 ﬁlios
2861 1639 3090 1699 vestros,
3118 1641 3181 1687 ut
3205 1650 3313 1689 non

84 1712 240 1778 pusillo
264 1714 469 1780 animo,
492 1702 553 1768 in
594 1710 864 1784 patiendo,
905 1732 994 1770 aut
1026 1712 1294 1788 fugiendo,
1324 1716 1474 1771 liaut.
1510 1714 1687 1781 Servi,
1716 1713 1933 1770 obeditc
1962 1728 2059 1783 per
2085 1715 2266 1770 omnia
2310 1715 2542 1771 dominis
2568 1719 2894 1785 carnalibus,
2944 1738 3047 1778 non
3083 1726 3149 1779 ad
3182 1741 3314 1780 ocu-

84 1799 169 1851 lnnt
193 1801 692 1872 servientes,un
720 1804 1030 1861 hominibus
1057 1805 1355 1876 placentes;
1386 1806 1482 1860 sed
1510 1804 1940 1875 insimpiicitate
1966 1804 2169 1870 cordis,
2198 1805 2450 1862 timentes
2472 1808 2644 1866 Deum
2675 1809 2910 1869 Patrem.
2944 1816 3316 1891 Quodcunque

84 1885 245 1954 facilis,
274 1905 337 1945 ex
360 1892 549 1946 animo
572 1896 893 1962 operamini,
933 1898 1073 1953 sicut
1102 1898 1352 1963 Domino,
1384 1902 1574 1952 etnon
1617 1896 1947 1959 hominibus,
1977 1912 2080 1950 non
2105 1898 2430 1967 respicientes
2471 1900 2601 1970 quid
2638 1905 2873 1961 homines
2900 1920 3048 1973 sunt,
3080 1885 3315 1967 scienies

82 1983 194 2048 quod
225 1998 253 2036 a
277 1983 508 2040 Domino
535 1988 811 2057 accipietis
844 1992 1254 2047 retributionem
1281 1989 1639 2047 htercditatis.
1674 1988 1758 2044 lO.
1806 1990 2033 2044 Domino
2060 1989 2278 2046 Christo
2322 1991 2543 2049 set-rite.
2574 1992 2661 2048 11.
2713 1995 2813 2059 Qui
2855 1995 3001 2049 enim
3050 1995 3305 2066 injuriant

87 2076 198 2141 iacit,
223 2078 441 2149 accipiet
476 2080 533 2136 id
560 2082 703 2151 quod
735 2082 919 2151 inique
942 2080 1143 2151 gessit;
1172 2090 1228 2135 et
1251 2094 1355 2133 non
1384 2066 1475 2134 est
1492 2093 1844 2148 personarum
1876 2078 2121 2147 acceptio
2146 2080 2286 2151 apud
2315 2080 2507 2136 Deum.
2604 2138 2611 2141 _

1454 2191 1683 2248 CAPUT
1725 2192 1813 2247 IV.

138 2298 343 2367 Domini,
372 2304 527 2372 quod
565 2296 779 2374 ’jnstum
822 2315 909 2361 est
937 2315 996 2361 et
1038 2320 1252 2375 acquum
1284 2306 1457 2360 servis
1505 2314 1776 2374 praelate,
1808 2303 2041 2359 scientes
2086 2298 2229 2368 quod
2256 2309 2313 2353 et
2345 2314 2441 2355 vos
2472 2299 2755 2355 Dominum
2804 2302 3018 2360 habetis
3046 2305 3100 2359 in
3146 2308 3311 2365 coefo.

82 2387 282 2445 Orationi
317 2394 544 2460 instate,
570 2395 854 2466 vigilantes
884 2397 937 2453 in
983 2413 1047 2453 ea
1074 2398 1129 2452 in
1174 2398 1474 2467 gratiarum
1507 2396 1742 2460 actione,
1773 2405 1993 2451 orantes
2024 2396 2187 2450 simul
2214 2407 2274 2452 et
2302 2409 2402 2466 pro
2432 2394 2607 2461 nobis,
2638 2406 2700 2451 ut
2738 2397 2882 2453 Deus
2909 2398 3118 2467 aperiat
3158 2400 3316 2456 nobis

83 2483 238 2535 osziutu
253 2486 516 2541 sermonis
532 2487 598 2541 ad
611 2486 941 2559 loquendqu
965 2489 1277 2561 mysterium
1290 2486 1512 2553 Christi,
1529 2504 1584 2539 as
1598 2486 1666 2541 ad
1687 2485 2193 2557 pradicaudnmmel
2217 2504 2273 2541 os
2297 2485 2790 2556 170auditornm,
2807 2488 2862 2542 id
2882 2496 2981 2555 est,
2996 2504 3301 2556 ocrearum,

84 2576 284 2642 (propter
306 2580 470 2645 quod,
501 2580 634 2648 quia
656 2579 954 2649 manifesto,
979 2582 1145 2636 etiam
1173 2580 1388 2635 vinctus
1413 2578 1579 2650 sum,)
1610 2580 1684 2633 ita
1712 2577 1912 2648 aperiat
1942 2577 2156 2644 ostium,
2185 2587 2243 2631 ut
2264 2576 2603 2633 manifestem
2626 2578 2776 2646 illud,
2802 2580 2878 2635 ita
2907 2589 2967 2635 ut
2992 2591 3207 2652 oportet
3225 2600 3314 2641 me

85 2663 217 2735 loqui.
244 2668 292 2723 ln
319 2671 592 2741 sapientia
624 2672 895 2728 ambulate
920 2672 987 2727 ad
1027 2687 1124 2728 eos
1161 2674 1246 2744 (ne
1270 2670 1622 2741 blasphemeut
1653 2668 2125 2741 Cluistianitatem)
2149 2670 2238 2740 qui
2271 2668 2403 2724 foris
2431 2677 2576 2733 sunt,
2617 2668 2877 2738 inﬁdeles,
2908 2670 2960 2737 1,
2986 2671 3042 2726 2.
3073 2680 3316 2761 tempus,

84 2758 180 2828 quia
199 2761 319 2816 male
342 2762 574 2827 vixistis,
601 2764 945 2828 redimentes,
978 2762 1104 2818 bene
1130 2761 1364 2817 vivendo.
1393 2760 1446 2814 5.
1478 2760 1671 2817 Scrmo
1696 2774 1877 2816 vester
1905 2776 2121 2831 semper
2147 2758 2201 2817 iu
2228 2760 2402 2831 gratia
2428 2759 2643 2819 salesit
2672 2762 2942 2828 conditus,
2968 2758 3314 2836 temperatus,

88 2858 133 2901 ut
156 2852 317 2909 sciatis
340 2854 619 2924 quomodo
664 2862 915 2923 oporteat
942 2870 1039 2910 vos
1066 2853 1357 2924 unicuique
1400 2856 1748 2925 respondere.
1796 2855 1928 2920 (tta:
1970 2854 2117 2909 circa
2162 2868 2250 2909 me
2277 2862 2427 2919 sunt,
2457 2858 2644 2909 omnia
2667 2853 2820 2909 vobis
2848 2864 2974 2911 nota
3011 2856 3177 2914 faciet
3211 2858 3319 2932 Ty-

89 2940 255 3010 chicns,
280 2946 639 3003 charissimus
666 2947 856 3015 frater,
880 2957 937 3021 et
971 2946 1147 3003 liddis
1189 2946 1435 3002 minister
1462 2960 1517 3003 et
1541 2961 1837 3003 conservus
1867 2945 1919 3001 in
1955 2945 2207 3011 Domino,
2235 2959 2395 3015 quem
2427 2945 2548 3000 misi
2575 2946 2642 3000 ad
2684 2960 2777 3001 vos
2807 2948 2873 3002 ad
2904 2948 3005 3004 hoc
3032 2949 3229 3021 ipsum,
3257 2961 3321 3008 It

88 3043 332 3101 copiosi-at
353 3052 474 3105 qua:
499 3036 655 3092 circa
682 3051 777 3092 vos
799 3045 928 3092 sunt
952 3045 1008 3092 et
1036 3036 1347 3093 consoletur
1375 3037 1541 3092 corda
1579 3047 1782 3104 vestra,
1815 3052 1938 3093 cum
1983 3035 2240 3093 Onesimo
2272 3036 2622 3105 charissima,
2648 3046 2703 3094 et
2734 3037 2881 3096 ﬁdeii
2922 3039 3091 3099 fratre
3131 3044 3225 3115 qui
3253 3060 3322 3101 ex

89 3124 210 3179 vobis
233 3137 306 3183 est
350 3127 707 3197 (Colosseusis
737 3126 890 3200 erat).
940 3126 1161 3194 Omnia,
1188 3141 1309 3198 qua:
1360 3126 1448 3182 hic
1494 3136 1749 3198 aguntur,
1780 3138 1907 3182 nuta
1956 3126 2158 3183 facient
2199 3128 2373 3184 vobis.
2407 3125 2619 3185 Salutat
2650 3146 2746 3185 vos
2793 3131 3145 3191 Aristarchus
3188 3152 3325 3192 con-

88 3234 166 3288 cap
190 3222 290 3276 irus
319 3241 488 3288 meus,
527 3224 579 3279 4.
612 3234 666 3277 et
702 3222 915 3281 Marcus
948 3222 1313 3284 consobrinus
1342 3221 1621 3289 Barnabas,
1651 3222 1719 3278 de
1753 3237 1860 3292 quo
1888 3223 2176 3292 accepistis
2202 3221 2457 3279 tuandata
2496 3210 2635 3277 ante
2660 3237 2724 3276 ne
2749 3238 2869 3277 eum
2911 3226 3237 3295 reciperetis;
3271 3228 3322 3284 si

90 3310 261 3364 merit
286 3310 494 3367 Marcus
535 3314 600 3366 ad
627 3328 742 3378 vos,
762 3329 929 3378 nunc,
953 3311 1189 3382 excipite
1215 3310 1395 3378 illum;
1446 3319 1503 3365 et
1524 3309 1685 3367 Jesus
1705 3311 2003 3383 (proprium
2033 3310 2244 3384 nomen)
2269 3311 2360 3381 qui
2391 3311 2590 3369 dicitur
2611 3311 2811 3381 justus,
2842 3310 3182 3383 salutatoris;
3205 3318 3322 3390 qui,

87 3402 349 3467 supradicti,
376 3412 511 3458 sunt
542 3420 608 3458 es
634 3403 1073 3469 circumcisione,
1107 3402 1160 3458 hi
1191 3401 1291 3459 soli
1322 3411 1449 3457 situt
1470 3399 1744 3469 adjutores
1774 3402 1878 3458 mei
1912 3404 1964 3457 in
1989 3416 2157 3471 regno
2181 3400 2303 3467 Dei,
2326 3401 2418 3472 qui
2454 3401 2584 3458 mihi
2618 3401 2836 3459 luerunt
2864 3404 3076 3461 solatio.
3110 3407 3326 3465 Salutat

91 3506 164 3545 vos
186 3492 462 3565 Epaphras,
485 3497 591 3566 qui
622 3510 687 3549 es
719 3496 871 3552 vobis
896 3504 1001 3560 est,
1025 3509 1217 3553 servus
1246 3494 1446 3550 Christi
1477 3492 1632 3560 Iesu,
1659 3509 1873 3565 semper
1899 3493 2162 3549 sollicitus
2185 3509 2285 3564 pro
2320 3493 2472 3548 vobis
2502 3492 2555 3547 in
2593 3494 2954 3565 orationibus,
2982 3499 3037 3553 5.
3068 3507 3128 3554 ut
3168 3501 3324 3556 stetis

92 3581 274 3651 perfecti
299 3596 350 3642 ct
378 3585 533 3659 pleni
578 3586 630 3641 in
659 3586 806 3641 omni
839 3587 1121 3643 vuluntate
1146 3585 1264 3642 Dei.
1313 3585 1704 3645 Testimonium
1736 3587 1882 3639 enim
1926 3585 2026 3649 illi,
2067 3581 2353 3653 Epaphus,
2398 3581 2681 3654 perhibeo,
2712 3587 2855 3658 quod
2903 3588 3066 3647 habet
3092 3592 3324 3649 multum

92 3677 289 3736 laborem
315 3700 409 3754 pro
444 3681 628 3743 vobis,
659 3691 712 3735 et
738 3693 837 3751 pro
867 3679 935 3734 iis
960 3678 1053 3750 qui
1081 3687 1206 3734 sunt
1228 3677 1517 3744 Laodiciac,
1547 3687 1603 3733 ct
1627 3678 1718 3749 qui
1752 3677 2048 3748 Hierapoli.
2076 3675 2291 3731 Salutat
2323 3692 2419 3733 vos
2460 3675 2634 3733 Lucas
2667 3681 2906 3737 medicus
2943 3683 3318 3752 charissimus,

91 3777 132 3819 ct
168 3767 354 3825 Utllllls.
384 3771 640 3826 Salutate
685 3768 880 3824 fratres
906 3768 998 3840 qui
1028 3776 1154 3825 sunt
1200 3767 1489 3837 Laodicia',
1521 3781 1576 3825 et
1606 3769 1931 3841 Nympham,
1962 3779 2015 3824 ct
2041 3786 2161 3838 qum
2189 3770 2240 3824 in
2287 3769 2446 3825 domo
2473 3769 2589 3841 ejus
2616 3781 2700 3827 est
2742 3771 3060 3829 Ecclesium.
3100 3774 3164 3829 Et
3192 3790 3319 3832 cum

92 3852 198 3909 it‘t‘la
220 3858 256 3911 it
276 3863 371 3914 crit
415 3861 567 3932 apud
599 3874 691 3914 vos
724 3857 961 3929 Epistula
990 3857 1125 3925 tunc,
1150 3856 1314 3913 facile
1342 3866 1401 3913 ut
1432 3868 1486 3913 et
1513 3858 1565 3912 in
1605 3853 2022 3919 Laodicensium
2051 3857 2295 3914 Ecclesia
2321 3858 2534 3929 legatur
2560 3858 2615 3926 6,
2640 3858 2693 3915 7.
2719 3868 2775 3915 et
2801 3875 2920 3915 cam
2964 3876 3085 3932 quae
3124 3861 3321 3919 Laodi-

1394 3971 1959 4031 COMMENTARIUS.

142 4083 187 4138 9.
214 4086 430 4159 Asianos.
466 4086 630 4155 Quod
669 4096 743 4142 est
770 4086 1058 4142 uinculum.
1094 4085 1156 4142 In
1186 4084 1389 4153 futuro,
1430 4086 1625 4155 inquit,
1656 4088 1707 4147 Α
1802 4084 1857 4141 4.
1900 4086 1965 4141 Et
2014 4082 2250 4141 larens.
2307 4085 2533 4157 Propter
2563 4084 2710 4142 hunc
2762 4087 3000 4144 Marcum
3051 4090 3319 4148 dissensio

93 4179 255 4233 seculo
277 4182 358 4234 ubi
392 4181 826 4247 constiterimus,
852 4180 1103 4238 cbaritati
1139 4179 1373 4250 colligati
1404 4180 1634 4234 invicem
1740 4179 1841 4234 fuit
1877 4180 2019 4234 inter
2062 4180 2284 4234 Paulum
2336 4189 2393 4234 et
2431 4179 2755 4245 Barnabam,
2805 4181 2941 4235 sicut
2996 4182 3050 4235 in
3098 4183 3325 4238 Actilus

94 4273 521 4334 periimncbimus,
553 4270 753 4326 nullam
795 4281 1192 4343 scparatronem
1225 4269 1453 4326 ulterius
1476 4270 1640 4326 susti-
1741 4260 2103 4341 apostolorum
2134 4272 2332 4340 legitur
2364 4270 2503 4339 (Act.
2534 4286 2625 4338 xv,
2659 4270 2769 4337 59).
2809 4271 2926 4337 Quo
2962 4272 3146 4327 audito
3166 4314 3179 4336 ,
3223 4276 3327 4327 (To-

96 4368 270 4413 nentes.
1739 4364 2012 4418 losseuscs
2058 4372 2120 4417 ut
2162 4364 2421 4415 auderent
2450 4361 2539 4434 [[1,
2574 4376 2678 4416 non
2717 4363 3002 4435 auderent}
3032 4380 3132 4419 nec
3178 4364 3318 4420 Mar-

150 4448 225 4502 10.
248 4450 439 4508 Laure.
474 4453 704 4508 Domino
728 4452 959 4508 Christo.
985 4455 1152 4521 Quasi
1174 4455 1409 4510 diceret:
1440 4454 1641 4521 Quam-
1740 4472 1864 4508 cum
1902 4469 2003 4509 nec
2031 4452 2331 4508 Baruaham
2365 4453 2630 4520 recipere,
2668 4453 2770 4507 nisi
2804 4453 3122 4523 imperatum
3145 4456 3226 4511 eis
3254 4457 3327 4513 ab

98 4537 162 4592 vis
178 4540 374 4610 iubeam
405 4546 675 4617 quosdam
707 4559 772 4602 ex
816 4547 970 4602 vobis
997 4547 1197 4603 debere
1235 4549 1356 4602 aliis
1399 4549 1643 4603 subditos
1742 4544 2001 4613 Apostolo
2029 4543 2250 4607 fuisset;
2279 4543 2344 4596 ad
2380 4551 2669 4613 uti-utrique
2706 4543 2854 4597 enim
2889 4545 3079 4599 referri
3126 4554 3325 4615 ιτοιθςι,

98 4641 211 4695 εδδθν
230 4636 481 4703 quosdam
522 4635 768 4706 diligere,
798 4637 933 4693 alios
958 4638 1079 4693 aliis
1112 4639 1334 4694 obedire
1367 4651 1421 4693 et
1447 4650 1640 4695 θέρει-(⁵.1
1742 4638 1808 4690 de
1832 4652 2030 4705 quo....

99 4733 195 4787 qua:
213 4737 523 4797 sequuntur,
552 4730 607 4783 in
640 4729 726 4784 his
751 4739 932 4787 tantum
952 4731 1208 4787 omnibus
1228 4732 1458 4786 Domino
1487 4732 1634 4787 Clario
1813 4731 1869 4785 3.
1919 4730 2159 4784 Aucusr.
2209 4727 2322 4800 (lib.
2378 4727 2453 4781 De
2500 4737 2721 4797 corrept.
2759 4738 2806 4782 et
2859 4739 3032 4799 φθαίη
3083 4744 3219 4798 (ιφ..-
3253 4731 3284 4785 7
3308 4766 3329 4791 ,ο

98 4816 388 4873 Stoservite.
1216 4852 1217 4855 η
1747 4830 1783 4875 ι.
1814 4820 1942 4893 νυ).
1994 4820 2061 4876 Ut
2089 4823 2232 4876 stetis
2278 4821 2513 4892 perfecti.
2565 4821 2674 4875 Nec
2701 4820 2842 4876 aliul
2868 4835 3110 4888 oramus,
3135 4832 3197 4880 ut
3234 4826 3325 4894 qui

158 4903 231 4961 ll.
267 4906 366 4975 Qui
403 4912 543 4966 enim
570 4911 847 4981 iniuriam.
890 4911 1048 4967 Ratio
1084 4913 1360 4983 superiora
1388 4913 1642 4985 probans,
1743 4922 1855 4967 stat
1897 4922 2022 4977 stet,
2058 4912 2161 4967 nisi
2194 4921 2247 4966 ut
2277 4919 2603 4982 perseveret.
2645 4911 2775 4967 Item
2819 4910 2988 4968 ludas
3029 4915 3328 4981 apostolus,

103 4993 360 5056 Ibeoloco
386 5019 495 5073 quo
518 5004 730 5059 dicatur
768 5021 780 5056 :
811 5002 1080 5068 Mulieres,
1108 5013 1214 5060 etc.
1743 5020 1868 5060 cum
1901 5004 2032 5059 dicit
2067 5022 2078 5057 :
2116 5002 2181 5057 Ei
2227 5014 2400 5056 autem
2445 5003 2533 5073 qui
2568 5012 2748 5072 potens
2778 5013 2853 5057 est
2892 5016 3198 5059 rouservarr
3238 5019 3328 5058 eos

155 5087 287 5148 CAP.
314 5093 398 5149 ιγ.
422 5126 496 5139 -
524 5097 574 5152 Ι.
604 5096 846 5151 Annos.
890 5094 1112 5166 Tempus
1153 5098 1481 5153 redimentes.
1502 5097 1647 5155 Prse-
1749 5094 1871 5168 [ειη
1900 5092 2012 5165 vos]
2046 5094 2158 5147 sine
2187 5092 2492 5162 oﬂensioue,
2522 5102 2569 5146 et
2611 5094 3081 5152 constituereaute
3114 5108 3331 5162 conspe-

104 5192 205 5236 seos
228 5192 425 5253 tempus
455 5190 522 5243 ad
550 5190 839 5244 utilitatem
870 5197 1114 5244 nostram
1141 5199 1538 5259 comparantes.
1752 5200 1886 5244 ctum
1916 5187 2096 5258 gloria-
2124 5202 2236 5241 sua:
2259 5186 2625 5240 immaculatos
2648 5188 2701 5241 in
2732 5185 2932 5241 ltetitia.
2961 5185 3147 5245 Nonne
3174 5200 3332 5255 arer-

159 5270 205 5327 2.
226 5274 381 5333 (inse.
427 5280 648 5352 Tempus
691 5281 1020 5336 redimentes.
1055 5279 1290 5351 Tempus
1321 5282 1537 5351 quidem
1569 5298 1650 5339 re-
1751 5279 1956 5335 tissime
1985 5278 2221 5334 ostendit
2255 5276 2348 5333 Dei
2385 5278 2583 5334 donum
2631 5292 2755 5334 esse
2802 5279 2857 5333 in
2889 5278 3031 5335 bono
3066 5291 3317 5348 perscie-

106 5361 344 5438 dimicans,
389 5356 606 5441 quando
663 5384 971 5433 anteactam
1027 5378 1216 5442 vitam,
1267 5388 1431 5448 quam
1484 5378 1645 5435 lasci-
1752 5384 1873 5426 rare
1905 5386 2075 5440 usque
2111 5370 2161 5425 ill
2196 5369 2413 5431 111⁸6111⁸2..
2660 5412 2661 5415 η
2894 5382 2897 5387 ’

107 5454 271 5514 viendo
291 5465 635 5533 perdidimus,
667 5467 851 5532 flendo
875 5483 1208 5538 rcparamus.
1679 5473 1723 5532 Β
1825 5463 1876 5518 6.
1905 5462 2107 5518 Laxrn.
2139 5463 2203 5517 Et
2231 5480 2345 5517 eam
2375 5480 2492 5535 qua:
2504 5462 2922 5518 Laodicensium.
2945 5462 3018 5517 De
3040 5461 3329 5518 dubitatioe

165 5547 210 5602 ὅ.
240 5553 430 5612 Lssrn.
483 5557 663 5619 Sermo
712 5571 877 5617 tester
920 5564 973 5617 in
1023 5564 1218 5633 gratia.
1268 5562 1367 5620 llic
1414 5565 1643 5636 gratiam
1751 5558 1909 5614 nibus
1972 5558 2087 5612 suis
2145 5557 2502 5613 Laodicenscs
2557 5554 2839 5624 epistolam
2893 5556 2961 5611 ad
3017 5555 3329 5625 Apostolutu

110 5650 243 5698 vocat
282 5647 469 5703 bonam
516 5653 947 5716 observantiam,
983 5666 1103 5724 qua:
1147 5667 1246 5724 per
1279 5656 1509 5726 gratiam
1553 5657 1647 5715 Dei
1752 5648 2109 5718 scripserunt,
2138 5652 2303 5717 quam
2338 5646 2630 5717 Apostolus
2656 5645 2895 5702 Colossis
2931 5646 3031 5717 legi
3064 5648 3331 5717 praecipit,

114 5728 266 5798 datur,
310 5738 447 5792 sicut
495 5743 558 5797 ad
610 5743 913 5813 Ephesios:
950 5741 1018 5799 Ut
1053 5744 1138 5799 det
1167 5746 1395 5815 gratiam
1426 5748 1650 5805 audiar.
1756 5749 1816 5794 ut
1867 5754 2054 5795 eorum
2111 5738 2518 5794 Laodicensium
2587 5753 2730 5792 tutnc
2787 5739 2899 5792 visa
2955 5738 3332 5799 dubitatione.

113 5825 244 5882 libus.

1810 5838 1933 5893 riunt
1959 5837 2090 5907 quid
2142 5835 2528 5906 respondeant,
2561 5841 2614 5890 et
2655 5849 2776 5889 eam
2813 5847 2976 5904 quam
3023 5835 3104 5904 eis
3148 5833 3336 5890 scribit

479 5928 741 5992 Pn‘ltot..
797 5930 922 5994 CL.
