3964 6290
574 366 679 487 έδό
1613 415 1669 471 Β.
1713 411 2099 471 LANFRANCI
2129 409 2477 467 CANTUAR.
2519 404 2828 464 ARCIIIEP.
2940 402 2943 405 ¹
3144 376 3151 381 ”
3726 386 3837 463 536

573 544 800 601 mandos
828 553 925 597 vos
970 539 1026 594 in
1074 535 1200 604 ﬁde,
1228 544 1283 592 et
1313 533 1679 593 exbortandos
1708 531 1760 586 in
1789 529 2019 585 moribus
2048 544 2146 601 pro
2192 526 2298 584 ﬁde
2326 535 2527 593 vestra,
2562 533 2620 581 ut
2646 539 2805 581 nemo
2839 529 3121 578 moveatur
3150 520 3203 585 in
3235 518 3667 577 tribulationibus
3690 522 3833 588 istis,

569 660 699 712 quas
728 638 1001 712 patimini;
1032 654 1123 693 nec
1153 636 1345 694 debetis
1374 634 1596 701 moveri;
1621 632 1675 688 2.
1710 631 1811 703 ipsi
1838 630 1981 687 enim
2009 628 2163 685 scitis
2192 626 2336 701 quod
2363 627 2417 682 in
2462 626 2565 683 hoc
2600 624 2757 698 positi
2785 623 2975 691 simus,
3000 631 3055 676 ut
3077 621 3361 695 patiamur.
3391 618 3447 676 3.
3475 618 3611 694 Nam
3640 630 3689 675 et
3711 638 3837 709 cuin

572 735 713 806 apud
749 750 845 790 vos
869 748 1137 798 essemus,
1158 729 1587 803 praedicebamus
1613 726 1765 783 vobis
1812 739 2067 796 passuros
2096 739 2195 779 nos
2226 722 2623 787 tribulationes,
2646 720 2786 776 sicut
2816 728 2869 774 et
2894 717 3097 776 factum
3120 727 3224 785 est,
3255 726 3309 774 et
3330 718 3504 774 scitis.
3531 716 3836 790 Propterea,

568 833 693 902 quia
722 828 1137 890 tribulabamini,
1173 835 1228 881 et
1250 840 1349 898 ego
1365 824 1594 896 amplius
1622 836 1727 876 non
1765 821 2059 887 sustinens,
2089 820 2209 875 misi
2244 819 2312 875 ad
2342 817 2771 891 cognoscendam
2803 815 2961 872 ﬁdem
2998 823 3257 883 vestram,
3293 831 3359 870 ne
3389 812 3531 871 forte
3558 820 3838 873 tcutaverit

572 940 670 983 vos
705 929 751 983 is
779 926 871 997 qui
904 932 1100 989 tentat,
1129 921 1392 986 diabolus,
1421 929 1477 975 et
1525 917 1701 975 inanis
1731 916 1826 972 fiat
1853 915 2006 973 labor
2036 922 2240 973 noster.
2268 914 2424 974 Nunc
2450 924 2635 972 autem
2680 914 2930 970 veniente
2974 912 3258 967 Timotheo
3305 912 3372 968 ad
3403 929 3502 969 nos
3542 930 3573 971 a
3604 917 3742 971 vobis
3784 929 3840 983 et

570 1020 930 1076 annuntiante
974 1018 1131 1075 nobis
1165 1015 1325 1072 ﬁdem
1362 1023 1422 1071 et
1450 1014 1775 1070 charitatem
1804 1020 2063 1078 vestram,
2094 1022 2150 1067 et
2177 1012 2303 1083 quia
2327 1011 2644 1068 memoriam
2675 1009 2845 1066 nostri
2881 1010 3094 1067 habetis
3141 1010 3335 1063 bonam
3368 1026 3602 1080 semper,
3636 1013 3841 1071 deside-

572 1126 758 1175 rantes
804 1132 902 1172 nos
946 1115 1150 1180 videre,
1186 1112 1324 1169 sicut
1349 1120 1405 1167 et
1431 1126 1531 1168 nos
1572 1125 1788 1181 quoque
1818 1124 1938 1174 vos,
1984 1110 2107 1165 ideo
2154 1109 2417 1165 consolati
2461 1125 2672 1175 sumus,
2722 1108 2940 1169 fratres,
2989 1107 3042 1161 in
3077 1106 3249 1179 vobis,
3278 1105 3396 1161 licet
3424 1108 3589 1161 simus
3621 1108 3838 1165 inomni

569 1213 893 1269 necessitate
920 1219 975 1267 et
1014 1208 1359 1264 tribulatione
1407 1215 1614 1272 nostra,
1649 1220 1747 1275 per
1779 1205 1939 1262 ﬁdem
1965 1214 2226 1268 vestram.
2254 1207 2509 1276 quoniam
2557 1221 2699 1263 nune
2751 1206 3004 1269 vivimus,
3036 1204 3354 1274 gaudemus,
3392 1203 3439 1258 si
3467 1219 3564 1260 vos
3616 1207 3763 1261 statis
3791 1208 3841 1262 in

572 1306 824 1363 Domino.
858 1304 1030 1374 Quam
1065 1305 1209 1360 enim
1239 1304 1453 1375 dignam
1492 1303 1789 1373 gratiarum
1844 1302 2114 1359 actionem
2145 1317 2435 1373 possumus
2475 1303 2587 1359 Deo
2616 1302 2920 1360 retribuere
2950 1317 3047 1373 pro
3078 1302 3232 1358 vobis
3261 1302 3314 1356 in
3337 1301 3488 1357 omni
3514 1304 3706 1372 gaudio
3733 1320 3841 1376 quo

567 1403 866 1472 gaudemus
893 1408 1118 1472 propter
1150 1415 1246 1457 vos
1271 1409 1396 1455 ante
1424 1399 1593 1455 Deum
1643 1406 1908 1465 nostrum,
1952 1407 2113 1455 nocte
2141 1414 2207 1455 ac
2226 1400 2315 1455 die
2339 1392 2705 1456 abundantius
2729 1408 2950 1455 orantes
2982 1408 3038 1455 ut
3067 1399 3350 1455 videamus
3383 1397 3581 1456 faciem
3613 1411 3838 1465 vestram

565 1507 622 1552 et
648 1497 1016 1568 compleam'us
1061 1513 1124 1553 ea
1165 1511 1286 1568 qua:
1315 1497 1510 1552 desunt
1552 1495 1675 1553 ﬁdei
1705 1495 1935 1551 vestrae?
1976 1494 2178 1550 nullam
2210 1497 2407 1567 utique.
2444 1496 2562 1567 ipse
2605 1505 2789 1553 autem
2822 1498 2965 1552 Deus
2991 1504 3047 1551 ct
3092 1494 3255 1550 Pater
3285 1502 3492 1562 uoster,
3519 1503 3573 1551 et
3593 1495 3839 1552 Dominus

564 1594 723 1650 Jesus
751 1595 1020 1661 Christus,
1048 1594 1247 1667 dirigat
1280 1596 1419 1650 viam
1449 1605 1691 1650 nostram
1722 1596 1791 1649 ad
1812 1609 1927 1648 vos.
1959 1592 2067 1649 Vos
2092 1604 2273 1650 autem
2313 1595 2576 1651 Dominus
2600 1594 2917 1667 multiplieet
2947 1602 3005 1650 et
3027 1594 3307 1650 abundare
3335 1592 3503 1648 faciat
3522 1592 3838 1648 charitatcm

562 1700 802 1747 vestram
836 1694 887 1748 in
918 1693 1149 1748 invicem
1184 1702 1239 1748 et
1286 1692 1337 1747 in
1375 1706 1589 1758 omnes,
1624 1691 2082 1763 quemadmodum
2111 1698 2166 1747 et
2194 1704 2293 1746 nos
2316 1691 2370 1746 in
2412 1691 2583 1757 vobis,
2634 1692 2830 1747 scilicet
2855 1690 3214 1746 abundantius
3246 1689 3531 1750 cltart'tate,
3563 1686 3627 1740 ad
3652 1689 3839 1743 conﬁr—

563 1788 762 1843 manda
814 1790 978 1846 corda
1020 1795 1200 1844 vestra
1229 1788 1347 1845 sine
1391 1788 1632 1860 querela,
1666 1804 1729 1842 ne
1769 1787 1907 1841 Deus
1936 1796 2192 1857 queratur
2215 1787 2280 1842 de
2322 1787 2485 1857 vobis,
2533 1796 2590 1843 ut
2634 1788 2752 1845 sitis
2796 1788 2875 1844 uel
2901 1795 2955 1844 et
2997 1788 3051 1844 in
3098 1786 3413 1848 sanctitate,
3441 1793 3569 1838 aute
3595 1783 3753 1839 Deum
3788 1793 3842 1840 cl

563 1880 782 1940 Patrem
829 1894 1077 1943 nostrum
1111 1928 1126 1954 ,
1166 1888 1220 1943 in
1270 1888 1527 1955 adventu,
1583 1889 1638 1943 in
1677 1888 1764 1941 die
1812 1886 2029 1959 judicii.
2073 1884 2286 1943 Domini
2336 1886 2510 1943 nostri
2555 1885 2684 1945 Jesu
2714 1886 2941 1956 Christi,
2976 1903 3100 1944 cum
3150 1885 3405 1942 omnibus
3452 1882 3653 1939 sanctis
3702 1882 3833 1953 ejus.

563 1982 757 2037 Arnen.
834 2020 841 2025 ρ
1994 1996 1997 2001 ·

2017 2056 2248 2114 CAPUT
2287 2056 2375 2113 IV.

640 2162 692 2216 1.
716 2161 795 2216 De
813 2171 1035 2230 eastern,
1063 2164 1130 2219 de
1150 2165 1273 2221 aliis
1304 2167 1598 2236 praceptis,
1625 2181 1777 2238 ergo,
1806 2165 2029 2233 fratres,
2054 2183 2310 2239 rogamus
2339 2181 2454 2234 vos,
2491 2175 2550 2224 et
2569 2166 2939 2231 obsecramus,
2965 2165 3018 2221 in
3050 2164 3281 2223 Domino
3311 2162 3462 2233 Iesu,
3490 2174 3549 2219 ut
3591 2162 3838 2235 quemad-

575 2256 798 2314 modum
820 2259 1112 2327 accepistis
1156 2276 1188 2315 a
1220 2261 1376 2316 nobis
1414 2262 1684 2331 quomodo
1709 2270 1959 2333 oporteat
1999 2279 2096 2320 vos
2119 2263 2401 2320 ambulare
2427 2271 2485 2319 et
2507 2261 2722 2333 placere
2750 2260 2886 2327 Deo,
2918 2261 3000 2316 sic
3030 2268 3087 2315 et
3112 2259 3426 2326 ambuletis,
3478 2268 3536 2314 ut
3562 2258 3836 2315 abundetis

573 2355 771 2427 magis.
804 2352 972 2410 Scitis
999 2356 1145 2411 enim
1173 2369 1313 2426 quae,
1342 2372 1500 2427 quam
1528 2366 1733 2425 sancta,
1761 2368 2029 2432 prmeepta
2077 2360 2321 2417 dederim
2352 2360 2506 2416 vobis
2539 2357 2699 2430 175
2727 2374 2825 2430 per
2856 2357 3140 2414 Dominum
3168 2355 3377 2414 Iesum.
3403 2355 3543 2412 Ecce
3564 2366 3834 2429 pra’cepta.

562 2447 693 2505 llaec
719 2456 803 2504 est
826 2448 973 2503 enim
1006 2448 1260 2505 voluntas
1290 2450 1383 2505 Dei
1418 2451 1780 2508 sanctiﬁcatio
1826 2463 2026 2520 vestra,
2056 2453 2110 2508 2.
2142 2464 2202 2508 ιιι
2222 2452 2544 2510 abstineatis
2572 2467 2671 2508 vos
2707 2467 2742 2506 a
2762 2450 3163 2521 fornicatione,
3200 2460 3261 2506 ut
3307 2450 3448 2507 sciat
3478 2451 3835 2521 unusquisque

562 2557 806 2604 vestrum
835 2561 929 2603 vas
951 2561 1110 2605 suum
1132 2548 1411 2620 possidere
1458 2549 1512 2604 in
1554 2550 1987 2608 sanctiﬁcatione
2041 2562 2096 2606 et
2125 2552 2372 2617 honore,
2404 2551 2457 2606 3.
2487 2564 2595 2606 non
2628 2549 2681 2605 in
2722 2549 2976 2620 passione
3014 2548 3291 2616 desiderii,
3320 2566 3503 2620 quum‘
3533 2549 3831 2605 desiderium

560 2644 785 2714 perﬁcit,
808 2645 953 2702 sicut
971 2654 1027 2703 et
1050 2656 1260 2720 gentes,
1286 2662 1408 2719 quae
1426 2648 1677 2720 ignorant
1700 2649 1916 2717 Deum;
1938 2659 1993 2707 et
2016 2666 2086 2707 ne
2105 2651 2229 2721 quis
2240 2648 2696 2728 'supergrediatur
2718 2688 2735 2716 ,
2766 2651 3015 2719 adgraret
3037 2649 3093 2703 in
3122 2648 3327 2719 negotio
3342 2689 3359 2713 ,
3386 2648 3467 2703 uel
3487 2647 3837 2719 superbiendo,

562 2754 746 2815 neque
767 2743 1182 2812 circamveniat,
1209 2746 1579 2817 promittendo,
1608 2747 1740 2801 nihil
1772 2748 1976 2813 dando,
2000 2748 2056 2801 in
2110 2747 2351 2818 negotio,
2379 2748 2433 2801 in
2462 2746 2642 2817 aliqua
2674 2762 2751 2810 re,
2789 2743 3014 2800 fratrem
3041 2759 3198 2799 suum
3216 2782 3232 2808 ,
3258 2736 3517 2813 qum-iam
3550 2742 3736 2800 vindex
3761 2751 3837 2798 est

564 2838 829 2896 Dominus
848 2839 918 2896 de
944 2840 1031 2898 his
1059 2843 1334 2909 omnibus,
1364 2844 1508 2900 sicut
1540 2844 1893 2916 praediximus
1912 2844 2090 2910 vobis,
2115 2845 2204 2916 (ne
2223 2844 2338 2900 sitis
2361 2842 2659 2913 fornicarii,
2684 2841 2765 2897 uel
2792 2840 2988 2912 sancti)
3018 2848 3075 2896 et
3115 2838 3387 2895 testiﬁcati
3419 2854 3627 2896 sumus.
3655 2837 3705 2894 4.
3731 2837 3834 2894 Nm

564 2933 713 2990 enim
742 2935 960 2992 vocavit
995 2952 1096 2995 nos
1119 2939 1263 2997 Deus
1291 2940 1345 2995 in
1373 2940 1792 3004 immunditiam,
1816 2952 1872 2995 ut
1902 2941 2020 2996 sitis
2041 2940 2323 3009 immundi,
2345 2940 2442 2997 sed
2474 2940 2533 2996 in
2569 2937 3086 2996 sanetiﬁcationem.
3134 2937 3188 2993 5.
3224 2937 3435 3009 itaque,
3456 2937 3594 3008 quia
3618 2936 3835 2993 voluntas

566 3028 665 3086 Dei
689 3041 788 3102 est,
809 3032 971 3088 nolite
995 3050 1279 3105 spernere;
1308 3034 1401 3106 qui
1451 3035 1588 3103 hinc,
1624 3038 1878 3091 mandata
1903 3036 2021 3105 Dei,
2052 3037 2285 3107 spernit,
2325 3051 2431 3094 non
2481 3036 2758 3093 hominem
2782 3035 3019 3107 spernit,
3040 3036 3135 3092 sed
3164 3036 3359 3102 Deum,
3388 3035 3484 3105 qui
3526 3050 3631 3089 non
3678 3035 3832 3089 soluat

561 3130 837 3199 superiora
858 3131 1235 3203 prwcipit,sed
1260 3133 1429 3189 etiam
1454 3133 1513 3191 6.
1556 3134 1711 3190 dedit
1733 3132 1999 3205 Spiritum
2047 3149 2207 3191 suum
2255 3143 2505 3190 sanetum
2534 3132 2590 3189 in
2639 3131 2818 3189 nobis.
2860 3133 2937 3187 De
2959 3131 3230 3188 eharitate
3258 3142 3447 3190 autem
3497 3133 3835 3189 fraternitatis

565 3240 676 3281 non
703 3238 926 3283 necesse
955 3228 1220 3288 habemus
1244 3231 1485 3288 scribere
1512 3230 1704 3299 vobis;
1738 3232 1793 3287 7.
1845 3233 1944 3305 ipsi
1994 3236 2137 3291 enim
2173 3251 2269 3293 vos
2297 3252 2327 3293 τι
2380 3237 2492 3293 Deo
2535 3236 2805 3293 didicistis
2856 3244 2916 3290 ut
2958 3235 3200 3308 diligatis
3258 3235 3511 3293 invicem.
3538 3237 3595 3293 8.
3644 3237 3830 3292 Etenim

562 3320 696 3377 illud
736 3322 917 3381 facitis
939 3324 996 3380 in
1014 3340 1210 3383 omnes
1237 3326 1432 3385 fratres
1469 3330 1523 3385 in
1552 3330 1802 3386 universa
1834 3330 2168 3390 Macedonia.
2205 3334 2258 3391 9.
2288 3334 2566 3404 Rogamus
2604 3342 2784 3389 autem
2812 3349 2930 3401 vos,
2957 3333 3178 3401 fratres,
3207 3343 3267 3389 ut
3313 3334 3604 3391 abunde-tis
3655 3334 3829 3406 magis,

571 3424 622 3474 ει
654 3434 875 3491 operam
904 3422 1045 3478 detis
1074 3433 1134 3476 ιιι
1162 3424 1330 3494 quieti
1369 3425 1512 3492 sitis,
1540 3435 1677 3481 etut
1729 3436 1967 3483 vestrum
2000 3430 2277 3502 negotium
2313 3432 2506 3503 agatis,
2547 3440 2607 3488 et
2650 3431 2952 3503 operamini
2991 3431 3242 3488 nianibus
3273 3431 3489 3499 vestris,
3522 3430 3681 3487 sicut
3706 3445 3827 3502 prte-

561 3518 811 3586 tepimus
835 3518 1021 3586 vobis,
1045 3527 1102 3575 et
1135 3528 1195 3576 ut
1218 3519 1443 3577 honeste
1492 3523 1782 3580 ambuictis
1810 3525 1879 3579 ad
1926 3540 2023 3582 eos
2065 3527 2156 3597 qui
2188 3525 2323 3583 foris
2357 3536 2505 3593 sunt,
2567 3536 2620 3584 et
2665 3526 2866 3586 nullius
2902 3526 3107 3598 aliquid
3150 3527 3496 3587 desideratis.
3524 3530 3615 3596 ltl,
3643 3530 3725 3593 ll,
3751 3527 3824 3583 l2.

561 3612 825 3671 Nolumus
849 3625 1029 3671 autem
1066 3631 1160 3674 vos
1189 3618 1461 3689 ignorare,
1490 3616 1712 3685 fratres,
1751 3619 1818 3676 de
1853 3619 2271 3691 dormientibus,
2304 3623 2594 3695 defunctis,
2622 3632 2683 3680 ut
2723 3638 2830 3680 non
2871 3624 3294 3691 contristemini.
3324 3625 3470 3683 sicut
3517 3634 3575 3683 et
3620 3625 3821 3691 calori.

1914 3781 2487 3842 COMMENTARIUS.

565 3885 861 3955 Epistulam
891 3888 1149 3943 mitteret.
1199 3888 1451 3959 Alioquin
1484 3906 1588 3947 non
1618 3907 1741 3948 eum
1772 3908 1837 3950 eo
1860 3895 2153 3954 salutasset
2179 3918 2229 3977 Α
2326 3899 2378 3955 ﬁ.
2424 3899 2578 3954 Dedit
2625 3899 2868 3970 spiritum
2895 3917 3070 3956 suum.
3122 3900 3176 3956 lu
3205 3910 3308 3968 est,
3341 3903 3472 3974 quia
3514 3920 3621 3960 non
3668 3904 3820 3960 solum

565 3990 660 4032 eos
691 3994 744 4031 ιιι
766 3992 1052 4048 promnno.
2255 3991 2535 4059 superiora
2565 4000 2833 4063 praecepta
2864 3992 3194 4063 praedicandi
3225 3994 3381 4050 nobis
3406 3994 3630 4055 invexit.
3653 3996 3741 4051 sed
3776 4005 3825 4049 ut

635 4070 690 4124 2.
734 4068 847 4139 Ipsi
883 4069 1019 4123 enim
1045 4070 1210 4125 scitis.
1235 4070 1465 4127 Causam
1496 4073 1767 4129 submovit
1812 4091 1910 4131 cur
1947 4076 2152 4133 moveri
2257 4079 2479 4149 majoris
2524 4083 2864 4139 auctoritatis
2904 4082 2955 4138 in
2980 4084 3324 4154 prtcdicando
3361 4101 3604 4143 essemus
3672 4074 3823 4158 Spiri-

565 4177 661 4218 eos
690 4178 796 4218 non
818 4172 1086 4233 Oporteat,
1127 4165 1410 4237 ipsamque
1433 4169 1810 4225 auctoritatem
1840 4168 1933 4243 υἱ,
1965 4183 2151 4228 aucto-
2257 4181 2370 4226 tum
2404 4182 2652 4229 sanctum
2694 4190 2849 4229 suum
2882 4175 3040 4230 nobis
3070 4175 3235 4231 dedit.

565 4253 749 4328 ritate]
778 4270 965 4310 eorum
996 4256 1305 4312 conﬁrmat.
2325 4266 2380 4320 7.
2419 4263 2532 4336 Ipsi
2564 4283 2648 4322 vos
2672 4267 2951 4333 didicistis,
2974 4282 3072 4339 per
3113 4267 3524 4338 inspirationem
3567 4269 3784 4326 divinam
3809 4307 3822 4332 ,

637 4347 694 4402 5.
737 4346 879 4400 Nam
917 4356 965 4402 et
1009 4363 1127 4401 cum
1177 4348 1320 4419 apud
1348 4364 1460 4405 eos.
1488 4349 1745 4407 Eamdem
1786 4366 2007 4409 eauSam
2054 4368 2153 4410 sua
2259 4357 2342 4414 vel
2392 4373 2490 4429 per
2528 4346 2901 4433 evangelii-um
2943 4369 3298 4432 praeceptum,
3330 4360 3421 4417 ubi
3463 4377 3493 4416 a
3522 4361 3731 4418 Christo
3769 4360 3822 4414 de

565 4437 892 4492 auctoritate
915 4438 1223 4494 conﬁrmat.

2259 4453 2550 4511 dilectione
2580 4455 2913 4526 praecipitur.

638 4548 791 4604 CAP.
824 4546 913 4605 IV.
942 4578 1011 4589 —
1035 4550 1087 4604 1.
1124 4549 1362 4606 Animos.
1404 4550 1478 4607 De
1503 4563 1709 4619 cwtero,
1749 4553 1965 4623 fratres.
1990 4553 2152 4611 Post-
2331 4546 2384 4603 8.
2426 4545 2633 4601 Etenim
2666 4544 2862 4617 facitis.
2896 4544 3012 4600 Alia
3052 4560 3215 4602 causa
3245 4559 3345 4601 cur
3366 4545 3432 4601 de
3456 4546 3717 4602 charitate
3734 4558 3818 4599 non

572 4655 736 4709 quam
769 4638 956 4696 laudes
1008 4643 1425 4709 consummavit,
1459 4660 1595 4715 quas
1620 4660 1784 4715 super
1816 4643 1937 4700 ﬁdei
1968 4661 2157 4702 eorum
2262 4638 2457 4695 habent
2482 4640 2560 4695 eis
2591 4632 2817 4695 “660886
2844 4639 3107 4694 scribere-

570 4730 783 4787 dixerat
831 4729 1147 4786 inﬁrmitate
1205 4730 1297 4805 [f.,
1348 4731 1655 4805 firmitate],
1712 4734 1962 4789 hortatur
2005 4744 2061 4791 ut
2092 4736 2135 4792 di

2328 4732 2383 4789 9.
2423 4731 2685 4803 Rogamus
2707 4749 2819 4798 vos,
2852 4740 2957 4787 etc.
2990 4732 3190 4788 Contra
3230 4746 3327 4789 eos
3356 4748 3449 4804 qui
3499 4750 3550 4789 ιιι
3566 4733 3816 4789 ἰιξινοδειιιι

556 4818 767 4877 ἁθῑριο
805 4823 930 4879 vita:
951 4838 1139 4878 eorum
1174 4825 1507 4896 diligentiam
1551 4826 1861 4881 adhibeant.
2259 4825 2439 4879 cinnia
2475 4824 2665 4885 otiosi,
2699 4824 2831 4878 nihil
2872 4824 3207 4881 laborantes.

634 4915 690 4969 ‘2.
734 4914 935 4971 Lsnra.
968 4914 1033 4972 Ut
1086 4916 1390 4972 nbstineatis
1428 4934 1537 4982 vos,
1564 4928 1669 4974 etc.
1716 4912 1952 4990 Prmcepi
2007 4921 2159 4976 vobis
2336 4917 2420 4970 10.
2465 4915 2726 4970 Nolumus
2758 4927 2932 4971 autem
2978 4933 3089 4971 vos.
3122 4917 3202 4972 Ad
3236 4920 3358 4977 illos
3385 4922 3478 4993 qui
3511 4916 3816 4976 dolrbantde

568 5016 625 5062 ut
647 5008 967 5065 abstineatis
1000 5024 1032 5064 a
1068 5008 1447 5075 fornicatione,
1478 5018 1609 5076 ctc.,
1636 5025 1804 5082 usque
1851 5013 1918 5065 ad
1948 5012 2071 5074 huc,
2103 5030 2133 5066 ιι

1684 5026 1804 5082 alue
1851 5013 1918 5065 ml
1948 5012 2071 5074 huc,
2103 5024 2159 5067 ιιι
2236 5007 2474 5067 amicis,
2505 5008 2658 5075 quasi
2703 5022 2808 5061 non
2843 5009 3249 5066 resurrecturis.

568 5102 684 5155 sitis
723 5101 916 5166 sancti,
966 5102 1115 5174 quod
1158 5102 1267 5157 vult
1299 5102 1557 5157 Dominus
1626 5113 1682 5159 et
1727 5104 1830 5159 hoc
1868 5117 1949 5159 est
1982 5123 1995 5159 :
2028 5103 2130 5160 Ha:

2338 5098 2673 5155 li.Aucusr.
2699 5099 2888 5170 (scrin.
2913 5099 3002 5165 51,
3028 5100 3103 5155 De
3126 5102 3267 5156 verb.
3292 5102 3474 5174 Apost.
3507 5119 3624 5174 cap.
3641 5102 3812 5169 λίθω.

564 5204 641 5248 est
669 5194 809 5249 enim
847 5193 1091 5248 uoluntas
1126 5193 1241 5248 Dei.
2260 5190 2352 5261 X).
2408 5189 2670 5245 Nolumus
2718 5202 2910 5246 autem.
2953 5190 3086 5248 Nam
3126 5193 3246 5249 ideo
3290 5205 3344 5250 ct
3378 5197 3704 5252 dormientes
3741 5206 3817 5249 eos

634 5285 691 5340 ‘5.
735 5284 858 5340 Non
888 5285 943 5340 in
966 5285 1226 5355 passione.
1253 5284 1442 5341 Passio
1477 5286 1766 5356 desiderii,
1794 5289 2010 5360 quando
2034 5304 2159 5361 pec-
2192 5300 2233 5356 u
2262 5283 2520 5354 appellat.
2547 5282 2845 5354 Scriptura:
2877 5285 3232 5341 veracissima
3265 5289 3619 5355 consuetudo,
3641 5297 3696 5343 ut
3713 5300 3810 5342 cum

567 5388 754 5433 catum
781 5376 1147 5444 desideratur,
1169 5386 1224 5435 et
1251 5393 1356 5434 non
1387 5378 1690 5450 perﬁcitur.
2258 5375 2589 5432 dormientes
2637 5376 2887 5431 audimus
2906 5417 2921 5443 ,
2952 5377 3303 5449 evigilaturos
3343 5380 3567 5438 minime
3594 5383 3806 5452 despere-

636 5466 693 5521 «1.
741 5464 862 5523 Non
881 5464 1020 5523 enim
1043 5469 1264 5524 uocauit.
1288 5468 1640 5527 Contrarium
1681 5472 1934 5538 destruit,
1963 5482 2020 5530 ut
2042 5483 2152 5531 sta-
2255 5484 2397 5524 mus.

572 5564 689 5611 tuat
713 5557 944 5612 alterum
968 5560 1299 5615 contrarium
1322 5603 1335 5625 ,
1366 5561 1418 5616 id
1449 5571 1552 5628 est,
1586 5577 1835 5620 essemus
1870 5566 2078 5621 mundi.

2327 5560 2413 5615 12.
2456 5559 2690 5629 Asianos.
2727 5557 2994 5615 Nolumus
3023 5570 3219 5616 autem.
3250 5560 3397 5617 Bene
3423 5579 3531 5619 non
3564 5560 3807 5619 tristitiam

640 5646 695 5701 5.
737 5646 922 5718 Itaque
948 5650 1037 5723 qui
1073 5651 1185 5706 ha’c
1220 5654 1434 5724 spernit.
1466 5652 1581 5710 Hoc
1607 5669 1677 5711 ex
1721 5654 1988 5726 superiori
2028 5656 2154 5711 Scn-
2256 5651 2477 5715 ademit,
2510 5650 2615 5721 sed~
2635 5650 2954 5706 immensam
2994 5666 3115 5708 eam
3140 5653 3808 5728 perhibuitcomparationc

574 5740 740 5794 tentia
781 5741 1050 5817 colligitur
1074 5786 1088 5810 ,
1122 5761 1226 5816 qua
1265 5744 1442 5802 dixit:
1483 5743 1610 5801 HlL’t'
1640 5756 1715 5803 est
1746 5745 1884 5803 enim
1914 5745 2154 5803 voluntas
2256 5741 2730 5807 adversariorum,
2776 5741 2843 5797 ad
2893 5746 3274 5803 verecundiam
3322 5762 3418 5805 eos
3457 5748 3735 5813 devocatis,
3766 5748 3808 5795 cl

577 5828 690 5885 Dei.
2255 5836 2397 5906 quod
2430 5835 2505 5890 illi
2537 5828 2640 5891 non
2677 5834 2880 5891 habent
2920 5849 3092 5906 spem.
