3864 6300
44 403 130 459 537
692 397 760 456 IN
802 399 866 456 D.
907 399 1114 461 PAULI
1153 399 1370 459 EPIST.
1414 397 1771 481 COMMENT.
1814 432 1881 442 —-
1919 401 2134 459 EPlST.
2179 403 2195 458 l
2235 403 2329 459 AD
2367 404 2607 465 TIIESS.
3183 410 3290 467 358

42 519 117 590 qui
142 531 281 588 spem
311 515 705 570 resurrectionis
746 530 852 570 non
895 514 1113 569 habent.
1148 512 1206 568 Si
1242 513 1388 568 enim
1431 513 1709 568 credimus
1758 514 1901 583 quod
1937 512 2366 589 Jesusmortuus
2402 528 2487 576 est
2527 528 2585 576 et
2618 522 2936 591 resurrexit,
2964 524 3252 596 (resurgent
3274 567 3297 587 ,η

43 631 141 667 nam
167 611 395 668 Christus
436 611 743 677 resurrexit,
771 610 911 681 quod
939 609 1228 681 credimus)
1260 610 1313 682 (a
1344 609 1528 679 simili)
1569 610 1641 664 ita
1677 618 1731 665 et
1769 610 1909 667 Deus
1939 628 2036 669 eos
2063 613 2155 687 qui
2184 614 2523 672 dormierunt
2565 634 2661 689 per
2688 617 2871 675 Iesum
2906 621 3136 677 adducet
3169 638 3292 678 cum

37 731 92 772 eo
136 712 213 784 (ab
240 709 554 765 auctoritate
600 708 705 773 sui,
727 718 776 763 et
808 705 950 777 Dei).
984 706 1065 762 13.
1112 705 1223 763 Iloc
1248 706 1393 762 enim
1426 706 1578 761 vobis
1627 705 1860 761 dicimus
1911 708 1963 763 in
2019 710 2184 767 verbo
2223 710 2459 779 Domini,
2488 714 2612 785 quia
2641 731 2762 781 nos,
2784 717 2877 787 qui
2917 718 3171 786 vivimus,
3203 722 3302 791 qui.

42 809 209 866 re~idui
230 822 417 863 sumus
460 807 512 862 in
539 807 828 863 adventum
858 806 1091 871 Domini,
1120 819 1225 860 non
1255 819 1649 876 prmvememus
1675 821 1771 862 eos
1816 807 1910 878 qui
1956 808 2316 875 dormierunt,
2369 814 2461 866 sed
2491 812 2649 867 simul
2699 815 2984 884 rapientur.
3026 817 3114 871 14.
3147 816 3299 885 Quo:

42 911 160 964 n‘am
187 907 295 977 ipse
330 906 609 975 Dominus
644 905 697 960 in
721 905 872 977 jussu
908 901 1108 968 Putris,
1135 902 1212 959 vel
1247 901 1441 974 jubcns
1470 912 1524 956 ut
1550 901 1717 968 Deus,
1751 911 1807 959 et
1855 902 1908 958 in
1941 920 2072 960 voce
2120 903 2466 978 archangeli,
2498 918 2555 964 et
2607 909 2659 965 in
2714 909 2843 967 tuba
2873 911 2966 967 Dei
2998 912 3293 970 descendet

43 1006 93 1059 de
112 1004 251 1067 cmlo,
285 1012 337 1058 et
371 1004 574 1058 mortui
608 1002 699 1075 qui
731 1003 783 1057 in
812 1002 1031 1057 Christo
1060 1009 1204 1066 sunt,
1236 999 1378 1067 boni,
1425 986 1714 1071 resurgunt
1746 1000 1927 1072 primi.
1955 1001 2039 1058 15.
2068 1002 2269 1060 Deinde
2313 1022 2433 1070 nos.
2480 1007 2643 1080 176
2661 1007 2751 1080 qui
2786 1008 3037 1074 vivimus,
3069 1009 3160 1080 qui
3208 1025 3300 1065 reo.

42 1101 294 1173 luquiumr
318 1141 332 1166 ,
357 1099 522 1155 simul
547 1100 819 1171 rapientur
841 1112 960 1153 cum
990 1098 1093 1153 illis
1122 1096 1173 1152 in
1223 1097 1456 1177 nubibus
1484 1095 1770 1166 ferentibus
1799 1113 1894 1152 uos
1928 1097 2143 1154 obviam
2175 1100 2393 1155 Christo
2426 1100 2477 1155 in
2510 1118 2666 1169 acra,
2699 1111 2755 1158 et
2800 1104 2882 1161 sie
2919 1118 3133 1175 semper
3173 1121 3299 1161 cum

46 1200 235 1253 Domino
254 1201 477 1253 erimus.
508 1196 713 1268 itaque,
747 1182 871 1262 qu'o
898 1194 973 1249 sic
1002 1194 1238 1266 futurum
1267 1204 1366 1256 est,
1406 1191 1757 1247 consolatnini
1790 1192 2020 1249 invicem
2053 1195 2104 1250 in
2139 1195 2314 1251 verbis
2344 1195 2481 1251 istis.

1488 1313 1718 1371 CAPUT
1756 1315 1822 1371 γ.

101 1406 417 1479 Diceretquis
435 1420 454 1458 :
481 1405 707 1472 Quando
736 1406 958 1481 liocerit
986 1405 1091 1473 Η.
1126 1405 1202 1461 De
1230 1405 1563 1477 temporibus
1589 1406 1864 1473 autem,2,
1880 1414 1937 1464 et
1954 1405 2619 1473 momentis,t‘ratres,non
2640 1407 2972 1480 indigetisut
2996 1408 3300 1469 scribamus

50 1510 188 1565 vobis.
213 1508 263 1563 '5.
291 1506 393 1579 Ipsi
427 1506 579 1581 enim
610 1506 899 1577 diligenter
928 1505 1082 1573 scitis
1111 1505 1237 1577 quia
1272 1506 1387 1561 dies
1416 1504 1652 1571 Domini,
1675 1507 1818 1562 sicut
1846 1504 1932 1560 fur
1971 1505 2035 1565 in.
2054 1513 2235 1569 nocte,
2264 1504 2566 1575 improviso,
2587 1522 2705 1560 eum
2727 1504 2822 1560 alii
2848 1514 2970 1561 sunt
2998 1507 3054 1561 in
3100 1508 3301 1577 quiete,

51 1609 105 1660 ila
130 1584 307 1661 veniet.
329 1603 380 1659 4.
416 1603 472 1657 5.
496 1592 644 1659 Cum
672 1602 815 1655 enim
844 1584 1125 1655 steculares
1156 1599 1390 1655 dixerint
1415 1616 1428 1653 :
1462 1599 1571 1655 Pax
1617 1608 1671 1655 et
1702 1599 1968 1656 securitas
1995 1609 2093 1669 est,
2130 1608 2260 1656 tunc
2296 1600 2611 1670 repentinus
2642 1599 2725 1656 eis
2750 1601 3098 1671 superveniet
3137 1602 3305 1657 inter-

53 1705 155 1765 ilus,
187 1700 317 1755 sicut
346 1697 502 1754 dolor
531 1697 586 1752 in
619 1706 775 1752 utero
804 1696 1044 1759 habenti,
1074 1705 1129 1751 et
1155 1711 1260 1750 non
1301 1693 1580 1769 eil'uglent,
1611 1711 1789 1752 omnes
1818 1696 2130 1767 morientur.
2170 1694 2288 1750 Illis
2319 1697 2663 1754 nescientibus
2694 1699 3012 1766 superveniet
3040 1698 3303 1764 interitus,

51 1800 145 1868 quia
167 1796 348 1853 suntin
378 1794 633 1864 tenebris.
660 1792 772 1850 Vos
811 1804 1023 1861 autem,
1043 1792 1266 1861 fratres,
1305 1809 1412 1848 non
1442 1793 1576 1850 estis
1623 1794 1674 1849 in
1712 1793 1949 1856 tenebris
1972 1802 2327 1865 peccatorum,
2384 1804 2441 1849 ιιι
2472 1808 2568 1848 vos
2596 1793 2710 1849 dies
2759 1793 2879 1861 illa,
2917 1803 3172 1864 tauquam
3220 1793 3307 1851 fur

55 1892 334 1964 improvisos,
365 1890 799 1963 comprehendat
829 1908 845 1956 ;
878 1907 980 1945 non
1002 1890 1126 1946 estis
1148 1891 1203 1945 in
1238 1889 1484 1955 tenebris,
1518 1906 1709 1947 omnes
1735 1891 1880 1945 enim
1933 1904 2032 1946 vos
2064 1889 2156 1944 lilii
2192 1890 2329 1946 lucis
2353 1890 2506 1954 estis,
2538 1892 2591 1960 (a
2632 1891 2772 1963 pari)
2804 1897 2860 1946 et
2885 1888 2979 1945 lilii
3022 1889 3130 1945 diei
3180 1905 3313 1961 ergo

57 1990 96 2058 (η
119 1989 381 2060 contrario)
413 2004 528 2043 non
560 2002 748 2041 smnus
776 1986 971 2052 noctis,
1002 2000 1178 2056 neque
1218 1986 1589 2043 tenebrarum.
1614 1985 1783 2055 Igitur
1821 2000 1928 2041 non
1975 1986 2329 2047 dormiamus.
2356 1987 2499 2045 sicut
2542 1996 2597 2042 et
2634 1987 2857 2055 cmteri;
2897 1988 3023 2057 quia
3070 2003 3172 2042 non
3218 2004 3309 2042 su-

60 2104 145 2141 mus
176 2086 350 2152 noctis,
378 2102 485 2140 non
522 2074 853 2155 quiescamus
890 2085 946 2139 in
992 2084 1241 2153 peccatis,
1273 2085 1369 2139 sed
1398 2083 1684 2155 vigilemus
1723 2084 1775 2139 in
1800 2083 1975 2150 bonis,
2003 2092 2060 2141 et
2081 2084 2253 2142 sobrii
2291 2085 2485 2147 simus.
2517 2102 2621 2141 non
2660 2086 2809 2144 ebrii.
2857 2086 2961 2155 Qui
3001 2086 3146 2143 enim
3188 2088 3311 2143 dor-

61 2182 216 2247 miunt,
242 2184 288 2238 6.
317 2192 478 2238 nocte
516 2180 819 2247 dormiunt,
849 2180 1013 2237 noctis
1046 2192 1186 2246 sunt,
1213 2190 1269 2236 ct
1298 2180 1391 2252 qui
1416 2180 1552 2236 ebrii
1599 2191 1749 2246 sunt,
1778 2190 1943 2245 nocte
1976 2181 2114 2239 ebrii
2144 2191 2288 2248 sunt,
2322 2184 2489 2239 noctis
2530 2194 2673 2255 sunt.
2705 2183 2813 2241 Nos
2858 2196 3038 2259 autem
3081 2187 3171 2256 qui
3205 2186 3309 2240 dici

61 2296 235 2349 sumus,
252 2281 414 2339 sobrii
463 2266 645 2339 simus
670 2319 687 2346 ,
716 2277 1091 2351 (intransitive)
1129 2278 1301 2335 induti
1332 2277 1556 2334 loricam
1593 2276 1717 2334 tidei
1745 2286 1800 2333 et
1830 2277 2149 2345 charitatis,
2195 2287 2252 2334 et
2291 2278 2498 2350 galeam
2532 2295 2682 2350 spem
2720 2281 2931 2348 salutis,
2957 2294 3005 2337 et
3055 2284 3312 2339 uoss‘mns

59 2392 227 2443 sperare
256 2378 503 2445 salutem,
536 2376 795 2450 quoniam
834 2391 942 2431 non
971 2376 1151 2447 posuit
1180 2390 1278 2430 nos
1310 2375 1453 2431 Deus
1482 2376 1534 2429 in
1588 2376 1747 2439 iram,
1774 2374 1870 2430 sed
1903 2375 1956 2430 in
1999 2374 2419 2447 acquisitionem
2447 2375 2639 2432 salutis
2684 2391 2783 2447 per
2832 2377 3120 2435 Dominum
3154 2379 3312 2451 177

65 2481 260 2527 nostrum
298 2471 482 2531 Jesmn
538 2473 820 2531 Christum
848 2472 939 2545 qui
998 2482 1248 2529 mortuus
1296 2480 1379 2527 est
1429 2486 1528 2543 pro
1569 2470 1752 2535 nobis,
1809 2471 1861 2525 7.
1902 2480 1958 2525 ut
2004 2471 2118 2528 sive
2152 2472 2468 2542 vigilemus,
2516 2472 2631 2529 sive
2675 2472 3012 2529 dormiamus
3042 2483 3203 2539 actu,
3233 2474 3313 2528 vel

67 2574 329 2640 morimur,
353 2573 531 2631 simul
573 2589 700 2634 cum
752 2574 845 2631 illo
890 2575 1160 2631 vivamus.
1205 2574 1437 2644 Propter
1478 2572 1655 2645 quod,
1700 2572 1827 2645 quia
1872 2588 1960 2628 vos
1989 2573 2138 2639 dies,
2186 2571 2327 2629 Deus
2376 2590 2482 2629 non
2527 2572 2926 2645 comprehendet
2972 2570 3314 2642 improvisos,

68 2670 376 2729 consulamini
410 2670 682 2743 invicem.
718 2677 777 2726 et
812 2669 1082 2727 mditicate
1121 2668 1451 2725 alterutrum
1475 2709 1491 2736 ,
1517 2668 1662 2724 sicut
1692 2682 1747 2724 et
1791 2668 1989 2725 facitis.
2022 2668 2299 2742 Rogamus
2342 2679 2527 2726 autem
2560 2685 2688 2740 vos,
2718 2668 2944 2732 fratres.
2972 2671 3027 2727 8.
3076 2678 3137 2725 ut
3160 2672 3319 2726 nove-

71 2765 164 2820 ritis
199 2781 317 2833 eos,
366 2766 719 2837 benefaciatis
769 2765 1207 2837 pradicatoribus
1256 2766 1471 2834 restris,
1523 2766 1614 2836 qui
1661 2765 1913 2835 laborant
1957 2766 2099 2823 inter
2124 2782 2252 2833 vos.
2305 2776 2361 2825 et
2404 2780 2648 2841 praesunt
2689 2770 2843 2826 vobis
2882 2769 2935 2826 in
2972 2768 3233 2833 Domino,
3261 2776 3318 2823 et

74 2874 251 2918 nuntiem
281 2878 408 2929 vos,
439 2864 496 2921 9.
535 2874 596 2920 ut
631 2860 878 2920 habeatis
906 2861 1028 2919 illos
1052 2862 1421 2919 abundantius
1467 2863 1521 2918 iu
1571 2862 1841 2920 cbaritate
1887 2872 2112 2935 prepter
2150 2879 2290 2935 opus
2324 2865 2517 2920 bonum
2557 2866 2951 2935 prcedieationis
2984 2865 3234 2937 illorum,
3264 2875 3322 2921 et

1359 2960 1934 3019 COMMENTARIUS.
2254 3026 2257 3027 ν
2696 3022 2699 3025 .

133 3057 201 3111 t5.
242 3057 345 3114 lloc
373 3058 525 3116 vobis
549 3057 795 3124 dicimus,
828 3054 930 3111 hoc
971 3063 1077 3120 est,
1109 3052 1406 3109 secundum
1464 3065 1619 3119 rem}
1646 3060 1695 3119 Α
1720 3053 1894 3121 tione;
1939 3054 2200 3111 continuo
2243 3052 2567 3124 subiunxit:
2602 3053 2744 3110 Nam
2800 3055 3013 3110 uirtutes
3067 3052 3320 3110 caelorum

77 3148 303 3205 lationem.
1729 3146 2111 3213 movebuntur;
2137 3155 2187 3202 et
2232 3154 2358 3201 tunc
2386 3132 2627 3203 uidebunt
2655 3145 2830 3216 [ilium
2863 3146 3093 3202 hominis
3120 3145 3325 3200 venien-

132 3242 203 3298 Ν.
238 3241 487 3309 Quoniam
530 3242 637 3314 ipse
684 3241 965 3295 Dominus.
1038 3237 1259 3294 Jussum
1307 3237 1390 3293 vel
1442 3239 1624 3296 tubam
1730 3252 1831 3296 tem
1859 3257 1976 3296 cum
2006 3248 2261 3310 potestate
2287 3255 2480 3312 magna
2501 3248 2550 3296 et
2570 3238 2868 3310 majestate.
2901 3238 3193 3296 Videamus
3223 3238 3326 3295 ita,-

80 3351 202 3390 vncat
227 3353 395 3393 vocent
426 3322 759 3408 archangeli
786 3334 876 3405 qui
911 3333 1055 3388 dicet
1088 3351 1100 3386 :
1143 3333 1377 3404 Surgite.
1729 3349 1857 3406 que,
1908 3348 1978 3390 ne
2007 3332 2149 3399 forte
2182 3332 2378 3390 melius
2423 3333 2777 3404 intelligatur,
2816 3348 2922 3389 non
2947 3348 3011 3388 ea
3040 3331 3201 3389 modo
3231 3330 3326 3397 im,-

136 3420 206 3483 l5.
238 3424 461 3486 Aueesr.
489 3427 613 3500 (l1h.
669 3444 736 3481 xx
766 3426 839 3480 De
864 3424 1006 3479 civil.
1051 3426 1143 3479 Ηυξ
1164 3468 1177 3489 ,
1219 3441 1336 3495 cap.
1375 3425 1465 3490 20,
1496 3434 1626 3479 tom.
1733 3424 1867 3497 pleri
1895 3439 2015 3495 quae
2053 3424 2310 3495 prmdicta
2336 3432 2463 3480 sunt
2492 3423 2546 3479 in
2595 3422 2700 3480 illis
2726 3422 2926 3486 verbis,
2951 3422 3046 3478 sed
3079 3431 3207 3493 tunc
3234 3434 3329 3492 po-

90 3516 161 3577 Vl.
186 3518 361 3573 Deinde
388 3536 507 3573 nos.
529 3517 584 3573 Si
610 3533 738 3588 ergo
760 3526 976 3571 sanctos
998 3516 1087 3586 qui
1115 3517 1456 3587 reperiuntur
1479 3515 1631 3571 Cltri-
1735 3521 1842 3575 tius
1870 3535 1989 3576 esse
2018 3528 2266 3585 ventura,
2290 3519 2508 3591 quando
2530 3519 2610 3574 sic
2634 3518 2741 3574 erit
2768 3516 3044 3573 tribulatio
3073 3516 3328 3572 universo

86 3618 152 3658 stu
187 3609 417 3665 veniente
460 3610 734 3662 viventes.
761 3607 921 3675 eique
964 3605 1016 3660 in
1062 3606 1277 3661 obviam
1326 3617 1627 3676 raptentur,
1718 3612 1851 3668 \orbi
1902 3621 1961 3667 ut
2008 3611 2076 3668 ad
2131 3610 2431 3668 Ecclesium
2483 3611 2754 3682 pertineat
2800 3624 2921 3678 qua:
2980 3608 3033 3663 in
3076 3608 3330 3664 universo

86 3697 427 3755 crediderimus
477 3700 539 3755 in
592 3698 782 3753 eodem
835 3707 991 3768 raptu
1036 3697 1103 3752 de
1160 3697 1478 3752 mortalibus
1512 3712 1636 3752 cor-
1736 3703 1869 3760 orbe
1919 3703 2293 3771 tribulabitur,
2339 3720 2446 3760 non
2475 3703 2543 3758 ad
2590 3717 2685 3758 eos
2735 3701 2826 3773 qui
2876 3698 3133 3755 tribulant
3184 3713 3328 3754 eam.

89 3787 268 3852 poribus
297 3790 564 3851 exituros,
599 3800 655 3844 ct
692 3789 757 3842 ad
782 3789 973 3843 cadent
1017 3804 1136 3842 tuox
1181 3787 1507 3841 immortalia
1544 3803 1631 3843 rc-

1762 3796 1841 3868 psi
1868 3795 2013 3851 enim
2043 3794 2237 3851 dicturi
2270 3803 2398 3852 sunt
2426 3810 2440 3849 :
2473 3792 2594 3849 Par:
2632 3804 2680 3848 et
2732 3793 3012 3859 securitas,
3044 3799 3102 3846 ut
3138 3805 3333 3861 repen-

92 3878 274 3944 ut‘uuros,
296 3881 462 3937 nullas
506 3880 562 3935 in
597 3880 777 3935 verbis
805 3879 1047 3949 Apostoli
1083 3880 1357 3949 patientur
1380 3877 1508 3950 [al.,
1543 3892 1635 3947 pa-

1756 3888 1885 3943 ,inus
1909 3887 2012 3941 illis
2036 3886 2387 3963 superveniat
2414 3884 2683 3951 interitus,
2716 3893 2770 3938 et
2804 3897 2898 3941 eos
2925 3882 3189 3938 adventus
3226 3878 3331 3939 Do-

91 3968 266 4045 ticutur)
287 3976 587 4046 angustias,
624 3973 737 4029 sive
771 3973 861 4027 ubi
901 3972 1032 4028 dicit
1061 3989 1074 4025 :
1108 3971 1186 4027 Tu
1229 3973 1371 4043 quod
1401 3974 1638 4028 semfnns
1741 3979 1896 4046 mini,
1924 3978 2065 4034 sicut
2089 3977 2178 4033 fur
2207 3977 2259 4033 in
2292 3987 2469 4044 nocte,
2509 3975 2955 4055 comprehendat.

96 4075 177 4112 tum
215 4062 595 4127 viviﬁcabitur,
643 4062 745 4118 nisi
796 4062 1080 4117 moriatur.
1140 4059 1267 4118 Sive
1320 4061 1411 4117 ubi
1466 4061 1634 4117 dicit:

93 4153 258 4210 Unities
304 4171 679 4228 resurgemus.
713 4166 772 4211 ut
818 4154 917 4228 [ιιι.
943 4196 957 4219 ,
1010 4152 1128 4227 aut]
1164 4169 1355 4209 onmcs
1399 4154 1638 4210 dormie-

99 4258 208 4298 tutis.

148 4335 276 4391 ('AP.
318 4338 375 4394 τ.
397 4371 467 4382 --
501 4340 557 4395 I.
585 4338 788 4395 Ltvrn.
825 4337 901 4392 De
931 4337 1267 4405 tem;:oribns.
1306 4335 1382 4391 De
1434 4344 1644 4405 tempo-

103 4424 234 4495 tibus,
264 4446 326 4485 an
367 4440 561 4487 testate
597 4430 681 4486 vel
724 4430 925 4495 hieme,
965 4445 1032 4483 an
1073 4429 1159 4483 die
1192 4427 1274 4483 vel
1307 4435 1487 4492 nocte,

104 4525 223 4573 turus
246 4522 309 4575 sit
328 4524 393 4578 ad
423 4522 696 4595 judicium
730 4519 1002 4576 Christus.

155 4607 200 4663 Ξ.
238 4611 303 4668 De
349 4615 649 4683 momentis,
688 4614 741 4671 id
792 4622 900 4677 est,
932 4629 1039 4685 qua
1087 4613 1217 4669 hora
1271 4610 1377 4667 diei
1412 4609 1494 4665 vel
1546 4625 1645 4666 no-

104 4711 204 4755 (IIIS.

1812 4088 1868 4146 6.
1910 4087 2151 4159 Aucosr.
2188 4088 2389 4161 (cmpos.
2425 4087 2564 4158 psal.
2593 4102 2782 4163 eam,
2814 4095 2946 4143 tom.
2976 4085 3132 4155 Vill).
3165 4083 3335 4139 Nocte

1742 4180 2030 4237 dormiunt.
2083 4179 2307 4237 Noctem
2362 4180 2550 4236 dicens
2605 4178 2965 4248 iniquitatem,
2996 4177 3048 4231 in
3102 4193 3208 4246 qua
3262 4174 3335 4230 illi

1744 4272 2155 4330 obdortnierunt
2196 4272 2463 4342 cupiendo
2493 4271 2594 4326 ista
2633 4279 2870 4335 terrena,
2900 4278 2955 4324 et
2991 4281 3183 4323 omnes
3218 4266 3337 4320 ista:

1749 4367 2034 4424 felicitates
2073 4382 2194 4437 quae
2241 4365 2495 4421 videntur
2539 4362 2747 4428 steculi,
2779 4361 2988 4425 somnia
3043 4370 3170 4416 sunt
3207 4358 3336 4411 dor-

1520 4442 1645 4483 ν⁰¹¹’
1678 4447 1719 4506 Β
1750 4460 2031 4514 mientium
2062 4476 2076 4525 ;
2105 4467 2159 4513 et
2197 4457 2467 4531 quomodo
2491 4457 2581 4529 qui
2625 4457 2772 4512 videt
2796 4457 3082 4512 thesauros
3117 4453 3169 4508 itt
3199 4467 3342 4508 som-

1749 4556 1870 4613 niis.
1900 4555 2176 4609 dormiens
2214 4554 2367 4609 dives
2410 4552 2540 4607 est?
2582 4551 2675 4607 sed
2730 4548 2973 4623 vigilabit
3023 4556 3078 4603 et
3136 4561 3344 4619 pauper

1747 4648 1847 4701 erit
1868 4665 1880 4701 :
1901 4647 1978 4702 sic
1998 4645 2178 4701 omnia
2208 4660 2342 4699 vana
2368 4645 2470 4699 ista
2495 4645 2653 4715 hujus
2678 4641 2883 4709 smculi,
2901 4642 2968 4698 de
2995 4641 3191 4713 quibus
3214 4655 3344 4711 gau-

1752 4741 1881 4794 dent
1908 4740 1960 4793 iu
2000 4752 2207 4794 somno.
2241 4736 2590 4808 Evigilabunt
2630 4734 2845 4807 quando
2896 4732 3116 4796 nolunt,
3146 4731 3190 4785 si
3236 4747 3340 4784 non

1755 4829 1913 4886 modo
1941 4829 2197 4899 evigilaut
2216 4827 2432 4899 quando
2463 4827 2590 4883 utile
2617 4836 2719 4889 est,
2742 4835 2798 4882 et
2826 4824 3110 4881 inveniunt
3135 4821 3343 4879 somnia

1751 4921 1919 4978 fuisse
1948 4920 2037 4975 illa

162 4793 327 4869 ὄλπιδὶ
350 4803 484 4856 enim
522 4801 816 4875 diligenter.
850 4801 1016 4870 Quasi
1060 4796 1207 4857 dicat
1239 4817 1252 4856 :
1288 4797 1409 4856 Non
1442 4796 1650 4865 indige-

112 4883 181 4951 tis,
206 4889 317 4959 quia
342 4894 474 4949 nihil
503 4895 650 4950 aliud
685 4893 983 4951 scriberem
1017 4894 1118 4948 nisi
1147 4893 1291 4964 qqu
1330 4907 1425 4947 vos
1474 4892 1649 4955 scitis,

115 4973 476 5040 diemvidelieet
505 4982 885 5040 Dominielam
921 4990 1234 5048 venturum,
1269 4996 1368 5038 nee
1410 4992 1651 5054 tempora
2202 5036 2259 5054 η,
2321 5036 2333 5050 ο
2382 5053 2387 5054 γ
2772 5034 2825 5054 η
2862 5043 2931 5054 η.
3006 5033 3047 5054 Α

118 5078 194 5120 "et:
219 5034 476 5131 maluerit;
499 5034 1234 5146 Quia'.};".;i;;.1.;"""""
1272 5034 1277 5035 ί
1312 5034 1361 5038 ἡὴ
1776 5133 1791 5146 _
1826 5040 1882 5096 7-
1923 5042 2163 5146 Ακιιιιοξο
2195 5036 2259 5092 Ει
2289 5036 2393 5146 five
2435 5034 3346 5146 vigilemus.idestjﬁs'i‘vqfffuf

171 5158 217 5213 ι,
1033 5165 1296 5222 Defuncto
1324 5166 1658 5222 Aulimrism
1759 5133 1886 5190 dum
1911 5140 2233 5203 praesentem
2256 5128 2425 5184 vitam
2449 5128 2501 5185 in
2525 5125 2996 5184 adventuDomini
3028 5123 3346 5222 habentium,

1761 5223 1876 5279 sive
1923 5220 2129 5294 egressi
2181 5219 2441 5277 fuerimus
2468 5236 2497 5273 τι
2534 5219 2643 5273 vita
2677 5217 2778 5273 hac
2843 5228 3035 5273 omnes
3062 5212 3226 5266 vitam
3260 5210 3347 5264 iu-

116 5257 333 5319 lmlabant
379 5264 526 5320 stulti
556 5279 617 5321 se
662 5263 895 5334 amplius
947 5277 1169 5319 securos
1202 5278 1218 5329 ;
1250 5262 1341 5318 sel
1371 5270 1497 5317 tunc
1551 5262 1660 5317 cito
1761 5257 1879 5334 τῖ’Ῐέ
1908 5257 2253 5334 ξξνξῖδλξξξξ

1759 5325 2072 5387 corruptam
2098 5325 2463 5385 acquiramus.

122 5349 269 5406 veniet
287 5353 548 5426 interitus,
574 5366 632 5415 ct
664 5366 793 5416 tunc
836 5360 974 5416 bene
1001 5359 1105 5415 erit
1152 5357 1307 5414 nobis
1350 5360 1438 5428 qui
1472 5358 1661 5413 evade-
1759 5349 2072 5387 w”"""""
2098 5349 2489 5429 "“ff‘"""'"°_’_
2698 5422 2728 5429 _
2900 5421 2912 5429 _
3030 5419 3059 5429 Α,
3139 5416 3152 5429 ,

126 5452 237 5508 uzus,
258 5445 386 5502 sicut
407 5421 596 5508 mulier
622 5461 861 5522 partum.
1367 5421 1382 5428 ’
1834 5430 1889 5486 8.
1932 5429 2139 5522 Laure.
2168 5424 2518 5522 Utunoveritis
2544 5441 2657 5522 eos.
2688 5422 2874 5479 Genus
2898 5421 3202 5522 locutionis.
3225 5432 3350 5522 Cum

181 5528 225 5585 5.
256 5535 476 5597 Aucusr.
502 5511 781 5613 (epis-L80,
806 5544 873 5597 ad
903 5540 1285 5610 llesiclt.,tom.
1312 5539 1402 5614 ll).
1425 5540 1557 5595 Cum
1584 5542 1666 5594 di.
1766 5522 2003 5580 dicimus
2054 5520 2142 5577 cui
2194 5518 2331 5575 nihil
2380 5518 2510 5575 dare
2560 5516 2807 5573 volumus
2842 5531 2854 5567 :
2899 5511 3018 5569 Non
3049 5525 3218 5566 nosco
3267 5519 3317 5563 te

130 5625 266 5681 It‘rint
290 5649 404 5700 pax.
445 5634 578 5704 Quid
630 5644 713 5693 est
738 5636 880 5707 quod
927 5635 1005 5692 ait
1038 5633 1332 5711 Apostolus
1363 5651 1377 5689 :
1404 5633 1534 5689 Cum
1583 5633 1665 5688 di-
1769 5614 1952 5670 υθεοίο
1979 5621 2049 5668 ιθ·
2960 5618 2961 5621 “

134 5721 269 5776 πέντε
302 5744 397 5793 pax
424 5739 468 5784 et
504 5732 754 5786 securitas
779 5730 803 5785 ?
828 5728 961 5785 Cum
997 5727 1141 5785 enim
1172 5728 1398 5785 dixisset
1426 5728 1669 5800 Evange-
1840 5726 1895 5784 9.
1936 5727 2177 5783 Δείδιος.
2214 5722 2278 5779 L't
2313 5721 2546 5778 habeatis
2575 5719 2726 5783 illos,
2756 5718 2809 5774 id
2832 5728 2947 5784 est,
2979 5717 3212 5788 plurimo
3259 5717 3354 5772 bo-

137 5804 238 5867 liuui
264 5828 278 5867 :
307 5817 646 5880 .ircscentibus
670 5823 965 5879 hominibus
986 5839 1097 5891 pra:
1120 5822 1304 5877 timore
1327 5832 1373 5903 ξε
1405 5831 1666 5893 cxspccta-
1697 5813 1740 5876 C
1764 5814 1905 5877 noro
1936 5814 2128 5891 dignos
2157 5817 2489 5881 existimate,
2524 5831 2627 5871 non
2658 5813 2985 5885 resultantes
3009 5814 3224 5886 quando
3256 5828 3352 5869 vos
