1982 3145
252 147 304 185 at;
766 144 795 172 Β.
813 142 1007 173 ιΑΜτιιΑΝει
1024 144 1045 172 c

1111 144 1190 172 'UAR
1209 144 1369 173 ABCHIEP.
1823 145 1876 173 εει

249 211 339 236 mum,
358 203 490 240 apostasia
507 201 621 231 Romani
634 203 745 238 imperii,
761 203 798 230 vel
811 203 885 238 ﬁdei,
897 207 925 230 et
940 202 1075 230 revelatus
1089 202 1172 231 fuerit
1185 203 1266 230 homo
1284 201 1404 237 peccati,
1418 202 1609 236 A-ntirlnistuc,
1624 202 1697 230 illius
1710 202 1877 238 perditionis,

247 257 314 280 sine,
325 252 350 275 et
365 247 491 280 aliorum,
505 247 551 282 qui
563 248 732 280 adversatur,
745 247 937 280 adversabitur,
950 247 977 274 'et
989 247 1136 277 extollitur,
1149 246 1296 279 extolletur,
1313 256 1394 283 supra
1409 255 1488 276 omne
1500 248 1526 275 7.
1538 248 1609 283 quod
1621 248 1723 276 dicitur
1732 256 1786 276 esse
1797 248 1877 281 Deus,

240 299 294 333 aut
308 294 379 328 quod
392 293 489 322 colitur
502 302 518 321 a
528 292 697 326 Christianis,
708 294 735 321 8.
747 293 783 320 ita
794 298 824 320 ut
836 294 862 321 in
874 293 972 328 templo
984 293 1042 325 Dei,
1054 292 1234 326 Hierusalem,
1245 293 1283 320 vel
1293 292 1422 326 Ecclesia,
1437 294 1539 326 sedeat,
1550 294 1697 322 ostendens
1708 301 1738 322 se
1751 298 1878 330 tanquam

240 335 284 367 ἰιι
301 339 382 367 Deus.
400 337 456 366 Hoc
477 338 533 366 dixi
555 338 635 370 vobis,
658 342 682 365 et
704 338 762 366 Non
783 338 906 366 retinetis
924 338 1006 373 quod,
1028 346 1089 365 cum
1114 338 1202 366 adhuc
1225 347 1311 366 essem
1339 341 1409 374 apud
1423 347 1481 371 vos,
1503 340 1560 367 haec
1581 340 1734 373 supradicta
1758 340 1881 368 dicebam

244 384 349 413 vobis?
368 385 394 412 9.
420 384 454 412 Et
474 392 544 412 nunc
569 385 632 419 quid
658 384 776 412 detineat
802 384 1003 417 Anticltristnm,
1028 384 1068 412 rel
1088 384 1160 411 diem
1184 384 1300 417 Domini,
1326 386 1412 418 scitis,
1437 386 1505 421 (ecce
1518 385 1588 420 quod
1605 385 1714 420 detinet)
1734 389 1763 413 ut
1779 386 1880 422 revele-

214 429 218 433 ⁴
247 436 292 457 tur
327 429 353 457 in
378 436 427 457 suo
453 429 613 456 convenienti
648 434 779 465 tempore.
815 429 876 464 Ipse
904 430 1079 463 revelabitur,
1108 429 1160 462 10,
1194 430 1237 457 Η.
1271 430 1336 459 Nam
1366 432 1522 467 mysterium
1545 431 1602 466 jam
1628 436 1763 467 operatur
1782 431 1880 467 iniqui-

249 476 329 509 tat's,
351 475 379 503 id
406 479 459 509 est,
486 480 582 503 secrete
607 481 733 511 operatur
758 485 805 512 per
829 477 963 509 membra,
987 476 1030 503 η.
1060 476 1249 510 tantum‘,ltoc
1269 482 1373 504 tantum
1392 482 1494 509 restat,
1510 477 1563 510 f3,
1588 477 1631 505 id.
1658 483 1689 505 ut
1713 468 1766 512 qui
1783 482 1875 511 tenet,

250 521 329 557 181
350 529 421 549 nunc
436 523 535 553 teneat,
551 521 697 549 Roatmmm
709 522 856 558 imperiam,
873 521 912 549 rel
924 522 1015 556 ﬁdem,
1034 521 1073 549 vel
1091 521 1126 549 ad
1145 530 1191 550 nos
1210 523 1286 556 nihil,
1302 523 1352 550 nisi
1366 528 1450 551 tenere
1464 523 1554 558 ﬁdem,
1571 524 1655 552 donec
1671 524 1704 551 de
1716 523 1803 551 mcdio
1819 523 1878 556 fiat,

251 567 333 594 donec
350 567 501 595 destruatur
515 566 659 594 Romaan
676 568 824 602 imperiam,
838 561 1065 595 t‘cl‘Antithrr'stuc
1087 573 1227 602 nascatur;
1240 568 1279 596 vel
1288 589 1294 602 ,
1307 569 1351 605 qui
1364 574 1430 596 tenet
1443 569 1534 604 ﬁdem,
1548 574 1631 597 teneat
1645 570 1726 597 donec
1744 570 1878 600 moriatur.

250 614 284 642 Et
299 617 362 642 tt’mc
379 614 543 642 revolahitur
554 614 600 641 ille
612 614 732 648 iniquus,
750 614 792 642 15.
812 623 891 649 quem
905 615 1036 642 Dominus
1056 614 1135 643 Jcsus
1150 611 1296 643 interficiat
1317 616 1414 652 spiritu
1426 617 1481 644 oris
1495 617 1549 649 stti,
1563 617 1657 645 virtute
1670 605 1784 652 Spiritus
1796 618 1883 644 ειιιιίιὶτ

251 663 282 689 ab
297 672 326 690 eo
336 663 508 699 procedentis,
523 667 550 690 et
561 662 683 690 destruet
697 662 739 691 16.
759 662 953 698 illustratione,
962 663 1000 699 (id
1011 669 1059 696 est,
1072 659 1201 696 claritate,
1216 673 1275 700 qua:
1292 670 1365 692 tanta
1379 666 1426 693 erit
1443 670 1470 693 ut
1486 674 1518 700 ea
1531 665 1585 693 visa
1601 665 1740 697 moriatur)
1751 665 1883 694 adventus

253 711 294 738 s-Ii
311 718 383 742 czttn,
400 710 606 743 Antichristam,‘
625 709 701 745 cujus
720 716 760 738 est
778 711 909 738 adventus
925 712 1072 739 secundum
1088 713 1273 747 operationem
1294 713 1417 747 Satante,
1437 714 1589 749 dispositam
1602 735 1608 746 ,
1624 713 1663 741 uel
1674 712 1788 742 Satanas
1802 714 1829 744 in
1850 723 1882 742 eo

251 755 412 793 opernbitur,
432 758 458 784 in
473 765 554 786 omne
566 758 666 786 virtute
687 758 894 791 resurrectionis,
910 763 937 786 et
951 759 1035 794 signis
1048 759 1236 787 miraculorum
1251 766 1278 789 et
1297 761 1339 788 Π.
1360 761 1489 797 prodigiis
1510 762 1689 799 mendacibus
1703 763 1742 790 ad
1759 762 1880 794 salutem,

247 805 287 832 rel
301 806 362 842 quia
378 805 515 849 videbitur,
537 814 582 832 nec
597 814 684 833 revera
702 804 862 841 operabititr,
876 810 904 834 et
930 806 956 834 ln
972 807 1046 834 omni
1067 807 1225 835 scduclione
1248 808 1400 844 iniquitatis
1414 810 1446 837 iis
1465 810 1512 846 qui
1526 814 1650 845 pereunt,
1664 818 1697 839 eo
1710 810 1783 846 quod
1793 810 1882 838 εΙιτιιὶι

250 857 334 880 tatem
347 853 469 895 veritatis
480 855 533 881 non
547 859 717 889 receperunt,
726 855 830 882 utsalvi
847 854 951 887 ﬁerent,
964 864 994 882 eo
1007 855 1076 891 quod
1087 856 1248 891 prtedicabat
1258 866 1305 893 pro
1319 858 1459 891 clamitare,
1470 859 1510 886 t'el
1524 859 1708 894 redemptione.
1723 858 1783 887 Ideo
1795 859 1886 885 mittet

259 895 302 924 llis
319 897 390 924 Deus
411 897 598 933 operationem
613 899 725 932 erroris,
743 904 903 934 oparatorem
922 899 1127 933 Antio/aristam,
1141 905 1169 928 ut
1188 903 1302 930 credant
1317 904 1467 937 mendacio,
1483 909 1511 932 ut
1532 903 1701 938 judicentur,
1716 904 1882 934 (intuentur.

249 942 405 977 omnesqui
429 950 482 970 non
497 943 672 972 crediderunt
695 945 812 978 veritati,
830 946 878 973 sed
903 950 1100 974 consenserunt
1117 947 1263 982 iniquitati,
1287 949 1404 977 diabolo.
1424 950 1478 977 Nos
1496 955 1598 983 autem,
1613 950 1659 978 sed
1680 959 1724 978 cos
1738 950 1883 977 credidistis

249 991 363 1023 veritati,
387 990 455 1017 unde
468 999 514 1018 nos
527 991 655 1018 debemus
670 991 773 1026 gratias
786 999 868 1026 agere
882 991 937 1018 Deo
950 997 1057 1027 semper
1068 992 1110 1020 18.
1131 1000 1181 1028 pro
1194 994 1281 1026 vobis,
1293 993 1391 1022 fratres
1401 995 1495 1029 dilecti
1511 1004 1526 1023 a
1541 997 1607 1029 Deo,
1620 996 1691 1032 quod
1705 995 1817 1029 elegerit
1837 1002 1889 1023 vos

251 1037 322 1064 Deus
337 1036 479 1071 primitias,
495 1036 653 1073 primitivum
666 1037 825 1078 Ecclesium,
840 1037 866 1064 in
884 1036 1016 1070 salutem,
1027 1037 1115 1064 datum
1129 1038 1209 1071 cob‘s,
1225 1039 1251 1067 in
1265 1041 1481 1069 sanctiﬁcatione
1498 1042 1612 1077 primum
1622 1041 1708 1069 sancti
1721 1040 1846 1077 Spiritus,
1858 1046 1882 1069 et

252 1083 279 1109 in
294 1082 345 1110 ﬁde
356 1082 489 1115 veritatis,
506 1081 620 1116 Christi;
636 1082 664 1110 in
679 1090 731 1118 qtta
745 1088 773 1111 et
787 1082 893 1111 vocavit
908 1089 955 1111 vos
969 1090 1017 1117 per
1032 1082 1207 1119 Evangelium
1227 1086 1414 1118 nostrutndi).
1431 1086 1457 1114 in
1468 1087 1673 1122 auquisitionem
1688 1086 1788 1122 gloria},
1802 1090 1829 1112 ut
1843 1080 1885 1112 eos

250 1130 393 1165 acquiratis
404 1129 516 1165 gloriam
534 1129 594 1162 Dei,
607 1128 645 1158 rel
659 1134 687 1156 ut
700 1137 744 1156 uos
756 1129 930 1165 acquiramini
941 1138 958 1156 a
970 1129 1024 1156 Deo
1038 1129 1124 1165 gloria
1137 1130 1242 1159 Domini
1262 1133 1346 1159 nostri
1359 1132 1422 1160 Jesu
1438 1132 1550 1161 Christi.
1568 1132 1673 1168 itaque,
1687 1132 1750 1167 quia
1773 1130 1883 1167 gloriam

251 1176 402 1211 ecquiretis,
418 1176 527 1209 fratres,
541 1179 623 1214 state,
643 1180 671 1205 et
687 1179 776 1203 tenete
792 1174 927 1210 Evangelii
943 1174 1103 1203 traditiones
1117 1183 1187 1210 quas
1200 1175 1348 1209 didicistis,
1365 1177 1421 1205 sive
1440 1184 1488 1212 per
1502 1183 1655 1204 sermonem
1671 1175 1729 1202 mei
1739 1173 1887 1210 presenti»

250 1222 308 1250 sive
322 1228 381 1258 per,
398 1221 522 1257 absentia,
537 1219 831 1257 Epistolamnostmm.
846 1218 906 1254 Ipse
918 1223 1016 1293 Eximi
1026 1219 1157 1248 Dominus
1170 1225 1263 1250 noster
1276 1221 1357 1251 Jesus
1370 1222 1506 1255 Christus,
1517 1218 1626 1250 et-Deus
1642 1225 1671 1248 ct
1685 1220 1767 1248 Pater
1781 1223 1891 1262 uoster,

993 1265 1006 1292 .\
1020 1265 1203 1293 εΝτΜιιιιε.
1805 1283 1807 1286 ‹

993 1265 1203 1297 MENTMWS.

253 1313 422 1341 abnndatnra
438 1313 473 1341 sit
486 1313 624 1349 iniquitas,
637 1320 670 1340 ex
682 1319 725 1345 eo,
738 1311 838 1346 inquit,
850 1310 938 1346 colligi
953 1315 1043 1346 potest
1056 1313 1079 1342 Α
1093 1316 1194 1346 quanta
1208 1313 1244 1341 sit
1258 1313 1386 1349 iniquitas
1410 1322 1471 1350 qua:
1485 1322 1534 1350 per
1551 1314 1726 1350 semetipsum
1744 1302 1890 1340 exercebat

250 1360 322 1394 quod
334 1359 361 1386 in
376 1359 444 1393 ipsis
452 1356 766 1394 principiisaccessionis
776 1360 908 1392 apparent
918 1352 1043 1391 quadam

254 1405 380 1442 primitite
392 1404 575 1437 discessionis,
586 1409 615 1431 ut
626 1404 734 1439 quidam
746 1410 776 1431 se
784 1402 885 1430 Christi
899 1402 1044 1438 discipulos

247 1447 397 1484 simulent,
410 1457 497 1486 neque
511 1451 544 1479 de
561 1449 652 1477 futuro
667 1449 781 1481 debere,
792 1443 856 1476 cum
874 1448 926 1475 hoc
940 1452 1044 1475 tantum

256 1498 379 1530 suillciat,
398 1502 428 1525 ut
445 1500 534 1526 teneat
548 1497 664 1532 quisan
686 1496 713 1523 in
731 1495 859 1530 religione
873 1493 943 1529 quod
961 1497 1043 1525 tenet,

256 1544 283 1572 in
299 1551 353 1579 quo
366 1543 392 1571 in
402 1551 435 1571 eo
447 1545 603 1578 permaneat
616 1561 623 1574 ,
636 1541 722 1568 donec
734 1540 768 1568 de
782 1536 870 1567 medio
882 1539 938 1571 fiat,
953 1538 979 1565 id
992 1542 1043 1569 εει,

256 1589 290 1616 de
299 1593 393 1623 aperto
404 1588 553 1615 innotescat
568 1587 648 1614 homo
660 1585 714 1617 ille,
729 1585 888 1620 impleturus
902 1591 1044 1619 personant

255 1632 422 1668 iniquitatis,
438 1632 483 1667 qui
501 1637 565 1659 tunc
587 1631 669 1658 futuri
691 1635 754 1658 sunt
775 1629 813 1657 illi
832 1629 958 1662 videant;
978 1628 1044 1656 mihi

255 1685 346 1706 autem
367 1678 393 1705 in
415 1678 504 1705 anima
529 1677 673 1709 moratum,
694 1684 746 1711 quo
765 1676 836 1703 valet
860 1674 962 1703 rescire
985 1678 1046 1710 post

250 1720 322 1759 'quot
333 1732 419 1752 annos
430 1724 503 1759 prius
518 1731 577 1751 esse
590 1723 646 1750 lleri
660 1722 862 1754 ascensionem,
876 1728 1046 1756 consequen-

257 1775 299 1797 ter
312 1769 601 1803 discessioncm,elsic
619 1768 727 1796 demota
745 1768 840 1796 adesse
852 1767 920 1795 diem
928 1766 1045 1795 Domini.

294 1819 320 1846 6.
349 1818 468 1847 Annos.
503 1817 563 1845 Nisi
594 1818 702 1846 venerit.
736 1816 932 1845 Discessionem
969 1818 1049 1843 vocat

256 1869 363 1900 tempus
389 1865 463 1897 illud,
490 1872 523 1892 eo
551 1863 621 1899 quod
646 1864 726 1899 paulo
752 1863 842 1891 minus
866 1869 962 1891 omnes
983 1866 1047 1888 tunc

258 1910 399 1938 discedent
419 1918 433 1937 a
449 1910 569 1945 pietate;
590 1915 617 1938 ει
635 1909 737 1945 peccati
758 1909 894 1937 hominem
913 1908 993 1941 dixit,
1014 1915 1047 1934 co

258 1957 329 1992 quod
344 1961 481 1992 peceatum
492 1956 671 1990 ministrabit;
685 1960 712 1984 ct
726 1955 809 1983 tilium
823 1953 993 1991 perditionis,
1006 1958 1050 1981 ut-

253 1995 324 2039 pote
334 2002 476 2037 perditioni
491 2002 669 2030 subdendum.

296 2048 323 2075 7.
339 2048 440 2076 ΙΑΝι-τιι.
457 2046 532 2081 Quod
543 2047 639 2075 dicitur
653 2047 736 2077 Deus.
753 2047 778 2074 id
793 2052 845 2079 est,
862 2053 944 2082 super
955 2053 1049 2074 omnes

252 2098 377 2128 sanctos,
391 2094 436 2130 qui
458 2093 583 2121 dicuntur
598 2093 646 2126 dii,
660 2098 686 2121 ct
701 2101 781 2129 supra
801 2092 884 2120 Deum
906 2090 1048 2130 U.,eum].

258 2139 304 2176 qui
320 2139 420 2168 colitur
435 2139 516 2168 Deus.

294 2184 323 2213 8.
339 2185 459 2212 Auocsr.
474 2184 532 2220 (lib.
558 2192 592 2212 xx
617 2184 655 2211 De
678 2185 747 2212 sirit.
772 2184 830 2217 Dei,
849 2192 909 2221 cap.
933 2184 986 2219 19).
1006 2184 1049 2211 Ita

262 2236 290 2258 at
303 2231 329 2258 in
342 2231 448 2265 templo.
461 2230 519 2259 Hoc
539 2230 599 2259 loco
613 2231 725 2267 intelligi
740 2232 934 2259 Antichristum
945 2231 1049 2262 volunt,

262 2276 416 2311 rectiusque
430 2280 523 2312 putanl
541 2277 623 2304 etiam
644 2277 738 2305 Latine
753 2277 817 2307 dici.
831 2277 899 2304 sicut
915 2277 941 2304 in
955 2277 1049 2304 Graeco

262 2326 314 2353 est,
328 2329 381 2349 non
396 2321 423 2349 in
439 2321 536 2357 templo
547 2322 609 2355 Dci,
628 2323 674 2350 sed
689 2322 715 2350 in
734 2321 860 2357 templum
880 2322 924 2350 Del
941 2321 1049 2354 sedeat,

263 2371 391 2402 tanquam
410 2368 467 2404 ipse
487 2368 523 2396 sit
538 2368 666 2403 templum
691 2368 746 2401 Dei,
770 2368 840 2403 quod
861 2372 902 2395 est
919 2367 1048 2399 Ecclesia,

258 2413 334 2453 sicut
344 2413 459 2442 dicimus
470 2414 545 2442 sedet
560 2414 586 2441 in
601 2414 729 2445 amicum,
742 2413 766 2440 id
779 2418 830 2446 est,
849 2413 922 2439 Velut
936 2412 1049 2440 amicus.

298 2460 324 2487 9.
340 2460 459 2489 AIBROS.
481 2460 514 2487 Et
534 2469 602 2487 nunc
625 2459 688 2495 quid
705 2460 819 2488 detineat
833 2479 840 2493 ,
862 2459 888 2486 id
907 2463 958 2491 est,
980 2458 1052 2486 Deus

263 2506 372 2534 interim
386 2507 488 2535 detinet
500 2515 573 2535 cum.

300 2553 343 2580 IO.
361 2552 431 2580 Nam
446 2553 607 2589 mysterium.
623 2553 674 2580 hoc
693 2556 749 2586 est,
764 2559 817 2579 non
836 2555 928 2587 aperte
945 2555 1058 2586 aposta-

263 2597 333 2626 siam
353 2604 494 2635 operntur,
513 2600 563 2628 sed
586 2598 735 2626 ministerio
762 2604 810 2634 per
831 2605 894 2627 suos
913 2606 930 2626 ιι
952 2597 1052 2634 pietate

264 2649 353 2673 tentat.
364 2645 500 2674 divellere.

301 2690 345 2719 11.
369 2691 469 2720 Ιιιιττκ.
497 2690 572 2720 Nam
590 2691 753 2726 mysterium.
777 2691 933 2728 Mysterium
954 2691 1052 2726 iniqui-

255 2737 330 2775 .mis
342 2745 398 2765 sua:
413 2738 439 2765 in
459 2738 575 2771 Net-ouo,
594 2742 622 2765 ct
642 2738 746 2766 ueteris
760 2736 889 2767 membris
903 2739 959 2767 suis
975 2738 1052 2766 Anti-

256 2785 385 2817 ,ehristus
407 2788 470 2812 tunc
489 2789 627 2821 operatur,
646 2785 707 2820 quia
729 2794 778 2822 per
796 2786 1002 2813 unanimitatem
1025 2789 1052 2812 ct

267 2831 476 2866 aegritudinem
497 2831 658 2867 iniquitatis,
682 2841 739 2869 quae
758 2841 806 2869 per
830 2841 877 2861 cos
899 2832 1049 2864 exercebat,

1095 1356 1140 1393 [f.,
1153 1359 1314 1396 cxcrccbit].
1327 1360 1495 1388 ostendebat.
1511 1360 1545 1388 Et
1562 1365 1604 1389 est
1619 1359 1742 1397 probatio
1755 1359 1826 1395 quod
1846 1366 1884 1386 re»

1095 1405 1227 1433 velandus
1238 1406 1283 1433 sit.

1134 1450 1176 1480 12.
1199 1450 1319 1480 Alanos.
1344 1452 1456 1480 Tantum
1474 1457 1506 1480 ut.
1523 1453 1567 1488 qui
1586 1456 1670 1484 tenet,
1698 1452 1749 1481 hoc
1769 1456 1821 1483 est,
1841 1450 1884 1478 ubi

1095 1495 1220 1524 dilllnitio
1234 1496 1293 1530 Dei,
1307 1505 1368 1532 qua
1382 1497 1440 1533 eius
1450 1497 1575 1534 prohibet
1590 1497 1745 1530 adventura,
1758 1495 1883 1535 cessabit,

1097 1546 1160 1570 tunc
1171 1543 1215 1571 ille
1232 1544 1382 1579 apparebit.

1132 1588 1175 1615 15.
1196 1587 1296 1616 ιλιιςῖιι.
1318 1588 1352 1616 Ut
1368 1590 1413 1625 qui
1431 1595 1510 1619 tenet.
1529 1589 1680 1617 Romanum
1699 1589 1829 1626 designat
1838 1587 1884 1615 im-

1095 1633 1219 1668 perium,
1234 1642 1288 1668 quo
1301 1634 1438 1663 destructo
1456 1635 1548 1663 veniet
1562 1634 1757 1662 Antichristus.
1772 1634 1829 1662 Hoc
1847 1637 1885 1661 est

1097 1679 1169 1706 cnim
1182 1680 1254 1715 quod
1266 1680 1347 1708 dicit:
1360 1682 1544 1709 tantummodo
1556 1682 1606 1709 hoc
1616 1686 1703 1710 restat
1714 1686 1743 1709 ιιι
1752 1680 1888 1709 Romanus

1097 1723 1258 1759 imperator,
1272 1726 1318 1760 qui
1332 1730 1404 1754 tenet
1418 1731 1490 1753 nunc
1503 1726 1644 1760 mundum,
1657 1731 1747 1753 teneat
1759 1726 1844 1753 donec
1856 1726 1885 1752 de

1099 1770 1188 1798 medio
1202 1771 1260 1803 fiat,
1274 1771 1301 1799 id
1314 1775 1363 1799 est.
1380 1772 1487 1809 penitus
1499 1772 1651 1805 auferatur;
1667 1772 1701 1800 de
1716 1772 1806 1800 medio
1820 1771 1889 1799 enim

1097 1815 1170 1849 ﬁeri,
1186 1815 1272 1844 estde
1286 1818 1422 1845 communi
1439 1818 1575 1845 hominum
1592 1824 1702 1854 aspectu
1714 1818 1827 1845 auferri.

1134 1862 1177 1890 tl.
1194 1863 1314 1892 Accusa.
1328 1863 1427 1900 (ibid.).
1442 1863 1474 1891 Ut
1489 1865 1533 1900 qni
1547 1865 1700 1892 tenet.||lud
1718 1870 1809 1893 tanton
1820 1864 1885 1899 quod

1097 1908 1242 1943 Apostolus
1252 1908 1328 1942 dicit,
1342 1913 1444 1936 tantum
1455 1910 1589 1944 quomodo
1603 1914 1685 1942 tenet,
1701 1914 1791 1936 teneat
1805 1909 1884 1936 donec

1099 1955 1133 1982 de
1154 1955 1243 1982 medio
1265 1954 1328 1987 ﬁat,
1344 1954 1370 1982 id
1388 1960 1441 1987 est,
1465 1956 1498 1983 de
1518 1956 1606 1983 medio
1624 1954 1748 1987 tollatur;
1776 1960 1803 1985 ct
1828 1960 1890 1982 tunc

1102 2000 1268 2029 revelabitur
1285 2000 1403 2035 iniquus,
1419 2008 1468 2036 per
1487 2008 1566 2036 quem
1587 2001 1736 2039 significat-‘1
1753 2000 1886 2028 Antichri-

1101 2051 1173 2075 stum
1192 2046 1282 2074 nullus
1296 2046 1416 2082 ambigil.

1135 2092 1179 2120 15.
1194 2092 1314 2120 Αιιβιιος.
1329 2092 1412 2125 Quem
1428 2092 1554 2120 Dominus
1564 2093 1652 2120 Iesus.
1669 2093 1764 2120 Subito
1778 2092 1811 2120 dc
1823 2091 1891 2119 coelo

1101 2147 1235 2174 apparens
1257 2138 1391 2171 Christus,
1414 2143 1441 2166 et
1457 2138 1627 2166 solummodo
1638 2138 1769 2171 clamans,
1785 2145 1891 2166 cessare-

1095 2179 1181 2213 'faciet
1201 2185 1234 2212 ab
1249 2191 1331 2220 opere
1351 2188 1436 2211 totum
1458 2183 1530 2211 illum
1550 2184 1720 2219 cxpettdens'
1742 2183 1795 2211 hoc
1807 2183 1884 2210 dicit:

1100 2232 1199 2268 Spiritu
1212 2231 1275 2258 oris.

1137 2280 1181 2307 16.
1195 2279 1377 2307 Lmrnaucus.
1391 2278 1584 2311 "lustratione,
1592 2276 1617 2304 id
1629 2275 1885 2310 cst,Gart'tate,qn:c

1102 2330 1176 2353 tanta
1191 2325 1243 2352 erit
1260 2330 1287 2352 ut
1304 2325 1359 2352 visa
1375 2331 1406 2351 ea
1419 2323 1561 2351 moriatur.

1137 2371 1181 2398 17.
1199 2369 1330 2405 Prodiyiis
1349 2369 1529 2397 mendacibus.
1542 2367 1680 2396 Mcndacia
1692 2371 1784 2398 vocat,
1799 2365 1884 2401 prodi—

1101 2416 1144 2451 gia
1162 2414 1332 2447 Antichristi,
1351 2414 1392 2442 vel
1403 2414 1466 2449 quia
1483 2422 1536 2442 non
1549 2413 1678 2449 critquod
1692 2410 1889 2448 apparebit,rcl

1101 2462 1164 2498 quia
1179 2461 1306 2497 perituris
1321 2460 1460 2489 mendacia
1471 2460 1632 2488 suadebunt.

1138 2508 1179 2536 18.
1190 2507 1242 2534 Pro
1253 2498 1322 2535 voltis
1332 2506 1438 2542 fratres.
1452 2506 1505 2534 Pro
1515 2506 1602 2539 vobis,
1611 2506 1740 2535 subaudis
1758 2511 1885 2534 Instruen-

1102 2555 1153 2587 dis,
1162 2558 1191 2581 ut
1202 2558 1228 2582 et
1241 2562 1288 2581 vos
1304 2561 1352 2588 pro
1366 2552 1473 2581 collatis
1486 2552 1640 2585 beneﬁciis,
1653 2552 1780 2580 similiter
1790 2551 1885 2588 gratias

1103 2601 1244 2633 referatis;
1266 2599 1308 2627 vel
1322 2599 1387 2636 quia
1402 2604 1487 2628 clvas
1502 2599 1589 2627 vocati
1601 2599 1680 2632 estis,
1695 2603 1726 2627 ut
1737 2599 1819 2635 paulo
1832 2601 1884 2634 post

1064 2662 1088 2694 ϐ
1102 2646 1183 2694 dicitu
1188 2654 1209 2694 ι-Ἴ

1139 2691 1183 2721 19.
1202 2691 1235 2718 In
1256 2691 1468 2727 acquisitionem,
1480 2690 1507 2718 id
1521 2695 1575 2721 est,
1588 2695 1617 2718 ut
1631 2698 1677 2717 vos
1701 2690 1800 2719 essetis
1813 2689 1836 2717 ei
1848 2695 1885 2715 ac-

1104 2737 1225 2773 quisitio,
1239 2738 1264 2764 in
1279 2744 1331 2772 qua
1349 2736 1478 2764 Dominus
1489 2736 1567 2765 Jcsus
1580 2736 1703 2764 Christus
1716 2735 1883 2770 gloriﬁcctnl‘.

1107 2790 1135 2812 ut
1153 2789 1179 2812 et
1192 2792 1239 2811 vos
1263 2783 1409 2819 acquiratis
1432 2782 1547 2818 gloriam
1565 2790 1645 2818 quam
1664 2782 1794 2810 Dominus
1815 2780 1885 2808 .Icsus

1106 2830 1226 2858 Christus
1241 2829 1332 2857 habet.
1815 2822 1818 2823 ν
