3864 6300
423 342 532 409 551-
1214 364 1220 375 '
1449 350 1511 408 Β.
1551 346 2321 416 LANFRANCICANTUAR.
2354 353 2675 416 ABClilEP.
2760 368 2763 369 '
2966 364 2969 369 ’
3606 364 3717 421 352

421 481 475 529 et
504 472 675 528 Adam
718 485 824 531 uoa
855 478 941 531 est
963 472 1239 538 seductus,
1269 472 1463 529 mulier
1486 482 1666 529 autem
1696 473 1919 529 seducta
1939 473 1995 528 in
2033 475 2483 543 praevaricatione
2511 476 2632 531 fuit.
2663 476 2751 543 1b,
2784 476 2869 532 15.
2900 476 3212 536 Salvabitur
3237 488 3423 541 autem
3454 497 3551 553 per
3580 483 3717 538 tilio-

421 585 544 630 rem
573 575 1007 645 generationem,
1035 572 1081 627 si
1110 570 1251 642 ﬁlios
1281 570 1335 625 in
1363 570 1470 642 ﬁde
1495 571 1739 625 nutrierit
1758 571 2018 641 religiose,
2039 570 2115 627 ecl
2134 588 2227 641 per
2251 571 2387 628 bona
2415 589 2595 643 opera,
2622 574 2666 629 si
2699 576 3061 644 permanserit
3082 578 3136 631 in
3168 577 3293 643 ﬁde,
3333 588 3393 634 et
3414 578 3709 637 dilectione

423 687 479 731 et
505 672 937 730 sanctiﬁcatione
974 686 1099 727 cum
1121 668 1437 725 sobrietate.

1791 760 1950 831 137
1990 759 2217 815 CAPUT
2250 759 2335 814 ιιι.

495 865 717 929 Fidelis,
746 866 937 935 dignus
974 865 1097 935 ﬁde,
1128 878 1309 919 sermo
1340 880 1354 917 :
1410 878 1547 926 ecce,
1586 862 1635 915 1.
1669 861 1713 915 si
1742 878 1861 932 quis
1897 862 1949 915 2.
1977 862 2345 932 episcopatum
2396 862 2701 927 desiderat,
2732 863 2932 919 bonum
2976 880 3112 934 opus
3158 863 3453 921 desiderat.
3488 864 3717 936 Oportet

424 980 576 1036 ergo,
611 968 747 1034 quod
780 963 1116 1016 intentionem
1170 971 1370 1015 tantam
1415 952 1627 1032 quierit,
1661 960 1972 1029 episcopum
2002 962 2117 1031 (per
2173 962 2470 1032 episcopum
2516 972 2564 1017 et
2611 964 2877 1033 presby'er
2906 963 3234 1035 intelligitur)
3267 964 3714 1033 irreprehensibi-

425 1058 533 1116 lem
562 1076 702 1127 esse,
736 1062 787 1115 5.
820 1060 978 1114 unius
1013 1060 1198 1114 uxoris
1229 1059 1424 1119 virum,
1456 1058 1522 1128 (si
1560 1073 1661 1111 non
1704 1058 1975 1127 virginem,
2007 1075 2114 1114 non
2149 1067 2323 1114 tanien
2365 1060 2654 1132 bigamum)
2676 1061 2744 1115 ιι.
2774 1062 3038 1126 sobrium,
3066 1062 3412 1133 prudentem,
3454 1060 3512 1115 5.
3546 1076 3713 1115 orna-

431 1167 565 1222 tum,
596 1159 647 1211 6.
686 1159 961 1228 pudicum,
1001 1155 1343 1228 hospitalem,
1385 1154 1685 1219 doctorem,
1725 1169 1831 1209 non
1863 1153 2216 1221 vinolentum,
2270 1169 2378 1209 non
2426 1171 2824 1225 percussorem,
2875 1157 2970 1211 sed
3020 1156 3343 1224 modestutn,
3374 1173 3483 1213 non
3516 1158 3713 1229 litigio-

428 1258 569 1319 sum,
614 1272 717 1310 non
754 1257 1031 1327 cupidum,
1081 1259 1174 1314 sed
1225 1274 1335 1313 sure
1377 1258 1556 1314 domui
1589 1259 1727 1314 bene
1762 1256 2134 1326 prmpositum,
2169 1255 2307 1311 ﬁlios
2335 1255 2626 1310 habentem
2660 1257 2905 1313 subditos
2930 1258 3224 1312 communi
3258 1258 3543 1313 castitate.
3573 1259 3628 1313 7.
3657 1258 3713 1313 Si

428 1350 551 1420 quis
579 1358 758 1407 autem
797 1351 977 1408 domui
1010 1370 1121 1409 suae
1148 1356 1271 1409 bene
1299 1370 1532 1425 prteesse
1560 1355 1752 1418 nescit,
1781 1353 2049 1424 quomodo
2077 1350 2333 1406 Ecclesia:
2363 1351 2454 1406 Dei
2486 1352 2819 1420 diligentiam
2849 1352 3107 1409 habebit?
3138 1353 3251 1409 Non
3285 1355 3642 1426 ncopbyttun,
3662 1355 3710 1408 8.

428 1457 498 1502 ne
535 1465 586 1503 tn
624 1450 931 1519 Superbiam
964 1452 1245 1523 elatus,in
1287 1451 1549 1522 judicium
1591 1452 1795 1507 incidat
1824 1450 2043 1513 diaboli,
2078 1467 2141 1504 ne
2179 1450 2383 1520 jmlicet
2430 1467 2483 1504 se
2520 1466 2631 1504 esse
2666 1467 2933 1521 magnum,
2964 1461 3009 1503 et
3037 1462 3298 1513 sanctum,
3321 1452 3451 1505 sicut
3476 1451 3713 1508 diabolus

418 1540 679 1615 judicavit
700 1563 754 1601 se
783 1547 1035 1617 (rqualem
1072 1549 1193 1603 Deo.
1230 1549 1453 1619 Oportet
1489 1557 1667 1603 autem
1703 1548 1849 1601 illum
1895 1556 1949 1601 et
1977 1547 2342 1601 testimonium
2387 1546 2588 1601 habere
2637 1547 2837 1601 bonum
2867 1547 2934 1602 ab
2965 1547 3030 1601 iis
3058 1548 3147 1617 qtti
3181 1546 3313 1601 foris
3341 1556 3491 1608 sunt.
3525 1558 3584 1601 ut
3614 1564 3712 1601 ιιιιι.

427 1639 480 1693 in
512 1641 859 1711 opprobrium
891 1644 1108 1707 incidat,
1137 1655 1184 1697 et
1218 1645 1269 1708 9,
1313 1645 1388 1698 i0.
1423 1645 1474 1698 in
1504 1643 1753 1713 laqueum
1796 1642 2016 1697 diaboli.
2048 1642 2314 1696 Diaconos
2342 1634 2594 1697 similiter
2629 1645 2852 1713 pudicos
2893 1654 3093 1710 oportet
3128 1661 3256 1708 esse,
3294 1660 3397 1698 non
3430 1645 3711 1715 bilingues,

430 1753 535 1791 non
570 1738 739 1793 ιιιιιΙιυ
777 1738 898 1793 \ino
932 1741 1168 1805 deditos,
1199 1757 1302 1794 non
1345 1749 1498 1811 turpe
1531 1740 1738 1795 lucrum
1768 1744 2071 1805 sectantes,
2106 1740 2191 1793 11.
2240 1740 2501 1795 habentes
2547 1741 2862 1812 mysterium
2893 1740 3042 1799 ﬁdei.
3077 1744 3215 1813 quod
3236 1741 3384 1813 jubet
3413 1740 3712 1797 Christiana

428 1828 561 1899 ﬁdes
588 1873 603 1898 ,
648 1834 700 1887 in
734 1835 1061 1889 conscientia
1097 1852 1247 1905 pura.
1279 1836 1343 1890 Et
1374 1837 1424 1890 hi
1458 1846 1662 1900 autem,
1692 1836 1901 1889 diaconi
1944 1845 1991 1889 et
2020 1837 2195 1890 caueri
2248 1836 2545 1905 probentur
2600 1837 2867 1907 primum;
2916 1846 2969 1892 et
3010 1839 3090 1894 sic
3135 1840 3462 1905 tuiuiSIrent,
3514 1841 3713 1897 nullum

430 1931 638 1985 crimen
672 1931 955 1987 haben'es.
989 1932 1259 1994 Mulieres,
1309 1934 1733 1987 sanctimoniales
1778 1933 2033 1988 similiter
2067 1932 2312 2003 pudicas,
2349 1934 2439 1989 12.
2494 1950 2599 1989 non
2639 1934 3000 1997 detrahentes,
3036 1937 3267 2002 sobrias,
3308 1937 3490 1992 ﬁdeles
3525 1938 3576 1993 in
3606 1955 3715 1991 om-

432 2030 612 2083 nibus.
646 2032 863 2088 Diaconi
906 2034 1012 2087 sint
1067 2033 1225 2088 unius
1254 2034 1437 2088 uxoris
1469 2034 1591 2099 viri,
1621 2034 1710 2103 qui
1745 2033 1868 2087 ﬁliis
1910 2034 2023 2088 suis
2060 2032 2198 2087 bene
2235 2032 2385 2097 prius
2415 2033 2657 2103 praesint,
2702 2043 2757 2089 et
2799 2035 2912 2088 suis
2959 2033 3230 2090 domibus.
3283 2034 3433 2089 Ratio
3461 2052 3557 2089 cur
3592 2037 3712 2089 tales

432 2120 650 2176 debeant
681 2142 810 2180 esse.
844 2127 945 2196 Qui
982 2128 1124 2185 enim
1160 2130 1298 2185 bene
1338 2132 1788 2194 tuinistravertnt,
1821 2131 1904 2184 1⁸5.
1939 2130 2161 2200 gradum
2185 2129 2407 2191 bonum,
2456 2130 2726 2194 honorem,
2756 2129 2856 2183 sibi
2887 2129 3191 2200 acquirent,
3229 2132 3353 2197 (non
3384 2130 3438 2183 in
3478 2133 3713 2197 presenti

430 2217 624 2273 sa'cnlo
657 2220 807 2294 dicit)
857 2232 909 2279 et
944 2226 1164 2280 tnultam
1198 2227 1446 2281 iiduriam
1472 2227 1669 2305 habere
1716 2228 1914 2297 possint
1968 2227 2019 2279 in
2065 2225 2229 2296 188
2277 2226 2402 2291 ﬁde,
2431 2242 2551 2296 qum
2589 2234 2671 2283 est
2702 2227 2754 2281 in
2784 2224 3002 2282 Christo
3030 2225 3176 2282 .Iesu.
3233 2225 3356 2281 ll.ee
3404 2236 3513 2279 tam
3554 2241 3713 2296 pauca

1771 2315 2349 2374 COMMENTARIUS.

430 2413 650 2475 putasse
678 2403 819 2463 iduio
851 2426 971 2466 esse
1027 2413 1393 2476 serviendum,
1424 2412 1517 2467 sed
1549 2411 1825 2467 blanditiis
1864 2411 2016 2467 ierui-
2049 2418 2094 2473 Λ
2126 2409 2418 2475 intendat,
2474 2426 2660 2468 curam
2726 2425 2916 2467 eorum
2970 2410 3176 2467 scilicet
3241 2425 3457 2482 gerens.
3522 2408 3713 2481 Scopas

431 2499 548 2554 uefs
576 2500 639 2553 ad
670 2496 755 2555 illa
786 2501 1072 2573 sacr.l'gia
1108 2503 1273 2559 l'u'ssc
1302 2503 1661 2575 compulsum.
1693 2503 1768 2557 Ita
1793 2503 2024 2558 credes-

431 2590 559 2646 dum
584 2602 665 2649 est
697 2593 846 2650 illum
879 2596 1052 2650 virum
1103 2614 1214 2651 sum
1249 2595 1466 2653 feusiuae
1492 2596 1606 2662 ttni,
1654 2612 1820 2650 unum
1851 2594 2027 2649 homi-

434 2698 555 2739 nem
587 2685 791 2742 homini
840 2688 1125 2759 conjngem
1151 2687 1390 2759 conjugi,
1414 2689 1481 2743 ad
1515 2688 1684 2757 legem
1717 2687 1808 2741 Dei
1842 2695 2023 2741 trans-

431 2775 779 2845 grealiendatn
805 2793 913 2835 non
942 2787 1198 2851 tanquam
1224 2794 1409 2835 verum
1436 2779 1674 2848 lo:prenti
1730 2776 2026 2833 credidisse

432 2870 738 2935 seductum,
772 2873 869 2927 sed
908 2873 1094 2928 sociali
1127 2873 1528 2928 necessitudine
1556 2874 1823 2943 paruisse.

508 2963 594 3017 1‘2.
627 2962 825 3020 LA'M-‘lt.
878 2967 1045 3020 Adam
1077 2982 1183 3022 non
1234 2977 1307 3020 est
1360 2966 1625 3020 seductus.
1684 2961 2025 3019 Scdnetusin

431 3066 497 3107 ca
522 3069 580 3107 re
611 3054 662 3108 in
691 3070 795 3124 qua
845 3055 985 3116 Eva;
1021 3071 1195 3127 neque
1223 3056 1368 3110 enim
1418 3054 1502 3110 vel
1558 3055 1751 3120 Dento,
1792 3051 1876 3107 vel
1932 3050 2028 3108 Dei

435 3145 667 3201 similem
708 3161 807 3216 pro
848 3148 993 3219 potui
1024 3150 1357 3203 conrestione
1404 3148 1640 3201 l'uturum
1669 3162 1789 3201 esse
1819 3159 1876 3200 se
1905 3160 2029 3200 ere-

438 3236 597 3302 didit,
619 3237 1032 3310 certissinzeque
1060 3254 1122 3297 se
1152 3248 1381 3297 noverat
1401 3240 1540 3297 male
1566 3238 1770 3303 lacere;
1799 3247 1851 3293 et
1876 3253 2027 3292 men--

435 3322 649 3385 dat-ium
700 3334 999 3405 essequod
1049 3333 1379 3389 suadebatur
1405 3333 1507 3389 sibi
1558 3349 1586 3386 a
1650 3332 2027 3396 ιιιιιιίυιόςεσειι

438 3431 726 3495 utrumque
745 3440 913 3506 posse
932 3425 1047 3483 ﬁeri
1066 3426 1422 3488 existimavit,
1451 3448 1465 3477 ι
1487 3434 1507 3480 ι
1530 3424 1682 3480 uxori
1696 3440 1807 3480 suae
1822 3439 2029 3479 morem

436 3516 647 3584 ge:e‘c.
693 3528 748 3571 et
802 3518 1005 3589 peracti
1048 3516 1271 3576 sceleris
1313 3527 1433 3571 acta
1490 3516 1810 3587 pmnitenzia
1861 3530 1890 3568 a
1918 3514 2030 3570 Deo

438 3619 596 3673 posse.
637 3607 848 3662 veniam
872 3607 1136 3663 obtinere.
1181 3607 1353 3663 Minus
1370 3623 1501 3679 ergo
1527 3607 1883 3678 ptccavitqui
1910 3621 2035 3676 pte--

439 3697 643 3753 nileudi
678 3700 1027 3756 intentionem
1053 3701 1243 3756 habuit
1269 3717 1432 3771 quam
1462 3716 1522 3754 ea
1574 3715 1694 3768 qum
1749 3712 1923 3767 neque
1964 3697 2031 3751 de

2127 2501 2327 2573 quippe
2390 2500 2619 2558 intentio
2692 2512 2807 2569 est;
2874 2518 3005 2574 ergo
3052 2503 3359 2561 ἔπισκοπεῐν
3406 2504 3451 2559 si
3501 2502 3711 2558 velimus

2127 2590 2321 2648 Latine
2350 2595 2773 2663 superintendere
2810 2609 3098 2665 possumus
3139 2594 3342 2657 dicere,
3375 2604 3434 2647 ut
3460 2593 3711 2664 intelligat

2129 2700 2235 2739 non
2272 2699 2332 2740 se
2379 2699 2501 2741 esse
2545 2684 2858 2755 episcopum
2890 2683 2982 2754 Qui
3034 2698 3266 2754 put-esse
3314 2682 3586 2749 dilexerit,
3614 2698 3709 2736 non

2129 2776 2391 2846 prodesse
2417 2786 2594 2831 curat.

2198 2868 2252 2923 2.
2294 2867 2496 2925 Laure.
2545 2868 2941 2938 EpiscOpatum.
3008 2866 3369 2939 Episcopatus
3417 2875 3503 2922 est
3564 2881 3710 2937 super

2133 2974 2288 3014 suam
2326 2969 2383 3015 et
2405 2959 2631 3014 aliormn
2666 2959 2833 3012 vitam
2866 2959 3123 3021 intentio,
3145 2958 3287 3029 quod
3313 2958 3404 3029 qui
3433 2958 3707 3021 desiderat,

2131 3051 2335 3105 bonum
2362 3064 2500 3121 opus
2530 3049 2825 3106 desiderat.
2934 3064 2937 3065 '
3528 3046 3531 3049 ’

2200 3142 2256 3198 5.
2297 3140 2463 3197 Unius
2492 3144 2694 3207 uxoris,
2730 3142 2784 3197 id
2816 3152 2919 3209 est,
2945 3157 3038 3212 qut
3067 3156 3229 3196 ouant
3263 3150 3475 3196 tantum
3504 3150 3708 3219 uxorem

2133 3236 2430 3301 habuerit,
2484 3236 2565 3290 vel
2622 3236 2675 3291 in
2725 3235 2863 3291 laica
2913 3248 3147 3308 persona
3176 3275 3191 3300 ,
3240 3231 3321 3287 vel
3372 3232 3426 3287 in
3476 3231 3710 3304 gradibus

2131 3325 2317 3383 licitis.

2202 3422 2256 3476 ll.
2298 3422 2622 3477 Aunuosits.
2664 3420 2930 3482 Sobrium,
2980 3420 3055 3475 ita
3099 3428 3157 3474 ut
3198 3434 3319 3475 cum
3369 3414 3708 3473 SOlliCiitldlbt.

2132 3514 2431 3587 prospiciat
2457 3528 2519 3568 ea
2556 3528 2677 3584 qua:
2701 3511 3047 3566 coniveiiiunt.

2206 3605 2258 3661 5.
2300 3606 2582 3671 Ornatam,
2614 3605 3049 3669 conversatione,
3072 3614 3240 3666 motu,
3273 3602 3480 3673 specie.

2204 3696 2259 3752 6.
2298 3696 2582 3761 I’udicum,
2631 3712 2698 3751 eo
2751 3696 2897 3765 quod
2947 3694 2999 3749 in
3046 3708 3336 3749 commune
3388 3693 3623 3747 virorum
3665 3696 3706 3744 et

442 3791 762 3855 poenitentia
800 3807 976 3861 neque
996 3792 1063 3847 de
1086 3792 1239 3847 venia
1268 3792 1321 3847 in
1357 3792 1804 3861 praevaricatione
1826 3788 2031 3859 aliquid
2065 3780 2105 3839 Β
2137 3788 2425 3843 mulierum
2452 3788 2802 3843 constituitur
2826 3788 3033 3841 doctor.

436 3881 722 3950 cogitavit,
753 3883 844 3938 sed
901 3883 1068 3939 Deum
1104 3884 1320 3954 Deoque
1350 3883 1580 3939 similem
1611 3886 1790 3955 potius
1820 3899 1917 3955 per
1952 3884 2034 3938 iu-

436 3972 667 4028 obedicn
697 3973 802 4030 iam
834 3992 889 4031 se
916 3975 1032 4031 fore
1060 3978 1316 4033 existima
1329 3979 1418 4033 vit.

514 4065 601 4121 15.
632 4066 872 4123 Asianos.
897 4068 1064 4123 Alam
1098 4080 1295 4125 nonest
1320 4070 1589 4137 seductus,
1621 4085 1687 4125 eo
1712 4069 1857 4140 quod
1891 4066 2035 4128 illius

434 4157 569 4215 sedo
609 4158 771 4217 t'onis
796 4160 988 4216 tnulier
1018 4178 1177 4217 causa
1214 4163 1432 4217 viletur
1456 4164 1753 4219 exstitisse.

516 4250 599 4305 Η.
631 4250 939 4308 Saluabitur
988 4264 1185 4309 autem.
1240 4253 1491 4312 Ostendit
1538 4257 1683 4327 quod
1736 4255 1915 4312 salute
1951 4254 2032 4310 vi-

431 4344 599 4401 detur
625 4347 782 4419 digna
812 4364 932 4404 esse
958 4350 1244 4422 progenies
1273 4366 1362 4422 pet
1402 4366 1497 4406 eas
1530 4349 1784 4405 mulieres
1814 4346 1933 4419 quze
1966 4348 2035 4403 ad

440 4437 697 4506 pietatem
738 4440 1051 4511 resp'ciunt.
1093 4439 1202 4498 Nec
1242 4442 1311 4500 de
1346 4441 1457 4497 Eva
1496 4442 1598 4499 hoc
1629 4442 1791 4507 dixit,
1840 4442 1933 4496 sed
1969 4441 2035 4495 de

440 4528 643 4597 genere
674 4528 931 4599 loquitur.

520 4621 604 4675 15.
628 4621 864 4680 Aecusr.
883 4624 1088 4697 (στρος.
1115 4625 1169 4681 in
1187 4626 1323 4696 psal.
1338 4625 1561 4695 Lxxxv).
1578 4625 2034 4680 Sttlt'atttranlem.

439 4702 758 4771 Salvabitur
787 4733 914 4788 ergo
940 4717 1155 4782 mulier,
1182 4733 1302 4788 qua:
1330 4717 1383 4772 in
1414 4725 1542 4789 typo
1565 4717 1747 4771 carnis
1774 4715 2039 4785 accipitur

445 4821 549 4878 per
569 4806 801 4863 ﬁliorum
834 4811 1263 4882 generationem,
1315 4811 1367 4866 id
1407 4821 1509 4873 est,
1570 4810 1614 4866 si
1676 4809 1840 4863 faciat
1898 4809 2038 4864 bona

442 4915 613 4970 Opera
656 4903 775 4973 (sed
820 4919 925 4960 non
971 4903 1302 4977 ubicunque)
1334 4904 1385 4960 in
1420 4905 1522 4961 ﬁde
1549 4922 1703 4970 vera,
1735 4903 1785 4957 iu
1822 4902 1851 4957 li
1879 4905 1923 4956 'e
1945 4918 2039 4957 ca-

444 4993 673 5064 tholica,
725 4995 775 5052 in
830 4995 943 5055 so.i
977 5004 1000 5054 t
1034 5005 1087 5054 te
1118 5004 1280 5054 ttnius
1339 4997 1595 5054 Ecclesia:
1648 4995 1824 5069 pariat
1872 5008 2037 5067 opera

442 5105 573 5158 sua;
606 5102 890 5169 propterea
916 5103 971 5149 et
1000 5097 1065 5150 de
1100 5093 1188 5151 ila
1235 5111 1358 5151 erm
1388 5107 1704 5165 quereretur
1724 5091 2036 5164 Apo~toius,

442 5183 682 5254 Subjecit
712 5204 724 5239 :
755 5185 917 5249 Salva
940 5200 1110 5243 autem
1139 5190 1237 5245 erit
1263 5206 1353 5261 per
1375 5187 1604 5257 ﬁliorum
1626 5189 2037 5259 generationem,

446 5279 496 5333 si
514 5280 859 5347 permanserit
899 5282 953 5336 in
979 5264 1083 5340 ﬁde
1101 5323 1116 5348 ,
1143 5292 1192 5339 et
1221 5281 1498 5337 dilec:ione
1526 5291 1572 5335 et
1602 5282 2036 5351 sanctiﬁcatione.

478 5376 481 5381 '
521 5370 675 5427 CAP.
715 5372 803 5428 Ill.
854 5403 922 5414 -—
970 5375 1021 5428 1.
1063 5373 1306 5430 Aucvsr.
1350 5372 1465 5443 (lib.
1514 5389 1544 5427 ιι
1598 5370 1676 5426 De
1726 5374 1868 5429 civit.
1927 5372 2045 5439 Dei,

446 5477 567 5533 cap.
602 5464 713 5527 19).
743 5464 804 5521 Si
824 5466 939 5537 quis
969 5468 1343 5537 episcopatum.
1374 5464 1462 5520 Ait
1484 5463 1775 5536 Apostolus
1806 5482 1818 5520 :
1845 5463 1901 5520 Si
1929 5466 2047 5539 quis

445 5569 807 5628 episcopatum
838 5562 1126 5635 desiderat,
1151 5562 1342 5617 bonum
1375 5577 1507 5631 opus
1544 5560 1829 5615 desiderat.
1860 5558 2043 5632 Expo-

409 5708 417 5713 ,
453 5662 585 5703 nere
637 5648 805 5707 voluit
834 5651 964 5725 quid
1007 5654 1081 5710 sit
1128 5653 1494 5725 episcopatus,
1544 5650 1671 5725 quia
1720 5664 1916 5705 nomen
1961 5660 2047 5705 est

448 5756 523 5807 op
562 5738 655 5809 ris,
688 5755 793 5797 non
818 5740 1061 5799 honoris.
1107 5744 1353 5801 Graecum
1400 5752 1483 5799 est
1529 5740 1674 5799 enim
1717 5750 1880 5812 atque
1926 5740 2047 5797 inde

452 5830 675 5887 ductum
708 5832 1045 5893 vocabulum.
1072 5837 1214 5896 quod
1243 5836 1328 5893 ille
1377 5836 1465 5901 qui
1498 5835 1809 5899 tmvﬁcitur,
1858 5849 2041 5899 supcr-

2203 3883 2255 3935 7.
2300 3880 2500 3935 Lssrn.
2537 3877 2594 3935 Si
2638 3879 2753 3951 quis
2803 3889 2977 3933 autem
3018 3876 3198 3932 domui
3246 3890 3380 3942 sure,
3426 3884 3534 3931 etc.
3575 3869 3699 3928 Talis

2133 3973 2293 4030 debet
2350 3972 2473 4044 eligi
2506 3968 2611 4043 'qui
2670 3972 2807 4026 sciat
2836 3968 3015 4024 domui
3063 3982 3176 4022 sure
3202 3979 3470 4038 prmesse;
3519 3962 3706 4019 nescius

2134 4066 2277 4121 enim
2314 4063 2563 4129 minoris,
2592 4063 2803 4134 ignorat
2835 4060 3064 4130 majora.

2205 4159 2259 4214 8.
2302 4156 2540 4211 Αιιῐιιιοε.
2583 4154 2649 4209 In
2689 4153 2986 4222 superbiam
3018 4152 3209 4206 elatus.
3259 4148 3413 4207 Unde
3468 4146 3705 4205 extollens

2135 4265 2193 4306 se
2222 4258 2444 4320 propter
2484 4244 2876 4318 magisterium,
2908 4243 3045 4299 nihil
3086 4241 3265 4298 didert
3314 4257 3345 4296 a
3393 4239 3601 4296 diabolo
3625 4236 3703 4307 qui

2138 4341 2384 4397 minister
2429 4337 2523 4394 Dei
2552 4347 2775 4394 creatus
2803 4346 2905 4396 est.
2952 4334 3176 4391 adnisus
3206 4343 3292 4390 est
3320 4332 3426 4389 sibi
3454 4346 3633 4389 nomen
3658 4334 3704 4380 et

2136 4432 2401 4490 honorem
2431 4431 2545 4487 Dei.

2207 4528 2259 4582 9.
2305 4525 2369 4580 In
2397 4526 2638 4596 laqueum
2671 4522 2889 4577 diaboli.
2919 4522 3038 4577 Alia
3087 4536 3274 4584 causa,
3324 4519 3378 4575 id
3431 4528 3534 4585 est,
3577 4513 3701 4570 neiu

2137 4618 2358 4689 antiqua
2388 4616 2689 4689 praecipitet
2719 4616 2914 4671 delicta
2980 4631 3045 4672 eo
3088 4613 3231 4685 quod
3278 4628 3453 4685 nuper
3481 4612 3546 4666 ab
3579 4622 3704 4665 este

2142 4713 2377 4768 rioribus
2415 4711 2705 4766 recessisse
2734 4710 2968 4764 videtur.
3190 4714 3191 4717 ‘

2212 4805 2300 4862 10.
2343 4804 2541 4860 Laure.
2577 4802 2640 4857 In
2674 4803 2917 4875 laqueum
2948 4800 3166 4857 diaboli.
3216 4797 3369 4855 Solet
3417 4794 3621 4855 evenire
3651 4789 3704 4844 iis

2139 4898 2231 4969 qui
2270 4898 2339 4951 ab
2370 4895 2491 4952 aliis
2521 4894 2918 4966 deSpiciuntur,
2948 4902 3009 4949 ut
3043 4891 3413 4964 despicientes
3441 4905 3500 4946 se
3540 4894 3594 4943 et
3624 4875 3704 4953 ipsi

2140 4987 2460 5060 despiciant,
2486 4994 2541 5043 et
2570 4987 2650 5043 sic
2673 4984 2725 5040 in
2751 4985 2886 5039 iram
2901 4992 2963 5040 ‘et
2983 4983 3190 5047 odium,
3213 4989 3268 5038 et
3288 4991 3520 5036 etet-eros
3540 4969 3707 5033 diaboli

2140 5081 2365 5153 laqueos
2393 5080 2654 5137 incidant.

2216 5174 2303 5230 11.
2365 5174 2605 5231 Animos.
2674 5170 2937 5227 Habentes
3013 5166 3340 5241 mysterium.

2143 5277 2303 5325 vocat
2328 5268 2456 5324 illud
2484 5269 2675 5338 dogma
2704 5264 2851 5337 quod
2876 5263 3052 5321 estde
3075 5261 3314 5319 Christo.

2217 5366 2311 5427 12.
2351 5365 2471 5421 Non
2522 5362 2870 5419 detrahentes.
2935 5358 3011 5413 Eo
3076 5356 3219 5427 quod
3268 5352 3575 5410 necessarie
3615 5342 3706 5400 licn'

2147 5465 2319 5523 soleat
2347 5473 2405 5517 ut
2436 5468 2648 5518 caelone
2679 5454 2935 5510 mulieres
2956 5440 3378 5509 conﬁdenter'ea
3403 5459 3521 5518 qua:
3547 5441 3707 5499 desunt

2152 5558 2407 5617 referant.
2438 5552 2443 5555 ’

2226 5651 2311 5707 15.
2355 5646 2590 5705 Crudum
2646 5643 2858 5700 bonum.
2890 5642 2895 5651 '
2931 5636 3047 5695 Non
3122 5637 3174 5692 in
3229 5631 3482 5709 prmsenti
3542 5621 3703 5687 seruio

2156 5743 2305 5801 dicit.

3426 5159 3707 5237 Hysteritutt
