3864 6300
115 414 199 468 351
786 411 851 466 IN
891 411 951 466 ι).
993 411 1196 488 PAULI
1234 410 1453 473 EPIST.
1492 411 1846 470 COMMENT.
1882 440 1948 454 --
1989 411 2208 469 EPIST.
2246 412 2266 468 ι
2298 412 2391 469 AD
2431 411 2568 468 ΤΙΜ.
3219 413 3326 474 358

115 529 202 584 lam
241 527 587 584 occasionem
629 528 772 583 dare
822 531 1178 596 adversario,
1229 548 1334 601 quo
1374 533 1536 601 possit
1587 548 1677 586 cas
1697 530 1798 585 sibi
1847 531 2132 596 uindicare,
2182 529 2451 586 maledicti
2500 531 2692 599 gratia,
2742 529 2860 586 Jazn
2899 533 3044 588 enim
3087 536 3333 606 quredam

115 639 356 683 conversae
385 635 510 680 sunt
539 634 684 680 retro
713 624 996 691 Satanam,
1019 636 1283 696 sequentes
1311 626 1484 680 illam.
1523 627 1579 680 Si
1607 627 1729 696 quis
1759 625 1931 684 lidelis
1961 626 2121 680 habet
2158 626 2368 687 viduas.
2397 625 2538 693 apud
2585 641 2640 680 se
2687 640 3043 696 congregatas,
3074 631 3338 685 submini-

115 731 228 776 sttet
247 720 378 782 .illis,
411 721 466 773 id
489 731 590 789 est,
617 723 802 776 viderit
828 724 964 778 unde
998 723 1118 776 illas
1157 733 1334 792 regat,
1365 739 1471 778 non
1510 731 1768 793 gravetur
1796 723 2052 785 Ecclesia,
2083 724 2236 792 191
2264 721 2742 777 subministratione
2765 740 2969 790 earum,
3024 736 3083 780 ut
3121 725 3186 781 iis
3220 743 3339 796 qua:

115 828 218 868 vere
242 813 406 866 vidua
429 825 560 867 stunt
594 813 842 869 subiciat.
896 814 1000 882 Qui
1034 815 1170 869 bene
1202 824 1436 884 pransum
1466 813 1812 885 presbyteri,
1851 814 2044 882 duplici
2090 815 2291 867 honore
2329 813 2471 882 digni
2505 811 2824 878 habeantur,
2872 816 3038 868 verbis
3061 857 3074 879 ,
3106 827 3151 870 et
3187 819 3338 872 rebus

114 906 428 966 hortarentur;
470 904 549 958 rel
579 905 769 973 iuajori
801 921 959 969 quam
997 905 1124 971 alii,
1160 905 1394 960 maxime
1422 905 1514 974 qui
1546 904 1792 960 laborant
1822 903 1874 958 in
1917 904 2111 969 verbo,
2141 907 2209 956 ad
2240 921 2404 958 mores
2424 944 2439 967 ,
2480 913 2536 958 et
2565 905 2842 969 doctrina,
2879 907 2948 959 ad
2975 907 3152 973 ﬁdem.
3201 907 3341 964 Dicit

114 995 231 1048 enim
267 993 546 1063 Scriptura
589 1012 604 1050 ε
652 994 768 1052 Non
803 996 1055 1068 .alligabis
1084 1013 1146 1054 os
1190 996 1308 1051 bovi
1351 996 1626 1061 trituranti
1653 1037 1668 1061 ,
1707 1005 1783 1060 et,
1826 997 2019 1064 dignus
2049 1007 2131 1050 est
2160 987 2443 1066 operarius
2475 998 2720 1050 Inerccdc
2765 1012 2880 1050 sua.
2935 999 3019 1053 l8.
3069 1000 3341 1055 Adversus

114 1085 448 1157 presbyterum
479 1087 882 1144 accusationem
921 1089 1150 1158 cujusris
1184 1089 1291 1144 noli
1332 1089 1596 1159 recipere,
1627 1089 1729 1150 nisi
1761 1088 1862 1142 sub
1895 1087 2136 1153 duobus,
2175 1098 2269 1141 aut
2306 1088 2392 1143 t9.
2433 1089 2601 1143 tribus
2643 1088 2894 1160 testibus.
2923 1088 3011 1142 20.
3048 1072 3341 1148 Peeiantes

115 1192 264 1232 rorant
290 1176 538 1231 onmibus
576 1193 764 1247 argue,
807 1187 947 1232 utet
983 1179 1163 1233 cancri
1199 1179 1447 1233 timorem
1494 1179 1752 1234 habeant.
1786 1176 1980 1231 Testor
2008 1193 2193 1232 coram
2243 1176 2350 1230 Deo
2380 1186 2433 1231 et
2472 1177 2687 1233 Christo
2716 1175 2875 1240 Iesu,
2935 1165 3126 1250 adjuro
3151 1220 3166 1244 ,
3215 1191 3341 1234 teste

116 1265 221 1329 Deo,
255 1275 304 1324 et
329 1266 517 1322 electis
547 1269 780 1338 angelis,
813 1286 914 1324 non
950 1270 1209 1338 reprobis,
1243 1279 1300 1324 ut
1333 1271 1445 1325 lucc
1481 1270 1754 1324 custodias
1797 1271 1912 1323 sine
1942 1268 2274 1338 pra-judicio,
2309 1262 2708 1339 dijudicatione,
2742 1270 2797 1323 id
2840 1281 2914 1324 est
2939 1312 2951 1332 ,
2997 1257 3365 1354 lliscrrtionc,’

115 1356 223 1410 nihil
250 1357 443 1414 faciens
472 1359 525 1414 in
555 1359 779 1415 alteram
816 1372 1022 1432 partem
1058 1361 1397 1424 declinando,
1429 1377 1546 1432 qua:
1584 1361 1895 1416 declinanda
1937 1361 2021 1415 sit.
2053 1361 2241 1416 Manus
2267 1361 2376 1416 cito
2405 1361 2604 1415 ι.θιιιίιιί
2632 1363 2700 1414 ad
2733 1363 2928 1430 gradus
2958 1352 3341 1418 ecclesiasticos

113 1447 282 1504 dandos
342 1450 668 1521 imposueris
692 1492 707 1517 ,
755 1453 1009 1506 neniinrm
1041 1453 1144 1506 cito
1177 1453 1533 1517 ordinaveris.
1575 1469 1748 1523 neque
1767 1454 1858 1509 2|.
1899 1453 2387 1510 commnuicaveris
2429 1456 2667 1524 peccatis
2704 1455 2914 1511 alienis.
2957 1457 3050 1511 22.
3087 1457 3340 1525 Teipsum

115 1548 292 1593 castum
318 1542 551 1596 custodi.
584 1541 688 1606 25,
735 1542 823 1596 ει.
856 1543 972 1599 Noli
1018 1544 1193 1598 adlmc
1224 1559 1419 1613 aquam
1469 1543 1671 1605 bibere,
1706 1545 1801 1598 sed
1843 1546 2053 1599 modico
2083 1545 2413 1619 vino__ut_cre,
2447 1556 2665 1614 propter
2702 1549 3040 1604 stomachum
3071 1533 3218 1604 ιιιιιιιι
3239 1591 3254 1615 ,
3287 1563 3342 1607 et

116 1627 387 1700 frequentes
423 1641 546 1688 tuas
597 1635 942 1692 infirmitates
983 1637 1074 1707 (ad
1111 1639 1208 1690 hoc
1248 1639 1386 1709 quod
1414 1639 1579 1702 dixit,
1627 1639 1737 1692 sine
1763 1637 2074 1707 pra'judicio
2113 1638 2244 1694 nihil
2286 1639 2531 1711 faciem).
2567 1642 2658 1705 25,
2694 1641 2785 1708 26,
2832 1642 2920 1696 27.
2973 1645 3342 1710 Quorumdam

114 1723 356 1780 hominum
381 1736 608 1794 peccata
644 1728 927 1783 manifesta
959 1739 1106 1794 sunt,
1138 1741 1258 1783 ante
1293 1729 1693 1792 discussionem,
1725 1730 2080 1799 pnccedentia
2108 1730 2175 1782 ad
2196 1726 2459 1797 judicium
2491 1747 2503 1781 :
2537 1733 2626 1800 qui
2653 1731 2874 1784 latenter
2901 1745 3135 1802 peccant,
3163 1752 3342 1788 eorum

114 1828 290 1884 peccatu
320 1819 371 1871 in
412 1821 581 1888 ipsius
599 1820 796 1891 judicii
827 1821 1148 1875 discussione
1175 1821 1620 1887 ntanifestantur;
1649 1821 1938 1889 quosdam,
1971 1819 2046 1875 vel
2079 1823 2428 1891 quorumdam
2454 1831 2635 1877 autem
2676 1832 2731 1875 ct
2767 1823 3192 1893 subsequuntur;
3222 1827 3341 1895 qui-

116 1912 214 1968 dam
239 1913 434 1981 quiduu
461 1927 610 1979 ante,
641 1916 799 1986 192
827 1918 1040 1986 quidam
1065 1927 1179 1985 post
1212 1918 1658 1988 disquisitionem;
1689 1915 1938 1970 similiter
1967 1923 2020 1971 et
2051 1916 2188 1971 facta
2218 1917 2355 1971 bona
2385 1917 2666 1971 manifesta
2700 1926 2853 1981 sunt;
2886 1929 2937 1972 et
2969 1935 3089 1989 qua:
3119 1920 3210 1974 28.
3239 1921 3344 1976 ali-

119 2017 181 2066 tet
205 2023 256 2062 se
278 2010 468 2072 habent
493 2012 574 2066 (id
597 2027 694 2078 est,
720 2029 837 2082 qua:
878 2013 1018 2066 ntala
1045 2022 1188 2078 sunt,
1220 2011 1293 2066 vel
1324 2013 1480 2076 bona,
1509 2026 1624 2081 qua:
1659 2011 1939 2079 numifesta
1969 2028 2072 2064 non
2099 2009 2265 2081 sunt),
2298 2010 2554 2064 abscondi
2583 2026 2688 2064 non
2720 2021 2967 2082 possunt.

1535 2123 1761 2180 CAPUT
1790 2122 1873 2178 Vl.

172 2232 458 2309 Quicunque
487 2248 618 2292 sunt
646 2239 748 2295 Sub
773 2240 903 2310 ξιιᾳο
929 2239 1156 2292 hominis
1183 2238 1356 2305 ﬁdelis
1398 2237 1537 2292 servi
1574 2235 1883 2299 Christiani,
1914 2237 2163 2290 dominos
2198 2249 2324 2288 suos
2353 2236 2501 2289 ontni
2532 2237 2736 2291 honore
2769 2237 2960 2308 dignos
2989 2239 3339 2312 arbitrentur,

122 2325 160 2379 l.
189 2344 244 2381 ne
266 2339 448 2385 nomen
482 2331 698 2387 Domini
723 2341 778 2388 et
801 2331 1045 2385 doctrina
1077 2330 1501 2385 blasohcmetur.
1527 2329 1627 2395 Qui
1657 2339 1837 2382 autem
1868 2327 2051 2382 fideles
2079 2327 2278 2380 habent
2305 2326 2568 2387 dominos,
2600 2342 2704 2381 non
2733 2339 3103 2395 contemnant,
3128 2334 3183 2389 2.
3217 2339 3340 2406 quia

1423 2435 1995 2492 COMMENTARIUS.

172 2530 243 2586 l8.
279 2531 532 2587 Adversus
562 2533 937 2603 presbyterum.
970 2531 1252 2601 Prospein
1275 2545 1404 2602 ergo
1427 2533 1655 2603 Aposto—
1687 2543 1728 2596 Α
1759 2547 1825 2584 ex
1865 2539 2016 2600 parte
2057 2528 2469 2600 perspiciantur,
2507 2544 2605 2584 nec
2653 2530 2815 2586 ullam
2864 2547 2928 2587 ex
2974 2534 3057 2589 his
3104 2537 3347 2594 nocuita-

119 2619 184 2676 lus
211 2637 355 2693 quam
390 2621 550 2678 facile
601 2625 861 2678 adversus
901 2623 1246 2694 presbyteros
1289 2622 1661 2677 accusationes

118 2720 298 2775 adnasci
313 2731 558 2791 possunt,
576 2735 644 2774 eo
662 2720 802 2790 quod
820 2720 1088 2773 interdum
1106 2719 1380 2788 increpant
1403 2719 1663 2772 obnoxtos

119 2813 414 2879 pm‘amissis
440 2813 677 2867 deliciis.

171 2901 464 2957 latura.
507 2902 702 2958 Tribus
740 2902 954 2956 testibus
978 2941 993 2967 ,
1023 2901 1075 2955 id
1102 2909 1206 2966 est,
1249 2901 1350 2958 nisi
1381 2912 1663 2958 accusator

122 2991 281 3048 habeat
313 2997 440 3050 duos
492 3005 594 3050 aut
670 3003 778 3050 tres
822 3004 986 3050 testes
1032 2994 1279 3052 criminis
1335 2995 1490 3072 quod
1530 3010 1656 3067 cou-

125 3089 279 3144 tendit.

153 3179 246 3233 20.
266 3181 494 3238 Aucrsr.
527 3181 651 3252 (lib.
679 3180 754 3236 De
779 3182 918 3236 verb.
946 3181 1099 3236 Dom;
1128 3196 1295 3236 serm.
1321 3181 1406 3246 l6,
1430 3196 1550 3251 cap.
1577 3181 1651 3250 7).

123 3269 375 3330 Pcccantes.
417 3277 560 3347 Ergo
597 3277 711 3347 ipsa
745 3277 1084 3345 corripienda
1111 3285 1237 3332 sunt
1266 3291 1450 3330 coram
1488 3276 1662 3330 onmi-

124 3364 223 3429 bus,
256 3383 361 3435 qua:
408 3376 709 3438 peccantur
756 3383 937 3423 coram
987 3368 1275 3433 omnibus;
1331 3356 1443 3437 ipsa
1495 3367 1664 3422 corri-

125 3457 278 3523 picnda
302 3472 418 3516 sunt
443 3463 736 3527 secretius,
763 3477 884 3531 quae
913 3461 1174 3515 secretius
1204 3467 1517 3531 peccantur.

175 3546 251 3604 ἢ.
284 3550 472 3608 Lssrn.
513 3551 1018 3608 Communicareris.
1059 3551 1158 3620 Qui
1205 3551 1486 3622 indignum
1516 3549 1660 3605 ordi-

125 3650 213 3703 nst,
235 3647 448 3712 peccatis
479 3644 721 3701 ordinati
743 3653 798 3700 et
818 3645 932 3713 ipse
951 3644 1340 3700 communicat.

177 3731 250 3786 22.
288 3734 351 3790 Te
374 3737 544 3806 ipsum
575 3745 798 3791 castum.
827 3735 990 3803 Quasi
1017 3735 1222 3791 diceret
1253 3750 1266 3789 :
1295 3734 1385 3805 qui
1413 3733 1662 3805 indignos

124 3818 289 3886 iuberis
319 3828 608 3900 repellere,
665 3827 892 3898 teipsum
944 3826 1108 3883 debes
1146 3827 1199 3882 in
1238 3828 1359 3882 vita:
1395 3827 1657 3882 Inllldilia

126 3920 369 3975 cusmdire.
489 3945 492 3948 λ
685 3925 688 3928 ⁴

177 4006 254 4061 23.
277 4007 391 4066 Noli
409 4014 588 4068 adhuc
612 4029 822 4082 aquam.-
851 4012 985 4080 Quia
1010 4011 1312 4066 castitatem
1336 4012 1655 4066 servandam

127 4101 352 4168 pra-cepit,
385 4118 449 4157 ne
483 4104 895 4157 immoderatam
921 4102 1302 4156 abstinentiam
1327 4101 1416 4158 vel
1439 4118 1656 4174 augere,

127 4186 193 4242 vd
217 4198 381 4250 tenere
403 4195 595 4259 vellet,
623 4195 726 4250 hoc
751 4192 1048 4264 subjungit.
1080 4191 1172 4248 Vel
1200 4193 1323 4263 quia
1359 4192 1659 4248 infirmatus

127 4274 287 4345 Fluit.
298 4291 514 4341 necdum
536 4285 608 4342 ω
629 4284 843 4356 plenum
867 4282 1231 4338 convaluerat.
1250 4283 1343 4339 Vel
1365 4283 1486 4338 ideo
1505 4282 1657 4350 dicit,

130 4369 411 4432 adhuc-cum
439 4377 657 4447 juvenis
684 4377 791 4441 sis,
822 4377 993 4433 donec
1022 4373 1240 4443 majoris
1267 4376 1343 4431 sis
1363 4377 1562 4432 artatis.

181 4462 257 4518 Ἃ.
288 4467 512 4525 Asianos.
555 4467 686 4524 Noli
731 4468 904 4522 adhuc
949 4483 1138 4536 aquam
1178 4466 1367 4521 bibere.
1409 4465 1661 4522 Contem-

129 4552 692 4618 Plﬂlione‘continentia:
722 4559 897 4616 adhuc
929 4573 1126 4629 aquam
1169 4557 1421 4624 bibebat,
1447 4567 1504 4614 et
1534 4558 1657 4628 quia

132 4638 394 4714 habentur
411 4651 648 4708 aliorum
691 4665 885 4716 causa,
925 4650 1050 4707 talia
1089 4649 1332 4720 agimus.
1380 4663 1450 4704 ne
1484 4649 1660 4706 viileao

135 4743 228 4787 mur
255 4735 606 4798 lndiﬂ'ereutes
641 4755 763 4798 esse
797 4755 927 4812 erga
968 4739 1438 4796 conversationem
1463 4777 1498 4806 ,-
1524 4739 1660 4794 bene

133 4823 305 4894 im.
332 4847 372 4866 ἠ
429 4861 454 4896 ις
497 4866 502 4872 ·
638 4881 654 4894 .,
683 4867 686 4872 ι
796 4881 802 4894 ι
1037 4861 1039 4864 ‘
1243 4871 1250 4876 -
1527 4889 1537 4898 ν

181 4914 276 4974 αἱ·
295 4920 644 4988 Quorumdam
667 4926 956 4984 hominum.
985 4925 1110 4986 Vult
1142 4927 1322 4984 dicere
1350 4926 1496 4997 quia
1519 4927 1658 4984 sicut

119 5002 502 5080 ‘dﬁlinqnentium
543 5019 819 5074 hominum
852 5037 955 5076 non
992 5029 1139 5076 recte
1173 5019 1498 5075 intuentium
1527 5019 1658 5074 deli-

135 5105 202 5150 cla
226 5105 542 5164 manifestata
571 5119 716 5178 sunt,
745 5125 866 5180 qua:
901 5111 1003 5165 illis
1027 5111 1084 5166 in
1112 5109 1296 5166 futuro
1324 5107 1519 5165 saeculo
1545 5123 1658 5178 pte-

136 5198 210 5272 ,M’
229 5204 338 5250 ⁸⁸³⁸³
367 5201 641 5266 Provisum
667 5241 682 5266 ,
718 5201 842 5255 licet
878 5201 1078 5258 faciant
1101 5202 1277 5272 aliqua
1309 5214 1430 5272 quae
1460 5200 1656 5254 nmltos

136 5271 275 5348 “me.
303 5297 619 5356 potuerunt;
670 5291 838 5348 sic-et
873 5293 942 5350 de
992 5292 1094 5349 illis
1131 5271 1220 5364 qui
1277 5271 1424 5350 recte
1469 5293 1652 5348 vivere
1681 5301 1722 5355 C

139 5363 460 5452 ίθίιίιοθτιιηι.
515 5381 742 5453 plurima
783 5385 1001 5454 quidem
1049 5363 1256 5442 illorum
1304 5383 1650 5442 manifes'ata

137 5469 234 5514 sunt
280 5467 589 5531 hominibus.
645 5475 784 5532 Sunt
829 5478 992 5532 etiam
1058 5476 1224 5531 multa
1275 5494 1396 5548 qua:
1449 5479 1654 5532 lateant

139 5551 322 5639 mulos;
351 5559 445 5619 hoc
471 5567 614 5622 enim
640 5567 908 5637 signiﬁcat
933 5567 1119 5622 dicens
1149 5585 1162 5620 :
1190 5578 1236 5622 et
1273 5585 1390 5639 quae
1417 5569 1573 5623 aliter
1599 5585 1654 5621 se

137 5638 316 5713 habent,
351 5664 393 5706 et
433 5658 672 5715 abscondi
713 5677 813 5714 non
859 5670 1092 5729 possunt.
1144 5638 1305 5715 Utere
1349 5675 1478 5716 vero
1526 5658 1652 5714 vino

139 5736 341 5832 Minima
385 5745 717 5815 infirmitate,
765 5751 942 5806 sciens
993 5761 1048 5807 et
1098 5749 1186 5805 illa
1232 5766 1351 5820 qua:
1403 5750 1652 5805 homines

139 5826 410 5902 conlirium,
439 5841 533 5896 etsi
571 5852 715 5899 recte
743 5843 1020 5912 vivamus,
1058 5843 1193 5900 bona
1225 5859 1342 5899 esse
1366 5883 1380 5910 ,
1413 5842 1646 5912 plurima

1765 2631 1872 2675 tem
1904 2620 2322 2684 sustinebimus;
2353 2619 2475 2675 licet
2511 2622 2792 2677 vidcantur
2817 2624 2965 2679 nmlti
2991 2635 3144 2684 actas
3173 2632 3341 2688 nostri

1763 2729 1792 2767 a
1827 2714 2005 2767 multis
2040 2714 2298 2782 ignorari.

1831 2803 1920 2856 26.
1964 2803 2201 2857 Auausr.
2239 2803 2353 2872 (lib.
2413 2820 2449 2857 ιι
2491 2804 2566 2859 De
2615 2823 2771 2860 serm.
2828 2808 2979 2863 Dom.
3041 2812 3092 2866 in
3146 2826 3340 2880 monte,

1764 2909 1881 2964 cap.
1909 2894 2015 2960 18).
2052 2894 2416 2958 Quorumdam
2447 2896 2738 2960 hominum,
2773 2902 3058 2958 manifesta
3088 2921 3149 2959 ea
3178 2907 3342 2974 dicit,

1763 2986 1828 3038 de
1889 2987 2082 3056 quibus
2127 2986 2333 3040 clarum
2377 2998 2458 3042 est
2510 3004 2616 3059 quo
2652 2991 2830 3044 animo
2868 2983 3030 3058 liant;h
3066 2995 3180 3052 hzce
3213 3017 3344 3069 pm.

1764 3075 1960 3129 cedunt
1987 3076 2052 3128 ad
2087 3076 2368 3145 judicium,
2400 3080 2450 3132 i.l
2481 3088 2579 3142 est,
2609 3081 2733 3150 quia
2763 3083 2806 3136 si
2844 3082 3002 3140 fuerit
3033 3087 3132 3141 ista
3166 3091 3349 3146 subsc-

1763 3179 1972 3231 cutum,
1999 3167 2260 3238 judicium
2292 3185 2392 3223 non
2425 3180 2504 3226 est
2535 3173 2900 3228 lemerarimu.
2933 3175 3347 3248 Subseqnuntur

1764 3272 1946 3313 autern
1972 3261 2057 3313 illa
2099 3276 2218 3328 qua:
2244 3260 2453 3316 occulta
2476 3275 2636 3326 sunt,
2669 3279 2787 3333 qua:
2819 3281 2914 3320 nec
2953 3267 3064 3337 ipsa
3105 3269 3347 3326 la'tebuzt

1766 3363 2004 3424 tempore
2028 3371 2146 3409 suo.
2172 3354 2262 3408 Sic
2283 3364 2336 3408 et
2357 3355 2422 3410 de
2445 3356 2598 3411 boais
2620 3357 2774 3411 factis
2803 3357 3203 3428 intelligendm
3230 3376 3305 3420 est
3327 3406 3342 3428 ,

1665 3467 1668 3470 ·
1765 3461 1890 3501 nam
1922 3447 1993 3501 ita
2026 3445 2296 3516 subjungit
2325 3461 2339 3500 :
2369 3446 2624 3502 Similiter
2651 3460 2696 3501 et
2728 3449 2860 3503 bam:
2893 3449 3037 3518 facta
3064 3453 3343 3523 manifesta

1763 3550 1919 3603 sunt;
1958 3550 2004 3592 et
2049 3555 2367 3609 quacunque
2403 3540 2558 3592 aliter
2594 3557 2648 3592 se
2687 3541 2878 3595 habent
2901 3581 2918 3607 ,
2958 3544 3206 3600 abscondi
3241 3562 3352 3602 ιιι-ιε

1763 3640 1997 3701 possunt.
2041 3629 2115 3685 De
2146 3629 2444 3690 inaniis-stis
2478 3646 2624 3698 ergo
2652 3630 2980 3699 judicenms.
3020 3632 3096 3689 De
3117 3637 3347 3708 occult—s

1762 3737 1892 3776 vero
1916 3763 1929 3784 ,
1954 3721 2216 3790 judicium
2261 3721 2368 3776 Deo
2405 3721 2792 3792 relinquamus,
2817 3725 2942 3795 quia
2972 3735 3026 3782 et
3057 3727 3168 3796 ipsa
3211 3731 3340 3786 abs-

1764 3816 1919 3870 condi
1950 3831 2058 3870 non
2083 3823 2326 3886 possunt,
2372 3815 2484 3868 sive
2509 3814 2672 3879 bona,
2698 3816 2820 3876 sive
2841 3816 2977 3872 mala
3004 3857 3020 3884 ,
3057 3834 3176 3873 cum
3205 3829 3341 3876 tern-

1691 3914 1738 3974 Β
1766 3925 1866 3979 pus
1887 3910 2170 3965 advenerit
2190 3924 2296 3977 quo
2321 3907 2757 3964 manifestentur.

1828 4021 1920 4075 27.
1959 4020 2156 4073 Lttvrn.
2201 4018 2561 4085 Quorumdam
2602 4017 2892 4073 hominum.
2934 4019 3164 4076 Causam
3211 4039 3341 4092 sup-

1759 4112 1914 4185 ponit
1933 4128 2033 4169 cur
2063 4129 2252 4167 manus
2283 4112 2483 4166 nemini
2519 4113 2626 4166 cito
2657 4121 2781 4166 sunt
2799 4113 3163 4180 imponendae.
3194 4114 3346 4172 Judi-

1759 4209 1900 4263 cium
1936 4217 2115 4262 autem
2149 4215 2305 4260 vocat
2333 4205 2648 4268 concilium,
2678 4212 2964 4274 synodum.
2989 4221 3084 4262 seu
3108 4207 3340 4278 aliquem

1760 4300 1956 4362 locum.
1995 4301 2045 4354 in
2086 4316 2193 4369 quo
2229 4300 2286 4352 lit
2326 4300 2594 4354 discussio
2633 4313 2988 4368 personarum
3023 4316 3036 4351 :
3079 4298 3344 4364 Quorum-

1758 4393 1903 4457 dam,
1942 4393 2136 4463 inquit,
2167 4393 2432 4445 hominum
2471 4402 2683 4466 percqta
2711 4392 2785 4445 ita
2819 4391 3102 4461 matulam
3131 4402 3357 4449 suntut»

1759 4499 1948 4540 eorum
2000 4485 2139 4538 fama
2187 4484 2271 4538 vel
2307 4484 2503 4538 notitia
2554 4484 2707 4554 prius
2752 4485 3154 4553 perveniatad
3197 4484 3343 4554 judi-

1759 4577 1926 4640 clnm,
1949 4589 2111 4647 quam
2133 4576 2236 4646 “ipsi
2264 4575 2492 4630 infames
2514 4577 2608 4646 qui
2625 4576 2844 4629 veniant
2869 4578 2934 4629 ad
2957 4576 3338 4631 ordinandum.

1759 4669 2029 4738 Quosdam
2057 4680 2236 4724 autem
2265 4679 2480 4740 peccata
2504 4679 2600 4724 sua
2627 4668 2694 4723 ad
2715 4668 2978 4739 judicium
3003 4669 3342 4741 subsequun-

1757 4771 1886 4828 tur;
1927 4763 2050 4832 quia
2093 4769 2222 4817 tunc
2265 4763 2501 4831 primum
2541 4761 2960 4818 manifestantur
3028 4775 3158 4817 cunt
3197 4762 3342 4817 ordi-

1760 4853 1919 4908 nandi
1951 4852 2332 4907 discutiuntur.

1825 4964 1914 5020 28.
1959 4965 2125 5020 Aliter
2149 4977 2208 5019 se‘
2231 4964 2438 5018 habent.
2477 4963 2553 5020 De
2578 4964 2776 5035 quibus
2802 4965 3044 5036 peccatis
3070 4963 3160 5019 hic
3177 4965 3344 5042 intel-

1757 5057 2026 5127 ligendum
2063 5068 2178 5123 est,
2213 5074 2320 5112 ιιοιι
2361 5061 2504 5112 enim
2537 5059 2716 5113 onmia
2748 5059 2802 5114 in
2845 5059 2957 5129 ipsa
3006 5057 3343 5115 discussione

1756 5151 2086 5221 panduntur,
2119 5149 2347 5223 plurima
2380 5166 2610 5224 namque
2639 5139 2929 5221 aliquando
2955 5151 3141 5205 latent.

1826 5263 1977 5320 CAP.
2018 5262 2106 5317 Vl.
2135 5294 2208 5304 —
2254 5265 2304 5318 l.
2348 5243 2568 5320 Lsxrn.‘
2598 5261 2680 5319 Ne
2729 5279 2914 5318 nomen
2965 5259 3200 5327 Demini,
3233 5237 3338 5318 etc.

1735 5353 2234 5435 ,Blasphcmaretur
2264 5375 2455 5413 nomen
2491 5357 2603 5422 Dei,
2641 5368 2694 5411 et
2723 5354 2994 5421 doctrina,
3025 5353 3075 5408 si
3122 5366 3344 5426 propter

1759 5450 1901 5521 quod
1937 5449 2208 5504 humiliari
2246 5449 2543 5514 deberent,
2591 5447 2952 5518 superbircnt,
3003 5445 3340 5518 etdorninos

1757 5553 2184 5597 contemnerent.
2522 5537 2526 5539 “
3279 5523 3283 5528 -
3333 5527 3336 5530 ν

1827 5656 1880 5710 2.
1924 5656 2062 5722 Quia
2114 5657 2304 5727 fratres
2349 5664 2486 5709 sunt.
2529 5653 2631 5708 Per
2669 5653 2767 5708 hoc
2813 5651 3135 5708 videbantur
3182 5668 3339 5724 pares

1755 5765 1873 5806 esse
1909 5749 2052 5804 servi
2099 5759 2154 5804 et
2193 5747 2432 5810 domini,
2478 5747 2603 5816 quia
2643 5745 2939 5800 Christiani
2983 5746 3226 5817 utrique,
3272 5759 3348 5808 ac

1755 5858 1849 5915 per
1879 5843 1976 5899 hoc
2007 5841 2146 5899 servi
2182 5837 2598 5898 contemnebant
2626 5837 2890 5895 dominos.
