3864 6300
531 406 671 467 559“
1553 406 1614 461 Β.
1649 407 2035 465 LANFRANCI
2077 407 2425 466 CANTUAR.
2472 408 2789 465 ARClllEl‘.
3636 413 3718 470 5C0

538 526 736 582 fratres
762 532 911 591 sunt,
947 524 1039 579 sed
1068 523 1237 593 magis
1261 523 1518 585 serviant,
1561 524 1686 592 quia
1729 524 1935 579 tideles'
1957 535 2102 586 sunt,
2143 525 2343 578 domini
2367 541 2581 592 corum,
2615 540 2689 579 oet
2722 527 2759 591 i;
2779 525 2847 587 si,
2880 533 2935 579 et
2961 521 3140 578 dilecti
3163 538 3196 576 a
3233 520 3363 587 Deo,
3387 522 3499 592 quia
3524 522 3717 584 beneﬁcii

531 621 829 692 partietpes
868 626 1016 682 Sunt,
1047 616 1365 671 Christiania
1407 615 1688 685 religionis,
1728 618 1804 669 rel
1842 617 2176 670 humaniores
2234 615 2359 671 Hmc
2387 617 2539 677 doce,
2569 625 2623 671 et
2654 618 2968 672 exhortarc.
3013 614 3072 670 Si
3110 614 3233 684 quis
3266 613 3417 670 aliter
3452 615 3587 671 dooet
3615 619 3717 688 (cura

530 708 763 775 devita),
794 715 849 762 et
878 722 983 761 non
1012 704 1311 775 acquiescit
1345 706 1492 760 sanis
1517 706 1858 761 sermonibus
1880 706 2092 761 Domini
2131 708 2302 763 nostri
2329 706 2456 762 Jesu
2483 708 2711 776 Christi,
2739 710 3018 763 anathema
3046 707 3134 772 sit,
3157 715 3214 761 et
3242 706 3316 772 ei,
3345 722 3458 777 qua:
3484 711 3718 762 secundum

534 803 817 873 pietatem,
865 797 1188 868 religionem,
1217 804 1325 859 est,
1361 796 1642 862 doctrinae,
1672 798 1940 869 superbus
1979 808 2082 864 cst,
2127 800 2258 854 nihil
2288 801 2491 865 sciens,
2533 802 2587 857 ὅ.
2626 803 2720 857 sed
2756 802 3017 873 languens
3063 800 3209 871 (quia
3244 800 3399 855 nescit
3437 799 3607 854 soluere
3636 816 3720 871 quae

535 889 802 964 proponit)
829 889 974 944 circa
1000 886 1324 957 quaestiones
1358 895 1413 941 et
1440 902 1647 957 pugnas
1677 890 1993 957 verborum;
2024 905 2089 945 ex
2121 892 2319 959 quibus
2349 892 2599 946 oriuntur
2629 892 2868 957 invidize,
2895 893 3288 957 contentiones,
3331 889 3651 960 blasphemia,
3672 909 3720 946 ait

536 983 672 1040 alter
691 982 844 1037 alteri
867 979 1091 1049 maligne
1117 987 1363 1047 opponat,
1394 978 1732 1047 suspiciones
1763 979 1940 1044 malm,
1969 980 2402 1036 conﬂictatioues
2432 981 2712 1036 hominum
2739 992 2918 1038 mente
2940 990 3321 1052 corruptorum
3338 1020 3355 1043 ,
3377 990 3429 1034 et
3448 980 3529 1049 qui
3552 979 3724 1034 veritate

535 1075 734 1148 privati
773 1080 937 1138 sunt,
974 1069 1029 1123 4.
1062 1067 1488 1122 existimantium
1530 1067 1584 1121 ὅ.
1620 1078 1885 1137 qua-stum
1917 1068 2252 1139 temporalem
2284 1085 2403 1124 esse
2442 1059 2731 1138 pietatem,
2762 1069 3098 1140 religionem,
3133 1071 3558 1141 medicationem.
3592 1069 3637 1127 6.
3658 1070 3723 1125 Est

537 1180 721 1229 autem
762 1176 1000 1239 qutestus
1029 1164 1307 1238 (wquivoce
1345 1166 1603 1227 qua'stusn
1651 1159 1860 1228 accipit)
1896 1175 2150 1229 magnus,
2204 1161 2377 1231 pietas
2405 1177 2526 1216 cum
2562 1160 2914 1227 sufﬁcientia,
2954 1163 3085 1231 ﬁdes
3128 1164 3216 1218 cui
3242 1163 3422 1233 stt/ﬁcit
3445 1163 3567 1233 quod
3592 1180 3619 1214 a
3652 1162 3724 1214 lico

534 1264 715 1318 datur.
741 1259 898 1315 Ratio
929 1272 1025 1312 cur
1052 1257 1285 1327 suﬁicere
1318 1249 1533 1315 debeat,
1559 1251 1698 1320 quod
1743 1251 2219 1319 imprresentiarum
2250 1264 2343 1306 est.
2385 1252 2528 1307 Nihil
2559 1254 2703 1307 enim
2738 1254 3015 1309 intulimus
3062 1257 3114 1311 in
3142 1257 3287 1310 hunc
3329 1256 3600 1319 mundum,
3624 1254 3724 1307 haud

535 1351 755 1408 dubium
785 1349 911 1420 quia
933 1362 1030 1402 nec
1052 1346 1267 1401 auferre
1289 1344 1417 1414 quid
1463 1357 1769 1413 possumus,
1792 1360 1888 1397 nec
1913 1343 2013 1396 ista
2034 1356 2153 1397 sunt
2179 1355 2381 1409 nostra,
2409 1363 2513 1399 non
2538 1348 2674 1400 enim
2701 1347 2968 1400 nobiscum
2988 1347 3303 1416 deferemus.
3332 1344 3578 1400 [labentes
3594 1356 3724 1400 autent

535 1444 790 1498 alimenta
825 1449 879 1496 et
899 1441 1097 1511 quibus
1127 1448 1392 1509 tegantur,
1425 1437 1508 1491 his
1532 1438 1767 1491 contenti
1802 1454 2008 1490 sumus.
2053 1436 2165 1492 Nec
2191 1456 2432 1492 curemus
2462 1441 2644 1494 ditari.
2681 1440 2814 1495 Nam
2844 1445 2933 1512 qui
2968 1442 3154 1495 volunt
3178 1440 3374 1496 divites
3397 1438 3526 1504 ﬁeri,
3545 1438 3726 1493 incidunt

533 1533 591 1587 in
622 1532 971 1587 tentationem
1019 1539 1073 1584 et
1096 1529 1148 1583 iu
1177 1530 1426 1599 laqueum
1452 1530 1672 1595 diaboli,
1702 1541 1751 1584 et
1786 1531 2053 1585 desideria
2082 1532 2247 1587 multa
2274 1532 2510 1598 inutilia,
2536 1544 2590 1589 ct
2619 1536 2828 1600 nociva,
2856 1550 2975 1605 qua:
3009 1540 3258 1604 mergunt
3282 1532 3514 1587 nomines
3533 1531 3578 1585 in
3607 1532 3726 1585 inter-

534 1625 691 1691 itum,
718 1631 769 1678 et
794 1622 1169 1693 perditionem.
1193 1622 1246 1674 7.
1273 1621 1443 1676 Radix
1464 1620 1606 1675 enim
1628 1621 1867 1676 onmium
1896 1620 2155 1676 malorum
2179 1632 2263 1677 est
2290 1625 2583 1694 cupiditas;
2609 1642 2769 1694 quam
2793 1626 2845 1680 8.
2868 1627 3085 1696 quidam
3110 1634 3440 1697 appetentes,
3458 1632 3724 1683 erraverunt.

538 1714 696 1785 193
718 1730 748 1769 a
777 1712 902 1778 ﬁde,
933 1721 986 1768 et
1017 1713 1358 1767 inseruerunt
1383 1727 1443 1767 se
1469 1713 1741 1769 doloribus
1772 1713 1973 1769 multis.
2004 1713 2058 1768 9.
2083 1712 2160 1768 Tu
2193 1725 2393 1782 autem,
2417 1731 2450 1771 ο
2488 1716 2653 1773 homo
2692 1718 2806 1781 Dei,
2860 1719 2974 1773 htec
3027 1716 3181 1790 fuge;
3218 1726 3433 1789 sectare
3473 1731 3584 1772 vero
3614 1716 3727 1785 justi-

538 1811 688 1873 tiam,
720 1810 995 1879 pietatem,
1027 1806 1208 1871 (idern,
1233 1808 1572 1871 charitatem,
1602 1807 1942 1878 patientiam,
1976 1810 2473 1863 mansuetudinem.
2532 1810 2694 1865 Certa
2736 1811 2937 1866 bonum
2988 1821 3269 1866 tertamen
3324 1807 3464 1872 lidei,
3509 1808 3622 1878 quod
3663 1821 3725 1875 pro

530 1902 639 1972 ﬁde
666 1900 967 1956 Christiana
995 1898 1299 1954 certandum
1327 1910 1434 1966 est;
1468 1903 1542 1956 sic
1573 1904 1819 1957 certando
1851 1904 2200 1974 apprehende
2223 1904 2386 1958 vitam
2416 1915 2673 1961 mternam
2705 1947 2719 1970 ,
2770 1906 2822 1959 in
2846 1921 2974 1976 qua,
3016 1906 3088 1957 ad
3110 1920 3270 1975 quam
3299 1902 3589 1964 habendam,
3614 1916 3726 1956 voca-

537 2000 625 2045 tus
654 2004 731 2056 es,
755 1997 809 2045 et
837 1988 1116 2049 confessus
1145 1988 1338 2042 bonam
1362 1994 1780 2059 confessionem,
1812 1993 2123 2048 catholicam
2141 1994 2321 2064 ﬁdem,
2354 2011 2541 2051 eorum
2599 1997 2782 2053 uudtis
2833 1997 3079 2061 testibus,
3121 1997 3178 2050 in
3209 1993 3449 2067 baptismi
3489 1994 3564 2051 dis
3612 1991 3671 2048 vel
3692 1994 3725 2045 is

536 2081 863 2169 susceptione
888 2080 1209 2149 presbyterii.
1236 2078 1501 2152 Praecipio
1531 2084 1625 2139 tibi
1650 2099 1835 2140 coram
1863 2086 1994 2152 [\eo,
2034 2086 2128 2156 qui
2152 2086 2386 2142 vivificat
2412 2088 2615 2154 omnia,
2648 2100 2703 2145 et
2738 2090 2954 2145 Christo
2992 2088 3142 2154 Iesu,
3186 2086 3272 2159 qui
3303 2087 3630 2144 testimonium
3649 2085 3727 2138 red-

534 2174 673 2249 didit
703 2172 785 2227 10.
814 2170 915 2227 sub
940 2171 1136 2226 Pontio
1157 2170 1331 2249 Pilato
1359 2192 1462 2229 non
1490 2176 1794 2231 erubescens
1812 2176 2010 2232 bonam
2037 2177 2455 2245 confessionem,
2488 2179 2697 2234 Patrem
2743 2183 2963 2246 scilicet,
3005 2192 3064 2236 ut
3116 2193 3308 2235 serves
3352 2178 3436 2233 11.
3486 2174 3723 2231 mandatum

533 2272 653 2326 sine
683 2269 913 2335 macula,
970 2268 1095 2339 (non
1119 2267 1390 2321 erubescas
1418 2284 1595 2322 coram
1619 2268 1821 2339 regibus
1845 2269 2201 2342 evangelicum
2222 2282 2558 2341 prwceptum,
2585 2272 2649 2325 tle
2681 2289 2783 2342 quo
2819 2274 2870 2325 in
2910 2270 3114 2343 psalmo
3134 2282 3153 2321 :
3211 2268 3298 2324 (ea:
3327 2264 3524 2322 Domini
3548 2266 3603 2317 int
3621 2278 3727 2314 uara-

531 2362 665 2436 lata)
687 2359 1181 2432 irreprehensihile,
1226 2375 1395 2431 usque
1438 2361 1522 2416 12.
1554 2361 1607 2416 in
1638 2362 1929 2416 adventum
1953 2362 2164 2417 Domini
2195 2362 2368 2418 nostri
2403 2360 2531 2418 Jesn
2558 2361 2760 2419 Christi
2787 2381 2800 2431 ;
2832 2344 3006 2435 quem
3057 2361 3196 2425 suis,
3229 2358 3488 2430 congruis,
3533 2353 3704 2423 tempori

532 2461 669 2526 bus;
695 2460 780 2515 15.
811 2450 1062 2513 ostendet
1092 2455 1231 2510 Deus
1251 2454 1461 2517 beatus,
1494 2462 1550 2509 et
1577 2453 1723 2508 solus
1750 2463 1962 2523 potens,
1992 2453 2105 2508 Rex
2137 2469 2345 2523 regum,
2374 2463 2429 2507 et
2462 2453 2721 2510 Dominus
2768 2455 3187 2519 dominantium,
3236 2450 3327 2521 qui
3359 2448 3497 2503 solus
3519 2441 3724 2503 habet”,

537 2552 626 2606 15.
659 2548 1144 2611 immortalitatem,
1174 2556 1229 2601 et
1259 2544 1432 2600 lucem
1467 2543 1730 2599 inhabitat
1754 2544 2215 2609 inaccessibilem;
2245 2559 2403 2616 quem
2431 2544 2611 2600 nullus
2639 2546 2914 2600 hominum
2936 2563 3252 2617 permanens
3301 2545 3354 2599 in
3405 2543 3497 2596 huc
3534 2535 3726 2605 corntpti-

533 2642 735 2697 bilitate
754 2640 912 2705 vidit,
937 2640 1030 2695 sed
1055 2654 1155 2693 nec
1190 2638 1273 2692 16.
1301 2637 1484 2691 videre
1513 2645 1727 2707 potest:
1754 2639 1838 2690 cui
1870 2637 2064 2701 honor,
2095 2645 2150 2691 et
2176 2636 2463 2707 imperium
2487 2637 2899 2706 sempiternum.
2941 2639 3136 2694 Amen.
3169 2637 3436 2693 Divitibus
3486 2632 3621 2701 huius
3655 2645 3724 2684 Ste-

533 2733 643 2787 culi
671 2731 927 2803 praecipe,
952 2745 1059 2784 non
1088 2726 1319 2783 sublime
1342 2742 1556 2798 sapere,
1583 2728 1637 2780 in
1665 2725 1857 2779 divitiis
1880 2725 2124 2796 gloriari,
2159 2740 2335 2795 neque
2363 2740 2585 2795 sperare
2620 2726 2673 2780 in
2703 2725 2913 2781 incerto
2938 2726 3278 2795 divitiarum,
3333 2727 3423 2782 sed
3447 2727 3495 2779 in
3526 2724 3614 2778 Deo
3639 2719 3723 2773 vito

534 2815 648 2897 (qui
678 2832 896 2896 praestat
921 2821 1075 2876 nobis
1098 2819 1278 2875 omnia
1302 2818 1515 2874 abunde
1542 2816 1900 2873 adfruendum
1929 2835 2035 2872 non
2064 2817 2511 2889 congregandum)
2536 2818 2604 2871 ad
2631 2819 2732 2871 hoc
2773 2818 2992 2884 scilicet,
3047 2820 3126 2874 vel
3182 2820 3408 2889 prmcipe
3453 2816 3573 2871 bene
3598 2822 3727 2884 agere.

510 2934 513 2937 '
540 2921 738 2977 divites
761 2916 878 2972 fieri
916 2915 968 2971 in
1000 2913 1157 2968 bonis
1184 2923 1461 2983 opermus,
1496 2909 1654 2967 facile
1685 2909 1948 2977 tribuere,
1978 2908 2387 2964 communicare
2409 2910 2664 2979 proximis
2690 2910 3063 2981 indigentibus,
3108 2912 3479 2967 thesaurizare
3526 2904 3611 2962 sibi
3639 2902 3727 2957 iun-

536 3014 849 3070 damentum
884 3010 1087 3065 bonum
1116 3006 1169 3060 in
1202 3003 1463 3067 futurum,
1499 3011 1559 3057 ut
1590 3001 2002 3074 apprehendant
2037 3016 2220 3057 veram
2251 3002 2441 3056 vitam.
2476 3000 2520 3058 0
2549 3001 2858 3069 Timotheo,
2882 3004 2969 3059 17.
3028 3004 3357 3075 depositum,
3387 3002 3550 3074 ﬁdem,
3589 2996 3729 3068 ῳὸκοθ

541 3117 696 3179 putus
727 3106 975 3179 gratiam,
1030 3098 1264 3163 custodi,
1324 3095 1571 3152 devitans
1628 3093 1883 3163 profanas
1932 3107 2122 3147 vocum
2185 3093 2475 3159 novitates,
2540 3094 2831 3164 deceptivas
2884 3096 3291 3166 propositiones,
3342 3105 3396 3150 et
3442 3088 3728 3164 ορροεὶιὶοοθε

537 3195 679 3268 falsi.
702 3182 938 3251 nominis
963 3192 1225 3257 scientize,
1250 3190 1435 3258 (artem
1464 3184 1797 3255 sophisticam
1829 3182 1981 3253 dicit)
2014 3197 2177 3252 quam
2229 3183 2450 3254 quidam
2502 3182 2587 3238 18.
2640 3184 3045 3253 promittentes.
3100 3189 3431 3258 proﬁtentes,
3468 3185 3594 3243 circa
3613 3178 3725 3237 Mm

531 3272 874 3360 exciderunt,
911 3291 966 3345 in
988 3289 1229 3345 fratrescs.
1253 3280 1437 3341 Gratia
1464 3288 1661 3333 tecum.
1684 3277 1879 3357 Amen.

1878 3382 2453 3445 COMMENTARIUS.

594 3521 655 3579 5.
694 3516 1075 3576 Διικοε.η8ιιι
1110 3514 1383 3584 languens.
1421 3508 1758 3576 Languorem
1792 3504 1925 3559 dicit
1966 3503 2119 3574 cogi-

2227 3502 2293 3557 In
2316 3504 2620 3561 adventum.
2644 3504 2815 3572 Quem
2839 3506 3050 3563 scilicet
3068 3508 3365 3566 adventum
3397 3504 3587 3565 Domini
3611 3495 3727 3558 nostri

532 3615 794 3671 tationum
829 3625 1015 3667 eorum
1037 3651 1049 3674 ,
1085 3622 1151 3662 eo
1185 3605 1328 3676 quod
1364 3601 1727 3670 relinquentes
1760 3597 2018 3669 pietatem
2049 3594 2117 3651 ad
2218 3594 2346 3651 Jesu
2375 3597 2578 3653 Christi
2614 3600 2883 3655 ostendet.

533 3704 856 3760 oumstiones
883 3699 1289 3755 evolvebantur.

2292 3688 2378 3742 15.
2410 3688 2647 3745 Alanos.
2677 3688 2927 3743 Ostendet
2958 3690 3161 3746 beatus.
3216 3690 3444 3748 Beatum
3492 3678 3726 3745 rocavitad

604 3795 655 3850 Δ.
700 3793 900 3851 Lmen.
942 3788 1393 3845 Existimantium.
1426 3782 1818 3838 Existimabam
1843 3777 2116 3834 Christum

2218 3779 2686 3834 conﬁrmationem
2712 3780 3144 3838 invertihilitatis
3169 3792 3385 3840 natura:
3439 3783 3490 3838 in
3514 3777 3640 3836 nobis
3673 3771 3727 3827 lu-

529 3906 657 3947 esse
708 3888 991 3945 colendum
1053 3879 1427 3939 tantummodo
1482 3885 1701 3949 propter
1754 3875 1902 3929 lucra
1962 3870 2119 3941 hujus
2220 3880 2375 3935 tune,
2410 3888 2531 3942 qum
2554 3872 2630 3927 illi
2659 3882 2740 3927 cst
2772 3874 2823 3928 in
2856 3882 3047 3929 natura
3099 3881 3377 3946 potentim.
3437 3874 3499 3930 Et
3522 3882 3667 3942 regem
3685 3876 3729 3917 ac

535 3984 681 4041 νίιεε,
1678 3974 1686 3982 ”
2218 3962 2523 4028 dominum,
2561 3964 2685 4035 quia
2724 3972 2917 4032 potens
2943 3975 3049 4030 est,
3081 3976 3137 4022 et
3173 3967 3445 4024 dtemones
3492 3962 3731 4033 subiugi":

520 4100 527 4105 .
604 4074 656 4129 5.
686 4073 957 4139 Question
985 4081 1116 4124 esse.
1138 4064 1218 4119 Ad
1247 4063 1354 4119 hoc
1381 4075 1440 4116 se
1468 4060 1585 4130 pios
1614 4057 1893 4121 exhibent,
1923 4063 1983 4108 ιιι.
2009 4063 2119 4109 tcr-
2219 4064 2275 4110 et
2295 4065 2523 4111 mortem
2545 4057 2805 4112 adimere.
2839 4058 2901 4112 Et
2930 4057 3103 4114 lucem
3134 4059 3374 4127 habitat,
3424 4060 3538 4133 quia
3564 4063 3727 4123 corpora

536 4182 666 4224 rena
703 4172 1083 4233 assequantur,
1116 4156 1311 4228 quibus
1339 4168 1438 4208 sua
1467 4167 1572 4206 non
1604 4147 1895 4205 subiciunt.
2217 4156 2529 4202 sanctorum
2556 4149 2866 4205 illustrabit.

601 4256 658 4311 6.
700 4254 796 4310 Est
820 4232 995 4307 autem
1020 4257 1271 4318 quastus.
1311 4242 1477 4312 Quasi
1507 4241 1710 4296 diceret
1744 4254 1758 4292 :
1790 4246 1872 4292 est
1900 4235 2116 4306 quidem
2202 4295 2211 4313 ,η
2296 4238 2381 4293 li.
2421 4238 2659 4295 Aecusr.
2702 4241 2902 4311 (ibid).
2945 4240 3433 4300 Ιηιιηονιηιῑιαιειη,
3479 4232 3727 4299 Immortali-

514 4348 721 4419 .retigio
750 4343 1058 4400 Christiana
1087 4347 1347 4419 qutestus,
1376 4338 1470 4392 sed
1501 4350 1607 4389 non
1638 4331 1849 4405 qualem
1880 4330 1980 4398 ipsi
2016 4344 2116 4399 pn-
2223 4337 2389 4384 tatem
2418 4338 2596 4382 autem
2625 4330 2825 4386 dicitur
2881 4334 3087 4389 habere
3136 4335 3289 4392 solus
3340 4337 3494 4392 Deus.
3544 4332 3592 4386 lu
3626 4336 3727 4385 om!“

516 4416 669 4504 tant,
697 4439 792 4492 sed
823 4449 1084 4507 magnus.
1117 4433 1166 4486 id
1195 4416 1280 4485 est
1305 4440 1560 4484 aeternus.
2219 4419 2363 4473 enim
2390 4419 2631 4473 ululabili
2665 4430 2878 4485 natura,
2930 4425 3186 4479 notmulla
3240 4442 3387 4483 mors
3414 4434 3493 4481 est
3513 4425 3608 4494 ipsa
3648 4429 3727 4471 tnu-

606 4528 663 4582 ’1.
702 4527 881 4581 Radix
910 4524 1143 4578 omnium
1173 4520 1455 4583 malorum,
1488 4527 1589 4572 etc.
1628 4514 1894 4578 Avaritia,
1934 4513 1985 4567 id
2013 4519 2114 4574 cst,
2223 4509 2386 4573 tario;
2417 4513 2542 4579 quia
2578 4511 2709 4565 facit
2735 4514 2936 4583 aliquid
2968 4515 3021 4570 in
3047 4532 3110 4571 ea
3159 4533 3268 4572 non
3324 4533 3445 4574 esse
3495 4510 3725 4585 quodenlo

537 4620 807 4689 cupiditas
839 4616 1149 4671 divitiarum
1194 4611 1355 4666 infert
1394 4611 1508 4664 haec
1540 4607 1706 4672 mala;
1748 4620 1847 4661 nec
1882 4604 2116 4669 mirum,
2295 4601 2381 4657 15.
2423 4602 2625 4657 Lssru.
2654 4602 3145 4675 Immortalitatem,
3202 4609 3363 4665 idest
3400 4599 3728 4664 immutabilih'

532 4712 661 4783 quia
692 4706 957 4775 cupiditas
979 4703 1220 4759 omnium
1246 4711 1331 4757 es:
1360 4700 1507 4755 radix
1546 4697 1831 4752 malorum.
2224 4699 2361 4757 tem;
2392 4692 2570 4747 omnis
2596 4694 2749 4749 enim
2764 4705 3016 4751 creatura
3044 4700 3344 4753 mutabilis.

604 4802 662 4856 8.
698 4799 934 4853 Asianos.
976 4793 1203 4861 Quidam
1236 4799 1548 4861 appetentes.
1583 4786 1687 4842 Pro
1726 4785 1829 4840 illis
1860 4799 1977 4855 qum
2014 4783 2115 4840 sibi
2295 4783 2382 4840 16.
2417 4784 2607 4841 Videre
2633 4799 2823 4858 potest.
2847 4789 2902 4843 lu
2943 4791 3046 4845 hac
3099 4794 3208 4846 vita
3255 4789 3630 4862 intelligendum
3652 4786 3725 4838 εει,

534 4892 874 4965 acciderunt.
1130 4954 1133 4957 Α

2199 4916 2201 4931 .
2229 4892 2334 4932 non
2364 4891 2523 4947 posse
2544 4876 2613 4932 ab
2643 4879 2950 4936 hominibus
2973 4881 3143 4936 videri
3172 4882 3364 4939 Deum.
3430 4881 3551 4936 Nam
3581 4876 3634 4931 de
3656 4869 3725 4926 alii

606 4988 661 5042 9.
700 4982 775 5038 Τιι
805 4966 1062 5045 autem,o
1092 4970 1244 5031 homo
1277 4971 1391 5028 Dei.
1420 4972 1623 5043 Aperte
1667 4969 1814 5024 visus
1862 4975 1946 5022 est
1991 4981 2114 5021 cum

1902 4975 1946 5021 st
1991 4981 2114 5021 cum
2223 4968 2485 5030 scriptum
2517 4976 2633 5023 est:
2677 4966 2973 5026 Videbimus
3008 4988 3124 5026 eum
3150 4975 3307 5028 sicuti
3335 4984 3428 5029 est.

533 5080 877 5136 cxhortasse,
917 5071 1188 5127 hominem
1210 5066 1303 5122 Dei
1327 5065 1473 5120 illum
1503 5063 1708 5118 dicens.
2291 5051 2386 5113 17.
2432 5059 2736 5131 Depositum
2762 5100 2779 5128 ,
2828 5062 2881 5118 id
2931 5072 3031 5126 est.
3085 5064 3383 5133 spiritualia
3427 5064 3723 5120 charismata.

612 5170 698 5223 10.
724 5166 928 5221 Laure.
959 5160 1067 5216 Sub
1101 5155 1311 5213 Pontio.
1345 5154 1569 5223 Quando
1593 5152 1749 5219 dixit,
1797 5151 1981 5207 Omnis
2028 5151 2116 5222 qui
2226 5165 2346 5221 qua:
2382 5151 2474 5206 tibi
2509 5152 2651 5207 Deus
2677 5153 2967 5225 disposuit,
2991 5155 3173 5222 idest,
3199 5154 3601 5214 commendavit.

528 5276 599 5314 ea:
622 5258 832 5312 veritate
853 5262 948 5316 est,
981 5249 1131 5304 endit
1159 5262 1323 5300 meam
1350 5260 1545 5306 vocent,
1579 5252 1687 5297 etc.
2298 5242 2383 5297 18.
2435 5239 2766 5299 Paenitentes.
2821 5243 2986 5302 Ordo.
3041 5249 3295 5305 Scientia:
3336 5248 3437 5322 [[2,
3486 5227 3724 5302 εοίαιωιῐ

508 5354 511 5357 ’
609 5352 695 5404 11.
734 5345 1069 5409 Mandatum,
1096 5341 1147 5397 id
1194 5348 1295 5396 est.
1349 5336 1715 5407 evangelicum
1767 5342 2117 5405 prmeeptum,
2228 5333 2344 5389 falsi
2386 5334 2620 5389 nominis
2646 5352 2714 5389 au
2746 5352 2831 5392 em
2849 5339 3198 5408 sophisticam
3221 5340 3368 5404 dicit,
3397 5353 3510 5409 qua:
3528 5333 3726 5388 falsum?

535 5434 605 5496 de
639 5454 747 5508 quo
775 5440 827 5492 in
853 5436 1099 5508 psalmo:
1137 5431 1243 5486 Lex
1273 5432 1479 5485 Domini
1508 5425 1867 5483 immaculata.
2221 5427 2368 5484 mine
2392 5427 2619 5485 scientia
2651 5428 2854 5488 dicitur
2877 5448 2894 5499 ;
2920 5449 3042 5489 cum
3071 5449 3232 5491 error
3257 5442 3314 5490 et
3357 5429 3553 5489 fallacia
3584 5417 3727 5480 recti”

611 5529 697 5583 l2.
724 5530 962 5583 Ancosr.
1002 5525 1121 5597 (lib.
1149 5539 1203 5577 tu
1226 5532 1412 5576 conm:
1441 5518 1661 5573 Maxim.
1698 5516 1906 5580 Arium,
1930 5530 1978 5569 c.
2002 5512 2111 5583 1’2).

1002 5525 1121 5597 (lib.
1149 5539 1203 5577 tu
1226 5532 1412 5576 contra
1441 5518 1661 5573 Maxim.
1698 5516 1906 5580 Arium,
1930 5530 1978 5569 c.
2002 5512 2111 5583 12).
2211 5518 2502 5576 diceretur.
