3964 6290
1870 190 1899 205 ι.

147 409 223 467 361
825 393 888 449 IN
927 393 989 447 ι).
1026 389 1233 447 PAULI
1268 388 1484 444 EPIST.
1521 381 1877 443 COMMENT.
1900 411 1967 422 —
1992 382 2208 440 EPIST.
2248 380 2289 435 ll
2329 381 2420 435 AD
2460 381 2597 436 ΤΙΜ.
3238 380 3350 441 δεδι
3374 404 3395 449 1
3440 362 3446 371 ’

150 553 3325 591 ______________________________________________,____________

224 698 773 797 EPISTOLA
840 700 942 783 Β.
1005 688 1359 784 PAULI
1419 687 2005 783 APOSTOLI
2050 687 2201 775 AD
2272 686 3010 778 TIMOTHEUM
3072 691 3206 778 ιι.

743 890 925 953 CUM
967 883 1525 951 INTERJECTIS
1564 884 1637 944 Β.
1688 879 2171 946 LANFRANCI
2230 878 2694 943 GLOSSULIS.

196 1138 332 1216 195
343 1142 732 1197 Ascuuenrun.
749 1116 1175 1192 ltem'l‘imotheo
1192 1136 1383 1192 scribit
1397 1135 1463 1191 de
1478 1136 1675 1192 exhor-
1770 1144 1954 1190 iturum
1975 1134 2046 1190 sit
2077 1134 2410 1205 temporibus
2438 1134 2774 1205 novissimis,
2799 1147 2854 1193 et
2879 1138 2946 1194 de
2976 1154 3073 1196 sua
3096 1141 3361 1212 passione

142 1240 304 1295 talione
318 1232 573 1304 martyrii»,
601 1240 657 1287 et
678 1230 822 1286 omni
847 1227 1026 1299 regula
1054 1228 1320 1293 veritatis,
1349 1226 1554 1297 etquid
1586 1226 1671 1281 lu-
1770 1227 2017 1283 scribens
2041 1228 2092 1283 ei
2110 1225 2182 1283 ab
2212 1227 2350 1283 urbe
2378 1226 2570 1282 Roma.

1431 1358 1664 1415 CAPUT
1710 1359 2004 1416 PRIMUM.

191 1486 359 1547 Paulus
381 1484 671 1558 Apostolus
692 1481 819 1537 Jesu
848 1477 1049 1536 Christi
1072 1492 1168 1548 per
1188 1477 1519 1532 voluntatem
1547 1475 1665 1541 Dei,
1704 1477 2001 1531 secundum
2050 1478 2101 1533 1.
2155 1476 2569 1548 promissionem
2624 1478 2771 1544 vitae,
2822 1478 3124 1549 (Apostolus
3167 1484 3366 1549 μναιαί-

138 1603 236 1643 cans
252 1583 633 1656 promissionem
657 1578 775 1633 vita:
802 1586 1029 1639 celerare,
1055 1573 1339 1627 secundum
1367 1572 1506 1643 quod
1532 1573 1770 1641 promisit
1799 1570 1961 1642 Deus)
1990 1588 2112 1642 qua:
2150 1581 2236 1625 est
2265 1570 2317 1624 in
2344 1569 2561 1623 Christo
2582 1564 2732 1634 Iesu,
2764 1569 2820 1622 in
2861 1568 2966 1636 ﬁde
3010 1569 3223 1637 Christi,
3263 1587 3367 1625 non
3398 1630 3401 1633 _

141 1677 318 1743 meritis,
338 1674 621 1729 Timotheo
642 1668 963 1725 charissima
994 1665 1123 1729 lilio,
1150 1665 1343 1735 gratia,
1378 1663 1773 1727 misericordia,
1803 1665 1987 1732 (causa
2010 1665 2145 1717 inter
2188 1663 2373 1732 eﬁ'ecta
2413 1678 2509 1714 sua
2536 1661 2729 1730 posita,
2788 1660 2844 1714 id
2889 1670 2991 1726 est,
3039 1662 3290 1731 gratiam,
3317 1673 3369 1717 et
3396 1724 3403 1729 ι

139 1772 299 1839 pacem)
324 1781 420 1837 pax
447 1780 476 1818 a
507 1763 621 1819 Deo
641 1758 824 1823 Patre,
862 1774 925 1811 ea:
943 1773 1043 1827 quo
1065 1756 1269 1825 genitas
1296 1771 1410 1807 sum
1442 1754 1495 1808 in
1523 1752 1781 1818 Ecclesia,
1806 1753 1882 1808 vel
1904 1757 1958 1807 in
1983 1770 2157 1807 massa
2178 1762 2479 1851 sanctorum
2512 1749 2760 1851 Patrum,
2784 1767 2868 1850 ἐκ
2894 1751 3080 1851 quibus
3122 1768 3260 1851 sum,
3317 1762 3395 1839 et,

140 1838 315 1915 Christo
338 1857 458 1912 Iesu
493 1853 725 1909 Domino
752 1858 968 1905 nostro.
1000 1848 1055 1901 2.
1085 1845 1302 1901 Gratias
1328 1859 1429 1913 ago
1458 1846 1590 1909 Deo,
1618 1845 1706 1899 cui
1739 1843 1917 1900 servio
1944 1859 1973 1897 a
1999 1842 2438 1913 progenitoribus
2463 1842 2591 1894 meis
2622 1838 2853 1903 Anania,
2880 1850 2928 1893 et
2975 1838 3117 1907 aliis,
3160 1839 3213 1894 in
3236 1856 3369 1897 con-

137 1952 323 2009 scientia
351 1965 507 2021 para,
539 1964 647 2004 non
672 1941 1038 2013 in-‘Itgpocrisi,
1070 1940 1211 2009 quod
1239 1938 1356 1992 sine
1381 1936 1783 1992 intermissione
1823 1935 1960 2008 (ecce
1983 1936 2120 1989 unde
2147 1934 2348 2005 gratias
2388 1932 2520 2003 agit)
2559 1930 2787 1986 habeam
2841 1934 2917 1988 tui
2958 1934 3277 1988 memoriam
3317 1936 3370 1988 in

137 2043 424 2098 orationibus
456 2040 620 2108 meis,
649 2046 811 2093 nocte
834 2052 898 2092 ac
926 2038 1012 2091 die
1054 2034 1369 2090 desiderans
1411 2040 1464 2087 te
1486 2032 1692 2096 videre,
1723 2045 1934 2087 memor
1961 2031 2325 2103 lacrymarum
2352 2038 2587 2092 tuarum,
2620 2027 2884 2082 desiderio
2916 2030 3018 2082 mei
3056 2031 3372 2100 Musarum.

140 2144 185 2186 ut
233 2130 405 2203 gaudio
433 2129 690 2201 implear,
718 2127 1149 2184 recordationem
1177 2122 1451 2194 accipiens
1478 2122 1596 2193 ejus
1628 2121 1772 2185 lldci,
1805 2136 1924 2191 quae
1952 2129 2036 2177 est
2069 2121 2120 2175 in
2153 2128 2203 2175 te
2234 2135 2340 2174 non
2370 2118 2519 2182 ficta,
2565 2132 2685 2186 qute
2720 2129 2777 2176 et
2823 2121 3090 2177 habitavit
3133 2125 3370 2194 primum

139 2230 287 2297 (boan
308 2244 337 2279 a
361 2225 505 2279 bonis
526 2218 859 2294 progenitus)
908 2220 960 2273 in
996 2216 1114 2271 avia
1143 2224 1234 2269 tua
1263 2214 1449 2277 Loide,
1479 2221 1535 2267 et
1565 2222 1737 2267 matre
1765 2220 1853 2266 tua
1882 2212 2109 2277 Ennicc,
2138 2212 2263 2281 (non
2287 2208 2413 2279 facit
2438 2209 2747 2266 mentionem
2780 2213 2969 2281 patris,
3011 2214 3102 2284 qui
3152 2215 3209 2269 in
3249 2231 3377 2286 gen-

138 2321 197 2374 tili
218 2336 370 2375 errore
394 2313 713 2388 pennansit)
738 2321 922 2369 certus
946 2324 1066 2364 sum
1095 2315 1275 2361 autem
1302 2304 1444 2374 quod
1485 2313 1542 2358 et
1574 2304 1625 2357 in
1656 2310 1709 2356 te
1738 2304 1933 2356 habitet
1966 2302 2117 2368 ﬁdes.
2148 2302 2375 2372 Propter
2405 2320 2567 2375 quam
2610 2306 2832 2357 causam
2866 2302 3131 2356 admoneo
3157 2305 3374 2389 te,.(ln'c
3404 2376 3405 2379 η

136 2412 272 2464 innuit
315 2426 426 2463 eum
445 2408 661 2478 pigrum
695 2420 805 2459 esse
832 2404 885 2457 in
911 2396 1305 2473 prmdicatione)
1350 2404 1409 2450 ut
1437 2394 1758 2450 ressuscites’
1783 2395 2041 2483 (torpebat
2070 2398 2207 2483 enim
2244 2414 2354 2465 pra:
2391 2398 2604 2467 timore)
2650 2394 2708 2458 5,
2734 2393 2788 2448 ι.
2833 2393 3063 2483 gratiam
3115 2394 3239 2477 Dei,
3266 2396 3375 2466 epi~

136 2507 355 2565 scopulus,
394 2512 514 2567 qua:
542 2503 631 2550 est
658 2494 713 2548 in
738 2502 790 2547 te
814 2505 912 2562 per
950 2487 1349 2558 impositiouem
1381 2497 1640 2537 manuum
1669 2496 1933 2537 mearum.
1974 2480 2095 2535 Non
2121 2481 2364 2537 debemus
2402 2494 2604 2550 timere,
2666 2483 2783 2540 Non
2829 2480 2973 2541 enim
3020 2485 3171 2541 dedit
3217 2487 3379 2543 nobis

138 2591 250 2646 Deus
298 2588 536 2661 spiritum
563 2585 810 2649 timoris,
842 2583 936 2638 sed
968 2582 1205 2647 virtutis,
1236 2580 1640 2646 etdileetionis,
1676 2590 1731 2637 et
1760 2582 2097 2637 sobrietatis.
2123 2579 2239 2637 Noli
2263 2581 2446 2652 itaque
2476 2584 2823 2651 erubescere,
2882 2585 3084 2651 timere,
3128 2585 3378 2655 testimo-

140 2680 275 2744 nium,
316 2677 771 2749 medicationem,
804 2669 1018 2727 Domini
1052 2668 1247 2738 nostri,
1273 2683 1448 2741 neque
1472 2685 1557 2724 me
1582 2669 1824 2726 vinctum
1850 2667 1988 2738 ejus,
2025 2687 2119 2739 pro
2144 2687 2203 2724 eo
2236 2671 2393 2743 195
2445 2672 2790 2729 cincnlatum.
2841 2674 2894 2729 5.
2953 2675 3060 2730 Sed
3103 2674 3379 2732 collabora

136 2766 383 2842 Evangelia
408 2770 718 2827 secundum
759 2766 1020 2820 virtutem
1050 2763 1166 2830 Dei,
1214 2773 1370 2833 prout
1404 2764 1567 2817 virtus
1597 2763 1691 2817 Dei
1724 2763 2071 2834 opitulabitur
2094 2764 2206 2829 tibi,
2238 2766 2329 2833 qui
2358 2780 2457 2819 nos
2504 2766 2775 2833 liberavit,
2806 2776 2862 2823 et
2888 2767 2941 2822 6.
2972 2769 3184 2861 vocavit
3214 2785 3409 2839 voca-_

139 2861 252 2916 tione
269 2878 354 2918 sua
369 2864 584 2928 sancta,
604 2876 716 2916 non
740 2852 1035 2914 secundum
1046 2869 1212 2925 opera
1226 2864 1435 2922 nostra,
1454 2854 1551 2909 sed
1574 2854 1870 2909 Secundum
1899 2856 2230 2925 propositum
2256 2870 2437 2921 suum,
2453 2864 2506 2911 et
2527 2857 2812 2912 secundum
2824 2852 3233 2933 gratiam,'qure
3252 2859 3385 2916 data
3404 2916 3413 2933 ι

130 2963 199 3008 est
221 2936 417 3010 nobisa
438 2954 553 3008 Deo
588 2954 649 3009 in
679 2950 897 3008 Christo
925 2945 1050 3001 .lesu
1084 2957 1210 2999 ante
1243 2954 1490 3016 tempora
1518 2943 1825 3010 saecularia,
1854 2945 1909 2998 in
1932 2945 2410 3015 prtedestinatione.
2439 2946 2779 3005 Manifestata
2812 2960 2897 3006 est
2940 2960 3125 3008 autem
3154 2967 3301 3009 nunc
3327 2952 3388 3009 in

132 3053 326 3113 tempore
369 3044 726 3114 plenitudinis
769 3059 869 3115 per
914 3043 1368 3099 illuminationem
1399 3041 1700 3098 Salvatoris
1748 3041 1919 3097 nostri
1945 3040 2071 3098 Jesu
2095 3041 2319 3111 Christi,
2350 3043 2441 3114 qui
2474 3044 2528 3102 7.
2562 3047 2831 3103 destruvit
2875 3049 3093 3120 quidem
3126 3060 3383 3119 mortem,

136 3132 420 3191 illuminavit
462 3147 658 3193 autem
702 3135 894 3199 vitam,
942 3133 1291 3189 illuminanda
1320 3134 1460 3188 dedit
1490 3133 1669 3199 vitam,
1700 3140 1756 3189 et
1786 3132 2271 3205 incorruptionem,
2321 3135 2458 3190 lianc
2508 3136 2979 3207 incorruptibilem,
3015 3156 3114 3211 per
3142 3142 3388 3215 Evange-

136 3224 269 3292 lium;
298 3228 348 3282 in
373 3242 481 3297 quo
503 3227 854 3299 pradicando
882 3231 1090 3301 positus
1127 3246 1248 3286 sum
1273 3246 1374 3300 ego
1407 3230 1751 3301 praedicator,
1779 3236 1834 3285 et
1858 3228 2149 3297 Apostolus
2174 3238 2229 3284 et
2260 3230 2521 3302 magister
2559 3232 2823 3303 gentium.
2858 3232 2939 3289 Ob
2969 3250 3130 3303 quam
3154 3248 3385 3301 causam

132 3318 265 3372 etiam
307 3319 418 3376 hazc
442 3321 663 3376 vincula
702 3321 916 3392 patior:
943 3322 1036 3377 sed
1068 3321 1118 3377 8.
1152 3337 1259 3376 non
1295 3321 1621 3384 confundor,
1660 3336 1764 3374 non
1797 3320 2068 3375 erubesco.
2117 3319 2244 3376 Scio
2284 3321 2427 3376 enim
2456 3338 2544 3378 cut
2576 3322 2811 3389 credidi,
2834 3326 2938 3393 'pro
2966 3341 3069 3394 quo
3100 3326 3298 3396 patior,
3331 3328 3391 3397 (ι

133 3408 266 3463 simili
290 3413 566 3468 creditoris
598 3419 891 3486 sumptum)
916 3429 973 3475 et
1007 3428 1189 3475 certus
1216 3435 1357 3485 sum,
1387 3419 1528 3489 quod
1557 3434 1660 3472 non
1684 3432 1774 3471 ero
1815 3418 2085 3480 immunis.
2117 3417 2173 3473 9.
2204 3419 2330 3489 quia
2356 3428 2549 3490 potens
2575 3426 2659 3474 est
2680 3419 2984 3491 depositum
3017 3437 3218 3490 meum,
3245 3425 3390 3495 quod

130 3497 212 3551 sibi
235 3500 459 3571 deposui,
504 3502 564 3557 id
597 3513 701 3571 est,
744 3522 875 3577 aptus
909 3511 1121 3575 bonum,
1158 3510 1299 3581 quod
1328 3525 1422 3579 ego
1452 3509 1572 3579 feci,
1601 3522 1822 3564 servare
1845 3516 1894 3562 et
1924 3508 2140 3564 reddere
2178 3509 2234 3563 in
2282 3506 2429 3564 illum
2458 3511 2625 3567 diem.
2675 3511 2932 3567 Formam
2959 3514 3099 3570 habe
3128 3529 3389 3571 sanorum

132 3596 411 3665 verborum,
443 3600 729 3656 collabora
763 3602 1067 3675 Evangelia,
1091 3586 1168 3656 uel
1200 3611 1309 3656 esto
1334 3602 1529 3656 habens
1558 3601 1785 3671 [armant
1810 3600 2110 3664 verborum,
2134 3617 2252 3665 qua:
2280 3612 2492 3666 sanant,
2525 3602 2614 3658 10.
2646 3618 2768 3672 qum
2797 3619 2826 3657 a
2858 3619 2944 3663 me
2970 3606 3168 3663 audisti
3200 3608 3257 3663 in
3283 3609 3411 3675 ﬁdo;

131 3685 355 3755 habenda,
385 3700 441 3746 et
473 3692 530 3747 in
560 3693 879 3760 dilectione,
914 3695 967 3748 in
999 3693 1219 3749 Christo
1238 3692 1388 3748 Iesu.
1435 3691 1642 3748 Bonum
1692 3689 2029 3759 depositum,
2066 3690 2361 3746 doctrinam
2390 3710 2423 3747 a
2449 3710 2529 3748 me
2572 3694 2993 3750 commendatam
3032 3696 3149 3764 tibi,
3180 3701 3394 3757 custodi

130 3792 210 3844 rer
246 3779 501 3849 Spiritum
551 3796 835 3847 sanctum,
863 3800 956 3854 per
983 3784 1243 3839 auxilium
1279 3781 1506 3851 Spiritus
1537 3780 1732 3845 sancti,
1760 3780 1851 3849 qui
1882 3779 2092 3835 habitat
2140 3780 2193 3835 in
2226 3782 2403 3838 nobis.
2442 3780 2510 3837 Ut
2541 3783 2729 3852 [iratus
2775 3784 3040 3840 custodiat
3084 3786 3203 3851 hoc,
3233 3787 3417 3853 dicit;.

134 3865 201 3918 ll.
231 3865 343 3922 Scis
372 3869 496 3936 hoc,
526 3873 680 3943 quod
716 3873 890 3928 aversi
924 3880 1049 3928 sunt
1087 3888 1117 3926 a
1144 3886 1229 3927 me
1256 3886 1446 3926 omnes
1471 3870 1564 3941 qui
1611 3870 1667 3924 in
1697 3868 1823 3923 Asia
1858 3878 2003 3935 sunt,
2033 3885 2101 3924 ex
2132 3872 2330 3941 quibus
2356 3881 2442 3927 est
2474 3872 2750 3944 Phigellus
2777 3883 2830 3930 et
2869 3874 3258 3949 Hermogenes.
3292 3877 3400 3936 Det

133 3957 538 4018 misericordiam
565 3963 836 4020 Dominus
866 3963 1190 4034 Onesiphori
1221 3962 1334 4035 (qui
1364 3981 1395 4017 a
1424 3980 1505 4017 me
1534 3978 1639 4015 non
1667 3961 1925 4026 discessit,
1954 3978 2046 4016 nec
2074 3963 2305 4034 erubuit)
2336 3962 2545 4029 domui,
2576 3963 2703 4035 quia
2739 3979 2883 4035 saepe
2912 3981 3003 4045 me
3026 3966 3415 4046 refrigeravit.

131 4048 359 4105 risitaudo
406 4069 515 4119 me,
545 4063 601 4108 et
630 4054 754 4109 aliis
784 4056 976 4121 modis,
1005 4064 1064 4110 et
1090 4053 1179 4109 η.
1211 4062 1460 4109 catenam
1506 4066 1683 4107 meam
1728 4067 1835 4107 non
1886 4051 2130 4118 erubuit;
2179 4053 2296 4118 sed,
2328 4069 2451 4107 cum
2479 4052 2707 4109 Romam
2734 4057 2994 4121 venisset,
3044 4058 3281 4115 soilicite
3307 4074 3398 4114 me

1498 4160 2070 4218 COMMENTARIUS.

184 4252 325 4311 CAP.
356 4257 553 4312 Ι.-’..
580 4273 826 4314 δυωετ.
854 4256 1263 4311 Promissionem
1287 4254 1425 4319 vita,
1446 4251 1555 4310 hoc
1571 4262 1697 4308 est:
1728 4262 1778 4320 Α
1807 4268 1936 4308 cens
1966 4271 1979 4307 :
2021 4252 2198 4310 Venite
2233 4256 2303 4309 ad
2335 4274 2445 4319 me,
2477 4274 2655 4312 omnes
2697 4261 2789 4328 qui
2831 4260 3088 4313 laboratis
3118 4272 3165 4314 et
3192 4264 3415 4316 onerati-

132 4342 390 4411 Apostolus
413 4357 647 4403 creatus
670 4332 821 4412 rsum,
843 4356 901 4401 ut
920 4345 1211 4416 praedicem
1239 4344 1405 4400 vitam
1428 4359 1527 4415 per
1547 4343 1707 4400 Chri-
1806 4344 1953 4409 estis,
1974 4354 2028 4398 et
2056 4361 2149 4415 ego
2178 4362 2265 4399 vos
2292 4348 2614 4417 requiescere
2635 4349 2853 4418 faciam.

132 4441 252 4489 stum
278 4437 639 4505 promissam.
1879 4436 1931 4488 7.
1970 4435 2261 4502 Destruxit.
2295 4440 2347 4494 id
2371 4448 2475 4504 est,
2503 4442 2789 4511 perspicue
2832 4444 3071 4500 ostendit
3113 4444 3204 4500 ubi
3253 4460 3374 4506 esse

186 4524 237 4579 2.
267 4526 484 4584 Gratias
509 4545 640 4600 ago.
669 4527 889 4585 Gratias
915 4543 1016 4599 ago
1042 4528 1151 4582 Deo
1183 4527 1271 4582 cui
1293 4526 1506 4590 servio;
1565 4524 1710 4579 unde
1809 4526 1917 4582 vita
1943 4537 1999 4585 et
2026 4534 2327 4600 corruptio;
3300 4554 3303 4557 ·

132 4613 223 4669 hoc
258 4616 332 4672 ita
358 4632 419 4674 se
459 4619 637 4676 habet
671 4618 969 4689 :quoniam
1018 4618 1137 4673 sine
1166 4615 1572 4673 intermissione
1602 4628 1711 4670 me-
1878 4623 1932 4678 8.
1968 4622 2206 4680 Annos.
2238 4622 2363 4679 Non
2389 4626 2703 4695 confundor.
2750 4626 2895 4682 Bene
2926 4630 3103 4697 posuit
3138 4647 3241 4686 non
3269 4648 3398 4688 con-

131 4707 338 4762 moriatn
379 4710 458 4763 tui
486 4708 676 4764 habeo
702 4708 755 4761 in
784 4706 1147 4763 orationibus.
1174 4705 1322 4761 Ordo
1349 4713 1431 4760 est
1451 4722 1464 4758 :
1487 4704 1706 4760 Gratias
1810 4712 2028 4780 Ῑιιηιίοι-⁹
2059 4715 2184 4785 quia
2222 4716 2437 4771 dixerat
2470 4734 2572 4770 non
2594 4718 2893 4775 erubescas.

134 4811 218 4867 ago
244 4814 452 4869 memor
476 4800 853 4870 lacrymarum
885 4808 1124 4864 tuarum,
1157 4808 1217 4852 ut
1237 4798 1435 4868 gaudio
1459 4798 1708 4867 implear,

128 4897 181 4938 ut
207 4904 304 4943 non
334 4905 599 4952 causam.
620 4889 718 4944 sed
740 4890 884 4958 quod
905 4889 1175 4958 sequitur,
1206 4888 1494 4958 signiﬁcet.

190 4975 495 5033 3.6ratiam
520 4979 641 5033 Dei.
663 4979 906 5033 Divinam
930 4980 1275 5034 donationem
1298 4980 1350 5033 in
1378 4981 1714 5035 ordinatione

132 5080 451 5126 concessam.

192 5158 241 5211 ι.
267 5160 473 5217 Lassa.
499 5160 746 5216 Gratiam
773 5162 889 5218 Dei.
908 5164 1150 5218 Gratiam
1167 5163 1510 5233 episcopatus
1530 5162 1715 5217 admo-

134 5259 354 5308 ueteum
386 5264 748 5321 resuscitare,
796 5264 856 5310 ut
886 5256 1246 5310 conﬁdentius
1283 5255 1539 5324 prmdicet
1587 5270 1714 5309 ver-

135 5341 248 5397 bum
279 5347 394 5411 Dei,
430 5364 550 5402 non
585 5348 783 5403 timens
814 5357 1060 5403 terrenas
1091 5355 1409 5417 potestates,
1467 5361 1567 5401 nec
1588 5361 1717 5400 eru-

1880 4825 1934 4880 9.
1978 4818 2169 4882 Potens
2204 4839 2278 4882 est
2312 4830 2633 4896 depositum,
2677 4833 2727 4887 id
2759 4812 2861 4899 est,
2897 4838 3192 4906 perlectam
3242 4843 3402 4913 Spiri-

1814 4931 1900 4972 tus
1940 4920 2207 4987 gratiam,
2251 4924 2304 4976 in
2338 4938 2441 4993 qua
2479 4940 2574 4993 spe
2616 4929 2684 4979 ad
2722 4942 2960 4997 prtesens
3003 4932 3139 4991 hanc
3176 4934 3401 5002 spiritus

1813 5012 2065 5080 gratiam,
2099 5022 2158 5067 ut
2187 5014 2378 5083 pignus
2405 5016 2489 5070 vel
2522 5018 2763 5083 arrham,
2800 5024 3033 5077 assecuti
3063 5032 3267 5080 sumus.

1886 5121 1973 5176 {0.
2014 5122 2212 5179 LANFR.
2252 5125 2385 5191 Qua:
2419 5146 2451 5182 a
2480 5143 2561 5184 me
2603 5128 2823 5199 audisti,
2871 5136 2925 5190 id
2964 5146 3066 5200 est,
3104 5152 3225 5193 cum
3267 5138 3399 5195 insi-

1816 5229 2040 5270 nuarem
2067 5218 2224 5271 Iidem
2264 5228 2315 5273 et
2347 5220 2689 5279 dilectionem
2719 5243 2840 5296 quac
2867 5238 3082 5299 oportet
3115 5230 3301 5287 haberi
3344 5232 3401 5287 in

1819 5306 1922 5361 ﬁde
1949 5306 2149 5365 Christi
2174 5310 2326 5367 Iesu.

133 5432 343 5493 beseeas
389 5455 455 5494 se
487 5440 675 5496 dicere
721 5440 1043 5509 discipulum
1092 5439 1369 5501 cruciﬁxi,
1427 5446 1484 5494 et
1516 5438 1713 5505 vincti;

1861 5425 1978 5499 λι.
2022 5424 2138 5481 Scis
2166 5429 2305 5483 enim
2335 5433 2494 5501 quod.
2518 5433 2597 5486 Ad
2623 5436 2725 5490 hoc
2746 5436 2795 5490 ei
2827 5436 2962 5496 istos
2989 5449 3403 5511 commemorat,

134 5524 523 5603 aiiquantiSper
551 5535 694 5588 enim
726 5534 945 5589 timidus
972 5540 1028 5586 et
1051 5532 1328 5603 negligens
1363 5541 1503 5595 erat,
1694 5596 1697 5599 ν

1849 5522 1879 5567 ιι
1906 5525 1961 5569 et
1992 5515 2108 5585 ipse
2141 5528 2334 5575 caums
2359 5520 2453 5587 sit,
2484 5538 2551 5580 ne
2579 5524 2829 5587 similiter
2854 5542 2975 5584 sese
3008 5537 3237 5585 avertat.

191 5619 243 5675 5.
280 5622 539 5680 Attonsr.
581 5623 685 5679 Sed
732 5624 1022 5678 collabora.
1064 5622 1133 5679 Ut
1161 5623 1423 5694 prtedices
1459 5622 1715 5677 virtutem
1747 5622 1792 5681 Β
1893 5624 1978 5679 12.
2019 5625 2271 5682 Catenam
2304 5646 2509 5697 meum.
2552 5632 2963 5703 Consequenter
3004 5640 3108 5695 hoc
3137 5637 3425 5708 adiunxit,

135 5709 239 5775 Dei,
267 5715 359 5784 qui
392 5730 501 5768 nos
530 5714 706 5769 salvos
730 5714 880 5771 fecit.
1493 5780 1497 5783 _
1824 5716 1949 5785 quia
1979 5718 2045 5771 ad
2073 5718 2504 5776 exhortationem
2543 5723 2659 5793 ejus
2695 5725 2943 5793 dixerat,
2992 5745 3090 5788 nec
3116 5733 3407 5788 erubescat

195 5799 245 5855 6.
285 5780 503 5859 Lmen.
549 5803 759 5859 Vocavit
805 5806 1091 5873 vocatione,
1126 5807 1178 5862 id
1202 5814 1301 5872 est,
1336 5780 1599 5873 invitavit,
1630 5806 1714 5862 di-
1826 5780 2190 5865 testimonium
2219 5810 2445 5868 Domini.

436 5899 723 5960 ΡΑτιιοι..
772 5897 894 5958 CL.

2928 5919 3005 6007 is
