3964 6290
496 330 602 388 567
1244 328 1245 331 “
1496 328 1556 382 Β.
1595 328 1983 385 LANFRANCI
2026 327 2061 386 ε

2185 323 2377 385 l‘UAK.
2415 320 2729 387 ARCHIEP.
3654 335 3750 396 ιω

496 457 653 513 crepa
683 441 735 498 in
761 457 912 498 omn.
944 441 1231 513 patientia,
1274 442 1502 498 exterius
1546 452 1775 509 ostensa,
1818 444 2036 498 interius
2072 442 2275 509 habita,
2312 449 2367 497 et
2399 441 2664 497 doctrina.
2695 442 2989 509 verborum,
3024 450 3073 496 et
3114 458 3348 514 operum.
3397 442 3466 500 Et
3497 446 3574 502 sic
3613 462 3753 519 opor-

495 537 615 590 tebit
641 547 661 588 :
689 534 809 592 Erit
846 535 993 591 enim
1026 543 1241 606 tempus
1274 550 1421 600 cum,
1470 535 1701 606 quando,
1741 550 1928 590 sanam
1965 533 2269 588 doctrinam
2298 547 2403 587 non
2431 533 2796 600 sustinebunt,
2825 533 2917 588 sed
2945 533 3012 589 ad
3045 549 3143 589 sua
3184 535 3454 591 desideria
3483 550 3753 597 coacerva-

492 627 625 682 bunt
656 626 759 683 sibi
787 628 1101 698 magistros,
1129 628 1185 682 2.
1218 626 1524 698 prurientes
1550 626 1793 690 auribus,
1821 634 1873 681 et
1904 640 1932 679 a
1957 624 2185 679 veritate
2234 622 2452 693 quidem
2488 625 2738 696 auditum
2767 632 3031 688 avertent,
3065 624 3133 681 ad
3165 625 3374 682 fabulas
3413 636 3592 683 autem
3633 642 3753 687 con-

489 727 791 776 vertentur.
822 718 1091 790 Quidquid
1120 718 1221 784 illi,
1255 718 1337 773 Tu
1384 731 1513 774 vero
1540 718 1728 788 vigila,
1759 718 1811 772 in
1861 717 2113 773 omnibus
2142 715 2351 783 labora,
2381 714 2434 770 ὅ.
2478 731 2612 786 opus
2660 716 2747 772 lac
2791 716 3158 789 evangelistze,
3203 721 3567 778 ministerium
3617 732 3754 781 tuum

492 810 681 881 imple.
716 810 947 866 Sobrius
972 818 1109 866 esto.
1138 808 1191 864 4.
1221 810 1333 881 Ego
1361 809 1506 866 enim
1536 808 1650 879 jam
1677 809 1905 874 delibor,
1935 807 2199 873 immolor,
2242 814 2297 861 et
2337 816 2548 877 tempus
2578 807 2924 867 resolutionis
2949 824 3083 864 meae
3111 809 3294 865 instat.
3324 810 3378 866 5.
3418 811 3623 868 Bonum
3652 829 3757 870 cer-

493 892 676 962 tamen
703 906 931 973 certavi,
962 920 1180 962 cursum
1223 900 1619 967 consummavi,
1644 900 1803 955 tidem
1832 899 2066 953 servavi.
2096 896 2148 952 6.
2181 898 2238 953 in
2268 896 2477 967 reliquo
2508 898 2576 968 (el
2601 900 2729 969 quid
2754 900 3102 971 relinquitur?
3135 902 3231 955 hoc
3268 902 3487 974 scilicet)
3512 906 3754 974 reposita,

492 999 548 1053 id
590 1008 689 1065 est,
720 1007 942 1062 servata,
982 1006 1066 1054 est
1106 998 1161 1052 7.
1194 993 1327 1050 mihi
1354 1008 1553 1048 corona
1579 992 1825 1063 justitim,
1853 1007 2009 1061 quam
2050 1006 2252 1044 mereor
2282 991 2574 1060 justitiam,
2605 1007 2767 1060 quam
2796 993 2987 1047 reddet
3015 993 3146 1047 mihi
3180 993 3440 1050 Dominus
3466 995 3517 1049 in
3564 995 3651 1050 illa
3679 996 3761 1052 die

487 1094 669 1163 justus
688 1090 876 1161 judex,
902 1105 1009 1146 non
1039 1088 1213 1146 solum
1246 1094 1426 1141 autem
1452 1083 1607 1149 mihi,
1638 1082 1731 1138 sed
1757 1092 1809 1137 et
1840 1083 1893 1139 8.
1926 1082 1993 1137 iis
2020 1082 2111 1152 qui
2142 1081 2393 1151 diligunt.
2417 1082 2470 1138 9.
2509 1084 2803 1139 adventum
2836 1084 2980 1154 cinis,
3008 1084 3148 1149 boni,
3178 1098 3281 1139 non
3311 1096 3592 1141 metuentes
3625 1089 3757 1142 dam-

496 1181 761 1235 nationem
793 1181 845 1233 in
868 1181 949 1234 die
972 1179 1177 1247 iudicii.
1204 1175 1425 1230 Festina
1467 1174 1534 1228 ad
1562 1188 1648 1228 me
1672 1173 1858 1227 venire
1885 1171 2011 1227 cito.
2046 1173 2243 1227 Demas
2271 1173 2417 1226 enim
2459 1187 2547 1229 me
2580 1174 2823 1244 reliquit,-
2849 1175 3079 1245 diligcns
3110 1175 3213 1230 hoc
3239 1176 3521 1243 saeculum,
3544 1187 3597 1232 et
3638 1178 3754 1233 abiit

494 1268 962 1335 Thessalonicam,
991 1269 1253 1325 Crescens
1285 1270 1338 1322 in
1374 1266 1669 1331 Galatiam,
1693 1263 1849 1319 Titus
1877 1264 1931 1318 in
1973 1262 2331 1330 Dalmatiam;
2365 1263 2540 1318 Lucas
2576 1274 2660 1319 est
2701 1281 2914 1321 mecmn
2960 1266 3136 1321 solus.
3160 1266 3399 1321 Marcum
3451 1283 3688 1335 assume,
3707 1281 3757 1324 et

495 1363 672 1419 adduc
701 1354 915 1428 tecum;
944 1370 1028 1416 est
1053 1361 1199 1416 enim
1228 1359 1367 1415 mihi
1406 1357 1552 1413 utilis
1584 1356 1637 1412 in
1668 1356 2054 1412 ministerium.
2086 1355 2385 1425 Tychicum
2436 1365 2619 1411 autem
2649 1358 2770 1413 misi
2800 1358 3096 1428 Ephesum.
3130 1358 3431 1427 Paenulam,
3459 1376 3620 1431 quam
3648 1362 3759 1418 reli-

495 1454 590 1523 qui
622 1453 833 1510 Troade
864 1454 1005 1524 apud
1051 1452 1308 1523 Carpam,
1342 1448 1565 1503 veniens
1614 1446 1748 1502 atl'er
1776 1455 1979 1512 tecum,
2008 1454 2063 1502 et
2110 1445 2295 1510 libros,
2329 1463 2492 1514 meos,
2542 1449 2778 1504 iitaxime
2831 1460 3010 1507 autem
3060 1454 3425 1507 membranas.
3470 1454 3757 1511 Alexander

494 1541 747 1597 )Erarius
793 1547 999 1615 {narrat
1043 1542 1092 1596 ei
1131 1541 1260 1612 quid
1284 1539 1382 1592 sibi
1409 1536 1589 1591 Rom
1634 1537 1932 1607 contigerit)
1965 1534 2133 1590 multa
2164 1535 2305 1590 mala
2335 1537 2466 1592 mihi
2514 1539 2781 1606 ostendit;
2823 1541 3011 1596 reddet
3058 1544 3132 1598 illi
3176 1546 3438 1603 Dominus
3482 1546 3763 1604 secundum

493 1649 658 1705 opera
689 1634 823 1704 ejus,
858 1649 1016 1704 quem
1053 1642 1107 1690 et
1138 1643 1194 1689 tu
1226 1636 1429 1701 devita,
1460 1651 1523 1690 ne
1554 1633 1869 1706 alloquaris,
1900 1631 2055 1689 valde
2085 1631 2231 1687 enim
2259 1631 2457 1687 restitit
2498 1631 2679 1687 verbis
2722 1634 2944 1689 nostris.
2974 1633 3029 1688 ln
3057 1637 3233 1706 prima
3275 1650 3394 1691 mea
3441 1636 3757 1703 defensione,

493 1748 599 1803 qua
648 1749 730 1786 me
757 1732 899 1802 apud
940 1729 1203 1787 Neronem
1252 1732 1485 1802 defendi,
1516 1746 1675 1787 nemo
1704 1731 1836 1787 mihi
1870 1730 2069 1797 adfuit,
2092 1730 2186 1785 sed
2215 1745 2407 1787 omnes
2436 1746 2525 1785 me
2553 1729 2993 1800 dereliquerunt;
3033 1743 3141 1783 non
3169 1728 3275 1783 illis
3325 1730 3637 1797 imputetur.
3666 1730 3761 1785 Do-

496 1824 676 1879 minus
704 1833 885 1879 autem
915 1824 1047 1877 mihi
1094 1824 1270 1879 astitit
1299 1835 1353 1879 ct
1379 1825 1707 1881 confortavit
1737 1839 1855 1890 tne;
1880 1833 1937 1878 ut
1967 1839 2063 1894 per
2092 1840 2177 1878 me
2206 1822 2523 1893 prmdicatio
2554 1822 2864 1893 impleatur,
2894 1830 2950 1877 et
2978 1819 3202 1875 audiant
3243 1833 3431 1874 omnes
3472 1829 3685 1888 gentes;
3711 1830 3759 1876 et

493 1918 572 1971 sic
598 1916 863 1973 liberatus
891 1932 1011 1971 sum
1042 1918 1109 1971 de
1158 1932 1257 1973 ore
1287 1919 1479 1983 leonis,
1515 1918 1762 1973 Neronis.
1806 1917 2086 1972 Liberavit
2111 1931 2198 1971 me
2226 1916 2487 1971 Dominus
2521 1917 2590 1970 ab
2625 1914 2778 1971 omni
2822 1928 2985 1985 opere
3009 1913 3180 1979 malo;
3204 1922 3259 1969 et
3287 1912 3497 1969 salvum
3526 1913 3686 1970 faciet
3710 1915 3756 1970 in

496 2023 723 2079 regnum
754 2023 910 2064 suum
949 2007 1074 2063 coel:
1087 2017 1199 2074 ste;
1226 2008 1312 2063 cui
1342 2008 1514 2078 gloria
1559 2006 1611 2061 in
1642 2005 1839 2062 sa‘cula
1868 2005 2219 2061 saeculorum.
2246 2005 2438 2060 Amen.
2475 2005 2662 2061 Saluta
2691 2004 2935 2061 Priscam
2979 2012 3033 2059 et
3060 2003 3332 2075 Aquilam,
3362 2014 3417 2061 et
3457 2004 3763 2076 Onesiphori

499 2097 746 2151 domum.
798 2096 1031 2153 Erastus
1061 2098 1325 2153 remansit
1377 2096 1655 2163 Corinthi;
1690 2095 2045 2167 Trophimum
2090 2104 2277 2151 autem
2307 2096 2501 2167 reliqui
2551 2097 2823 2152 inﬁrmum
2873 2095 3061 2151 Mileti.
3106 2094 3325 2152 Festina
3375 2104 3502 2151 ante
3545 2096 3761 2152 hiemem

496 2190 706 2245 venire.
757 2189 1009 2245 Salutant
1051 2204 1105 2247 te
1130 2191 1393 2255 Eubulus,
1436 2197 1489 2245 et
1517 2188 1749 2250 Pudens,
1796 2200 1851 2244 et
1896 2186 2164 2255 Linus,et
2212 2187 2437 2245 Claudia
2465 2196 2521 2247 et
2549 2188 2751 2245 fratres
2780 2203 2992 2245 omnes.
3040 2188 3303 2245 Dominus
3343 2186 3502 2245 Jesus
3531 2188 3761 2245 Christus

496 2292 621 2332 cum
650 2277 855 2349 Spiritu
883 2287 991 2334 tuo.
1017 2279 1204 2336 Gratia
1234 2278 1536 2335 vobiscum.
1567 2279 1763 2334 Amen.

1870 2366 2444 2425 COMMENTARIUS.

564 2459 620 2515 2.
654 2459 853 2516 Lssrn.
887 2458 1215 2528 Prnrientes,
1248 2461 1300 2515 id
1323 2471 1428 2528 est,
1450 2460 1930 2528 lcvcs,instabiles,
1946 2475 2086 2517 nova
2116 2469 2162 2526 Α
2192 2468 2366 2529 parte,
2397 2474 2517 2530 qnte
2544 2459 2734 2515 instat.-

498 2565 713 2616 semper
746 2551 934 2607 audire
969 2551 1229 2607 volentes.
2143 2565 2159 2593 ο
2260 2552 2314 2605 7.
2352 2551 2593 2607 Aunaos.
2642 2550 2777 2605 Mihi
2814 2567 3027 2606 corona.
3076 2551 3219 2607 Bene
3245 2550 3475 2621 iustitiae
3520 2565 3761 2607 coronam

572 2643 626 2695 5.
681 2643 825 2711 Opus
869 2640 953 2710 {ac
996 2640 1346 2711 evangelium.
1398 2639 1545 2709 Opus
1589 2638 1936 2710 evangelista:
1988 2649 2092 2705 est,
2191 2642 2408 2697 vocavit
2453 2641 2596 2696 illam
2624 2658 2746 2712 qua:
2782 2640 3240 2713 contemplatione
3280 2640 3757 2714 [compensationel

500 2732 641 2788 bene
670 2733 871 2798 vivere,
895 2741 950 2786 et
975 2731 1111 2786 bene
1137 2731 1354 2799 dicere;
1386 2732 1627 2787 moribus
1663 2740 1717 2787 et
1747 2732 1931 2789 verbis
1969 2733 2095 2788 sub-
2194 2734 2297 2791 Eo.
2328 2734 2415 2806 P.]
2451 2733 2696 2794 laborum
2727 2735 2906 2790 datur.

493 2819 673 2890 jeetos
703 2821 992 2877 instruere.
2263 2825 2317 2881 8.
2351 2823 2451 2879 llis
2500 2825 2592 2895 qui
2637 2825 2889 2895 diligunt.
2938 2824 3187 2881 Miraculi
3212 2825 3436 2896 dignum
3484 2822 3622 2897 quod
3664 2840 3761 2880 non

569 2911 623 2965 4.
655 2911 771 2980 Ego
800 2911 939 2966 enim
975 2911 1115 2981 jam.
1169 2911 1336 2979 Quasi
1386 2911 1592 2968 diceret
1622 2929 1637 2967 :
1671 2912 1793 2969 ideo
1826 2921 1934 2968 tam
1981 2920 2096 2969 stu-
2193 2916 2347 2980 dixit,
2377 2914 2483 2972 illis
2512 2916 2605 2986 qui
2634 2916 3018 2973 laboraverunt
3039 2926 3133 2973 aut
3158 2918 3304 2989 passi
3341 2924 3489 2985 sunt,
3515 2918 3608 2974 sed
3640 2916 3759 2971 dixit

504 2999 658 3055 diose
692 3011 746 3056 te
773 3016 987 3067 moneo,
1018 3001 1145 3071 quia
1171 3003 1223 3057 in
1251 3003 1504 3073 praesenti
1533 3003 1827 3060 moriturus
1865 3018 2007 3074 sum,
2042 3012 2093 3058 te
2190 3008 2283 3078 qui
2319 3007 2573 3078 diligunt,
2611 3009 2738 3078 quia
2767 3010 3125 3066 certaminum
3149 3018 3203 3065 et
3230 3010 3544 3081 passionum
3570 3018 3760 3079 tempus

501 3099 691 3160 postea
713 3105 819 3147 non
841 3092 1167 3149 moniturus.
2191 3116 2298 3157 non
2321 3116 2535 3171 semper
2561 3111 2664 3157 est.

573 3180 629 3234 5.
655 3179 893 3238 Attianos.
920 3182 1127 3237 Bonum
1153 3194 1431 3240 certamen.
1464 3184 1582 3241 Non
1612 3184 1811 3242 ludens
1838 3186 1971 3253 ista,
1995 3187 2089 3241 sed
2262 3188 2316 3244 9.
2355 3187 2563 3244 Isaura.
2598 3190 2896 3246 Adventum
2918 3190 3057 3262 ejus.
3085 3192 3389 3248 Adventum
3432 3189 3632 3246 Christi
3654 3188 3758 3243 dili-

502 3268 569 3321 ad
599 3270 1033 3325 exhortationem
1068 3272 1206 3327 dixit
1232 3273 1522 3330 Timothei.
2228 3288 2325 3334 unt
2347 3281 2438 3350 qui
2467 3298 2497 3335 a
2530 3282 2687 3337 malis
2733 3296 2967 3348 cessant,
2998 3294 3050 3339 et
3082 3284 3220 3338 bona
3265 3283 3505 3349 faciunt;
3535 3282 3587 3337 hi
3627 3280 3760 3336 enim

575 3357 628 3412 6.
662 3357 862 3414 Isaura.
896 3360 967 3416 In
996 3362 1214 3433 reliquo,
1245 3364 1298 3418 id
1323 3374 1432 3431 est,
1452 3366 1505 3419 in
1537 3366 1743 3439 reliqua
1770 3367 2061 3422 aeternitati
2180 3363 2247 3425 ‘in
2277 3371 2371 3426 die
2382 3372 2571 3442 judicii
2601 3374 2847 3429 danmari
2874 3392 2979 3430 non
3011 3383 3282 3431 metuunt.

503 3532 2420 3565 .._.__._________________________________________

840 3682 1427 3777 EPISTOLA
1503 3690 1606 3777 B.
1681 3689 2036 3782 PAULI
2107 3691 2695 3787 APOSTOLI
2762 3694 2921 3784 AD
3000 3697 3427 3787 TITUM.

1188 3879 1362 3942 CUM
1409 3878 1969 3947 INTERJECTIS
2001 3886 2079 3947 Β.
2112 3880 2596 3949 ιΑΝιτἪΑΝΟι
2631 3885 3101 3950 GLOSSULIS.

571 4103 737 4174 200
792 4106 1191 4162 Aacvuenrou.
1236 4137 1307 4147 —-
1356 4105 1537 4162 Titum
1571 4108 1988 4165 commonefacit
2030 4119 2086 4166 et
2196 4112 2629 4178 conversatione,
2668 4121 2723 4169 et
2768 4112 3039 4169 haereticis
3087 4113 3323 4170 vitandis
3367 4115 3459 4183 qui
3509 4114 3561 4169 in
3605 4110 3748 4169 tradi“

504 4196 721 4251 instruit
749 4196 815 4252 de
850 4199 1234 4256 constitutione
1270 4200 1613 4271 presbyterii,
1647 4211 1701 4257 et
1727 4202 1790 4258 de
1819 4203 2084 4273 spirituali
2197 4203 2437 4259 tionibus
2453 4204 2690 4261 Judaicis
2718 4206 2965 4272 credunt,
2994 4205 3236 4263 scribens
3256 4206 3307 4261 ei
3337 4221 3368 4262 a
3390 4205 3640 4278 Nicopoli.

1901 4377 2132 4435 CAPUT
2170 4376 2458 4433 PRIMUM.

577 4477 776 4533 Paulus
804 4493 993 4535 servus
1020 4478 1137 4546 Dei,
1174 4480 1467 4550 Apostolus
1500 4491 1705 4550 autem,
1743 4490 1983 4556 nuntius,
2024 4486 2154 4545 Jesu
2196 4488 2398 4546 Christi
2442 4492 2491 4546 ι.
2520 4493 2859 4561 prwdicando
2884 4493 3186 4551 secundum
3213 4493 3397 4561 (idem,
3424 4496 3501 4550 rel
3524 4511 3620 4550 non
3655 4509 3746 4547 tue-

510 4569 649 4647 ritis,
676 4571 969 4624 electorum
1003 4570 1121 4637 Dei,
1153 4580 1207 4625 et
1229 4567 1284 4625 9..
1315 4572 1648 4642 agnitionem
1679 4576 1951 4643 veritatis,
1983 4592 2104 4647 qua:
2132 4577 2185 4632 3.
2216 4579 2511 4634 secundum
2547 4581 2830 4651 pietatem,
2858 4582 3209 4641 Christianam
3242 4585 3561 4657 religionem,
3587 4593 3661 4640 est
3695 4583 3747 4636 in

510 4682 661 4739 spem
709 4669 831 4722 vitm
894 4678 1135 4731 aeternae,
1166 4683 1327 4737 quam
1355 4669 1512 4722 vitam
1545 4670 1814 4740 promisit,
1850 4671 1942 4741 qui
1971 4686 2077 4726 non
2107 4672 2386 4737 mentitur,
2434 4672 2597 4739 Deus,
2626 4683 2752 4731 ante
2783 4686 3026 4745 tempora
3056 4676 3367 4742 saecularia;
3413 4673 3748 4732 manifestavit

513 4769 695 4815 autem
745 4758 1078 4830 temporibus
1128 4759 1261 4825 suis,
1295 4760 1561 4829 congruis,
1596 4760 1649 4814 4.
1686 4761 1924 4817 Verbum
1956 4777 2137 4829 suum,
2165 4762 2453 4833 Christum,
2492 4767 2582 4835 qui
2608 4776 2682 4821 est
2726 4784 2885 4821 causa
2913 4767 3057 4821 illius
3099 4769 3236 4833 vitm,
3268 4768 3321 4822 in
3372 4768 3746 4839 prtedieationc,

1863 4872 2432 4933 COMMENTARIUS.

583 4967 735 5023 CAP.
770 4966 810 5024 l.
839 4999 906 5009 —
935 4968 985 5021 1.
1015 4969 1250 5022 Ausnos.
1278 4964 1577 5020 Secundum
1603 4962 1760 5031 [idem
1789 4967 2091 5019 electorum.
2199 4978 2331 5034 tum,
2360 4977 2631 5023 mortuum
2662 4970 3040 5030 resurrexisse,
3084 4986 3262 5025 nosse.

516 5062 655 5118 Dicit
681 5062 970 5132 Apostolus
1000 5079 1013 5114 :
1042 5058 1373 5116 constitutus
1391 5072 1511 5110 sum
1542 5064 1597 5107 ut
1622 5070 1717 5125 per
1754 5071 1838 5109 tne
1871 5055 2096 5110 credant
2268 5060 2322 5115 '5.
2356 5058 2653 5115 Secundum
2699 5064 2967 5129 pietatem.
3008 5061 3111 5115 Per
3135 5076 3295 5131 quam
3326 5061 3584 5118 habemus
3623 5072 3751 5129 spem

514 5157 695 5222 electi,
729 5165 786 5211 ut
811 5157 975 5211 vitam
1002 5162 1260 5208 aeternam
1292 5147 1504 5217 assequi
1535 5148 1763 5218 possint,
1793 5164 1955 5218 quam
1994 5148 2090 5203 du-
2196 5156 2413 5203 mternaa
2459 5149 2601 5203 vitaz.
2653 5150 2864 5205 Diceret
2894 5151 3014 5219 quis
3046 5152 3217 5205 :~satis
3250 5160 3405 5220 potes
3451 5166 3672 5222 Sperare.
3702 5154 3749 5201 et

515 5251 642 5319 dum
695 5256 1084 5319 repraesentare
1134 5249 1609 5315 prensumpserant.
1664 5240 1721 5295 in
1774 5255 1910 5310 opus
1964 5255 2095 5296 vero
2198 5244 2331 5300 nihil
2377 5246 2675 5315 consequi;
2712 5246 2779 5299 ad
2825 5245 2929 5299 hoc
2958 5244 3247 5315 respondet
3279 5262 3291 5298 :
3326 5244 3494 5310 Quam
3542 5240 3747 5314 promisit

513 5356 662 5395 nunc
698 5341 951 5411 produxit
980 5337 1267 5391 adventum
1298 5332 1520 5398 Christi,
1550 5334 1764 5404 quando
1789 5332 1991 5405 optime
2033 5346 2094 5387 se
2201 5336 2363 5390 Deus.
2386 5336 2583 5391 lterum
2608 5334 2878 5404 objicienti
2908 5352 3063 5407 zispcs
3092 5336 3384 5406 aliquando
3412 5336 3562 5401 fallit,
3586 5332 3747 5401 adjun-

516 5450 631 5490 rem
661 5435 864 5490 habere
890 5429 1237 5488 existimavit.
2199 5427 2277 5497 git
2308 5441 2321 5479 :
2349 5426 2438 5496 qui
2469 5443 2569 5479 non
2597 5427 2863 5481 mentitur.

585 5525 641 5579 2.
685 5525 884 5578 Lsxrn.
915 5521 1242 5592 Agnitioncm
1270 5518 1517 5573 veritatis.
1550 5516 1762 5573 Veritas
1803 5517 2096 5572 secundum
2269 5518 2323 5574 4.
2364 5517 2582 5573 Verbum
2624 5536 2799 5574 suum.
2830 5517 3008 5574 Vitam
3040 5530 3298 5576 mtcrnam
3331 5522 3471 5592 (quae
3511 5515 3744 5590 promissa

514 5615 791 5683 pictazem,
825 5613 876 5666 id
919 5621 1021 5675 cst,
1051 5610 1411 5665 Christianam
1452 5610 1781 5676 religionem,
1823 5622 1907 5664 est
1936 5609 2099 5664 Crea-
2200 5613 2253 5659 ct
2284 5596 2624 5659 manifestata
2649 5604 2752 5674 est)
2780 5604 2909 5659 dicit
2936 5621 3057 5660 esse
3086 5604 3317 5663 Verbum
3347 5607 3438 5663 Dei
3463 5626 3474 5662 :
3504 5605 3607 5677 Ego
3626 5614 3748 5664 sunt,

520 5716 691 5760 torem
734 5714 1036 5759 creaturam
1067 5702 1290 5769 factum,
1320 5703 1590 5760 hominem
1640 5704 1704 5759 de
1736 5702 2089 5776 Virginc‘na-
2202 5699 2393 5769 inquit,
2430 5697 2529 5766 tia,
2562 5708 2607 5752 e.’
2641 5699 2824 5753 reritas
2853 5707 2899 5754 et
2935 5701 3056 5754 vita.
