3864 6300
92 399 179 455 569
870 394 940 469 ω
974 395 1038 453 D.
1069 394 1276 453 PAULI
1315 395 1531 452 EPIST.
1571 395 1654 454 (ΞΟ

1780 394 1926 451 ΕΝΤ.
1963 426 2030 435 --
2057 395 2273 450 ΕΡίὸΤ.
2303 396 2396 450 AD
2435 395 2566 450 ΤΙΤ.
3206 395 3310 451 370

89 526 190 584 qua
223 507 423 565 credita
450 517 538 563 est
586 508 713 565 mihi
757 510 1056 565 secundum
1100 520 1429 583 prmceptum
1460 509 1758 566 Salvatoris
1789 510 1960 564 nostri
1991 508 2116 575 Dei;
2147 508 2270 562 Tito
2297 506 2348 561 5.
2396 508 2591 562 dilecto
2632 508 2741 564 ﬁlio
2775 510 3067 564 secundum
3118 507 3311 577 (deter-

91 604 228 656 nu'nat
265 600 524 670 quomodo
566 601 634 654 sit
673 600 841 673 ﬁlius)
889 616 1234 657 communem
1287 602 1480 668 ﬁdem,
1528 602 1703 673 gratia
1754 610 1808 657 et
1861 616 1965 673 pax
2022 616 2051 653 a
2117 597 2229 654 Deo
2275 598 2438 653 Patre
2480 606 2541 652 et
2596 596 2809 653 Christo
2856 599 2985 654 Jesu
3035 597 3314 653 Salvators

89 698 263 746 nostro.
295 687 462 759 Hujus
495 690 574 745 rei
620 691 795 762 gratia
845 692 1036 763 reliqui
1095 702 1148 749 te
1190 692 1390 759 Cretar,
1418 702 1477 749 ut
1520 692 1577 747 ϐ.
1629 706 1694 747 ea
1744 708 1865 762 qua:
1912 691 2109 747 desunt
2158 691 2427 761 corrigas,
2458 689 2722 759 suppleas,
2769 696 2823 741 et
2873 687 3169 742 constituas
3218 702 3315 757 per

86 780 304 835 civitates
350 782 722 853 presbyteros,
755 785 1042 854 episcopos,
1077 785 1219 840 sicut
1264 793 1321 839 et
1366 800 1472 856 ego
1502 784 1739 855 disposui
1791 784 1906 839 tibi.
1963 782 2028 838 ‘Si
2079 783 2202 851 quis
2249 783 2301 835 7.
2354 782 2473 837 sine
2509 780 2738 836 crimine
2785 787 2887 843 est,
2922 778 3081 834 unius
3126 779 3315 834 uxoris

86 871 175 936 vir,
198 870 329 926 ﬁlios
359 870 572 927 habens
620 872 830 941 ﬁdeles,
875 890 979 930 non
1012 875 1066 930 in
1098 877 1442 931 accusatione
1472 875 1721 938 luxuria;
1768 882 1863 927 aut
1907 888 2013 927 non
2061 870 2323 926 subditos.
2355 871 2407 925 8.
2442 869 2662 939 Oportet
2705 870 2848 925 enim
2890 870 3204 940 episcopum
3242 870 3317 925 si-

89 963 298 1032 neaol
328 964 563 1020 crimine
586 980 726 1031 esse,
755 967 897 1023 sicut
917 966 1010 1022 Dei
1036 968 1497 1037 dispensatorem;
1527 982 1633 1021 non
1660 967 1972 1037 superbum,
2006 965 2062 1020 9.
2092 980 2196 1018 non
2224 963 2568 1029 iracundum,
2594 978 2699 1017 non
2722 962 3075 1027 vinolentum,
3102 963 3316 1032 effertus

89 1054 359 1117 iracundia,
400 1068 509 1107 non
533 1069 928 1123 percussorem,
960 1071 1068 1111 non
1093 1056 1265 1125 turpis
1313 1054 1751 1123 lucricupidum;
1785 1054 1875 1110 sed
1908 1053 2249 1123 hospitalem,
2283 1054 2597 1124 benignum,
2629 1053 2887 1115 sobrium,
2926 1051 3157 1121 justum,
3188 1070 3312 1109 san-

91 1149 230 1207 ctam,
249 1140 634 1205 continentem,
665 1144 1098 1213 ainpleetentem,
1125 1146 1491 1215 adirnplentem
1520 1162 1693 1211 opere,
1715 1160 1837 1200 eum
1858 1144 1947 1215 qui
1976 1145 2271 1200 secundum
2294 1144 2592 1200 doctrinam
2624 1152 2726 1209 est,
2755 1143 2963 1198 ﬁdelem
2986 1159 3314 1211 sermonem,

90 1232 341 1286 doctrinam
360 1233 559 1287 scilicet
584 1232 939 1289 Christianam
979 1252 1229 1301 remrem,
1259 1244 1316 1289 ut
1343 1245 1532 1305 potens
1560 1234 1629 1290 sit
1650 1236 1925 1291 exhortari
1955 1235 2007 1290 in
2060 1235 2305 1291 doctrina
2360 1249 2510 1302 sana,
2569 1244 2809 1298 sanante,
2840 1243 2894 1287 et
2922 1249 3015 1289 eos
3064 1235 3155 1304 qui
3188 1251 3317 1290 cou-

93 1324 346 1391 tradicunt,
385 1324 761 1392 inobedientes,
784 1341 1027 1397 arguere.
1060 1324 1199 1380 Sunt
1222 1326 1366 1381 enim
1400 1326 1552 1383 multi
1587 1326 1753 1381 etiam
1791 1327 2181 1394 inobedientes,
2221 1326 2513 1395 vaniloqui,
2546 1334 2602 1379 et
2630 1325 2963 1388 seductores,
2986 1336 2989 1339 ‘
3010 1327 3225 1394 (pseudo
3269 1338 3316 1382 et

88 1416 403 1475 incircumcisi
427 1418 743 1487 question“
767 1417 1060 1489 deceptorio
1079 1419 1281 1474 ueteris
1307 1418 1593 1490 faciebant)
1623 1419 1857 1475 maxime
1881 1420 1973 1490 qui
2010 1420 2077 1475 de
2098 1418 2510 1476 circumcisione
2531 1426 2687 1483 sunt;
2718 1431 2853 1487 quos
2883 1425 3097 1487 oportet
3128 1418 3317 1474 nodar-

90 1508 188 1578 gui;
214 1508 295 1579 qui
320 1509 606 1565 universas
635 1510 842 1574 domos,
870 1511 1124 1577 familias,
1150 1512 1470 1567 subvertuut
1498 1530 1530 1567 a
1560 1515 1688 1583 ﬁde,
1721 1515 1978 1570 docentes
2002 1530 2122 1586 qua:
2151 1530 2257 1569 non
2284 1522 2517 1585 oportet,
2560 1514 2731 1584 turpis
2754 1513 2888 1567 lucri
2940 1514 3137 1586 gratia.
3170 1514 3317 1572 Dixit

92 1599 273 1668 quidam
306 1616 370 1655 ex
398 1600 505 1656 illis
534 1602 623 1656 10.
657 1603 908 1673 proprius
932 1603 1175 1674 ipsorum
1225 1605 1490 1674 propheta
1525 1623 1540 1661 :
1575 1605 1663 1661 11.
1714 1605 2004 1662 Cretenses
2047 1621 2262 1677 semper
2304 1607 2610 1669 mendaces,
2650 1604 2804 1660 mala:
2860 1605 3065 1670 bestiae,
3098 1616 3318 1663 ventres

90 1691 223 1762 pigri.
257 1692 647 1751 Testimonium
671 1696 774 1751 hoc
794 1696 860 1750 de
876 1694 1204 1752 Cretensibus
1242 1713 1434 1753 verum
1461 1706 1565 1754 est.
1598 1698 1770 1767 Quam
1799 1700 1869 1754 ob
1910 1714 2129 1755 causam
2160 1699 2380 1769 increpa
2410 1699 2531 1754 illos
2568 1699 2720 1763 dure,
2751 1705 2810 1753 ut
2839 1698 2953 1751 sani
2981 1698 3085 1751 sint
3115 1699 3167 1753 in
3195 1700 3317 1766 ﬁde,

97 1801 182 1841 non
206 1785 533 1843 iatendentes
562 1787 809 1844 Judaieis
832 1788 1049 1856 fabulis,
1080 1798 1135 1844 et
1183 1790 1474 1857 mandatis,
1531 1791 1925 1856 traditionibus,
1977 1790 2251 1845 hominum
2305 1790 2663 1846 avertentium
2702 1803 2760 1844 se
2798 1804 2826 1842 a
2861 1788 3110 1855 veritate,
3148 1791 3319 1844 colen-

96 1882 197 1933 tium
222 1880 516 1951 jsdassare,
542 1899 575 1934 α
597 1883 726 1937 cibis
753 1880 1036 1948 abstinere,
1058 1883 1197 1953 quod
1226 1899 1330 1937 non
1358 1883 1527 1949 decet,
1546 1884 1671 1956 quia
1696 1883 1783 1951 12,
1814 1883 1903 1950 l3,
1938 1882 2026 1938 11.
2058 1883 2251 1938 Omnia
2278 1884 2479 1936 munda
2534 1879 2787 1947 mundis;
2828 1878 2915 1936 15.
2950 1881 3318 1950 coinquinatis

96 1989 238 2035 autem
263 1989 314 2035 et
346 1981 656 2038 inﬁdelibus
685 1982 819 2039 nihil
856 1990 941 2040 est
969 1978 1255 2051 mundum,
1293 1985 1388 2041 sed
1420 1986 1716 2057 inquinata:
1738 1996 1873 2043 «sunt
1914 2002 2101 2042 eorum
2128 1995 2183 2043 et
2212 2002 2364 2043 mens
2395 1994 2450 2041 et
2498 1986 2851 2043 conscientia.
2889 1984 3231 2041 Conﬁtentur
3259 1993 3319 2033 se

96 2086 222 2131 nosse
243 2071 420 2138 Deum,
447 2073 615 2131 t‘actis
642 2083 825 2129 autem
853 2083 1080 2148 negant,
1103 2089 1227 2132 eum
1251 2076 1359 2132 sint
1389 2077 1709 2147 abominati,
1737 2078 1926 2150 abjecli
1948 2095 1979 2132 a
2001 2077 2135 2145 Deo,
2175 2085 2230 2132 et
2258 2077 2624 2146 incredibiles,
2655 2085 2711 2132 et
2745 2075 2811 2132 ad
2840 2089 3003 2133 omne
3056 2087 3190 2145 opus
3218 2070 3316 2125 bo-

98 2178 195 2217 num
222 2166 438 2235 reprobi.

1518 2263 1748 2321 CAPUT
1787 2265 1851 2320 11.

152 2376 216 2428 Tu
241 2382 406 2430 autem
430 2375 662 2446 loquere
691 2392 809 2447 qrne
839 2376 1035 2433 docent
1062 2392 1250 2432 sanam
1276 2376 1602 2432 doctrinam.
1640 2377 1874 2433 Admone
1905 2377 2098 2447 Senes,
2145 2388 2205 2434 ut
2229 2380 2393 2435 sobrii
2424 2380 2554 2447 sint,
2601 2380 2800 2450 pudici,
2859 2380 3179 2449 prudentes,
3205 2376 3322 2432 sani

100 2464 141 2516 in
166 2463 268 2528 ﬁde,
296 2464 345 2519 in
371 2463 691 2530 dilectione,
725 2465 777 2519 in
809 2465 1079 2535 patentia;
1109 2465 1333 2519 admone
1370 2480 1505 2519 anus
1529 2464 1781 2521 similiter
1803 2476 1857 2519 ut
1900 2467 2001 2521 sint
2029 2466 2082 2522 in
2110 2466 2295 2522 habitu
2344 2478 2553 2534 sancto,
2608 2483 2712 2523 non
2768 2466 3185 2534 criminatrices,
3216 2479 3325 2523 non

100 2554 234 2608 multo
254 2556 369 2611 vino
394 2557 720 2621 servientes,
754 2557 890 2612 bene
922 2557 1196 2619 docentes,
1237 2565 1297 2610 ut
1324 2555 1668 2627 prudentiam
1707 2555 1939 2612 doceant
1992 2557 2444 2625 adulescentulas,
2490 2567 2548 2614 ut
2576 2559 2725 2613 viros
2775 2573 2902 2613 suos
2944 2564 3148 2621 ament,
3186 2553 3359 2610 ﬁlios’

106 2659 205 2701 suos
230 2647 455 2720 diligant,
495 2668 553 2704 se
580 2650 859 2705 exhibeant
892 2647 1208 2720 prudentes,
1238 2658 1442 2714 castas,
1497 2647 1729 2713 sobrias,
1768 2648 1961 2705 donms
2008 2665 2193 2705 curam
2236 2651 2519 2717 habentes,
2568 2652 2850 2723 benignas,
2907 2651 3150 2706 subditas
3194 2647 3327 2704 viris

102 2736 208 2802 tuis,
234 2747 285 2793 ut
308 2755 409 2797 non
431 2740 851 2810 blasphemetar
873 2740 1099 2796 verbum
1130 2740 1245 2796 Dei.
1278 2738 1509 2795 iuvenes
1561 2738 1811 2795 similiter
1836 2739 2054 2795 hortare
2076 2750 2133 2793 ut
2160 2739 2326 2796 sobrii
2355 2742 2485 2795 sint.
2521 2742 2579 2797 In
2606 2743 2858 2797 omnibus
2888 2742 3116 2811 teipsum
3148 2741 3328 2810 praebe

106 2829 360 2900 exemplum
380 2832 654 2887 bonorum
689 2846 938 2902 operum,
969 2831 1021 2885 in
1049 2831 1319 2896 doctrina,
1367 2830 1419 2885 in
1454 2829 1761 2900 integritate
1785 2832 1921 2895 vitta,
1953 2832 2005 2887 in
2030 2832 2294 2902 gravitate
2320 2825 2521 2887 moram
2562 2834 2786 2888 verbum
2834 2849 3047 2899 sanum,
3076 2844 3141 2887 sit
3180 2843 3328 2893 tuum

106 2919 531 2992 irreprehensibile
571 2922 732 2993 202
762 2932 820 2978 ut
843 2923 889 2977 is
916 2922 1008 2990 qui
1035 2937 1099 2977 ex
1144 2922 1374 2977 aduerso
1398 2929 1505 2986 est,
1530 2920 1756 2990 inﬁdelis
1783 2921 1858 2975 rel
1883 2922 2145 2983 diabolus,
2177 2934 2448 2988 vereatur,
2503 2923 2640 2978 nihil
2689 2924 2894 2980 habens
2920 2923 3118 2983 inalum
3147 2923 3330 2980 dicere

110 3012 160 3069 de
180 3015 329 3071 nobis.
368 3016 628 3071 Admone.
664 3015 864 3071 Servos
902 3016 1137 3071 dominis
1176 3016 1291 3071 suis
1335 3013 1581 3069 subditos
1616 3028 1762 3079 esse,
1816 3014 1868 3067 in
1904 3017 2156 3072 omnibus
2210 3015 2506 3085 placentes,
2552 3032 2659 3071 non
2711 3017 3167 3082 contradicentes,
3223 3030 3330 3071 non

112 3105 393 3173 irawlantes,
430 3110 524 3165 sed
556 3109 613 3165 in
642 3109 894 3165 omnibus
920 3108 1079 3164 ﬁdem
1118 3108 1313 3163 bonam
1336 3094 1709 3171 ostemleutcs,
1740 3106 1788 3163 1.
1823 3114 1881 3161 ut
1911 3106 2227 3176 doctrinam
2247 3107 2546 3164 Salvatoris
2571 3109 2743 3164 nostri
2792 3108 2887 3169 Dei
2918 3110 2969 3162 2.
3008 3115 3224 3174 ornent,
3253 3124 3335 3162 or-

110 3207 204 3254 nate
227 3200 451 3269 habeant,
484 3203 540 3257 in
564 3202 819 3258 omnibus
838 3202 990 3269 actis,
1027 3209 1075 3255 et
1101 3199 1275 3259 dictis.
1308 3199 1402 3263 Est
1431 3215 1493 3254 ne
1520 3198 1701 3270 aliqua
1736 3199 2019 3255 doctrina!
2046 3210 2121 3257 est
2144 3203 2254 3255 lucc
2279 3219 2383 3273 qua
2405 3202 2533 3257 dicit
2561 3218 2581 3257 :
2608 3202 2663 3257 ’5.
2687 3202 2955 3273 Apparuit
2980 3202 3126 3258 enim
3158 3202 3330 3271 gratia

1421 3311 1998 3370 COMMENTARIUS.

166 3425 212 3482 5.
236 3427 418 3486 Dilecto
442 3430 582 3499 ﬁlio.
605 3429 711 3499 Qui
736 3439 824 3485 est
848 3429 990 3485 ﬁlius
1018 3444 1192 3495 mens,
1225 3443 1332 3484 non
1356 3427 1655 3483 secundum
1681 3408 1729 3467 Α
1746 3428 1947 3487 Omnia
1965 3431 2162 3485 ntunda
2186 3432 2414 3486 mundis.
2443 3431 2635 3487 Omnia
2667 3431 2865 3487 munda
2898 3431 3109 3486 mundis
3139 3444 3335 3485 secun-

112 3531 316 3585 camcm,
361 3523 452 3578 sed
482 3522 787 3579 secundum
817 3522 1137 3577 catholicam
1168 3522 1350 3585 ﬁdem,
1394 3519 1654 3590 quam,ei
1754 3523 1881 3578 dum
1912 3531 2160 3577 naturam
2189 3523 2244 3578 in
2278 3537 2384 3593 qua
2417 3531 2601 3579 creata
2632 3532 2795 3589 sunt;
2835 3538 2944 3578 non
2993 3531 3170 3576 tamen
3220 3535 3338 3575 oru-

113 3604 370 3676 insinuavl;
415 3612 748 3670 catholicum
794 3612 939 3669 enim
985 3611 1195 3680 Grmee,
1248 3626 1519 3665 commune
1569 3607 1656 3669 vel
1754 3616 1844 3669 nia
1871 3614 2165 3671 secundum
2195 3616 2645 3688 signiﬁcationem
2668 3617 2864 3671 munda
2893 3632 2906 3669 :
2936 3614 3111 3685 primo
3142 3612 3340 3684 populo

116 3698 359 3759 universale
380 3705 587 3763 dicitur
609 3705 825 3761 Latine.
1752 3703 2094 3774 Judteorum;
2124 3722 2225 3763 nec
2250 3707 2404 3763 nobis
2423 3707 2605 3763 omnia
2634 3707 2717 3763 vel
2742 3716 2964 3778 propter
2995 3705 3225 3761 salutem
3255 3705 3342 3759 vel

171 3790 214 3845 ϐ.
240 3794 460 3853 Alanos.
495 3796 582 3852 Ea
613 3813 732 3868 quae
769 3798 976 3853 desunt.
1023 3796 1170 3853 Bene
1207 3794 1345 3851 dixit
1391 3810 1511 3865 qua:
1562 3795 1660 3851 dea
1755 3807 1977 3869 propter
1997 3801 2442 3861 consuetudinem
2468 3802 2717 3861 humana:
2744 3801 3018 3857 societatis
3043 3806 3166 3869 apta
3191 3805 3337 3861 sunt,

117 3891 245 3948 5"“1;
272 3902 385 3942 nam
431 3889 657 3960 pietatis
701 3888 843 3945 ratio
885 3886 1135 3947 omnibus
1172 3886 1378 3943 credita
1422 3894 1545 3942 erat
1586 3886 1657 3951 ab
1756 3892 1850 3947 sed
1878 3906 2000 3947 cum
2028 3906 2126 3947 sua
2155 3892 2348 3963 cuique
2370 3892 2668 3949 redduntur
2690 3900 2746 3948 et
2767 3888 3340 3948 naturalemordinem

117 3972 348 4040 Apostolo.
1756 3995 1993 4052 servant,
2018 3987 2199 4042 omnia
2226 3986 2424 4042 munda
2449 3994 2575 4043 sunt
2596 3985 2831 4042 mundis.

171 4067 215 4120 7'
257 4070 481 4165 imos“
513 4074 723 4145 (“mm
756 4074 811 4127 in
842 4071 1045 4165 EW‘W'
1083 4070 1244 4125 ὀυ’
1268 4110 1284 4133 ⁸
1330 4068 1517 4124 Tum"
1562 4068 1655 4132 Μ’
1827 4100 1913 4156 il.
1956 4099 2159 4165 Lmen.
2210 4098 2405 4154 Omnia
2443 4100 2660 4154 munda.
2718 4099 2887 4157 Datur
2918 4097 3141 4162 intelligi
3172 4097 3337 4165 quod,

1758 4205 1824 4247 ex
1856 4192 2122 4246 mandatis
2152 4190 2390 4259 ipsorum
2419 4190 2721 4261 hominum,
2745 4187 2966 4261 quidam
3004 4186 3108 4243 cibi
3127 4186 3343 4254 judica-

1760 4290 1947 4338 rentur
1969 4279 2251 4336 immundi.

120 4164 222 4213 tom.
260 4160 342 4233 IX)
378 4164 500 4222 Sine
545 4166 765 4221 crimine
792 4174 891 4219 est.
922 4164 1137 4219 Crimen
1183 4172 1363 4217 autem
1412 4167 1497 4215 est
1532 4174 1658 4230 pee-
1736 4198 1737 4201 η

90 4256 265 4304 natum
305 4269 489 4324 grave,
542 4253 895 4313 accusatione
938 4260 997 4308 et
1045 4252 1393 4308 damnatione
1448 4249 1657 4320 dignis-

123 4349 301 4397 snnum.

177 4428 221 4484 8.
247 4432 432 4492 Lurn.
462 4438 682 4510 Oportet
719 4437 1036 4507 episcopum.
1069 4434 1168 4490 llic
1194 4441 1380 4501 aperte
1422 4430 1661 4485 ostendit

123 4522 512 4594 Presbyteron
557 4529 776 4587 nomine
803 4530 1087 4599 episcopos
1120 4526 1373 4597 superius
1409 4522 1663 4593 ἀθείσηαε-

123 4613 189 4663 tos
208 4610 371 4673 fuisse.

178 4698 220 4752 9.
246 4703 463 4764 Annos.
492 4710 623 4764 Non
668 4710 1002 4775 iracundum.
1034 4707 1148 4764 Hoc
1178 4714 1265 4763 est
1301 4704 1656 4761 reminiscen—

128 4793 210 4844 tern
234 4809 373 4863 iram,
397 4810 454 4855 et
475 4816 574 4872 per
611 4800 756 4871 longi
794 4800 1054 4871 temporis
1092 4798 1265 4870 spatia
1289 4805 1581 4853 tenentem.

182 4883 252 4939 l0.
283 4887 469 4946 lassa.
502 4890 757 4963 Proprias
777 4909 958 4948 eorum
981 4890 1249 4962 propheta.
1276 4886 1510 4955 Attende
1550 4902 1659 4950 non

1832 4392 1919 4447 15.
1950 4392 2190 4448 Accusr.
2221 4390 2397 4462 (ibid.)
2428 4390 2810 4460 Coinquinatis.
2852 4387 3160 4442 numundos
3212 4384 3346 4440 dicit

1758 4481 2049 4553 Apostolus
2093 4482 2236 4551 quod
2304 4480 2595 4538 carnaliter
2653 4486 2942 4550 saperent;
2997 4484 3052 4532 et
3101 4474 3346 4531 inﬁdeles

1756 4576 1904 4645 quod
1937 4583 2148 4643 tempus
2172 4573 2362 4644 gratite
2399 4589 2429 4629 a
2467 4572 2598 4643 legis
2655 4580 2900 4642 tempore
2926 4584 3033 4625 non
3071 4567 3341 4624 discerne-

1762 4676 1903 4735 rent,
1942 4666 2142 4738 quibus
2166 4666 2289 4721 ideo
2312 4665 2441 4721 dicit
2466 4664 2603 4721 nihil
2633 4664 2913 4728 mundum,
2972 4661 3099 4731 quia
3154 4669 3207 4714 et
3260 4658 3346 4714 his

1688 4768 1733 4825 B
1757 4776 1876 4832 qua:
1917 4762 2311 4830 respuebantur
2345 4757 2463 4832 [al.,
2499 4754 2865 4829 respuebant],
2899 4761 2955 4809 et
2986 4753 3071 4809 his
3109 4766 3228 4822 qum
3255 4765 3349 4805 su-

1763 4856 1984 4915 mebant
2005 4869 2111 4909 non
2135 4860 2339 4918 sancte,
2371 4866 2478 4906 non
2502 4847 2645 4918 juste
2674 4848 2980 4904 utebantur.

129 4971 263 5031 solum
282 4978 504 5049 ludam,
650 4991 705 5039 et
734 4993 921 5054 gentes
965 4955 1219 5037 habuisse
1242 4986 1549 5050 propeetas.
1830 4966 1996 5024 CAP.
2018 4965 2083 5021 11.
2108 4994 2179 5007 --
2203 4965 2254 5020 1.
2275 4963 2479 5019 Ιιλκειι.
2505 4960 2573 5017 Ut
2601 4957 3057 5054 doctrinam-{ioc
3084 4955 3148 5009 ad
3165 4955 3348 5010 omnia

184 5063 530 5139 ll.Crrtenses
580 5049 780 5142 semper
830 5071 1128 5136 mendaces.
1190 5049 1355 5123 Tales
1404 5081 1530 5125 esse
1569 5080 1664 5124 eos
1756 5056 2044 5131 superiora
2075 5058 2329 5124 refertur,
2364 5073 2431 5112 ex
2462 5071 2526 5111 eo
2565 5054 2705 5117 loco,
2737 5067 2843 5122 quo
2877 5049 3011 5106 dicit
3043 5066 3056 5102 :
3097 5061 3244 5102 senes
3292 5053 3351 5099 ut

130 5156 365 5216 conﬁrmat
390 5173 576 5220 auctor
602 5162 968 5234 Epimenides,
996 5170 1152 5234 poeta
1176 5158 1413 5233 gentilis.
1770 5154 1928 5209 sobrii
1963 5155 2087 5208 sint.

185 5247 255 5302 η.
284 5251 505 5313 Alanos.
536 5257 729 5313 Omnia
757 5255 957 5311 munda
980 5255 1217 5310 mundis.
1241 5252 1373 5321 Qurc
1392 5252 1460 5307 ad
1480 5265 1654 5308 escam

1837 5263 1892 5318 2.
1924 5262 2122 5317 Ornent
2154 5261 2212 5314 in
2236 5258 2497 5313 omnibus.
2551 5258 2940 5312 Ornamentum
2994 5248 3235 5306 doctoris
3266 5256 3354 5305 est

135 5331 246 5392 tacta
275 5353 407 5409 sunt,
434 5348 567 5403 nihil
599 5348 653 5403 in
682 5363 743 5403 se
770 5346 1107 5410 immundum
1131 5344 1365 5411 habent;
1406 5342 1451 5399 si
1487 5351 1665 5397 tamen
1767 5354 1994 5411 hones“,
2023 5354 2132 5407 vim
2160 5349 2566 5421 discipulorum.

135 5426 230 5493 «ιιιῑε
251 5446 361 5488 cum
390 5439 583 5494 munda
613 5439 943 5494 conscientia
970 5437 1099 5494 velit
1137 5437 1428 5491 insumere.
1462 5432 1520 5489 Si
1546 5434 1668 5503 quis

138 5527 283 5578 “mem
308 5541 397 5597 per
434 5544 582 5585 suam
612 5530 1049 5586 incredulitatem
1086 5528 1248 5585 habet
1275 5526 1666 5585 conscientiam

140 5606 509 5687 coinquinatam,
537 5620 670 5677 nihil
704 5620 961 5677 mundum
1010 5618 1210 5691 poterit
1258 5616 1334 5673 illi
1391 5629 1531 5685 esse,
1572 5614 1662 5686 qui

141 5696 239 5752 talis
261 5718 350 5762 est,

204 5790 273 5848 l5.
306 5798 521 5861 Accusa.
550 5805 665 5878 (lib.
690 5819 817 5861 xxxx
844 5813 982 5861 cont.
1020 5801 1233 5871 Faust.,
1265 5786 1314 5859 c.
1346 5801 1400 5870 1,
1432 5796 1669 5871 tom.\'l)

1836 5468 1890 5524 5.
1921 5466 2176 5536 Apparuit
2206 5464 2344 5518 enim
2370 5462 2631 5518 omnibus.
2660 5459 2824 5527 Quasi
2855 5458 3061 5513 diceret
3094 5474 3108 5510 :
3143 5452 3353 5511 Doctri-

1767 5575 1889 5616 nam
1936 5556 2139 5613 Christi
2176 5569 2377 5611 ornare
2405 5561 2621 5623 oportet
2668 5550 2850 5606 omnis
2889 5548 2979 5605 cui
3017 5549 3190 5621 gratia
3235 5547 3354 5612 Dei,

1778 5655 1831 5710 id
1857 5662 1941 5711 est
1973 5651 2218 5709 remissio
2247 5658 2611 5722 peccatorum,
2642 5657 2695 5701 et
2724 5643 2835 5701 vita
2855 5652 3055 5702 :etcrna
3088 5644 3142 5700 in
3172 5656 3343 5715 prora-

1775 5759 1869 5822 ptu
1900 5758 2005 5817 est,
2034 5745 2285 5806 omnibus
2310 5739 2628 5801 ornantibus
2646 5753 2795 5799 eam.
