3938 6288
562 416 657 471 sn
1307 387 1325 397 ”
1575 417 1637 475 n.
1679 417 2067 474 LAM‘BANCI
2101 416 2449 475 caurum.
2495 419 2802 477 ARCllIEP.
3701 427 3786 485 δτι

554 530 670 591 Dei,
696 535 750 582 et
781 526 1080 583 Salvatoris
1106 528 1278 584 nostri
1308 526 1557 584 omnibus
1580 524 1909 598 hominibus,
1940 532 2197 601 erudiens
2227 548 2347 599 nos,
2376 540 2435 587 ut
2482 533 2817 607 abuegantes
2867 532 2921 587 ι.
2950 532 3297 602 impietatem,
3337 542 3392 589 et
3414 533 3691 609 saecularia
3712 540 3786 605 de-

552 616 777 682 sideria,
804 617 986 674 sobrie
1012 627 1069 674 et
1096 617 1265 688 iuste,
1295 628 1348 675 et
1375 620 1464 701 pie
1492 620 1737 677 vivamus
1773 622 1826 676 in
1857 622 1959 677 hoc
1981 624 2209 687 saeculo,
2237 634 2616 695 ex5pectantes
2639 626 2854 689 beatam
2884 642 3075 703 spem,
3102 636 3156 683 et
3208 628 3501 683 adventum
3549 630 3601 683 5.
3630 632 3789 700 gloria

552 707 740 778 magni
776 707 873 763 Dei
896 716 953 763 et
977 708 1281 767 Saivatoris
1327 710 1500 765 nostri
1525 708 1655 765 Jesu
1687 711 1927 779 Christi;
1967 713 2058 782 qui
2090 713 2238 775 dedit
2290 716 2636 786 semetipsum
2683 730 2781 788 pro
2816 718 2994 782 nobis,
3030 725 3090 772 ut
3123 733 3223 773 nos
3252 718 3544 773 redimeret
3574 720 3639 773 ab
3664 725 3787 785 omni

555 800 870 871 iniquitate,
899 808 955 856 et
983 801 1271 856 mundaret
1290 800 1391 856 sibi
1417 800 1673 873 populum
1703 802 2113 873 acceptabilcm,
2145 813 2467 870 sectatorem
2517 807 2783 862 bonorum
2830 822 3075 887 operum.
3123 808 3249 865 llaec
3270 806 3519 881 loquere,
3545 817 3596 869 et
3620 811 3791 877 exhor-

554 896 696 959 tare,
719 900 775 948 et
800 906 966 964 argue
989 906 1113 949 cum
1141 890 1545 971 omniimpcrio,
1564 893 1637 948 ita
1662 901 1710 948 te
1732 892 1888 961 habe,
1911 905 1965 948 ut
1996 894 2049 950 6.
2084 894 2254 951 Nemo
2279 906 2330 952 te
2359 905 2692 973 contemnat.

2000 1009 2228 1071 CAPUT
2264 1011 2347 1066 lll.
3362 1060 3363 1063 η
3576 1060 3579 1063 γ

624 1102 871 1158 Admone
908 1100 1028 1158 illos
1049 1100 1383 1172 principibus
1412 1108 1467 1155 et
1489 1101 1845 1181 potestatibus
1880 1101 2124 1157 subditos
2158 1118 2306 1170 esse,
2330 1103 2475 1159 dicto
2501 1104 2745 1168 obedire,
2774 1106 2841 1162 ad
2869 1120 3027 1163 omne
3046 1120 3181 1177 opus
3202 1105 3410 1162 bonum
3433 1115 3651 1178 paratos
3666 1122 3791 1176 esse,

553 1194 828 1252 neminem
864 1191 1259 1263 blasphemare,
1284 1208 1391 1255 non
1420 1191 1685 1263 litigiosos
1711 1207 1854 1259 esse,
1878 1193 1972 1249 sed
2000 1194 2292 1261 modestos,
2341 1210 2556 1251 omnem
2606 1199 2955 1254 ostendentes
3000 1200 3475 1255 mansuetudinem
3523 1199 3587 1253 ad
3634 1215 3794 1258 omnes

554 1287 828 1343 homines.
858 1288 907 1350 1,
938 1285 993 1340 2.
1025 1285 1257 1341 Eramus
1284 1285 1428 1348 enim
1459 1285 1750 1356 aliquando
1785 1294 1841 1340 et
1868 1301 1967 1341 nos
2013 1286 2355 1358 insipientes,
2386 1288 2667 1355 increduli,
2696 1299 2961 1355 errantes,
2988 1293 3286 1346 servientes
3305 1292 3610 1356 desideriis,
3645 1300 3696 1346 et
3721 1309 3794 1347 vo-

552 1377 851 1450 luptatibus
877 1376 1063 1443 variis,
1098 1376 1150 1432 in
1182 1376 1413 1443 malitia,
1443 1378 1648 1448 rapina,
1683 1385 1738 1433 et
1768 1378 1970 1433 invidia
2001 1388 2242 1448 agentes,
2273 1378 2522 1447 odibilcs,
2564 1381 2684 1436 odio
2705 1383 2868 1453 digni,
2894 1383 3142 1438 odientes
3174 1383 3428 1441 invicem.
3464 1383 3598 1437 Cum
3635 1392 3789 1438 autem

552 1469 864 1541 benignitas
904 1477 960 1525 et
985 1469 1297 1525 humanitas
1326 1470 1576 1541 apparuit
1622 1470 1923 1529 Salvatoris
1954 1472 2123 1527 nostri
2160 1471 2278 1537 Dei,
2317 1488 2421 1529 non
2447 1489 2514 1529 ex
2542 1475 2797 1544 operibus
2825 1474 3073 1544 iustitiae,
3121 1491 3241 1544 quae
3294 1475 3523 1530 fecimus
3568 1489 3678 1538 nos,
3716 1478 3819 1531 sed

555 1563 853 1627 secundum
875 1578 1027 1617 suam
1054 1563 1479 1625 misericordiam
1525 1563 1706 1619 salvos
1734 1579 1833 1620 nos
1854 1562 2000 1629 fecit,
2027 1565 2081 1619 5.
2106 1578 2201 1636 per
2229 1564 2505 1622 lavacrum
2542 1568 2990 1637 regenerationis,
3024 1567 3100 1622 vel
3128 1567 3329 1622 lavacri
3362 1568 3793 1637 regenerationem,

557 1662 612 1708 et
637 1656 1027 1723 renovationis,
1060 1658 1463 1721 renovationem,
1490 1654 1725 1726 Spiritus
1762 1658 1958 1723 sancti,
1988 1671 2147 1727 quem
2170 1656 2359 1713 eﬁ‘udit
2388 1658 2440 1713 in
2469 1673 2568 1714 nos
2605 1659 2823 1714 abunde
2846 1675 2942 1729 per
2966 1657 3150 1714 Iesum
3179 1658 3460 1713 Christum
3487 1656 3793 1711 Snivatorem

555 1752 830 1811 nostrum,
862 1754 920 1805 ut
942 1745 1218 1817 iustiﬁcati
1246 1745 1419 1817 gratia
1455 1745 1642 1816 ipsius,
1677 1746 1920 1803 haeredes
1949 1747 2111 1819 203
2145 1748 2316 1803 simus
2344 1750 2643 1805 secundum
2668 1765 2820 1820 spem
2864 1750 2990 1805 vita:
3018 1757 3257 1805 aternse.
3283 1748 3489 1804 Fidelis
3516 1764 3689 1803 sermo
3711 1760 3794 1814 est,

560 1851 716 1908 quem
747 1838 880 1903 dixi,
928 1845 984 1894 et
1009 1838 1064 1893 4.
1096 1839 1162 1894 de
1186 1838 1271 1895 his
1303 1839 1428 1895 volo
1461 1848 1513 1894 te
1538 1839 1592 1896 5.
1625 1841 1973 1908 conﬁrmare,
2004 1853 2063 1898 ut
2089 1852 2304 1911 curent,
2337 1844 2532 1900 scilicet
2576 1860 2698 1910 eos,
2726 1845 2816 1916 qui
2858 1844 3075 1899 credunt
3098 1844 3233 1910 Deo,
3264 1844 3319 1898 6.
3372 1843 3531 1898 bonis
3574 1844 3797 1912 operibus

556 1942 799 1999 praeesse
848 1929 939 2000 qui
990 1929 1215 1995 eraiunt
1259 1931 1387 1987 Deo.
1429 1930 1553 1987 Hmc
1587 1941 1716 1987 sunt
1762 1934 1924 2001 bona,
1978 1943 2035 1990 et
2067 1936 2222 1991 utilia
2272 1936 2604 1993 hominibus.
2656 1936 2863 1995 Stultas
2912 1946 3093 1993 autem
3137 1934 3495 2006 quaestiones,
3543 1942 3598 1990 et
3636 1935 3684 1988 7.
3726 1948 3800 2004 ge-

558 2021 858 2092 nealogias,
915 2029 971 2077 et
1018 2023 1071 2079 8.
1121 2023 1517 2088 contentiones,
1562 2032 1616 2079 et
1650 2039 1862 2096 pugnas
1909 2026 2044 2097 legis
2091 2029 2309 2096 devita;
2352 2038 2480 2086 sunt
2530 2029 2674 2085 enim
2727 2029 2948 2084 inutiles
2981 2038 3035 2085 et
3078 2043 3251 2085 vanae.
3298 2026 3625 2087 Haareticum
3664 2026 3801 2085 homi-

558 2129 688 2170 nem
736 2123 861 2185 post
891 2124 1053 2170 tinam
1084 2125 1139 2171 ct
1167 2117 1460 2172 secundam
1502 2118 1906 2189 correptionem
1953 2119 2153 2185 devita,
2194 2122 2374 2177 sciens
2418 2122 2544 2191 quia
2595 2123 2891 2195 subversus
2935 2129 3020 2176 est
3071 2120 3162 2189 qui
3207 2118 3473 2189 ejusmodi
3510 2125 3614 2183 est,
3649 2126 3700 2174 et
3723 2119 3801 2173 de-

558 2207 789 2280 linquit,
822 2223 946 2263 cum
982 2208 1053 2263 sit
1100 2209 1320 2279 proprio
1357 2208 1410 2265 9.
1436 2208 1642 2276 judicio
1671 2211 2087 2268 condemnatus.
2134 2212 2270 2270 Cum
2322 2214 2522 2270 misero
2565 2214 2632 2268 ad
2677 2224 2727 2269 te
2774 2215 3058 2277 Arteman,
3098 2221 3191 2266 aut
3236 2210 3569 2282 Tychicum,
3613 2209 3802 2265 festina-

563 2302 632 2357 ad
688 2316 777 2358 me
826 2300 1011 2359 venire
1050 2302 1384 2375 Nicopolim;
1428 2304 1501 2359 ibi
1532 2304 1677 2359 enim
1708 2305 1873 2360 statui
1928 2306 2190 2363 hiemare.
2244 2307 2446 2363 Zenam
2485 2307 2873 2378 legisperitum,
2916 2316 2971 2361 et
3025 2304 3213 2376 Apollo
3256 2302 3491 2359 sollicite
3533 2301 3800 2372 praemitte,

569 2393 878 2462 Nicopolim
915 2395 984 2450 ad
1030 2397 1377 2450 ministerium
1409 2396 1644 2463 illorum,
1674 2406 1736 2452 ut
1784 2397 1919 2453 nihil
1959 2398 2087 2464 illis,
2137 2398 2410 2466 Arteman,
2446 2409 2494 2454 et
2548 2398 2772 2469 Tychico
2814 2399 2970 2453 desit.
3002 2396 3220 2454 Discant
3254 2404 3461 2463 autem,
3490 2393 3801 2461 Arteman.“

568 2480 847 2551 Tychicus,
875 2491 929 2539 et
963 2484 1136 2538 nostri
1186 2483 1345 2541 bonis
1396 2484 1652 2556 aperimus
1682 2501 1916 2557 praeesse
1964 2487 2030 2543 ad
2067 2502 2197 2542 usus
2245 2487 2606 2552 necessarios,
2649 2486 2993 2558 impendenda
3022 2486 3140 2540 aliis
3189 2479 3459 2549 similiter,
3488 2493 3548 2538 ιιι
3583 2499 3680 2537 non
3714 2482 3801 2536 sint

561 2572 908 2629 infructuosi.
954 2573 1207 2631 Salutant
1233 2584 1286 2632 to
1315 2576 1411 2649 qui
1436 2591 1647 2632 mecum
1675 2586 1801 2636 sunt
1831 2592 2041 2634 omnes.
2079 2576 2263 2633 Saluta
2295 2592 2390 2636 eos
2418 2578 2509 2649 qui
2540 2593 2640 2636 nos
2663 2589 2849 2634 amant
2876 2578 3073 2634 inﬁde.
3105 2575 3293 2634 Gratia
3326 2576 3419 2632 Dei
3447 2591 3570 2633 cum
3591 2575 3806 2637 omnibus

560 2664 737 2723 vobis.
760 2667 958 2723 Amen.

2004 2762 2485 2822 MMENTARIUS.

593 2842 687 2907 'd.
720 2850 1149 2923 Impietatem,id
1177 2861 1284 2922 est,
1310 2852 1663 2910 idololatriam
1682 2864 1735 2911 et
1755 2762 2415 2923 cultufaﬁﬁzieliiunrj
2424 2764 2666 2921 iussos.
2710 2857 2779 2912 Et
2826 2857 2891 2913 de
2940 2858 3022 2912 his
3071 2858 3207 2913 uolo.
3250 2828 3624 2912 Necessarium
3652 2852 3805 2922 utique

563 2953 808 2996 menum.
2261 2956 2323 3005 ut
2350 2950 2467 3020 ipse
2494 2964 2617 3005 cum
2650 2948 2816 3005 multa
2847 2947 3039 3003 ﬁducia
3079 2946 3147 3002 de
3176 2946 3261 3002 his
3316 2946 3536 3008 doceas,
3585 2954 3636 2997 et
3662 2943 3806 2997 consi-

635 3032 689 3087 5.
722 3030 940 3089 σιω-ξαν.
972 3036 1049 3091 De
1098 3035 1201 3092 hac
1230 3036 1399 3108 gloria
1439 3036 1637 3092 dicitur
1664 3037 1716 3092 in
1748 3037 2038 3108 Evangelio
2075 3053 2163 3095 se-
2262 3039 2394 3095 lium
2426 3041 2519 3096 des
2550 3040 2656 3095 illis
2676 3041 2767 3111 qui
2794 3038 3147 3096 crediderunt
3177 3039 3596 3108 Deo,quatenus
3618 3036 3809 3103 diligen-

566 3140 674 3182 cun
694 3124 805 3180 lum
839 3125 1150 3184 Matthaeum
1205 3144 1221 3184 :
1265 3128 1437 3184 Filius
1475 3132 1613 3185 enim
1659 3130 1884 3184 hominis
1916 3138 2161 3184 venturus
2266 3130 2393 3186 tiam
2436 3130 2873 3187 convenientium
2933 3124 3245 3184 adhibeant.
3289 3128 3357 3182 Et
3403 3127 3583 3181 omnia
3624 3126 3712 3180 ista
3755 3124 3806 3189 ad

572 3218 726 3272 estin
754 3218 925 3289 gloria
980 3218 1163 3275 Patris
1211 3223 1314 3285 sui,
1346 3238 1463 3276 cum
1491 3223 1690 3292 angelis
1709 3222 1837 3277 suis.
1870 3219 1936 3276 Et
1965 3230 2050 3277 est
2076 3236 2164 3276 or-
2264 3222 2394 3277 illud
2429 3224 2658 3278 reddidit
2692 3223 2835 3293 quod
2889 3223 3139 3292 superius
3181 3222 3393 3275 dixerat
3444 3232 3715 3274 commune
3736 3232 3807 3271 cos

567 3309 637 3364 ilo
672 3325 685 3363 :
725 3309 911 3381 gloriae
935 3309 1063 3367 Jesu
1089 3311 1291 3367 Christi
1325 3314 1530 3382 magni,
1560 3321 1663 3368 etc.
2262 3314 2655 3385 principatibus
2675 3323 2729 3369 et
2759 3313 3116 3383 potestatibus
3142 3312 3387 3367 subditos
3414 3326 3554 3365 esse.

640 3398 695 3454 6.
722 3400 963 3455 Austros.
990 3400 1159 3456 Nemo
1181 3412 1249 3456 te.
1283 3400 1607 3457 Contemnat
1637 3411 1688 3456 te
1709 3414 1891 3467 nemo,
1924 3399 2074 3457 dicit.
2102 3399 2162 3456 Si
2334 3405 2387 3460 5.
2438 3405 2638 3461 ΒΑΜ-ιι.
2689 3404 3040 3475 Con/innare.
3087 3403 3234 3460 Ordo
3272 3420 3286 3458 :
3338 3402 3685 3463 conﬁrmare,
3736 3398 3807 3453 sed

568 3488 727 3547 valde
751 3491 823 3545 sit
842 3490 1036 3561 aliquis
1055 3488 1229 3557 ferox,
1253 3507 1451 3561 arguas
1478 3507 1602 3547 eum
1631 3501 1968 3562 peccantem.

2263 3497 2356 3571 {f.,
2386 3495 2622 3569 scilicet]
2654 3512 2748 3552 eos
2775 3497 2869 3566 qui
2895 3496 3127 3551 credunt
3150 3496 3283 3560 Deo,
3310 3502 3370 3549 ut
3398 3500 3605 3555 curent,
3631 3499 3724 3544 etc.
3774 3518 3780 3527 ι

637 3580 790 3637 CAP.
817 3582 904 3637 111.
931 3610 1003 3623 ——
1032 3585 1082 3638 1.
1110 3583 1348 3640 Ausaos.
1378 3584 1611 3639 Eramus
1630 3584 1790 3639 enim.
1817 3583 2164 3655 Objiciebant
2334 3588 2388 3644 6.
2435 3587 2715 3658 Operibus,
2744 3588 2795 3643 id
2822 3597 2924 3654 est,
2974 3598 3036 3642 ut
3070 3587 3326 3643 studeant
3358 3584 3584 3654 majora
3610 3579 3806 3651 opertui»

568 3689 699 3731 vero
719 3675 769 3731 ei
803 3675 1157 3745 quorumdam
1183 3677 1539 3747 impietatem,
1587 3677 1657 3732 ob
1707 3690 1872 3747 quam
1922 3676 2073 3731 multi
2103 3675 2167 3732 ἢ·
2265 3680 2406 3737 sicut
2435 3687 2562 3733 sunt
2583 3679 2636 3734 in
2662 3677 2849 3747 majori
2877 3679 2997 3733 loco
3025 3678 3325 3733 constituti.
3406 3716 3407 3719 η

572 3769 771 3824 delium
799 3767 1003 3823 bonum
1027 3760 1434 3836 exiStimabaut,
1458 3770 1506 3826 si
1540 3769 1803 3825 adversus
1849 3768 2163 3839 huiusmodi
2335 3773 2390 3826 7.
2429 3770 2800 3841 Geuealogias.
2824 3770 3180 3839 Genealogias
3208 3768 3411 3824 Christi
3451 3767 3608 3821 aliter
3625 3776 3811 3830 compu-

572 3861 724 3927 litem
754 3870 1094 3925 exercerent.
1548 3908 1551 3909 ν
2266 3865 2456 3922 labant
2482 3864 2705 3935 quidam
2731 3878 2890 3933 quam
2943 3861 3304 3933 Evangelistae
3336 3870 3394 3915 et
3439 3857 3678 3929 apostoli,
3703 3866 3810 3924 quas

644 3950 932 4007 ΞοιλιΜΊιο
992 3953 1224 4015 Eramus
1273 3954 1436 4011 enim.
1494 3951 1661 4019 Quasi
1722 3950 1967 4006 diceret:
2025 3948 2164 4005 Nulli
2265 3957 2521 4013 vitandos
2546 3954 3290 4027 potiusqnamconfutandos
3315 3952 3580 4024 prmeipit.

575 4041 889 4117 spernendi,
918 4042 1133 4099 etiamsi
1169 4041 1485 4112 insipientes
1515 4042 1623 4097 sint
1645 4049 1699 4096 et
1727 4040 2013 4105 increduli,
2037 4041 2162 4111 quia
2337 4047 2391 4102 8.
2454 4046 2843 4101 ϐοηιεηεξοηεε.
2907 4044 3300 4101 contentiones
3366 4052 3422 4097 et
3481 4052 3663 4111 pugna:
3704 4034 3811 4105 legis

577 4131 867 4202 aliquando
902 4132 982 4188 eis
1010 4131 1218 4188 similes
1245 4130 1444 4186 fuitnus
1486 4147 1499 4184 :
1544 4130 1637 4185 sed
1670 4145 1766 4201 per
1804 4130 2033 4203 gratiam
2068 4130 2132 4197 De

2269 4148 2426 4199 erant
2445 4147 2591 4195 mter
2625 4138 2844 4195 Judzeos
2863 4147 2920 4194 et
2943 4138 3308 4200 Christianos,
3338 4136 3448 4190 iliis
3474 4136 3541 4189 ad
3591 4134 3808 4189 litteram.

578 4225 773 4282 salvati
804 4226 1027 4283 fuimus.
2197 4229 2351 4285 Bbis
2399 4233 2467 4285 ad
2522 4229 2870 4298 spiritualem
2919 4226 3329 4297 intelligentiam
3383 4226 3554 4295 legem
3601 4229 3815 4293 oportere

645 4321 702 4376 5.
746 4320 853 4375 Per
894 4321 1181 4375 lavacrum.
1229 4319 1333 4374 Per
1382 4317 1710 4388 baptismum
1765 4316 1916 4381 dicit,
1952 4315 2004 4370 in
2058 4329 2165 4384 quo
2276 4321 2497 4392 intelligi
2527 4320 2999 4377 cmitendcntibus.

576 4420 933 4481 rcgeneratur
987 4419 1042 4466 et
1100 4419 1398 4466 renovatur
1458 4408 1656 4473 homo,
1712 4407 2035 4464 adveniente
2110 4407 2163 4460 in
2341 4412 2396 4469 9.
2434 4413 2669 4467 Iudicio.
2702 4412 2929 4482 Propria
2960 4411 3164 4481 judicio
3194 4426 3255 4466 se
3300 4410 3614 4471 condemnat
3643 4402 3727 4474 qui
3746 4418 3811 4454 cr-

580 4516 706 4556 cum
731 4499 933 4574 Spiritu
965 4511 1175 4567 sancto,
1231 4515 1329 4573 per
1357 4515 1516 4573 quem
1551 4499 1610 4554 ﬁt
1640 4500 1888 4556 remissio
1919 4507 2169 4569 peccam-
2276 4521 2455 4563 rorem
2480 4506 2684 4571 laudat,
2717 4506 2989 4575 vituperat
3015 4504 3326 4559 veritatem.
3420 4550 3425 4551 ,

582 4609 727 4650 rum.

713 4796 1294 4897 EPISTULA
1362 4800 1468 4886 B.
1533 4792 1888 4885 PAULI
1977 4788 2560 4883 APOSTOLI
2636 4787 2783 4876 AD
2870 4779 3705 4875 PHILEMONEM.

1224 4989 1409 5052 CUM
1449 4981 2009 5049 INTERJECTIS
2046 4983 2120 5044 B.
2163 4979 2643 5045 LANFRANCI
2698 4977 3159 5042 GLOSSULIS.

579 4671 3813 4710 ’,ἠ-*ΨΜ

663 5241 1438 5302 Aneuusnruu..—Philemoni
1480 5240 1778 5297 familiares
1802 5241 2012 5297 litteras
2040 5240 2171 5297 facit
2282 5254 2380 5319 pro
2406 5241 2664 5299 Onesimo
2697 5252 2856 5295 servo
2882 5236 3018 5305 ejus,
3052 5234 3300 5291 scribens
3325 5231 3375 5289 ei
3426 5232 3495 5287 ab
3522 5229 3647 5286 urbe
3671 5226 3813 5280 Roma

597 5320 663 5395 de
693 5351 935 5403 carcere,
966 5352 1066 5408 per
1087 5336 1262 5407 ipsum
1285 5331 1622 5394 Onesimum.
1922 5378 1923 5381 η

1938 5426 2165 5494 CAPUT
2205 5421 2501 5482 PRIMUM.

669 5551 872 5609 Paulus
899 5552 949 5606 1.
980 5550 1194 5604 vinctus
1223 5544 1428 5602 Christi
1458 5543 1607 5611 Jesu,
1639 5553 1695 5601 et
1719 5544 2041 5601 Timotheus
2086 5544 2279 5606 frater,
2304 5540 2361 5594 2.
2404 5534 2703 5613 Philemoni
2732 5533 2951 5595 dilecto,
2983 5527 3148 5601 205.
3186 5537 3247 5597 et
3290 5524 3519 5617 adjutori
3554 5516 3743 5580 nostra,
3776 5520 3819 5567 ct

1940 5637 2523 5716 COMMENTARIUS.

676 5761 828 5819 CAP.
868 5760 910 5814 1.
939 5788 1003 5799 -—
1039 5760 1089 5814 1.
1129 5757 1362 5813 Animos.
1414 5755 1632 5811 Vinctus
1680 5755 1811 5810 Iesu
1864 5752 2079 5807 Christi.
2125 5750 2186 5805 In
2295 5745 2495 5804 stolum
2527 5757 2588 5800 se
2618 5741 2820 5798 dixisse
2874 5739 2964 5812 ΗΖ,
3005 5734 3187 5807 dixit],
3222 5733 3362 5789 sicut
3394 5742 3506 5786 erat
3535 5718 3817 5819 consucll'ln

607 5812 1109 5925 praesenti—negotio
1130 5864 1306 5927 neque
1333 5863 1548 5907 servum
1593 5846 1817 5918 Christi,
1852 5860 2025 5919 neque
2048 5845 2189 5917 Apo-
2298 5837 2601 5906 scribendi;
2633 5834 2855 5927 namvdc
2904 5827 3276 5905 spiritualibus
3304 5824 3531 5900 negotiis
3570 5812 3821 5879 scribebals
