3864 6300
91 223 199 282 περ
765 215 831 271 IN
872 216 935 271 ι).
976 214 1180 273 PAULI
1218 213 1435 273 EPIST.
1475 212 1828 292 contum.
1858 198 1927 256 ——’
1963 214 2179 277 EPIST.
2218 212 2311 270 AD
2348 208 2837 272 PHILEMO‘SEI.
3261 209 3367 267 tm

88 335 266 406 Appia:
296 327 463 389 tutori
490 327 670 389 sorori
701 327 1058 394 charissimae,
1083 336 1139 383 et
1166 327 1440 397 Archippo
1480 326 1595 396 ﬁlio
1638 327 1754 397 ejus
1789 326 2150 387 commilitoni
2192 335 2402 392 nostro,
2432 326 2792 393 et‘Ecclesie,
2840 339 2962 396 quae
3008 322 3065 379 in
3091 321 3251 379 domo
3274 330 3366 376 tua

91 441 187 493 est.
210 426 407 485 Gratia
430 426 623 491 vobis,
647 434 699 478 et
728 437 835 492 pax
860 437 895 495 aq
921 422 1032 478 Deo
1052 420 1213 476 Patre
1240 428 1536 497 nostro,_et
1557 420 1783 486 Domino
1804 419 2193 481 JesuChristo.
2224 419 2442 475 Gratias
2474 433 2575 490 ago
2600 419 2711 474 Deo
2754 433 2909 485 meo,"
2925 428 3140 486 semper
3162 427 3370 469 memo-

90 525 219 583 riam
250 519 331 572 tui
364 517 592 571 faciens
615 516 665 569 in
687 514 1027 569 orationibus
1054 512 1210 578 meis,
1242 512 1468 566 audiens
1497 512 1814 566 charitatem
1863 520 2035 576 tuam,
2083 519 2137 566 et
2188 511 2368 577 lidem,
2419 525 2584 580 quam
2627 511 2796 565 habes
2833 510 2889 565 in
2945 508 3173 565 Domino
3218 504 3371 570 Jesu,

89 627 236 683 quam
271 610 607 662 charitatem
629 606 786 660 habes
810 613 867 660 et
887 606 941 659 5.
972 605 1026 659 in
1048 618 1237 659 omnes
1264 612 1502 669 sanctos,
1528 603 1583 657 4.
1614 613 1672 659 ut
1698 603 2120 682 communicatio
2141 602 2263 678 fidei
2296 612 2401 658 tute
2423 602 2644 657 evidens
2675 602 2792 664 ﬁat.
2816 602 2872 657 in
2897 600 3172 673 agnitione
3194 596 3374 654 omnis

84 676 259 769 operis
292 698 430 753 boni
461 697 689 768 patrati,
718 694 860 766 quod
891 702 975 750 est
999 688 1051 748 in
1076 686 1251 760 vobis,
1285 692 1362 747 vel
1398 690 1643 758 uobis,5.
1692 694 1746 748 in
1788 676 2015 748 Christo
2049 676 2201 758 Jesu,
2260 692 2329 746 ad
2372 691 2571 746 Christi
2605 692 2875 746 honorem.
2930 690 3197 746 Gaudium
3229 687 3375 744 enim

92 789 213 859 (alia
247 787 462 841 ratione
497 786 676 843 reddit
706 785 928 857 gratias)
958 798 1213 854 magnum
1240 782 1427 849 habui,
1460 789 1517 837 et
1547 782 1976 839 consolationem
2007 782 2060 839 in
2085 782 2377 849 charitate,
2412 783 2540 852 quia
2582 783 2789 837 viscera
2815 789 3129 837 sanctorum
3161 778 3377 849 requie-

92 892 277 938 verunt
308 897 414 952 per
463 890 554 944 te,
580 877 768 943 frater,
798 887 1005 932 sanctos
1046 875 1272 947 refecisti
1315 875 1490 930 dando
1534 876 1598 930 de
1627 877 1750 931 tuis.
1776 877 2005 948 Propter
2049 877 2215 946 quod,
2257 877 2312 930 id
2358 886 2459 943 est,
2504 877 2809 931 charitatem
2860 886 3025 941 tuam,
3064 876 3117 929 6.
3151 874 3379 933 multam

95 973 336 1029 ﬁduciam
364 970 594 1026 habens
620 970 674 1024 in
701 968 924 1024 Christo
944 966 1073 1022 Jesu
1104 966 1408 1038 imperandi
1438 966 1533 1033 tibi
1557 969 1701 1038 quod
1728 968 1793 1027 ad
1818 984 1933 1024 rem
1956 970 2221 1038 pertinet;
2250 977 2477 1039 propter
2496 967 2817 1023 charitatem
2842 968 3015 1037 magis
3040 969 3290 1029 obsecro,
3316 966 3374 1029 7.

93 1081 209 1121 cum
235 1064 312 1119 sis
346 1064 406 1119 8.
437 1061 599 1127 talis,
635 1070 695 1116 ut
716 1078 809 1130 ego
840 1060 1040 1116 Paulus
1085 1074 1275 1124 senex,
1332 1074 1477 1113 nunc
1527 1068 1708 1114 autem
1752 1068 1807 1114 et
1861 1060 2072 1116 vinctus
2118 1059 2245 1117 iesu
2271 1060 2503 1127 Christi;
2543 1062 2770 1116 obsecro
2795 1068 2847 1115 te
2872 1076 2970 1129 pro
2993 1060 3046 1117 9.
3096 1074 3218 1115 meo
3247 1059 3379 1123 ﬁlio,

94 1171 242 1227 quem
273 1154 476 1223 genui,
535 1152 819 1223 baptizari,
866 1152 919 1206 in
976 1151 1228 1216 vinculis,
1262 1149 1349 1205 10.
1394 1149 1673 1216 Onesimo,
1698 1151 1788 1221 qui
1819 1151 1913 1206 tibi
1969 1152 2056 1207 ll.
2106 1152 2395 1222 aliquando
2428 1151 2639 1207 inutilis
2668 1151 3038 1224 (temporariae)
3075 1150 3197 1216 fuit,
3236 1166 3383 1213 nunc

98 1259 263 1302 autem
291 1255 349 1301 et
378 1243 528 1299 mihi
566 1243 654 1309 l2.
678 1251 736 1299 et
768 1242 863 1298 tibi
894 1241 1041 1297 utilis
1065 1243 1182 1311 erit,
1213 1254 1371 1312 quem
1397 1242 1581 1297 remisi
1608 1241 1723 1297 tibi.
1763 1241 1842 1297 Tu
1883 1252 2062 1297 autem
2094 1242 2242 1299 illum
2275 1251 2333 1297 ut
2360 1259 2480 1299 mea
2527 1244 2737 1299 viscera
2787 1244 3032 1314 suscipe;
3075 1258 3236 1312 quem
3279 1258 3384 1313 ego

96 1338 366 1395 volueram
404 1351 637 1392 mecum
669 1336 935 1404 detinere,
963 1344 1021 1389 ut
1047 1349 1147 1405 pro
1182 1341 1234 1389 te
1260 1333 1390 1388 mihi
1427 1333 1513 1388 l3.
1564 1333 1904 1390 ministraret
1935 1336 2022 1390 14.
2060 1336 2113 1390 in
2155 1335 2386 1391 vinculis
2438 1336 2751 1404 Evangelii;
2784 1336 2902 1391 sine
2945 1336 3172 1391 consilio
3203 1342 3385 1390 autem

102 1441 187 1484 tuo
215 1427 351 1483 nihil
384 1427 547 1482 volui
574 1425 783 1490 facere,
808 1424 887 1479 uti
924 1439 992 1479 ne
1019 1423 1187 1487 velut,
1220 1433 1275 1479 ut
1300 1440 1425 1490 non,
1456 1439 1523 1479 ex
1547 1424 1900 1488 necessitate,
1923 1427 2207 1493 exactorie.
2227 1427 2430 1489 bonum
2484 1436 2634 1481 tuum
2676 1435 2842 1493 esset,
2872 1425 2973 1505 sed
2999 1425 3382 1481 voluntarium.

98 1522 338 1590 Forsitan
371 1521 536 1580 enim
562 1519 688 1575 ideo
710 1517 959 1574 discessit
985 1517 1053 1571 ad
1074 1517 1263 1581 horam
1293 1533 1323 1572 a
1354 1526 1427 1584 te,
1450 1522 1511 1573 nt
1532 1517 1620 1589 15,
1650 1518 1735 1573 16.
1762 1527 2050 1585 aeternum,
2088 1521 2194 1584 hic,
2230 1530 2281 1575 et
2308 1521 2362 1575 in
2389 1521 2627 1589 futurum
2648 1520 2873 1590 ﬁdeliter
2904 1520 3052 1573 illum
3081 1519 3381 1589 reciperes;

100 1612 201 1680 jam
221 1627 325 1666 non
357 1610 457 1664 Π.
489 1618 556 1664 ιιι
583 1622 824 1676 servum,
856 1609 950 1664 sed
974 1623 1074 1679 pro
1106 1623 1264 1665 servo
1299 1607 1681 1665 charissimum
1724 1609 1966 1675 fratrem,
2015 1612 2272 1678 maxime,
2330 1614 2500 1679 valde,
2534 1614 2691 1679 mihi,
2733 1622 2938 1684 quanto
2980 1620 3162 1666 autem
3214 1611 3387 1682 magis

103 1703 210 1767 tibi,
232 1713 286 1757 et
314 1702 405 1757 18.
438 1701 501 1757 in
530 1715 701 1755 carne
730 1716 931 1767 servus,
960 1709 1015 1757 et
1042 1700 1095 1754 in
1128 1699 1389 1756 Domino?
1416 1701 1472 1754 in
1498 1701 1602 1773 ﬁde
1628 1700 1805 1770 ﬁrma.
1831 1702 1890 1757 Si
1923 1716 2053 1773 ergo
2086 1703 2424 1775 (adjuralive)
2467 1704 2635 1761 habes
2665 1719 2751 1759 me
2786 1702 3129 1765 19.socium,
3154 1703 3387 1771 suscipe

111 1799 246 1854 illum
275 1796 425 1853 sicut
451 1794 667 1862 me;-si
696 1804 876 1851 autem
904 1796 1484 1866 aliquidydetrahendo
1513 1812 1593 1851 res
1632 1806 1774 1865 tuas,
1810 1798 1997 1855 nocuit
2028 1799 2147 1864 tibi,
2173 1808 2269 1859 aut
2303 1801 2493 1868 debet;
2525 1802 2629 1861 hoc
2670 1801 2803 1856 mihi
2853 1801 3074 1872 imputa.
3107 1800 3219 1872 Ego
3246 1799 3391 1855 Pauc-

107 1898 184 1952 lus
207 1895 402 1964 scripsi
434 1908 570 1948 mea
597 1907 791 1958 manu;
824 1906 925 1963 ego
957 1893 1200 1959 reddam,
1231 1901 1420 1950 utnon
1447 1894 1623 1951 dicam
1650 1895 1770 1964 tibi,
1791 1897 1933 1967 quod
1954 1905 2009 1952 et
2036 1898 2264 1969 teipsum
2307 1898 2438 1953 mihi
2466 1896 2663 1963 debes;
2696 1896 2784 1951 20.
2815 1897 2910 1963 ita,
2938 1895 3127 1950 frater.
3152 1895 3265 1967 Ego
3293 1896 3384 1950 2|.

114 1996 161 2041 te
185 1986 327 2041 fruar
357 1986 418 2041 in
455 1986 732 2054 Domino;
764 1989 924 2044 retice
951 1989 1159 2046 viscera
1189 2005 1330 2057 mea,
1362 1991 1533 2056 hunc,
1576 1990 1632 2045 in
1661 1992 1911 2049 Domino.
1943 1992 2232 2049 Confidens
2279 1993 2331 2048 in
2360 1992 2665 2049 obedientia
2696 2001 2784 2047 tua
2810 1991 3002 2063 scripsi
3051 1989 3167 2056 tibi,
3210 1990 3389 2045 sciens

110 2081 352 2151 quoidam
383 2090 449 2139 et
480 2097 659 2153 super
683 2085 736 2139 id
762 2086 906 2155 quod
924 2082 1072 2153 dico,
1096 2084 1202 2155 (vel
1231 2084 1471 2155 liberum,
1499 2085 1578 2142 vel
1619 2086 1764 2141 aliud
1794 2088 2005 2162 hortum)
2034 2089 2222 2147 facies.
2266 2087 2440 2146 Simul
2461 2097 2641 2145 autem
2664 2096 2723 2146 et
2740 2103 2871 2158 para
2901 2087 3031 2142 mihi
3059 2087 3384 2159 hospitium;

1445 2228 2029 2288 wdlMENTARIUS.

118 2371 175 2415 et
190 2376 327 2418 nunc
352 2362 423 2420 de
475 2364 576 2421 his
602 2379 722 2434 quae
750 2381 804 2420 in
832 2371 1103 2435 potestate
1138 2361 1473 2419 Philemonis
1515 2368 1692 2416 erant.
1725 2365 1771 2423 Α
1800 2370 1953 2418 zatus
1976 2370 2088 2430 est;
2116 2374 2277 2433 quem
2308 2361 2612 2430 remittens,
2643 2376 2743 2433 pro
2771 2372 2839 2419 eo
2863 2369 3006 2418 nunc
3027 2369 3201 2433 rogat.

122 2451 182 2508 Et
202 2453 323 2508 illud
349 2456 544 2527 magis
564 2457 968 2530 proponendum
989 2455 1203 2511 censuit
1227 2455 1372 2525 quod
1396 2452 1559 2507 valde
1577 2467 1703 2507 sua—
1880 2453 1967 2508 ll.
2007 2454 2244 2509 Aunaos.
2285 2453 2602 2526 Aliquando.
2627 2452 2851 2523 Adjecto
2875 2455 3188 2525 aliquando,
3218 2454 3384 2511 alium

124 2544 240 2600 dere
262 2555 502 2615 poterat,
543 2548 669 2617 quia
699 2562 798 2618 pro
822 2547 1050 2604 aliorum
1099 2544 1275 2600 salute
1319 2544 1617 2600 habebatur
1648 2543 1707 2598 in
1807 2559 1931 2600 esse
1950 2545 2091 2600 hunc
2119 2545 2361 2601 ostendit
2384 2547 2451 2602 ab
2483 2546 2576 2601 illo
2597 2546 2687 2615 qui
2715 2547 2943 2602 dudum.
2986 2542 3011 2591 ἶ

129 2636 356 2693 vinculis.
1879 2637 1965 2691 12.
2003 2634 2073 2690 Et
2102 2636 2215 2693 tibi.
2254 2636 2311 2691 ln
2339 2637 2531 2708 primis
2564 2637 2719 2701 dixit,
2748 2638 2865 2705 tibi,
2896 2646 2956 2693 ut
3002 2654 3112 2695 non
3142 2640 3393 2695 videatur

185 2727 236 2781 Ξ.
262 2727 597 2786 Philemoni.
625 2718 1020 2800 Maritojunxit
1046 2744 1290 2791 uxorem.
1316 2728 1511 2784 deinde
1533 2727 1702 2783 lilium
1808 2727 2043 2790 alienum
2077 2741 2294 2783 servum
2337 2728 2661 2784 subtrahere
2692 2728 2761 2783 ab
2795 2725 2918 2795 ejus
2961 2728 3203 2784 domino.
3237 2729 3392 2797 Quod

132 2816 443 2889 Philemonis
472 2823 777 2893 etrAppiae,
810 2838 911 2879 nec
950 2830 1199 2889 cancros,
1240 2821 1332 2892 qui
1357 2819 1704 2890 pertinebant
1748 2858 1751 2861 λ
1806 2818 1966 2885 dixit,
1995 2817 2115 2884 tibi,
2143 2819 2529 2890 contemplatio
2566 2819 2663 2892 [ιζ.
2715 2820 3201 2894 contemplatione]
3238 2822 3395 2878 obse-

134 2908 312 2977 atl'eos,
335 2911 624 2973 fraudavit
644 2913 990 2975 salutatione.
1805 2912 1918 2983 quii
1947 2913 2114 2980 dixit;
2148 2912 2293 2982 quod
2324 2921 2530 2980 autem,
2555 2912 2714 2978 mihi,
2765 2912 3062 2968 secundum
3094 2914 3395 2986 correptio-

191 2999 240 3053 ‘5.
274 2999 339 3056 In
374 3019 565 3060 omnes
614 3013 840 3059 sanctos.
870 3005 950 3059 Ex
997 3005 1102 3061 hoc
1146 3004 1277 3059 illud
1335 3002 1699 3074 cognoscitur.

136 3085 252 3144 Nam
277 3106 403 3162 erga
429 3102 664 3149 sanctos
684 3095 922 3152 Charitas
957 3095 1012 3150 in
1037 3094 1293 3165 operibus
1312 3094 1698 3158 demonstrata,

134 3175 386 3247 “factum,
413 3197 591 3254 quem
612 3198 744 3256 erga
776 3184 943 3249 Deum
967 3184 1157 3251 habes,
1187 3180 1523 3254 comprobat.
1549 3181 1703 3237 Unde

135 3270 397 3338 eu’l’lime
425 3271 636 3342 adiecit
672 3293 685 3329 :
730 3272 796 3329 Ut
832 3273 1244 3330 communicatio
1281 3272 1410 3341 ﬁdei
1458 3281 1563 3327 tua:
1586 3287 1703 3341 per-

140 3360 257 3427 lecta
280 3365 373 3433 ﬁat
399 3368 457 3423 in
484 3368 759 3438 agnitione
788 3368 957 3422 omnis
977 3366 1121 3422 boni.

197 3450 247 3513 ι.
286 3453 485 3521 Lmen.
540 3453 605 3510 Ut
620 3456 1049 3522 communicatio,
1082 3454 1136 3511 id
1161 3461 1267 3521 est,
1297 3452 1703 3509 communicatis

142 3538 250 3601 ﬁdei
272 3555 463 3601 nostra:
476 3598 479 3599 ,
494 3546 635 3602 ﬁdes
660 3554 771 3603 tua.

201 3630 257 3697 5.
278 3633 342 3690 In
359 3636 596 3693 Christo.
629 3637 731 3706 Qui
758 3651 847 3693 me
865 3635 1187 3710 Apostolum
1217 3635 1365 3692 fecit.
1418 3686 1421 3689 ,

1805 3017 1928 3057 nem
1952 3002 2068 3073 ejus
2095 3002 2249 3058 dixit.

1881 3093 1965 3148 1'5.
1995 3092 2346 3148 Ministraret.
2362 3093 2491 3149 Vult
2512 3093 2726 3150 dicere:
2752 3092 2967 3149 etiamsi
2990 3092 3093 3149 hoc
3113 3093 3390 3158 fecissem,

1807 3195 1957 3241 tuum
2015 3185 2224 3241 lucrum
2255 3194 2375 3243 erat
2408 3195 2467 3241 ut
2513 3186 2559 3242 is
2586 3186 2718 3241 mihi
2761 3185 3119 3240 ministraret.
3184 3185 3319 3240 Nam
3344 3185 3391 3240 si

1804 3294 1996 3335 servus
2061 3288 2184 3334 tuus
2243 3278 2582 3334 ministraret
2616 3277 2771 3342 mihi,
2834 3276 3141 3331 mercedem
3206 3275 3396 3345 utique

1807 3368 1903 3425 tibi
1943 3368 2278 3437 acquirebat.
2304 3367 2414 3424 Nec
2450 3367 2587 3423 dixit
2612 3381 2711 3438 pro
2748 3374 2825 3432 te,
2863 3367 2960 3420 sed
2990 3377 3089 3435 pro
3118 3371 3209 3418 tuo
3243 3379 3395 3419 com.-

1807 3460 1988 3515 modo.

1876 3552 1964 3608 H.
2003 3551 2207 3607 Lurn.
2253 3549 2321 3605 In
2371 3549 2590 3605 uinculis
2646 3548 2943 3619 Evangelii,
3007 3546 3063 3601 id
3117 3554 3221 3611 est,
3274 3559 3397 3614 quas

1807 3646 2060 3702 sustineo
2085 3652 2305 3715 propter
2327 3641 2698 3713 Evangelium,
2727 3641 2870 3709 quod
2901 3638 3157 3709 praedico.

203 3724 524 3789 6._Aunnos.
542 3728 823 3787 Fiduciam
853 3731 1096 3786 multam.
1123 3727 1239 3785 Non
1264 3728 1398 3783 dixit
1423 3744 1438 3782 :
1465 3734 1704 3798 potesta—

1877 3737 1967 3793 l5.
1996 3736 2305 3799 .Eternum,
2325 3733 2379 3789 id
2398 3742 2505 3801 est,
2524 3730 2853 3789 atcrnaliter
2870 3740 3046 3791 tecum
3073 3726 3233 3800 205
3246 3726 3398 3782 futu—

146 3820 239 3868 tem
274 3810 451 3876 habeo
518 3820 885 3892 praecipiendi,
933 3821 1028 3877 sed
1082 3820 1358 3876 ﬁduciam.
1415 3818 1535 3876 Non
1568 3816 1706 3874 dixit

148 3916 341 3976 propter
369 3912 756 3981 apostolatum,
782 3913 877 3970 sed
921 3920 1146 3984 propter
1183 3912 1514 3968 charitatem
1541 3924 1704 3981 quam

149 4007 258 4064 erga
285 4013 465 4057 omnes
500 4001 752 4057 habebat.
790 4002 891 4069 Qui
936 4002 1081 4057 enim
1112 4016 1242 4073 erga
1269 4014 1462 4061 omnes
1484 4008 1707 4055 sanctos

152 4084 221 4139 sic
239 4086 464 4159 liberalis
500 4102 605 4160 est.
637 4109 913 4164 nunquam
940 4094 1084 4151 hunc
1109 4094 1345 4166 gratiam
1374 4092 1705 4164 postulatam

154 4176 263 4233 dare
281 4182 498 4253 pigebit.

212 4265 260 4321 Ἰ.
295 4269 421 4327 Cum
452 4276 534 4335 sis
561 4276 683 4332 talis
705 4287 757 4330 ut
798 4273 1019 4333 Paulus.
1050 4277 1236 4335 Omne
1261 4276 1402 4345 quod
1438 4290 1707 4333 summum

157 4355 328 4429 bonum
357 4365 585 4439 intelligi
614 4378 849 4439 poterat,
877 4370 979 4424 hoc
1003 4379 1123 4423 erat
1153 4371 1207 4424 iu
1224 4369 1410 4426 Paulo.
1433 4368 1710 4437 Adjicicn-

158 4445 215 4515 ἀεὶ
233 4452 495 4513 seniorem
520 4466 576 4513 et
601 4458 863 4525 vinctum,
897 4460 963 4515 ad
1009 4459 1369 4519 reverentiam
1419 4472 1553 4512 eum.
1574 4456 1711 4511 invi-

159 4540 283 4597 tavit.

214 4631 261 4689 8.
294 4635 495 4707 Laure.
536 4641 703 4699 Talis.
745 4642 927 4701 Senex
948 4652 1070 4701 erat
1095 4643 1209 4709 iste
1229 4643 1374 4700 sicut
1395 4641 1707 4714 Apostolus,

162 4730 206 4774 ει
227 4722 334 4785 ideo
356 4747 467 4791 non
498 4724 614 4795 fuit
640 4735 747 4792 sibi
778 4736 1074 4807 imperare,
1116 4739 1212 4793 sed
1242 4736 1563 4802 obsecrare;
1593 4735 1710 4806 ipse

162 4817 282 4871 enim
306 4826 552 4892 superius
579 4826 758 4884 dixit:
786 4827 1059 4885 Seniorem
1099 4844 1162 4885 ne
1201 4828 1567 4900 increpaveris,
1615 4827 1708 4883 sed

165 4903 342 4967 obsecra
362 4927 415 4971 ut
434 4928 658 4990 patrem.

223 4998 269 5053 9.
301 5006 534 5066 Alanos.
573 5009 683 5065 Pro
726 5029 839 5067 meo
886 5013 1020 5082 ﬁlio.
1072 5012 1218 5069 Bene
1267 5012 1503 5083 primum
1552 5011 1707 5077 dixit,

169 5096 424 5157 Propositis
448 5098 568 5169 ejus
594 5102 1012 5157 mutabilitatem
1039 5102 1128 5174 [[2,
1154 5102 1427 5173 proposita
1448 5100 1564 5171 ejus
1584 5117 1706 5161 mu.-

170 5178 458 5264 tabilitate];
485 5207 551 5248 ac
572 5193 654 5249 sic
674 5194 854 5263 posuit
879 5208 1102 5259 nomen,
1134 5209 1200 5250 eo
1230 5193 1373 5264 quod
1408 5192 1577 5256 sciret
1599 5203 1709 5251 non

173 5265 287 5366 liene
314 5275 504 5345 ILlibere
529 5284 596 5339 de
626 5284 717 5351 illo
748 5286 1135 5352 Philemonem,
1170 5293 1389 5358 prepter
1421 5282 1709 5355 pristinam

171 5371 267 5423 ous
290 5375 708 5431 mutabilitatem.

236 5453 311 5513 10.
346 5461 540 5539 Laure.
568 5468 836 5537 Onesimo.
868 5469 1159 5527 Onesimus
1186 5470 1289 5527 iste
1310 5485 1499 5532 servus
1526 5468 1708 5525 Phile-

177 5548 325 5633 tnonis
347 5568 477 5633 erat,
502 5560 594 5630 qui
640 5560 851 5631 fugiens
901 5561 1181 5617 dominum
1228 5577 1406 5629 suum,
1458 5561 1707 5632 quzedam

180 5628 353 5700 iuratus
381 5630 488 5718 est;
518 5628 611 5711 sed
643 5628 861 5712 veniens
893 5654 1120 5712 Romam
1148 5654 1216 5711 ab
1242 5628 1499 5725 Apostolo
1532 5654 1707 5726 bapti-

1808 3848 1953 3899 rum,
1970 3838 2027 3886 ut
2041 3845 2146 3885 non
2159 3828 2336 3885 dicam
2360 3826 2476 3883 tibi.
2491 3826 2682 3882 Astute
2703 3831 2859 3895 rogat
2880 3830 2939 3877 ut
2960 3822 3101 3891 quod
3123 3834 3316 3907 servus
3344 3819 3397 3873 ei

1810 3924 1988 3988 debet,
2025 3921 2131 3979 sibi
2178 3918 2439 3976 dimittat.
2477 3916 2642 3985 Quasi
2691 3915 2899 3973 diceret
2923 3928 2939 3968 :
2967 3912 3193 3968 Possem
3212 3910 3394 3967 dicere

1810 4015 1952 4085 quod
1982 4027 2089 4070 non
2119 4011 2294 4070 solum
2318 4011 2444 4078 hoc,
2470 4009 2563 4067 sed
2584 4016 2640 4065 et
2664 4007 2902 4078 teipsum
2932 4004 3100 4060 debes
3123 4000 3282 4068 mihi,
3303 4000 3400 4056 sed

1811 4108 1936 4163 nolo

1880 4198 1969 4254 16.
1999 4198 2238 4253 Alanos.
2282 4196 2583 4251 Eternum.
2630 4193 2866 4249 Evidens
2924 4199 3008 4245 est
3048 4186 3303 4259 quoniam
3344 4185 3398 4237 in

1812 4289 1993 4356 fugam
2034 4300 2229 4343 versus
2273 4296 2358 4341 est
2410 4283 2618 4340 arbitrii
2660 4298 2759 4354 per
2796 4279 3139 4350 pravitatem.
3190 4276 3271 4330 Ex
3314 4273 3402 4329 his

1817 4394 1947 4435 vero
1972 4393 2094 4448 quae
2119 4376 2259 4431 facta
2282 4376 2500 4431 fuerant
2528 4374 2813 4431 occasione
2837 4378 3059 4440 accepta
3075 4407 3092 4434 ,
3117 4367 3400 4425 dixiteurn

1817 4469 2138 4534 recessisse,
2160 4475 2244 4523 .ut
2282 4466 2474 4523 melior
2507 4465 2692 4530 ﬁeret;
2727 4460 3001 4533 praebebat
3041 4457 3190 4515 enim
3223 4454 3399 4511 ﬁrmi-

1817 4569 1985 4617 tatem
2004 4558 2291 4616 verborum
2312 4556 2451 4626 ejus,
2477 4555 2655 4612 exitus
2676 4553 2847 4624 ipsius
2870 4549 3092 4623 negotii.
3120 4546 3274 4606 Unde
3295 4559 3402 4605 nec

1817 4652 2124 4718 dellnitiv-e,
2150 4650 2243 4706 sed
2273 4648 2573 4706 dubitative
2595 4647 2752 4703 dixit.

1888 4748 1974 4812 1,7.
2009 4744 2083 4800 Ut
2113 4759 2337 4801 servum.
2371 4741 2485 4798 Hoc
2514 4748 2626 4806 est,
2663 4737 2897 4808 recipias
2926 4750 3054 4792 eum
3080 4747 3189 4801 non
3219 4729 3397 4791 solum

1816 4836 2012 4898 servile
2038 4834 2360 4905 obsequium
2382 4830 2797 4903 persolvenlem.

1887 4950 1975 5006 18.
2009 4947 2075 5002 In
2106 4961 2280 5002 carne.
2311 4943 2523 5000 Statum
2554 4942 2699 5015 hunc
2720 4936 3077 5010 temporalem
3102 4932 3266 4999 dixit,
3302 4930 3399 5000 qui

1817 5044 1868 5099 in
1891 5040 2177 5114 praesentia
2201 5039 2450 5094 habetur.

1890 5153 1979 5219 19.
2026 5150 2258 5219 Sosium.
2307 5149 2395 5213 Si,
2441 5148 2645 5217 inquit,
2691 5145 2973 5203 existimas
3006 5138 3162 5196 nobis
3211 5134 3396 5191 omnia

1816 5262 1938 5304 esse
1969 5242 2305 5309 communia,
2346 5241 2528 5311 recipe
2557 5240 2700 5295 hunc
2720 5279 2736 5307 ,
2773 5253 2839 5293 eo
2864 5234 3007 5307 quod
3034 5245 3157 5286 eum
3189 5225 3396 5297 recepi.

1886 5360 1976 5415 ΞΟ.
2017 5359 2118 5425 Ιια,
2152 5357 2335 5428 frater.
2362 5356 2466 5411 Pro
2492 5355 2830 5426 adjuratione
2854 5350 3051 5421 posuit.

1885 5473 1987 5528 21.
2023 5470 2093 5527 Te
2125 5472 2295 5541 fruar.
2336 5468 2451 5525 lloc
2481 5476 2564 5524 est
2595 5467 2675 5523 sic
2710 5464 2923 5521 videam.
2948 5470 3028 5527 te,
3057 5460 3111 5516 in
3147 5458 3403 5521 omnibus

1816 5563 1920 5620 illis
1940 5579 2061 5633 quae
2085 5561 2379 5618 secundum
2411 5561 2577 5615 Deum
2602 5564 2753 5620 sunt,
2784 5551 3081 5624 profectum
3104 5550 3393 5608 habentem

1816 5652 2171 5724 spiritualem,
2204 5650 2347 5722 quod
2374 5664 2552 5705 meum
2581 5646 2786 5709 aestimo
2809 5658 2926 5709 esse
2954 5643 3184 5708 lucrum.
3216 5682 3221 5688 -
3248 5682 3257 5701 ς
