3938 6288
476 201 581 257 ωδ

1457 200 1517 258 Β.
1560 203 1953 263 LANFRANCI
1986 201 2685 275 caurumgancutee

3615 203 3726 260 37G

475 326 602 366 nam
628 322 789 380 spero
813 323 910 378 per
938 310 1215 367 orationes
1245 320 1453 368 vestras
1483 314 1675 371 donari
1707 331 1795 371 me
1824 315 1995 373 vobis.
2044 313 2257 379 Veniam
2302 317 2439 371 enim
2469 318 2547 371 ad!
2587 327 2654 373 te.
2691 316 2903 374 Salutat
2953 326 3005 373 te
3049 317 3333 389 Epaphras
3379 318 3723 388 eoneaptivus

473 406 633 453 meus
656 398 711 452 in
736 398 956 453 Christo
982 397 1129 465 Iesu,
1157 400 1392 470 Marcus,
1418 403 1789 474 Aristarchus,
1816 396 2017 474 Demas
2033 416 2088 473 et
2137 408 2338 479 Lucas,
2376 409 2654 485 adjutores
2702 411 2830 473 mei.
2884 408 3069 467 Gratia
3120 409 3337 466 Domini
3388 408 3557 464 nostri
3599 407 3725 466 Iesu

471 489 670 547 Christi
693 504 815 544 cum
843 490 1035 561 spiritu
1062 502 1262 551 vestro.
1306 494 1498 551 Amen.

478 714 479 717 ᾧ
729 746 1315 845 EPISTULA
1379 750 1485 849 Β.
1552 749 1909 907 PAULI
1985 752 2573 851 APOSTOLI
2634 723 2785 844 An
2845 754 3490 849 HEBRIEOS.

1124 938 1296 1000 CUM
1338 938 1903 1015 INTERJECI'IS
1943 943 2018 1005 Β.
2064 942 2549 1015 LANFRANCI
2593 944 3061 1021 GLOSSULIS.

470 1158 475 1163 ’
541 1167 939 1223 Anconeureu.
967 1196 1035 1207 -—
1059 1166 1327 1238 Inprimis
1349 1167 1633 1228 dicendum
1665 1176 1749 1227 est
1785 1184 1883 1224 cur
1916 1170 2055 1240 Apo-
2080 1181 2127 1235 Α
2159 1168 2321 1229 ferre.
2370 1173 2505 1229 Nam
2530 1175 2701 1231 simili
2723 1178 2883 1233 modo
2903 1179 3067 1234 etiam
3096 1189 3151 1236 et
3187 1178 3425 1237 Joannes
3466 1180 3739 1250 apostolus

470 1254 641 1315 stolas
663 1256 863 1321 Paulus
902 1258 956 1313 in
996 1256 1097 1323 hac
1135 1258 1373 1329 Epistola
1411 1259 1695 1317 scribenda
1730 1276 1838 1315 non
1869 1275 2052 1319 serva-

468 1340 611 1409 ‘verit
638 1365 845 1407 morem
875 1366 1033 1406 suum
1053 1392 1068 1419 ,
1107 1360 1167 1407 ut
1196 1349 1279 1405 vel
1310 1351 1627 1408 vocabulum
1673 1351 1911 1409 nominis
1933 1352 2013 1407 sui
2038 1392 2053 1423 ,

468 1441 555 1497 vel
597 1442 806 1507 ordinis
846 1443 1181 1505 describeret
1224 1444 1563 1515 dignitatem.
1610 1442 1737 1503 Haec
1783 1459 1949 1499 causa
1974 1453 2057 1499 est

470 1533 641 1610 quod,
659 1534 727 1590 ad
751 1550 844 1591 eos
874 1535 1123 1592 scribens
1155 1536 1247 1607 qui
1270 1550 1336 1591 ex
1369 1534 1783 1592 circumcisione
1811 1536 2054 1610 credide-

454 1634 615 1692 ‘rant,
643 1626 799 1699 quasi
824 1627 1063 1700 gentium
1087 1626 1411 1699 Apostolus,
1442 1637 1498 1683 et
1527 1644 1632 1683 non
1666 1627 2051 1692 Hebraeorum;

470 1718 652 1774 sciens
686 1733 903 1790 quoque
930 1733 1117 1779 eorum
1160 1719 1502 1791 superbiam,
1547 1734 1810 1791 suamque
1838 1718 2058 1774 humili-

2159 1274 2380 1336 propter
2421 1266 2781 1323 humilitatem
2822 1268 2875 1324 in
2923 1270 3160 1340 Epistula
3204 1285 3312 1335 sua.
3351 1285 3546 1326 nomen
3583 1286 3731 1327 suum

2161 1358 2348 1419 eadem
2400 1359 2610 1415 ratione
2652 1376 2758 1425 non
2802 1362 3057 1433 prmtulit.
3098 1360 3248 1418 llanc
3279 1378 3407 1434 ergo
3444 1362 3730 1434 Epistolam

2160 1449 2334 1507 fertur
2356 1450 2647 1522 Apostolus
2674 1454 2741 1509 ad
2787 1454 3042 1513 Hebrazos
3081 1458 3446 1527 conscriptam
3482 1457 3735 1514 llebraica

2162 1540 2344 1613 lingua
2374 1543 2607 1599 misisse.
2640 1543 2806 1614 Cujus
2844 1560 3063 1603 sensum
3115 1554 3169 1600 et
3207 1547 3457 1602 ordinem
3505 1547 3735 1604 retinens

2161 1632 2338 1690 Lucas
2358 1634 2712 1707 evangelista,
2730 1646 2853 1706 post
2866 1650 3149 1694 excessum
3163 1638 3310 1695 beati
3327 1638 3745 1715 Pauliapostoli,

2162 1724 2353 1784 Grzeeo
2381 1741 2635 1784 sermone
2670 1728 2994 1801 composuit.

471 1815 641 1865 tatem
669 1808 1079 1882 demonstrans,
1111 1810 1363 1867 meritum
1388 1811 1549 1877 ollicii
1576 1812 1660 1868 sui
1701 1811 1874 1868 noluit
1903 1820 2058 1875 ante-

1648 1925 1813 1997 aoe
1856 1921 2087 1981 CAPUT
2138 1918 2431 1982 rmnuu.

542 2044 595 2096 ιτ.
636 2038 691 2094 2-.
719 2037 779 2101 5.,
814 2036 1191 2108 Multifariam,
1235 2041 1288 2101 4,.
1339 2040 1634 2117 multisque
1670 2039 1845 2103 modis
1881 2037 2219 2111 factis'olim
2274 2038 2419 2095 Deus
2465 2039 2691 2109 loquens
2738 2042 2985 2112 patribus
3032 2040 3087 2095 in
3134 2039 3456 2111 prophetis,
3493 2054 3580 2109 per
3620 2055 3737 2107 prs.-

471 2130 689 2202 pltetas,
718 2136 1014 2191 novissime
1039 2136 1229 2191 diebus
1252 2136 1371 2192 istis
1391 2136 1444 2191 5.
1477 2135 1688 2191 locutus
1717 2143 1804 2192 est
1833 2136 1988 2192 nobis
2015 2136 2067 2189 6.
2096 2137 2149 2190 in
2177 2135 2345 2202 Filio,
2370 2151 2462 2204 per
2485 2133 2688 2189 Filium
2706 2176 2720 2202 ,
2751 2134 2805 2189 in
2833 2151 2894 2190 eo
2918 2176 2933 2201 ,
2960 2135 3102 2206 quod
3130 2136 3288 2189 homo
3307 2174 3321 2201 ,
3352 2147 3514 2203 quem
3541 2132 3729 2187 consti-

469 2228 576 2282 tuit
602 2227 653 2281 7.
687 2228 957 2285 bmredem
992 2230 1411 2297 universorum,
1447 2231 1584 2301 (quae
1610 2243 1734 2285 tunc
1760 2249 1853 2301 per
1875 2232 2051 2301 ipsum
2079 2232 2223 2302 facta
2261 2232 2404 2302 sunt)
2441 2246 2538 2302 per
2567 2247 2727 2300 quem
2768 2230 2895 2286 fecit
2930 2240 2983 2286 ct
3018 2216 3247 2297 saecula,
3289 2246 3579 2287 secunaum
3605 2230 3741 2300 quod

468 2322 633 2387 Deus.
656 2324 709 2380 8.
733 2324 980 2393 Quicum
1011 2328 1083 2384 sit
1104 2327 1362 2399 splendor
1382 2328 1597 2399 gloriae,
1624 2329 1928 2399 (procedens
1958 2346 1990 2383 a
2014 2327 2200 2395 Patre,
2226 2339 2281 2383 ut
2308 2329 2558 2400 splendor
2581 2347 2612 2384 a
2635 2341 2775 2395 sate,
2803 2346 2907 2386 non
2935 2340 3111 2386 tamen
3136 2331 3375 2386 diuersus
3398 2333 3490 2385 sed
3514 2329 3740 2399 eamdem

467 2421 665 2476 Itabens
698 2422 1068 2495 substantiam)
1106 2433 1161 2479 et
1198 2424 1251 2481 9.
1282 2423 1455 2494 ﬁgura
1474 2465 1489 2489 ,
1523 2426 1748 2487 ueritas,
1778 2424 2098 2480 substantia:
2136 2426 2283 2496 ejus,
2317 2433 2684 2495 portansque,
2710 2441 2923 2496 regens,
2947 2426 3131 2485 omnia
3158 2428 3328 2483 verbo
3355 2426 3579 2488 virtutis
3602 2442 3743 2498 suae,

464 2518 625 2589 jussu
653 2520 870 2590 potenti,
904 2520 989 2587 10,
1015 2521 1103 2576 11.
1132 2522 1509 2592 purgationem
1538 2532 1885 2593 peccatorum
1918 2521 2158 2588 faciens,
2192 2532 2503 2577 nontamen
2536 2531 2754 2593 portans
2781 2532 2995 2593 peccata
3015 2562 3031 2589 ,
3060 2523 3153 2580 sed
3172 2524 3444 2595 dejiciens,
3483 2523 3573 2579 12.
3596 2525 3741 2583 sedet

477 2617 548 2671 ad
594 2616 873 2679 dexteram
902 2615 1204 2686 maiestatis
1241 2618 1381 2690 (cum
1410 2618 1677 2673 dexteram
1720 2635 1810 2672 uec
1833 2619 2103 2673 sinistram
2137 2618 2276 2674 Deus
2306 2618 2519 2685 habeat,
2550 2618 2905 2690 wqualitatem
2928 2618 3043 2688 ejus
3065 2628 3114 2674 et
3140 2618 3294 2678 Filii.
3318 2620 3548 2674 dextera:
3576 2621 3734 2675 sedeat

473 2712 824 2787 appellamus)
856 2714 907 2769 in
938 2714 1203 2782 excelsis;
1240 2723 1392 2772 tanto
1413 2714 1608 2770 melior
1630 2714 1838 2785 angelis
1872 2713 2130 2781 ell‘ectus,
2171 2724 2379 2784 quanto
2408 2712 2745 2777 diderentius
2771 2728 2883 2785 pra:
2915 2713 3019 2770 illis
3042 2728 3238 2770 nomen
3261 2713 3619 2770 haereditavit.
3645 2713 3741 2775 Cui

474 2806 620 2871 enim
650 2807 786 2864 dixit
815 2807 1107 2879 aliquando
1128 2810 1440 2880 angelorum
1473 2826 1487 2864 :
1521 2810 1691 2875 Filius
1716 2826 1869 2866 meus
1891 2826 1952 2868 es
1977 2819 2065 2877 tu;
2098 2825 2198 2883 ego
2224 2812 2315 2876 l3,
2342 2810 2432 2867 14.
2466 2810 2660 2877 hodie,
2682 2811 2739 2866 in
2766 2820 3055 2881 retentum,
3083 2810 3243 2884 genui
3282 2812 3369 2869 te?
3407 2812 3570 2886 207
3596 2811 3734 2869 Nulli

1817 2947 2385 3008 COMMENTARIUS.

549 3070 702 3125 CAP.
731 3070 773 3123 1.
808 3099 878 3109 ——
920 3068 969 3121 1.
1014 3067 1213 3128 Laxrn.
1243 3065 1596 3137 Multifariam
1616 3106 1637 3133 ,λ
1664 3078 1768 3121 etc.
1797 3064 2061 3123 Conscius
2091 3070 2140 3128 Α
2164 3066 2299 3121 dabo
2323 3066 2417 3121 tibi
2443 3076 2618 3137 gentes
2635 3108 2658 3134 ,_
2677 3075 2785 3122 etc.

480 3160 876 3232 indignationis
901 3168 955 3215 et
989 3158 1201 3214 invidia:
1235 3172 1423 3213 eorum
1446 3146 1633 3213 audito
1662 3158 1880 3212 nomine
1908 3156 2058 3210 Pauli
2237 3158 2291 3213 8.
2324 3156 2428 3223 Qui
2453 3173 2571 3211 cum
2588 3157 2654 3212 sit
2680 3156 2943 3227 splendor.
2974 3154 3183 3227 Ubique
3214 3155 3445 3227 quidem.
3470 3155 3733 3230 religionis

480 3252 743 3324 apostoli,
791 3250 947 3306 solita
996 3259 1174 3305 cessat
1219 3232 1573 3314 salutatione,
1626 3247 1730 3302 etsi
1772 3248 1894 3303 ideo
1945 3250 2062 3317 ejus
2164 3247 2321 3303 nobis
2344 3255 2429 3301 est
2454 3263 2588 3318 opus
2614 3247 3210 3313 intellectus,maxime
3231 3257 3413 3303 autem
3434 3248 3738 3311 ubideDco

2166 3349 2259 3394 aut
2280 3340 2552 3411 loquimur
2575 3348 2670 3395 aut
2686 3341 2954 3396 audimus.
2983 3338 3213 3411 Oportet
3232 3350 3437 3409 autem,
3466 3341 3559 3397 ubi
3573 3357 3734 3398 sermo

2165 3432 2349 3497 deﬁcit
2404 3432 2488 3487 vel
2529 3434 2818 3503 cogitatio,
2863 3434 3171 3511 gloriﬁcare
3208 3450 3309 3490 nos
3351 3436 3555 3503 Deum,
3606 3434 3733 3506 quod

2166 3522 2326 3578 talem
2356 3524 2522 3580 Deum
2552 3527 2815 3582 habemus
2846 3528 2934 3597 qui
2963 3536 3018 3582 et
3048 3526 3381 3589 intellectum
3420 3527 3737 3586 transcendit

2166 3626 2220 3672 et
2267 3618 2614 3687 cogitationis
2653 3618 2927 3674 intuitum.
2967 3618 3161 3675 Merito
3195 3627 3376 3677 autem
3408 3618 3730 3690 Splendorem

2166 3719 2290 3760 eum
2312 3707 2475 3772 dicit,
2501 3707 2591 3776 qui
2622 3719 2707 3762 est
2725 3707 2813 3762 lux
2843 3709 3061 3772 mundi,
3086 3708 3265 3762 lumen
3292 3710 3358 3763 de
3377 3708 3598 3773 lumine,
3615 3708 3738 3766 insi-.

2164 3809 2344 3851 nuans
2380 3796 2538 3852 nobis
2567 3796 2809 3853 Patrem.
2840 3797 2946 3854 Per
2975 3799 3321 3869 splendorem
3358 3809 3540 3854 autem
3577 3805 3732 3853 umta-

2164 3896 2273 3942 tem
2298 3888 2597 3945 declaravit
2624 3891 2907 3958 essentiae,
2932 3899 2987 3947 et
3010 3891 3146 3947 duas
3175 3892 3387 3963 aperuit
3411 3906 3665 3963 personas
3682 3891 3739 3953 in,

479 3344 719 3416 Epistola
755 3343 1067 3413 denegatur,
1101 3342 1225 3411 quia
1256 3340 1371 3410 ejus
1393 3342 1614 3398 nomine
1643 3356 1748 3397 non
1786 3338 2056 3406 titulatur;

476 3436 678 3491 nullius
700 3450 840 3500 esse,
870 3434 1029 3489 simili
1056 3433 1261 3489 ratione
1286 3434 1567 3505 probatur.

550 3529 605 3589 2.
664 3526 1042 3596 Multifariam.
1098 3524 1168 3580 Ut
1230 3525 1297 3580 de
1364 3525 1631 3595 pr0pheta.
1671 3524 1755 3577 cui
1810 3524 2065 3593 prmcepit

479 3634 707 3688 uxorem
740 3617 987 3688 accipere
1016 3617 1365 3675 fornicariam
1396 3617 1543 3690 (Ose.
1569 3618 1633 3686 I).
1683 3616 1750 3672 Et
1777 3617 1842 3671 de
1862 3616 1953 3671 illo
1975 3616 2061 3671 cui

476 3713 736 3788 praecepit
770 3726 969 3782 ponere
1016 3711 1263 3772 lumbare
1298 3709 1399 3765 sub
1437 3709 1644 3780 lapide,
1683 3717 1739 3763 et
1775 3718 1904 3783 post.
1932 3723 2066 3779 qua-

482 3802 871 3875 dragintadLes
909 3800 1115 3866 visere,
1157 3800 1299 3872 quod
1320 3800 1501 3856 visens
1524 3799 1728 3853 invenit
1763 3800 1888 3868 quia
1918 3813 2066 3854 com-

479 3895 688 3967 putruit
732 3894 862 3963 (λεν.
906 3893 1048 3964 xm).
1099 3892 1167 3947 Et
1210 3892 1278 3947 de
1315 3891 1407 3948 illo
1453 3891 1539 3947 cui
1578 3892 1832 3970 praecepit
1870 3905 2063 3962 panem

480 4003 640 4045 suum
673 3998 853 4058 tegere
892 3988 1128 4047 humano
1151 3983 1309 4049 lituo;
1341 3984 1434 4039 sed
1472 3982 1599 4053 quia
1627 3998 1736 4038 non
1762 3991 1946 4053 posset
1968 3997 2066 4038 coo.
2158 3979 2338 4049 gloria
2366 3989 2422 4036 et
2447 3981 2751 4049 splendore.

478 4080 656 4145 medi,
681 4088 807 4150 post
829 4078 1087 4148 prmcepit
1109 4077 1211 4145 tegi
1241 4076 1440 4131 boviuo
1467 4076 1686 4148 (Eaeclt.
1717 4078 1815 4145 tv).
2235 4070 2291 4125 9.
2321 4067 2529 4140 Figura
2555 4071 2886 4133 substantiw.
2916 4072 3042 4129 llaec
3073 4074 3241 4147 figura
3262 4074 3593 4145 lalualitatis
3613 4087 3733 4145 price

556 4173 609 4226 5.
647 4169 1036 4238 Ηυηηὶίανὶηηι,
1085 4168 1136 4221 id
1163 4175 1276 4233 est,
1305 4167 1595 4237 aliquando
1635 4184 1927 4238 prospcra,
1966 4170 2065 4226 ali-
2166 4161 2641 4230 bet'judicium,et
2663 4164 2889 4235 ﬁgurant
2907 4166 3038 4227 dicit
3059 4156 3465 4235 quodaliqloco
3484 4165 3725 4221 formam:

486 4261 706 4331 quando
737 4258 964 4313 adversa
996 4258 1323 4328 praedicens,
1361 4258 1650 4327 aliquando
1678 4260 2064 4330 prophetarum
2169 4251 2272 4320 Qui
2300 4268 2419 4307 ειυη
2444 4253 2497 4306 in
2522 4252 2695 4323 [ονηια
2722 4253 2821 4309 Dei
2848 4266 3002 4310 euel-

483 4350 709 4417 verbis,
730 4355 786 4405 et
812 4346 1100 4417 aliquando
1127 4361 1314 4404 eorum
1346 4348 1501 4404 laetis
1537 4346 1717 4402 futura
1752 4349 2063 4404 ostendens.

2240 4344 2330 4399 10.
2385 4344 2587 4400 Lanrn.
2631 4345 3005 4418 Purgationem
3056 4350 3261 4421 Aperte
3302 4349 3393 4424 [[2,
3429 4350 3624 4421 aperit,
3662 4347 3735 4417 rel;

554 4441 610 4495 4.
638 4442 881 4495 Alienas.
910 4438 1193 4507 Multisque
1211 4439 1402 4494 modis.
1426 4438 1557 4493 Tota
1583 4440 1809 4495 intentio
1836 4439 2065 4510 B.Apo-
2098 4454 2144 4512 Β
2170 4435 2334 4507 apud]
2382 4435 2599 4492 Patrem
2637 4438 2944 4495 exhibendo
2980 4440 3401 4507 humanitatem,
3439 4457 3601 4512 quam
3648 4453 3733 4495 as-_

482 4534 608 4601 διοιὶ
627 4574 643 4602 ,
669 4534 723 4588 in
764 4531 1035 4603 Epistula,
1064 4531 1319 4590 Hebraeos
1343 4532 1410 4587 ad
1444 4532 1602 4592 [idem
1625 4532 1827 4589 Christi
1859 4547 2061 4587 convo-

484 4640 641 4689 care,
686 4621 1144 4691 eminentiamqne
1179 4623 1395 4693 gratim,
1432 4638 1552 4693 qua:
1591 4638 1687 4693 per
1714 4622 1907 4678 Filium
1938 4622 2071 4683 data,

475 4724 600 4781 est,
624 4730 659 4769 a
685 4713 946 4785 legalibus
966 4714 1273 4781 discernere
1297 4716 1494 4771 verbis.

558 4807 613 4862 5.
656 4806 859 4861 Laure.
898 4804 1129 4860 Locutus
1163 4815 1240 4861 est.
1274 4807 1422 4869 nobis
1460 4808 1515 4860 in
1554 4804 1729 4872 Filio,
1766 4815 1872 4860 etc.
1900 4806 2063 4865 Com-

484 4900 743 4977 mendato
769 4897 934 4965 Filio,
967 4901 1304 4969 contuendat
1332 4898 1539 4953 Novum
1571 4897 1972 4961 Testamentum
1995 4895 2071 4961 ab,

486 4993 606 5069 ipso
639 4991 856 5056 datum;
895 4998 949 5049 et
990 4978 1286 5059 humiliatis
1327 4989 1533 5060 angelis
1553 5030 1573 5059 ,η
1615 4989 1932 5044 humiliatur
1974 5004 2069 5057 per

486 5084 611 5143 illos
634 5083 802 5141 Vetus
833 5086 1037 5141 datum.

478 5158 481 5163 ’
563 5174 616 5229 6.
658 5173 899 5236 Annos.
944 5175 1013 5239 In
1044 5174 1219 5241 Filio,
1254 5174 1410 5245 quasi
1442 5173 1647 5229 diceret
1680 5173 2071 5241 :PchiliumJ

488 5268 632 5333 sicut
661 5268 713 5322 in
751 5269 935 5323 multis
965 5268 1099 5327 locis
1127 5266 1489 5337 Epistolarum
1516 5266 1787 5321 invenitur
1811 5268 2075 5339 praeposie

490 5358 726 5415 tionibus
747 5358 1119 5415 indifferenter
1146 5358 1247 5421 uti.
1947 5348 1951 5353 ’

470 5478 471 5483 η
559 5450 613 5505 7.
646 5449 954 5515 Haredem,
982 5452 1085 5517 hoc
1118 5459 1203 5505 est
1223 5448 1508 5504 Dominum
1541 5449 1704 5504 lotius
1722 5450 1942 5515 mundi,
1968 5464 2067 5505 nec

489 5540 600 5618 jam
625 5540 802 5610 portio
824 5539 1037 5597 Domini
1071 5549 1277 5594 tantum
1301 5538 1469 5594 Jacob
1485 5580 1499 5605 ,
1524 5550 1577 5595 et
1600 5555 1715 5596 sors
1738 5539 1852 5610 ejus
1871 5540 2033 5601 lsrael
2049 5583 2065 5608 ,

492 5634 585 5693 sed
608 5632 749 5691 sicut
778 5632 831 5688 in
858 5630 1064 5703 psalmo
1088 5632 1152 5689 de
1180 5647 1245 5689 eo
1274 5632 1509 5707 legitur:
1545 5629 1760 5693 Postulo
1798 5653 1828 5689 α
1867 5650 1980 5702 me,
2020 5645 2065 5690 et

2170 4527 2403 4596 sumpsit
2428 4540 2528 4597 pro
2554 4528 2729 4584 nobis.

2242 4618 2328 4677 11.
2348 4620 2584 4685 Attenes.
2607 4618 2996 4695 Purgationem.
3018 4623 3100 4678 Ad
3114 4623 3337 4679 humilia
3362 4621 3738 4687 incarnationis.

2160 4712 2471 4780 descendit,
2500 4712 2686 4781 dicens
2717 4728 2731 4767 :
2763 4714 3142 4787 Purgationem
3173 4727 3517 4787 peccatorum
3548 4715 3728 4772 faciens

2166 4819 2269 4875 per
2295 4805 2618 4875 passionem.
3194 4796 3198 4802 ’

2246 4896 2330 4949 12.
2358 4896 2533 4951 Sedet.
2559 4898 2635 4954 De
2663 4901 3057 4956 resurrectione
3086 4911 3141 4956 ct
3163 4904 3482 4959 ascensione
3506 4903 3617 4974 ejus
3640 4911 3731 4954 nos.

2172 4988 2407 5042 instruit.
2437 4988 2541 5056 Per
2564 4990 2841 5057 dexteram
2871 5003 3050 5059 autem
3084 4996 3508 5065 magnitudinem
3529 4994 3725 5059 demon-

2174 5081 2369 5153 stravit
2392 5080 2631 5137 honoris.

2250 5173 2339 5239 15.
2379 5173 2582 5243 Laur-zu.
2623 5173 2738 5246 Ego
2760 5177 2944 5244 hodie,
2978 5177 3031 5233 id
3063 5187 3178 5244 est,
3205 5179 3258 5237 in
3292 5180 3395 5235 hac
3422 5178 3725 5235 aeternitate.

2178 5282 2280 5324 nec
2304 5268 2497 5338 melius
2524 5270 2699 5339 potuit
2733 5271 2966 5342 exprimi
3004 5273 3281 5345 aeternitas
3317 5287 3438 5344 qua:
3472 5269 3728 5329 continuae

2176 5361 2332 5415 verit.
3280 5388 3281 5391 η

2250 5452 2335 5509 ll.
2374 5452 2486 5524 Ego
2506 5453 2660 5510 hodie
2683 5455 2838 5525 genui
2866 5465 2942 5521 te,
2974 5465 3081 5512 etc.
3106 5456 3377 5513 Probatur
3410 5454 3573 5513 Filius
3597 5464 3723 5510 esse;

2177 5560 2301 5600 nam
2343 5547 2455 5616 ipse
2482 5558 2567 5601 est
2596 5547 2780 5617 Pater,
2812 5549 2936 5618 quia
2976 5548 3091 5620 ipse
3121 5550 3283 5619 dicit,
3312 5548 3465 5622 quod.
3494 5554 3575 5605 est
3599 5563 3610 5600 :
3636 5539 3727 5606 Ero

2176 5638 2257 5692 illi
2286 5638 2336 5692 in
2362 5635 2598 5706 Patrem,
2627 5648 2673 5696 et
2698 5639 2806 5710 ipse
2829 5639 2957 5710 erit,
2981 5650 3097 5712 etc.
3349 5626 3355 5631 ’
3488 5646 3491 5649 ’
