3864 6300
132 304 218 361 577
843 301 910 357 ΙΝ
935 304 998 361 D.
1036 302 1241 360 PAULI
1280 304 1497 362 EPiST.
1539 304 1973 364 COMMENT.—
2008 303 2226 360 EPIST.
2269 305 2360 358 AD
2400 305 2598 361 HEBR.
3249 311 3356 368 578

133 429 300 486 itaque.
346 415 412 470 Et
463 430 710 482 rursum,
777 417 863 472 cui
897 415 1214 489 Angeiorum
1264 421 1399 475 dixit
1435 436 1453 474 :
1494 421 1609 492 Ego
1647 436 1741 475 cro
1785 419 1859 474 illi
1901 419 1953 474 in
1993 417 2246 487 Patrem,
2303 427 2358 476 et
2418 420 2532 488 ipse
2578 419 2685 474 erit
2735 420 2865 476 mihi
2919 421 2972 475 in
3021 420 3253 477 Filium?
3280 424 3372 481 15.

135 508 189 562 Et
222 521 334 562 cum
369 505 570 562 iterum
602 505 764 564 Pater
801 507 887 561 16.
936 509 1262 577 introducit,
1313 511 1644 566 introducere
1684 511 1945 581 disponit,
1999 511 2052 564 id
2094 520 2203 576 est,
2248 509 2547 574 incarnari,
2604 509 3027 583 PrimOgenitum
3077 514 3131 570 in
3181 516 3370 572 orbem

136 609 301 663 terra,
348 597 478 652 dicit
530 614 547 652 δ
586 598 669 652 17.
715 598 785 653 Ει
829 598 1058 654 adorent
1102 615 1227 655 eum
1271 617 1462 656 omnes
1497 602 1670 672 angeli
1714 602 1830 656 Dei.
1887 601 1953 656 Et
1994 601 2080 657 l8.
2123 601 2190 655 ad
2245 601 2486 671 angelos,
2545 602 2609 654 de
2651 605 2870 673 angelis,
2921 605 3139 674 quidem
3181 607 3313 663 dicit
3353 626 3367 662 :

132 691 218 757 Qui
243 690 364 746 facit
385 689 610 761 angelos
632 691 778 759 (dum
806 702 926 746 sunt
950 693 1116 763 missi)
1142 709 1293 761 suos,
1323 695 1570 764 spiritus,
1597 703 1651 750 et
1688 695 1965 750 ministros
2004 709 2148 757 suos,
2181 694 2328 765 (dum
2365 694 2616 747 assistunt
2639 693 2770 765 Deo)
2795 693 3063 749 ﬂammam
3089 697 3248 766 ignis.
3288 700 3371 753 Ad

132 780 295 834 Filium
335 788 540 843 autem,
565 797 658 850 per
682 785 1008 852 prophetam,
1039 786 1126 852 i9,
1151 786 1260 841 20:
1297 786 1551 843 Thronus
1581 797 1706 844 tuus
1752 789 1912 853 Deus,
1947 787 2088 852 Fili,
2130 787 2183 842 in
2221 787 2480 844 saeculum
2511 787 2725 852 sa'culi;
2760 788 2911 859 virga
2951 790 3242 860 aequitatis.
3274 793 3368 846 2l.

130 879 255 952 virga
279 877 424 950 regni
466 879 568 937 tui.
603 879 689 932 22.
723 881 966 937 Dilexisti
999 883 1288 953 justitiam,
1317 895 1370 940 et
1410 887 1572 941 odisti
1607 885 1947 955 iniquitatem
1983 886 2127 953 (item
2166 885 2377 955 dignior
2415 893 2525 948 est,
2567 882 2692 954 quia
2725 880 2921 951 majori
2954 882 3092 936 dono
3141 881 3371 954 Spiritus

130 971 270 1032 sancti
298 979 479 1024 unctus
508 980 604 1035 est,
633 989 788 1042 quant
818 971 911 1025 alii
940 974 1140 1038 sancti;
1182 992 1301 1028 nam
1331 973 1604 1046 Scriptura
1648 975 1799 1044 dicit)
1828 990 1841 1028 :
1878 974 1967 1028 25.
2004 974 2297 1044 Propterea
2327 974 2482 1028 unxit
2514 982 2584 1038 to,
2612 989 2642 1026 ο
2669 972 2829 1034 Deus,
2862 973 3008 1027 Deus
3039 985 3164 1028 tuus
3189 1014 3204 1038 ,
3250 973 3372 1029 oleo

130 1060 493 1129 exsultatiouis,
525 1063 792 1131 spirituali
814 1064 1006 1133 gratia,
1037 1082 1155 1135 qua:
1182 1065 1440 1132 lecti/Scal,
1478 1081 1588 1136 prae
1613 1066 1700 1120 24.
1733 1067 2084 1136 participibus
2115 1067 2239 1131 tuis,
2268 1065 2384 1135 plus
2409 1065 2529 1118 aliis
2552 1063 2746 1117 sanctis
2779 1076 2796 1113 :
2822 1062 2911 1127 Et,
2941 1072 2997 1117 tu
3027 1061 3137 1116 Fili
3166 1063 3286 1129 25.,
3317 1065 3371 1120 in

129 1151 362 1223 principio
403 1153 492 1218 (ne
531 1153 792 1207 rideretur
826 1157 1114 1225 posterior;
1155 1156 1231 1211 rel
1263 1168 1318 1211 tu
1356 1156 1521 1212 Pater
1547 1160 1601 1213 in
1633 1156 1807 1224 Filio,
1859 1159 1949 1229 qui
1976 1168 2050 1213 est
2097 1155 2443 1228 principium)
2473 1155 2722 1220 Domine,
2771 1163 2974 1208 terram
3025 1154 3283 1217 fundasti.
3317 1164 3376 1210 et

130 1258 268 1314 opera
305 1259 564 1298 manuum
599 1255 837 1313 tuarum,
870 1245 1023 1312 Filii,
1049 1250 1139 1320 qui
1161 1259 1241 1304 est
1270 1267 1457 1304 manus
1492 1249 1692 1315 Patris,
1721 1251 1800 1306 vel
1825 1251 1893 1304 ad
1918 1251 2170 1316 litteram,
2200 1259 2325 1305 sunt
2351 1248 2495 1303 coeli.
2529 1246 2618 1301 26.
2653 1245 2755 1316 lpsi
2786 1246 3060 1314 peribunt,
3089 1246 3378 1299 mutabun-

131 1347 216 1400 tur,
243 1343 290 1388 tu
322 1344 499 1391 autem
527 1337 896 1405 permanebis,
927 1347 982 1392 et
1019 1352 1209 1392 omnes
1233 1346 1292 1390 ut
1315 1339 1695 1394 vestimentum
1721 1349 2066 1395 veterascent
2089 1381 2102 1406 ,
2150 1348 2205 1394 et
2231 1338 2378 1393 velut
2412 1338 2670 1391 amictum
2703 1335 2938 1388 mutabis
2961 1351 3075 1399 eos,
3114 1346 3170 1390 et
3196 1344 3373 1390 muta-

130 1425 330 1491 buntur;
363 1434 415 1479 tu
446 1436 633 1480 autem
663 1427 804 1482 idem
831 1428 944 1497 ipse
974 1441 1054 1494 es,
1081 1439 1134 1483 et
1163 1428 1290 1482 anni
1318 1427 1392 1482 tui
1420 1443 1528 1484 non
1557 1428 1833 1484 deﬁcient.
1864 1427 2021 1499 (Item
2051 1428 2234 1498 probat
2273 1428 2394 1498 quia
2423 1426 2632 1495 dignior
2655 1437 2754 1490 est,
2788 1435 2842 1478 ut
2865 1428 3069 1497 supra.)
3100 1426 3179 1480 Ad
3209 1441 3369 1496 quem

132 1525 283 1569 autem
313 1515 626 1586 angelorum
658 1517 793 1572 dixit
820 1518 1112 1587 aliquando
1151 1535 1164 1572 :
1200 1517 1338 1573 Sede
1364 1533 1393 1572 a
1425 1519 1636 1574 dextris
1665 1519 1830 1582 meis,
1868 1518 1958 1572 27.
1983 1518 2335 1588 quoadusque
2377 1530 2573 1586 ponam
2623 1515 2872 1570 inimicos
2913 1525 3033 1570 tuos
3077 1515 3371 1572 scabellum

129 1605 295 1673 pedum
344 1608 599 1661 tuorum?
629 1607 718 1661 28.
767 1606 958 1664 Nonne
998 1623 1186 1663 omnes
1229 1616 1357 1663 sunt
1393 1609 1481 1664 29.
1533 1608 1984 1664 administrator-ii
2022 1607 2267 1679 Spiritus,
2298 1606 2351 1660 in
2393 1603 2752 1660 ministerium
2802 1606 2954 1660 missi
3005 1615 3228 1678 prepter
3253 1621 3369 1672 eos,

131 1696 297 1766 ﬁdeles,
317 1700 406 1770 qui
440 1700 816 1756 hereditatem
846 1698 1067 1770 capiunt
1095 1697 1324 1754 salutis?

1499 1788 1665 1859 203
1700 1787 1928 1843 CAPUT
1964 1786 2029 1842 ιι.

187 1879 230 1932 1.
268 1880 551 1954 Propterea
589 1883 642 1936 2.
673 1881 1038 1941 abundantius
1083 1888 1298 1950 oportet
1345 1879 1638 1936 observare
1686 1896 1784 1936 nos
1823 1896 1884 1936 ea
1919 1897 2039 1950 qua:
2065 1879 2393 1934 audivimus.
2438 1879 2579 1949 Ergo
2618 1880 2745 1949 quia
2794 1881 3005 1950 dignior
3033 1879 3258 1951 angelis,
3290 1880 3372 1932 di-

130 1974 252 2044 gnius
271 1985 337 2027 est
366 1987 707 2045 prtrceptum,
734 1993 892 2047 quam
924 1987 1068 2031 vetus
1094 1976 1276 2029 datum
1313 1993 1407 2045 per
1435 1975 1667 2046 angelos,
1709 1986 1757 2030 et
1801 1977 1924 2047 quia
1963 1976 2174 2044 dignius
2200 1983 2300 2039 est,
2338 1984 2534 2043 Oportet
2568 1991 2660 2026 nos
2694 1973 2826 2026 illud
2856 1991 3082 2039 seri-are,
3130 1987 3197 2027 ne
3227 1972 3371 2028 forte

132 2062 176 2118 5.
200 2063 583 2133 perellluamus,
609 2082 982 2120 evanescamus
1005 2081 1157 2134 opere
1185 2066 1240 2119 in
1270 2065 1394 2134 ﬁde.
1430 2063 1486 2120 Si
1517 2065 1663 2119 enim
1704 2064 1796 2133 qui
1830 2080 1926 2133 per
1970 2063 2189 2132 angelos
2213 2062 2392 2116 dictus
2432 2070 2511 2116 cst
2554 2061 2607 2114 4.
2641 2067 2693 2120 5.
2729 2083 2929 2132 sermo,
2966 2069 3141 2122 factus
3169 2075 3253 2120 est
3281 2066 3372 2119 ﬁr-

131 2168 242 2218 mus,
270 2165 318 2209 et
346 2157 522 2210 omnis
551 2158 954 2226 praevaricatio,
979 2166 1033 2211 et
1066 2155 1433 2210 inobedientia
1466 2156 1647 2210 veteris
1690 2155 1816 2225 legis
1844 2155 2053 2224 accepit
2081 2153 2285 2221 justam
2326 2154 2590 2207 mercedis
2638 2158 3072 2223 retributionem,
3101 2158 3370 2226 quomodo

133 2242 411 2311 nullatenus,
442 2260 544 2300 nos
571 2245 911 2316 effugiemus,
943 2247 987 2300 si
1036 2255 1241 2300 tantam
1274 2245 1326 2300 6.
1360 2245 1759 2314 neglexerimus
1791 2245 2057 2310 salutem,
2096 2242 2231 2297 Novi
2268 2243 2584 2298 Testamenti
2623 2245 2842 2313 scilicet,
2869 2264 2972 2301 non
3016 2257 3218 2300 tantum
3253 2261 3374 2298 scr-7

1443 2334 2011 2390 COMMENTARIUS.

185 2427 261 2481 15.
283 2427 345 2482 Et
379 2445 494 2483 cum
520 2431 736 2486 iterum.
765 2428 910 2485 Ordo
935 2446 948 2483 :
980 2437 1035 2483 et
1059 2443 1182 2484 cum
1231 2426 1542 2491 introducit,
1568 2436 1672 2482 etc.
1703 2431 1748 2485 A
1775 2427 1877 2480 Pe‘r
1905 2427 2066 2494 pedes
2106 2425 2315 2478 Domini
2345 2425 2614 2480 stabilitas
2640 2434 2841 2478 aeterna
2875 2424 3236 2494 signiﬁcatur,
3262 2424 3357 2479 ubi

132 2520 292 2582 lterum
327 2524 454 2579 dicit
1783 2529 2036 2588 tanquam
2092 2519 2332 2588 vestigiis
2392 2520 2640 2590 positus,
2696 2519 3104 2588 omnipotentiae
3161 2521 3366 2573 virtute

189 2613 260 2669 16.
301 2615 600 2672 lntroducit
633 2614 1068 2688 Primogenitunt,
1102 2625 1210 2671 etc.
1255 2614 1385 2668 item
1420 2612 1680 2684 probatur
1778 2611 2058 2675 consistit;
2094 2611 2178 2665 his
2225 2612 2452 2681 pedibus
2503 2620 2713 2665 constat
2744 2627 2866 2665 esse
2911 2611 3221 2665 subdcndos
3251 2612 3368 2679 qui,

135 2706 232 2773 quia
259 2708 456 2778 dignior
484 2719 576 2764 est
620 2709 854 2780 angelis,
890 2725 1012 2762 nam
1062 2707 1320 2762 adoralur
1365 2705 1432 2759 ab
1480 2703 1591 2771 eisj;
1622 2709 1678 2756 et
1776 2702 1922 2756 vitiis
1967 2700 2280 2768 derelictis,
2320 2702 2437 2772 ejus
2483 2703 2957 2773 praedicationibus
3012 2702 3362 2757 inclinantur.

136 2797 278 2852 cumis
321 2799 410 2868 qui
444 2800 710 2855 adorator
757 2801 966 2868 dignior
1009 2807 1094 2852 est
1149 2798 1428 2851 adorante.
1474 2791 1676 2848 Deinde
1777 2793 1957 2848 Donec
1980 2808 2108 2848 vero
2130 2810 2234 2848 non
2263 2794 2353 2849 hic
2376 2795 2536 2850 linem
2569 2795 2844 2866 temporis,
2879 2794 2974 2851 sed
3005 2795 3368 2849 aeternitatem

137 2887 266 2941 etiam
285 2891 538 2960 probatur
565 2894 711 2962 ipsos
733 2907 854 2947 esse
878 2892 1231 2962 indigniores,
1253 2889 1344 2960 qui
1367 2887 1676 2944 ministrant
1778 2882 2132 2938 demonstrat.

136 2977 193 3051 ei,
228 2989 273 3035 et
315 2983 409 3038 hoc
459 2986 527 3039 ab
589 2985 941 3044 auctoritate,
973 2983 1117 3051 quod
1161 2990 1242 3036 est
1267 2999 1279 3034 :
1306 2978 1374 3032 Et
1413 2980 1482 3032 ad
1515 2994 1676 3049 angc-
1847 2976 1936 3032 28.
1981 2975 2170 3032 Nonne
2201 2994 2398 3033 omnes.
2442 2978 2614 3034 Filius
2666 2979 2815 3035 solus
2856 2978 3057 3044 salvat;
3091 2978 3178 3032 isti
3205 2979 3366 3034 saluti

137 3075 224 3134 los.
253 3084 366 3140 etc.,
386 3086 439 3132 et
475 3095 488 3131 :
531 3076 640 3141 Qui
666 3077 792 3146 facit
814 3074 1045 3145 angelos,
1071 3084 1177 3129 etc.
1777 3069 2279 3138 praedestinatorum
2302 3070 2643 3136 deserviunt;
2677 3087 2800 3125 nam
2845 3070 3096 3141 angelum
3143 3071 3211 3124 ad
3254 3069 3367 3124 Μα-

182 3165 264 3234 17.
307 3166 370 3221 Et
405 3168 648 3222 adorent.
682 3165 1024 3220 lncarnatum
1059 3165 1290 3220 Verbum
1322 3162 1550 3220 adorare
1579 3162 1676 3216 ad-
1780 3159 1912 3211 riam
1942 3157 2168 3229 legimus
2196 3159 2448 3221 missum;
2479 3162 2786 3230 pastoribus
2827 3164 2990 3216 etiam
3035 3171 3089 3216 et
3120 3161 3364 3215 mulieri-

138 3259 348 3314 monendi
376 3268 532 3314 erant
560 3258 769 3328 angeli;
815 3257 868 3311 in
899 3258 1013 3327 ipsa
1042 3256 1324 3311 divinitate
1351 3254 1677 3309 admonitio—
1775 3250 1876 3306 bus
1905 3253 1956 3306 in
1989 3254 2383 3309 resurrectione
2408 3255 2582 3325 angeli
2615 3265 3004 3326 apparuerunt.

137 3349 204 3405 nis
230 3365 317 3404 non
347 3351 679 3419 indigebant.
1845 3341 1934 3395 29.
1962 3340 2162 3395 LANFR.
2182 3341 2636 3399 Administratorii
2659 3346 2892 3415 spiritus.
2914 3345 3147 3399 ProLato
3173 3344 3368 3400 Filium

195 3441 266 3496 l8.
286 3443 359 3496 Ad
383 3444 618 3514 angelos.
665 3440 809 3498 Ordo
847 3461 860 3495 :
892 3441 980 3511 qui
1009 3439 1387 3510 facitspiritus
1413 3452 1541 3492 suos
1579 3451 1676 3490 an-
1778 3449 1896 3488 esse
1936 3434 2256 3503 digniorem,
2311 3436 2503 3505 probat
2543 3453 2757 3506 quoque
2793 3437 3012 3507 angelos
3059 3453 3180 3490 esse
3231 3437 3369 3490 indi-

139 3529 270 3598 gclns,
294 3543 342 3588 et
369 3533 641 3588 ﬂammam
668 3533 806 3603 ignis
827 3548 954 3587 suos
989 3532 1287 3588 ministros.
1778 3524 2026 3592 gniores;
2055 3534 2181 3579 sunt
2209 3525 2350 3578 enim
2398 3525 2446 3579 ei
2477 3535 2531 3579 et
2560 3526 2868 3578 hominibus
2909 3526 3366 3579 administramus.

192 3621 491 3678 l9.Thronus
518 3634 645 3676 tuus
668 3623 972 3679 Deuthem
995 3624 1256 3694 probatur
1277 3619 1524 3690 dignior;
1550 3633 1674 3673 nam
1847 3614 1999 3671 CAP.
2029 3615 2183 3669 ll.—
2209 3616 2258 3669 1.
2293 3615 2492 3670 Lssrn.
2525 3613 2830 3683 Propterea.
2863 3613 2997 3680 Quia
3028 3624 3231 3669 tantam
3273 3631 3370 3669 cu-

142 3709 344 3780 thronus,
377 3716 424 3769 id
450 3726 561 3780 est,
593 3715 750 3770 sedes
789 3716 907 3784 ejus
940 3723 996 3770 et
1043 3722 1316 3782 sceptrum
1346 3711 1463 3781 ejus
1491 3718 1675 3764 manet
1780 3722 1895 3761 ram
1925 3706 2116 3760 habuit
2141 3715 2196 3761 et
2233 3706 2393 3761 habet
2422 3706 2595 3770 Deus,
2628 3715 2685 3758 ut
2735 3714 2790 3759 et
2820 3705 3012 3760 Filium
3059 3720 3217 3758 suum
3268 3721 3367 3775 pro

142 3802 183 3861 in
206 3816 466 3875 aeternum;
503 3808 652 3878 quod
683 3822 790 3861 non
824 3816 908 3862 est
934 3805 1270 3876 angelorum.
1705 3801 1751 3859 Β
1779 3798 1938 3852 nobis
1962 3797 2463 3863 feceritincarnari,
2486 3797 2777 3868 ctangelos
2792 3796 2984 3852 suosin
3008 3795 3366 3853 ministerium

194 3892 268 3946 20.
311 3896 539 3953 Aunnos.
586 3896 987 3951 Thr-onustum.
1023 3895 1273 3950 Thronus
1309 3893 1401 3948 Dei
1442 3889 1677 3960 adjudi-
1778 3899 2022 3944 nostrum
2053 3889 2293 3960 quotidie
2335 3890 2546 3945 invitet.

143 3981 256 4038 cium
283 3987 501 4054 pertinet
539 3986 814 4052 futurum;
847 3986 901 4040 in
927 3985 1183 4041 saeculum
1212 3983 1391 4038 szeculi
1423 3984 1520 4048 ait,
1550 3982 1673 4052 quia
1849 3979 1904 4033 2.
1944 3979 2185 4034 Aunnos.
2218 3979 2607 4033 Abundantius.
2646 3977 2762 4034 lloc
2815 3988 2900 4034 est
2937 3978 3165 4050 amplius
3204 3996 3366 4050 quam

142 4073 446 4132 novissimum
471 4078 738 4148 judicium
784 4088 986 4133 teterna
1026 4077 1350 4133 discretione
1380 4075 1565 4131 stabit.
1778 4071 1831 4128 in
1864 4072 1982 4142 lege
2011 4072 2319 4127 solebamus
2345 4072 2555 4127 audire.

195 4164 270 4264 2';
306 4165 450 4240 Virga
481 4171 649 4264 Τεέζηίο
691 4169 1409 4264 “3‘32”"ﬂiiuroriiu'fiq‘35‘
1453 4167 1672 4232 ί¹¹νῘ⁰¹³ο
1848 4187 1901 4240 5.
1930 4187 2130 4241 LANFR.
2163 4185 2246 4242 Ne
2289 4188 2424 4258 [orte
2462 4189 2842 4259 pereﬂlumnus.
2883 4187 2960 4242 Ne
2986 4185 3138 4256 pejus
3177 4186 3370 4254 punia-

140 4258 337 4328 tequitas,
363 4260 700 4319 rectissima.
759 4259 1064 4315 inﬂexibilis
1109 4258 1415 4328 disciplina.

1802 4297 1918 4346 nur,
1956 4281 2075 4335 ideo
2106 4281 2248 4350 quod
2289 4280 2639 4350 cognovimus
2665 4319 2679 4342 ,
2721 4289 2906 4333 notum
2939 4278 3362 4348 postposnimns.

193 4346 270 4405 22.
294 4350 550 4407 Dilexisti.
578 4353 692 4423 lpsa
719 4361 801 4408 est
827 4354 974 4424 virga
1007 4361 1153 4408 recta
1172 4392 1187 4418 ,
1237 4366 1420 4406 amare
1451 4352 1675 4422 :equita-

1802 4374 1900 4439 l’el,
1944 4373 2068 4443 quia
2089 4373 2202 4442 jam
2230 4387 2295 4427 ex
2334 4383 2489 4442 parte
2521 4371 2844 4436 decidimus,
2888 4386 2954 4426 ne
2981 4387 3047 4426 ex
3077 4381 3190 4426 toto
3219 4369 3368 4424 deci-

145 4444 248 4506 tem,
274 4445 437 4501 odisse
467 4445 832 4516 iniquitatem.
1774 4465 1986 4522 damus.

197 4531 271 4587 23.
300 4532 600 4609 Propterea.
633 4537 839 4593 Unctus
876 4536 1122 4593 Christus
1161 4547 1216 4592 et
1262 4551 1443 4606 regem
1472 4535 1678 4606 signiti-

145 4635 214 4679 cat
239 4636 286 4681 et
311 4630 682 4697 sacerdotem;
723 4631 817 4686 sed
857 4629 948 4685 illa
994 4638 1186 4685 natura
1219 4636 1415 4684 unctus
1453 4628 1673 4696 dicitur,

147 4728 228 4782 qua
262 4731 405 4779 natus
443 4735 500 4780 et
547 4740 770 4795 passus;
801 4724 944 4794 quod
983 4723 1113 4778 dicit
1144 4724 1315 4787 Deus,
1347 4722 1674 4792 praeconium

147 4818 316 4878 magiae
334 4813 634 4872 dilectionis
654 4816 921 4870 ostendit.
949 4815 1136 4871 Oleum
1182 4814 1382 4870 lzetitite
1407 4824 1492 4870 est
1515 4855 1530 4878 ,
1554 4831 1673 4885 pec-

148 4898 232 4955 εθιί
263 4906 512 4962 maculam
541 4923 646 4962 non
693 4909 923 4972 habere;
959 4908 1098 4963 unde
1143 4908 1478 4963 conscientia
1526 4908 1680 4962 exhi-

1850 4582 1902 4636 ι.
1929 4579 2112 4636 Sermo
2141 4580 2331 4651 factus.
2367 4580 2579 4636 Veteris
2623 4579 2958 4635 Testamenti
3006 4580 3176 4649 legem
3207 4580 3364 4646 dicit,

1779 4693 1897 4747 quae
1921 4693 2019 4748 per
2037 4675 2256 4748 angelos
2280 4677 2402 4730 data
2432 4686 2516 4732 est
2552 4675 2741 4746 Moysi.
2771 4674 2884 4730 Non
2912 4674 3055 4730 enim
3094 4675 3236 4728 Deus
3267 4690 3373 4742 per

1779 4769 2050 4841 propriam
2073 4769 2430 4824 substantiam
2459 4768 2801 4838 loquebatur,
2829 4767 2921 4821 sed
2950 4765 3127 4837 angeli
3157 4766 3207 4818 in
3241 4779 3372 4836 ρον-ι

1777 4879 1906 4918 sona
1937 4862 2052 4918 Dei.

149 4983 333 5059 laratlr,
365 4997 574 5066 quando
610 4997 758 5053 nulla
788 4997 1098 5066 asperitatis
1130 4995 1507 5054 recordatione
1529 5013 1675 5054 ωσι..
1850 4977 1903 5030 5.
1937 4975 2118 5030 Sermo
2167 4986 2336 5068 jactus
2383 4985 2456 5029 est
2487 4975 2688 5068 ﬁrmus.
2730 4972 2954 5044 Oportet
2980 4987 3100 5068 _nos
3144 4981 3370 5068 scrvare

148 5073 292 5142 detur.
380 5063 398 5066 _
854 5063 865 5066 ’
1782 5081 2084 5123 sermonem
2141 5065 2292 5134 ejus;
2346 5082 2470 5120 nam
2529 5066 2716 5122 ﬁrmus
2771 5073 2854 5119 est
2904 5063 3162 5145 :_ﬁrmus
3217 5063 3369 5115 enim

204 5168 280 5225 21.
306 5173 663 5251 Participibus.
696 5178 846 5233 Filiis
867 5177 1143 5233 hominum
1169 5177 1322 5232 dicit.

1802 5161 1954 5214 actus
1995 5168 2079 5213 est
2117 5174 2297 5213 sermo
2345 5152 2504 5211 datus
2557 5172 2653 5226 per
2693 5155 2934 5225 angelos.
2990 5150 3215 5220 Oportet
3269 5162 3371 5200 nos

202 5261 276 5319 εδ,
310 5267 372 5324 ιη
403 5237 652 5342 ρτελείρεο
671 5313 686 5337 ν
741 5271 978 5325 Domine.
1024 5270 1152 5326 post
1193 5271 1546 5326 humanitatis
1581 5286 1676 5326 ex-
1706 5237 1748 5252 u
1782 5268 2021 5316 servare,
2044 5262 2118 5317 et,
2145 5250 2315 5305 sinon
2342 5244 2756 5309 servaverimus,
2782 5245 3096 5342 punientur;
3123 5254 3246 5293 nam
3273 5237 3369 5338 qui

153 5331 446 5430 cellentiam',
497 5331 689 5420 ile'runt
744 5364 811 5418 ad
859 5364 1214 5420 alernjlalem
1438 5378 1496 5419 se
1544 5379 1674 5419 con-
1764 5337 1887 5400 VHOII
1926 5351 2280 5400 servaverunt
2331 5342 2498 5411 legem
2529 5341 2730 5405 datam,
2783 5353 2879 5408 per
2927 5331 3142 5402 angelos
3191 5331 3368 5400 plllllfl

152 5447 301 5505 vertit.
1780 5435 2020 5494 fuerunt.

208 5533 682 5614 26.1psiperibunt.
715 5548 949 5602 Pereunt
982 5548 1049 5603 ab
1091 5563 1156 5604 eo
1184 5547 1325 5618 quod
1366 5554 1511 5612 sunt,
1549 5546 1672 5602 dum
1852 5551 1904 5605 6.
1952 5549 2189 5602 Ansnos.
2225 5544 2639 5615 Neglexerimus.
2683 5538 2782 5592 l‘er
2814 5538 2912 5592 hoc
2941 5533 3210 5605 signiﬁcat
3234 5528 3366 5600 quia

156 5621 462 5691 immutantur
489 5640 540 5695 in
571 5641 781 5695 melius.
1785 5658 1889 5696 non
1939 5649 2053 5694 erat
2106 5648 2253 5693 tanta
2304 5635 2449 5690 salus
2500 5633 2550 5686 in
2605 5630 2782 5686 Veteri
2843 5627 3220 5691 Testamento;
3271 5620 3364 5678 illa

211 5715 284 5772 27.
318 5722 489 5804 Quoad
511 5747 667 5811 usque
696 5730 812 5808 [al.,
841 5732 1024 5806 donec)
1051 5749 1240 5802 ponam
1281 5731 1516 5786 inimicos
1541 5742 1675 5785 tuos.
1787 5734 1928 5796 enim
1962 5730 2291 5806 temporalis,
2330 5728 2438 5784 lucc
2479 5730 2755 5796 perpetua.
