3938 6288
516 288 642 343 379.
1503 282 1565 341 Β.
1599 279 1992 340 LANFRANCI
2031 280 2380 344 CANTUAR.
2419 280 2738 340 ARCHIEP.
3036 318 3043 325 ο
3639 284 3735 342 380

508 400 748 467 mouent?
768 400 818 457 7.
843 397 972 468 Quae
990 398 1135 456 salus
1163 412 1285 455 cum
1317 396 1528 453 initium
1550 397 1851 467 accepisset
1876 394 2211 467 (humilitatis
2237 397 2408 467 gratia
2439 396 2566 449 dicit
2600 396 2657 450 in
2692 392 2859 461 nobis,
2883 410 2986 451 non
3015 402 3070 449 ut
3109 394 3164 449 in
3199 393 3312 466 ipso
3334 393 3748 465 conﬁrmaretur,‘

506 488 709 543 dixerat
742 487 877 545 enim
903 506 1006 546 non
1031 489 1095 543 ab
1131 486 1500 557 eisaecepisse)
1533 486 1906 556 enarrariper
1946 483 2239 540 Dominum
2274 482 2542 541 Christum
2573 483 2640 539 ab
2668 484 2768 550 eis,
2798 483 3069 550 apostolis,
3105 483 3195 554 qui
3219 483 3524 549 audierunt,
3562 485 3615 540 in
3648 500 3762 542 nos.

507 578 826 637 confirmata
867 587 973 645 est,
1011 587 1351 635 contestante
1390 579 1519 644 Deo,
1543 558 1892 632 testimonium
1919 576 2216 644 perhibente
2245 575 2515 629 verborum
2544 574 2734 643 signis,
2751 586 2805 629 et
2828 572 3112 646 portentis,
3153 580 3209 627 et
3247 572 3417 627 variis
3442 571 3747 641 virtutibus,

506 675 561 721 et
586 666 1033 737 Spirilus'sancti
1056 671 1410 740 spiritualium
1458 670 1752 742 gratiarum
1803 666 2277 722 distributionibus
2302 666 2485 721 divisis
2529 665 2829 722 secundum
2868 677 3026 719 suam
3067 664 3423 733 voluntatem.
3452 664 3567 721 Non
3603 668 3763 722 enimi

506 762 561 814 8.
592 761 798 830 angelis
825 761 1057 833 subjecit
1092 763 1235 819 Deus
1264 764 1316 819 9.
1354 763 1540 818 orbem
1592 769 1754 816 terrae
1799 758 2063 825 futurum,
2104 759 2171 814 de
2213 774 2320 829 quo
2346 759 2636 828 loquimur.
2684 758 2971 829 (Probatur
2997 759 3122 824 quia
3163 758 3395 829 dignior,
3430 760 3551 829 quia
3595 759 3761 815 Pater.

504 852 728 923 subjecit
756 854 803 909 ei
831 855 1005 911 orbem
1033 865 1209 921 terra,
1240 871 1362 919 nam
1392 856 1587 920 omnia,
1616 854 1739 925 quia
1778 851 2066 907 Psalmista
2105 852 2256 917 dicit,
2284 851 2424 923 quod
2469 862 2686 907 testatus
2714 862 2792 906 est
2814 892 2830 918 ,
2879 850 3010 923 etc.)
3036 852 3123 907 10.
3157 851 3409 925 Testatus
3451 860 3549 917 est,
3575 861 3757 908 autem.

505 942 560 998 in
590 942 825 1015 quodam
855 946 972 1003 loco
1000 946 1142 1016 quis,
1179 947 1256 1003 vel
1294 949 1358 1001 de
1384 962 1485 1017 quo
1532 946 1796 1015 loquimur
1829 954 2050 998 testatus
2073 952 2147 997 est
2176 943 2414 1013 quidam,
2446 942 2634 998 dicens
2682 960 2695 997 :
2729 942 2869 1011 Quid
2898 951 2981 996 est
3022 942 3185 998 homo
3205 984 3222 1007 ,
3273 944 3418 1014 quod
3466 958 3667 999 memor
3688 959 3742 1000 es
3770 1002 3774 1007 ,

506 1036 643 1106 ejus,
676 1047 771 1107 aut
802 1040 884 1094 11.
918 1041 1059 1096 ﬁlius
1082 1039 1338 1103 hominis,
1360 1021 1616 1108 quoniam
1641 1036 1830 1091 visitas
1853 1027 2013 1090 eum?
2037 1034 2278 1091 Minuisti
2302 1049 2425 1089 eum
2450 1034 2609 1105 paulo
2628 1035 2805 1090 minus
2833 1035 2999 1090 l2.ab
3020 1036 3254 1107 angelis;
3283 1036 3457 1106 gloria
3479 1045 3532 1090 et
3554 1036 3763 1090 honore.

505 1130 781 1186 coronasti
812 1142 1029 1196 eum,et
1054 1130 1376 1188 constituisti
1404 1144 1526 1184 eum
1558 1127 1756 1197 (omnia
1785 1128 1832 1182 ei
1853 1127 2091 1196 subjecta
2115 1135 2258 1193 sunt,
2279 1125 2402 1195 quia
2432 1127 2540 1194 ipse
2562 1141 2719 1195 super
2748 1127 2923 1180 omnia
2945 1127 3252 1181 constitutus
3287 1127 3386 1195 est)
3408 1142 3570 1197 super
3595 1140 3746 1196 opera

509 1231 769 1275 manuum
822 1230 1053 1277 tuarum.
1106 1223 1297 1279 Omnia
1348 1222 1621 1293 subjecisti
1661 1224 1761 1277 sub
1810 1223 2037 1291 pedibus
2084 1219 2221 1290 ejus.
2267 1220 2323 1275 In
2353 1235 2419 1275 eo
2463 1219 2615 1275 enim
2647 1218 2846 1288 (omnia
2891 1218 3128 1287 subjecit,
3160 1236 3282 1273 nam
3325 1218 3456 1274 nihil
3476 1220 3688 1281 dimisit,
3715 1235 3745 1273 a

506 1309 795 1363 contrario)
825 1312 965 1380 quod
996 1312 1173 1366 omnia
1227 1314 1274 1368 ei
1325 1312 1589 1383 subjecit,
1644 1311 1778 1367 nihil
1816 1311 2024 1367 dimisit
2057 1326 2163 1367 non
2213 1309 2515 1379 subjectum
2558 1319 2607 1364 et
2632 1310 2707 1363 ita
2743 1309 2914 1364 orbem
2952 1310 3168 1380 subjecit
3213 1310 3286 1365 ei.
3319 1308 3585 1365 Probatur
3621 1311 3747 1381 quod

507 1392 673 1464 209
719 1396 888 1463 dixit,
920 1399 1156 1470 futurum
1195 1412 1269 1457 est
1318 1403 1382 1455 de
1431 1418 1532 1474 quo
1579 1400 1861 1473 loquimur.
1908 1400 2059 1455 Nune
2105 1408 2284 1455 autem
2332 1400 2560 1456 necdum
2604 1400 2849 1455 videmus
2893 1402 3137 1471 praesenti
3176 1400 3527 1471 speculatione
3549 1400 3744 1459 ..omuia

507 1482 748 1551 subjecta
791 1488 862 1542 ei.
902 1490 986 1544 15.
1043 1491 1174 1545 Eum
1216 1501 1414 1556 autem,
1447 1492 1538 1565 qui
1585 1492 1795 1546 modico
1844 1505 2007 1561 quam
2047 1489 2221 1561 angeli
2271 1490 2571 1546 minoratus
2613 1499 2733 1557 est,
2760 1491 3005 1546 videmus
3048 1490 3249 1556 Jesum,
3291 1501 3511 1563 propter
3560 1491 3746 1561 passio-

508 1590 631 1631 nem
663 1578 751 1645 M,
784 1580 872 1635 15.
908 1584 1129 1648 mortis,
1162 1584 1331 1655 gloria
1366 1584 1682 1656 resurgendo
1714 1591 1771 1637 et
1806 1582 2008 1639 honore
2036 1591 2353 1636 coronatum
2377 1623 2391 1647 ,
2433 1583 2519 1637 16.
2569 1593 2628 1637 ιιι
2671 1583 2845 1651 gratia
2882 1582 2998 1647 Dei,
3035 1583 3090 1636 id
3124 1590 3220 1646 est,
3262 1582 3368 1653 ipse
3398 1581 3655 1645 Christus,
3682 1582 3748 1635 rel

506 1683 600 1737 per
626 1672 880 1740 gratiam,
916 1674 1001 1729 17.
1035 1690 1130 1745 pro
1165 1677 1414 1731 omnibus
1447 1684 1690 1746 gustaret
1720 1686 1981 1738 mortem,
2021 1676 2227 1744 proprie
2262 1676 2507 1745 gustarit.
2539 1674 2625 1730 18.
2659 1675 2894 1730 Deeebat
2921 1676 3065 1731 enim
3110 1690 3257 1739 eum,
3299 1672 3510 1729 Patrem
3549 1683 3747 1745 propter

507 1776 666 1831 quem
692 1765 895 1831 omnia,
924 1784 1018 1837 pro
1059 1770 1211 1838 cujus
1241 1768 1395 1823 laude
1436 1776 1491 1824 et
1514 1782 1610 1839 per
1636 1782 1796 1837 quem
1825 1766 2002 1822 omnia
2033 1764 2196 1835 facta,
2233 1766 2325 1835 qui
2358 1765 2555 1821 multos
2599 1765 2736 1821 ﬁlios
2777 1766 2828 1820 in
2860 1766 3089 1837 gloriam
3127 1779 3222 1832 per
3261 1762 3747 1832 prwdestinationem

506 1853 829 1923 adduxerat,
854 1867 1127 1915 auctorem
1157 1860 1420 1915 Christum
1451 1860 1643 1916 salutis
1670 1874 1857 1915 eorum
1894 1873 1990 1928 per
2015 1857 2322 1929 passionem
2351 1873 2750 1913 consummare.
2782 1857 2881 1925 Qui
2918 1857 3061 1911 enim
3101 1855 3406 1911 sanctiﬁcat
3429 1852 3682 1918 Christus,
3703 1862 3750 1906 et

509 1946 601 2013 qui
627 1949 1038 2006 sanctiﬁcantur
1064 1953 1317 2019 homines,
1346 1952 1432 2017 19,
1458 1952 1548 2006 20.
1585 1968 1651 2006 ex
1682 1966 1790 2006 uno
1825 1950 1983 2005 Patre
2012 1964 2219 2005 omnes.
2242 1949 2470 2020 Propter
2489 1965 2652 2022 quam
2681 1965 2922 2015 causam,
2948 1951 3075 2021 quia
3102 1949 3167 2003 ab
3198 1963 3301 2002 uno
3330 1954 3471 2010 sunt,
3506 1961 3610 2000 non
3633 1960 3748 2000 con-

508 2036 774 2103 fluiditun
795 2042 1072 2108 erubescit,
1101 2044 1190 2099 2|.
1217 2045 1415 2099 fratres
1443 2060 1537 2100 eos
1558 2059 1774 2103 vocare.
1800 2043 1987 2098 dicens
2018 2060 2030 2095 :
2058 2040 2327 2096 Nuntiabo
2357 2056 2553 2097 nomen
2586 2052 2735 2098 tuum
2758 2042 3020 2099 fratribus
3047 2042 3211 2107 meis;
3234 2041 3289 2095 in
3317 2040 3494 2095 medio
3519 2038 3752 2094 Ecclesiae

509 2125 743 2184 laudabo
783 2137 856 2184 te.
904 2130 975 2185 Et
1012 2130 1209 2185 iterum
1246 2132 1550 2202 (probatur,
1595 2133 1719 2201 quia
1759 2132 1822 2184 ab
1866 2148 1925 2184 eo
1964 2131 2173 2201 pendet)
2201 2131 2272 2184 2-2
2317 2149 2330 2184 :
2367 2132 2479 2203 Ego
2523 2149 2618 2187 ero
2658 2134 2827 2189 ﬁdens
2872 2134 2923 2188 in
2952 2148 3099 2188 eum.
3143 2132 3208 2187 Et
3251 2132 3447 2186 iterum
3497 2131 3635 2200 (quia
3661 2131 3752 2200 ipse

505 2218 799 2289 episcopus,
824 2230 872 2274 et
891 2221 994 2275 sibi
1015 2221 1213 2276 subditi
1232 2223 1453 2293 pendent
1481 2222 1719 2283 abillo):
1744 2222 1884 2277 Ecce
1914 2236 2036 2291 ego,
2060 2221 2152 2283 25,
2180 2222 2270 2276 24.
2301 2232 2354 2276 et
2383 2224 2537 2293 pueri
2561 2225 2689 2291 mei,
2718 2240 2853 2295 quos
2880 2225 3026 2279 dedit
3051 2224 3183 2285 mihi
3212 2223 3376 2278 Deus.
3399 2221 3489 2288 25,
3524 2220 3612 2275 26.
3636 2219 3760 2288 Quia

1857 2311 2427 2368 COMMENTARIUS.

574 2404 628 2459 7.
655 2402 858 2459 Lassa.
900 2404 1031 2471 Qua:
1059 2421 1177 2460 cum
1225 2404 1455 2461 initium.
1504 2403 1716 2459 Diceret
1757 2404 1879 2473 quis
1910 2420 1923 2455 :
1951 2403 2084 2469 Quis
2112 2404 2364 2461 AGloria
2410 2416 2699 2464 comnotus
2748 2417 2831 2464 est
2884 2410 2938 2464 in
2985 2407 3419 2474 resurrectione;
3466 2405 3666 2460 honore
3701 2404 3751 2460 in

506 2496 666 2553 nobis
710 2497 1051 2553 annuntiavit
1094 2497 1240 2553 illam
1281 2496 1547 2553 salutem?
1579 2496 1927 2567 Respondet:
1960 2493 2090 2561 Quae

504 2608 626 2647 cum
650 2592 880 2659 initium,
905 2598 1010 2647 etc.
1722 2668 1725 2669 ν

576 2687 632 2742 8.
662 2685 894 2753 Angelis.
935 2685 1128 2740 Adhuc
1163 2684 1404 2755 persistit
1432 2684 1482 2738 in
1512 2683 1722 2747 eodem,
1747 2680 1931 2736 volens
1968 2694 2094 2750 pro-

504 2776 638 2831 bare
676 2774 1015 2831 dill‘erentius
1043 2790 1153 2847 prae
1195 2774 1405 2845 angelis
1430 2773 1708 2830 Christum
1752 2772 1957 2826 habere
1994 2785 2094 2824 no-

508 2880 657 2921 men.

580 2951 635 3006 9.
651 2951 862 3007 Orbem.
892 2952 1089 3008 Orbem
1114 2962 1272 3009 terra:
1293 2954 1381 3007 hic
1410 2951 1663 3023 intelligit
1683 2950 2092 3005 universitatem

511 3043 692 3098 omnis
717 3054 980 3099 creatura:
1015 3046 1066 3099 in
1088 3044 1269 3101 futuro
1290 3045 1514 3111 saeculo;
1546 3046 1612 3099 de
1651 3060 1756 3115 qua
1794 3052 1937 3099 terra
1960 3042 2093 3098 alias

510 3132 710 3188 dicitur
728 3148 748 3201 ,ε
782 3132 964 3189 Portio
985 3153 1099 3190 mea
1124 3136 1180 3191 in
1208 3147 1345 3192 terra
1376 3137 1673 3191 virentium.

582 3224 671 3279 10.
722 3224 958 3282 Alanos.
1017 3227 1254 3283 Testatus
1282 3239 1380 3285 est.
1430 3228 1541 3285 Cur
1581 3243 1775 3283 nomen
1818 3228 2095 3299 propheta:

509 3330 617 3371 non
647 3318 862 3388 posuit?
886 3319 1152 3377 Existimo
1187 3336 1295 3376 non
1338 3323 1721 3377 abscondentis
1752 3321 1969 3387 allectu,
1999 3322 2091 3375 sed

514 3409 853 3466 ostendentis
883 3410 1105 3466 multam
1129 3426 1223 3467 eos
1249 3412 1450 3468 habere
1472 3412 1756 3468 scientiam
1779 3412 2091 3483 Scriptura-

510 3513 650 3553 rum.

580 3589 669 3643 11.
715 3588 891 3646 Filius
939 3593 1183 3651 hominis.
1237 3592 1494 3651 Visitavit
1542 3610 1665 3651 cum
1700 3592 1924 3649 Verbum
1966 3610 2089 3647 caro

509 3680 708 3750 factum
747 3690 855 3746 est,
890 3694 938 3737 et
978 3684 1226 3740 habitavit
1265 3687 1321 3740 in
1352 3687 1495 3741 nobis
1527 3686 1717 3756 (Joan.
1747 3687 1821 3754 ι).
1848 3686 1982 3739 Nam
2009 3685 2089 3738 vi-‘

2195 2498 2536 2571 confessione
2563 2509 2803 2570 paternae
2825 2500 3143 2570 majestatis.
3194 2557 3202 2562 _

2267 2589 2355 2643 17.
2404 2589 2605 2646 Laure.
2657 2592 2765 2647 Pro
2808 2593 3046 2648 omnibus
3092 2600 3324 2663 gustaret
3369 2589 3756 2647 mortem..ldeo

2195 2682 2462 2750 gustavit,
2492 2699 2612 2739 nam
2641 2685 2887 2741 decebat.
2916 2684 3151 2740 Decebat
3178 2685 3368 2749 Deum,
3399 2691 3453 2737 et
3484 2680 3653 2752 potuit
3673 2695 3755 2750 per.

2195 2773 2469 2829 Christum
2510 2790 2910 2842 consummare,
2963 2777 3017 2831 id
3064 2785 3187 2842 est,
3234 2776 3446 2831 salvare
3490 2789 3620 2836 nos,
3647 2772 3757 2841 quia

2195 2865 2442 2922 Christus
2498 2876 2553 2921 et
2600 2881 2702 2923 nos
2754 2868 2823 2921 ab
2877 2866 2969 2922 illo
3023 2881 3241 2932 sumus,
3298 2865 3443 2936 quod
3489 2872 3620 2919 est:
3667 2861 3755 2927 Qui

2194 2957 2356 3021 enim,
2381 2965 2489 3011 etc.

2269 3052 2355 3106 18.
2396 3049 2639 3105 Deeebat.
2668 3049 2903 3104 Deeebat
2929 3049 3096 3113 enim,
3122 3047 3318 3118 inquit,
3363 3047 3534 3101 Deum
3560 3044 3758 3100 Patrem

2193 3149 2255 3195 ut
2307 3155 2403 3209 per
2443 3151 2671 3195 mortem
2720 3147 3123 3195 consummaret
3175 3137 3455 3193 Christum
3501 3144 3754 3190 auctorem

2194 3230 2384 3286 salutis
2420 3229 2690 3285 humanae.
2737 3228 2848 3283 Cur
2877 3228 3057 3295 autem
3080 3229 3345 3291 decuerit,
3374 3226 3560 3282 multis
3593 3225 3752 3289 causfs

2193 3324 2604 3395 praztermissis,
2636 3324 2771 3377 duas
2799 3323 2960 3395 paulo
2990 3331 3112 3393 post
3141 3321 3271 3375 dicit
3299 3340 3314 3375 :
3344 3318 3409 3387 Ut
3445 3336 3537 3388 per
3564 3327 3753 3378 mortem

2193 3417 2478 3469 destrueret
2502 3432 2619 3470 eum
2647 3398 2737 3485 qui
2766 3415 2985 3469 habebat
3018 3414 3202 3468 mortis
3226 3413 3565 3484 principium,
3599 3409 3647 3464 id
3670 3415 3753 3471 est,

2194 3506 2496 3572 diabolum;
2524 3517 2570 3561 et
2602 3506 2866 3570 liberaret,
2894 3513 3002 3561 etc.

2264 3598 2353 3653 19.
2394 3595 2478 3651 Ex
2502 3614 2605 3652 uno
2641 3613 2837 3664 omnes,
2870 3596 2925 3652 id
2950 3603 3069 3664 est,
3096 3610 3164 3652 ex
3194 3595 3356 3651 unius
3383 3593 3561 3649 Patris
3594 3591 3754 3659 dispo-

2192 3687 2387 3744 sitione
2414 3689 2669 3758 pendent.

510 3769 681 3825 sitare
719 3770 935 3841 dicitur,
982 3775 1196 3843 quando
1234 3774 1475 3830 medicus
1514 3750 1579 3831 ad
1627 3750 1869 3831 inﬁrmos
1912 3775 2087 3845 ingre—
2118 3750 2161 3808 Β
2264 3776 2355 3831 20.
2389 3750 2625 3833 Ᾰιιιιιιοδ.
2663 3778 2750 3833 Ea:
2774 3795 2878 3833 uno
2911 3794 3107 3834 omnes.
3141 3773 3293 3833 Unus
3322 3775 3469 3839 enim
3498 3784 3580 3831 est
3613 3774 3751 3833 Deus,

512 3860 676 3917 ditur.

587 3952 674 4010 12.
698 3953 775 4007 Ab
798 3956 1017 4027 angelis.
1048 3957 1193 4015 Bene
1212 3966 1391 4014 autem
1421 3959 1557 4014 dixit
1585 3977 1600 4013 :
1627 3957 1785 4029 paulo
1825 3958 1997 4012 minus
2026 3957 2090 4011 ab

513 4043 738 4113 angelis,
773 4046 897 4114 quia
943 4047 1045 4102 etsi
1077 4063 1276 4119 corpus
1317 4048 1545 4104 mortale
1572 4049 1880 4119 assumpsit,
1911 4057 2090 4104 tamen

513 4143 793 4203 peccatum
820 4152 926 4192 non
957 4138 1166 4195 habuit.
1404 4210 1405 4213 η
1573 4204 1577 4209 ,

584 4227 672 4282 13.
714 4228 915 4284 Lassa.
944 4228 1083 4285 Eum
1114 4243 1308 4289 autem.
1334 4233 1517 4291 Ordo:
1550 4250 1671 4291 eum
1696 4244 1874 4291 autem
1908 4234 2093 4292 Jcsum

513 4320 608 4389 qui
636 4322 846 4378 modico
877 4339 1038 4393 quam
1065 4327 1270 4396 angelis
1300 4327 1598 4400 minoratus
1624 4340 1706 4384 est
1734 4339 1954 4399 propter
1972 4345 2094 4400 pas-

520 4411 729 4466 sionem
758 4414 974 4479 mortis,
1008 4425 1068 4470 ut
1097 4419 1271 4487 gratia
1308 4417 1401 4473 Dei
1440 4436 1538 4489 pro
1566 4420 1816 4475 omnibus
1852 4428 2095 4491 gustaret

521 4511 787 4568 mortem,
814 4506 1060 4562 videmus
1099 4508 1267 4578 gloria
1311 4520 1365 4564 et
1409 4512 1611 4565 honore
1655 4521 2002 4579 coronatura;
2042 4521 2096 4567 et

519 4602 604 4649 est
654 4594 1008 4666 hyperbaton,
1062 4598 1114 4653 id
1147 4610 1251 4666 est,
1294 4603 1427 4657 ordo
1464 4602 1746 4672 confusus,
1787 4620 1890 4675 qua
1928 4608 2095 4677 ﬁgura

519 4686 860 4757 frequentius
886 4693 1057 4748 utitur
1082 4694 1135 4751 in
1161 4695 1395 4766 Epistula
1432 4698 1549 4754 hac.
1648 4682 1651 4685 ἰ

597 4777 684 4832 14.
730 4779 937 4837 Mortis.
970 4781 1133 4849 Quasi
1161 4786 1354 4855 aliquis
1377 4787 1578 4842 diceret
1610 4803 1625 4841 :
1655 4789 1737 4843 An
1762 4790 1903 4846 Deus
1942 4789 2101 4847 Pater

528 4870 690 4923 morti
727 4873 945 4928 tradidit
973 4874 1169 4930 Filium
1201 4891 1359 4931 suum
1388 4878 1411 4930 ?
1437 4877 1512 4932 lta
1535 4918 1549 4944 ,
1583 4877 1793 4950 inquit:
1829 4882 1933 4947 Qui
1964 4883 2100 4936 enim

515 4964 836 5033 sancti/ient,
867 4977 915 5021 et
934 4969 1044 5039 qui,
1076 4978 1182 5026 etc.

596 5053 686 5109 15.
727 5054 937 5123 Mortis,
968 5057 1164 5129 gloria,
1198 5060 1254 5118 id
1279 5072 1378 5128 est,
1411 5065 1601 5121 mortis
1631 5066 1700 5121 ila
1731 5078 2012 5140 susceptae,
2042 5077 2103 5125 ut

2194 3884 2223 3925 a
2254 3885 2362 3939 quo
2394 3870 2602 3939 omnia;
2631 3873 2725 3927 sed
2771 3870 2860 3925 ille
2902 3870 3080 3935 aliter,
3109 3867 3267 3924 aliter
3306 3882 3441 3933 nos;
3479 3866 3589 3933 ille,
3620 3862 3753 3934 quasi

2193 3962 2443 4033 proprius
2469 3962 2666 4029 Filius;
2697 3978 2816 4030 nos,
2849 3962 3109 4033 adoptivi.

2265 4055 2357 4108 21.
2394 4052 2613 4109 Fratres
2650 4071 2758 4109 eos.
2791 4056 2848 4109 In
2880 4070 2946 4110 eo
2974 4054 3117 4124 quod
3150 4052 3284 4109 dicit
3311 4072 3323 4107 :
3364 4052 3481 4108 Non
3510 4046 3755 4107 erubescit

2196 4146 2395 4203 fratres
2428 4162 2648 4213 vocare,
2685 4148 2922 4203 ostendit
2972 4162 3078 4202 non
3126 4153 3336 4201 natura:
3375 4161 3496 4202 esse
3532 4140 3759 4199 fraterni-

2200 4248 2363 4293 tatem
2400 4247 2663 4306 nostram,
2694 4239 2789 4294 sed
2820 4238 3202 4322 misericordia:
3230 4238 3347 4308 ejus
3373 4244 3429 4292 et
3459 4230 3755 4291 humilitatis
3798 4281 3803 4291 _

2196 4331 2396 4386 multte.
3260 4388 3261 4391 η

2266 4420 2357 4475 ΞΞ.
2398 4420 2510 4491 Ego
2532 4437 2639 4475 ero.
2667 4420 2743 4475 De
2771 4429 3024 4491 suscepto
3053 4419 3271 4476 homine
3301 4420 3405 4475 boc
3440 4426 3523 4475 est
3551 4418 3752 4472 dictum.

2271 4514 2362 4569 25.
2397 4512 2462 4567 Et
2490 4514 2638 4583 pueri
2663 4514 2784 4567 mei.
2811 4512 3016 4568 Pueros
3039 4520 3259 4583 propter
3290 4509 3645 4579 innocentiam
3677 4518 3756 4559 no—

2204 4608 2449 4671 minavit,
2479 4607 2545 4663 de
2575 4606 2770 4676 quibus
2794 4607 2870 4660 ait
2900 4608 3153 4660 Dominus
3180 4605 3233 4659 in
3260 4601 3587 4673 Evangelia:
3616 4597 3756 4654 Sinite

2201 4700 2446 4772 parvulos
2466 4700 2636 4754 venire
2662 4699 2729 4752 ad
2758 4714 2841 4752 me
2874 4696 3067 4763 (Marc.
3102 4696 3179 4768 ι).

2274 4792 2364 4846 24.
2402 4791 2608 4846 Lassa.
2650 4787 2834 4844 Pueri.
2876 4787 3080 4844 Pueros
3108 4797 3268 4843 vocat
3304 4786 3513 4850 ﬁdeles,
3549 4784 3678 4840 sicut
3714 4777 3757 4839 in

2207 4881 2543 4950 Evangelio:
2601 4879 2784 4945 Pueri,
2837 4879 3071 4949 nunquid
3119 4877 3522 4948 pulmentarium
3545 4863 3761 4929 habetis?

2210 4974 2391 5049 (Joan.
2420 4974 2560 5045 xxi.)
2592 4974 2657 5030 Et
2683 4971 2817 5028 alias
2843 4990 2856 5027 :
2883 4971 3004 5026 Nisi
3041 4968 3332 5040 eﬁiciamini
3367 4967 3502 5042 sicut
3534 4978 3654 5034 puer
3679 4960 3758 5011 iste

2211 5068 2362 5141 (Luc.
2397 5067 2577 5137 xviii).
2624 5064 2699 5121 Et
2736 5063 3073 5135 Apostolus:
3119 5059 3329 5115 Malitia
3374 5056 3578 5130 parvuli
3620 5058 3756 5107 estote

528 5160 630 5215 pro
679 5149 854 5205 salute
894 5151 1171 5206 heminum
1208 5164 1450 5226 gu53aret
1490 5168 1739 5225 mortem,
1774 5160 1875 5216 hoc
1904 5170 1987 5215 est
2014 5161 2104 5217 cui
2130 5120 2173 5180 Ο
2206 5158 2263 5233 (Ι
2284 5158 2407 5214 Cor.
2441 5157 2577 5227 xiv).
3431 5199 3435 5204 .

520 5237 770 5313 jungitur
799 5261 813 5298 :
841 5242 912 5299 Ut
929 5246 1102 5316 gratia
1126 5245 1224 5301 Dei
1243 5265 1335 5318 pro
1358 5250 1595 5304 omnibus
1613 5260 1842 5321 gustaret
1865 5262 2101 5318 mortem,

530 5332 769 5405 alioquin
802 5337 904 5393 nisi
944 5348 1188 5411 gustaret
1220 5356 1319 5412 pro
1351 5344 1593 5401 omnium
1637 5345 1812 5401 salute
1851 5353 2104 5413 mortem,

530 5440 689 5484 cassa
718 5438 861 5486 esset
887 5441 941 5487 et
970 5432 1143 5488 irrita.

2273 5252 2364 5308 25.
2409 5250 2546 5317 Quia
2588 5264 2709 5319 ergo
2743 5244 2895 5317 pueri
2928 5245 3465 5315 communicaverunt,
3495 5247 3612 5299 ete.,
3639 5230 3757 5302 Quia

2203 5346 2426 5401 dederat
2467 5342 2627 5397 Pater
2676 5340 2925 5395 homines
2965 5338 3044 5392 illi
3084 5335 3294 5391 futuros
3331 5332 3547 5401 honori,
3582 5336 3635 5382 et
3674 5322 3752 5384 illi,

2206 5436 2371 5492 futuri
2399 5435 2503 5501 sui,
2535 5446 2699 5489 carne
2728 5440 2782 5486 et
2803 5429 3066 5501 sanguine
3090 5425 3358 5501 compacti
3382 5430 3554 5489 erant,
3581 5415 3757 5490 placuit

603 5519 693 5576 16.
730 5522 969 5579 Asianos.
1012 5523 1080 5580 Ut
1118 5534 1292 5598 gratia
1344 5527 1461 5583 Dei.
1508 5529 1681 5599 ipsum
1730 5530 1963 5600 gratiam
2004 5543 2103 5585 no-
2203 5529 2420 5586 Christo
2449 5529 2612 5583 homo
2642 5524 2780 5582 ﬁeri.

531 5617 724 5683 min‘at,
764 5621 857 5691 qui
898 5636 997 5691 pro
1047 5624 1286 5679 omnium
1338 5626 1509 5680 salute
1549 5627 1781 5696 gustavit
1830 5632 2096 5691 mortem;

528 5710 747 5783 proprie
792 5714 1047 5784 gustavit,
1083 5715 1207 5785 quia
1252 5716 1402 5773 brevi
1448 5726 1683 5789 tempore
1735 5717 1788 5774 in
1838 5716 1926 5773 illa
1979 5716 2097 5771 fuit.

2274 5618 2365 5673 ‘26.
2412 5618 2650 5671 Auenos.
2700 5613 2843 5680 Quia
2889 5628 3011 5682 ergo
3050 5610 3220 5681 pueri.
3269 5606 3340 5663 Ut
3378 5606 3599 5663 haberet
3635 5594 3754 5661 und.e

2206 5717 2449 5785 gustaret
2473 5715 2708 5765 mortem
2746 5720 2843 5771 oro
2875 5710 3163 5775 puerorum
3202 5699 3392 5759 salute.
