3864 6300
169 303 289 359 38!
923 308 991 364 ΙΝ
1033 311 1093 366 D.
1124 311 1327 369 PAULI
1364 313 1580 370 EPIST.
1623 315 1973 372 COMMENT.
2015 350 2083 358 —-
2121 320 2339 379 EPIST.
2374 322 2465 377 AD
2505 324 2707 380 HEDR.
3342 327 3479 389 589:

167 433 324 511 ergo
360 420 503 492 pueri
527 419 1066 479 communicaverunt
1092 426 1241 481 carni
1269 435 1324 483 et
1350 427 1620 497 sanguini,
1644 428 1699 481 id
1728 438 1825 493 est.
1854 440 1973 483 sunt
2001 431 2107 484 veri
2136 433 2387 498 homines,
2418 444 2471 490 et
2498 437 2611 511 ipse
2645 433 2890 491 similiter
2917 435 3257 509 participavit
3276 436 3452 509 factus

166 509 351 571 Itonia
380 527 521 567 verus
540 512 767 578 eisdem,
801 516 950 568 carni
975 519 1316 588 et‘sanguini,
1348 528 1408 573 ut
1432 533 1531 588 per
1550 530 1779 575 mortem
1811 521 2113 577 destrueret
2138 528 2287 590 eu‘m,
2331 527 2421 595 qui
2456 506 2689 581 habebat
2720 506 3240 596 mortis'imperium,
3265 506 3327 581 id
3347 506 3507 591 esti.

163 602 481 669 diabolum,
514 603 694 675 (cujus
722 605 998 675 imperium
1017 610 1392 674 ‘rnortiﬁcabatl
1421 610 1514 667 27.
1547 621 1601 667 ει
1627 611 1883 667 liberaret
1910 627 2005 668 eos
2035 614 2127 682 qui
2154 615 2245 671 28.
2274 616 2467 672 timore
2496 619 2689 673 mortis
2714 633 2810 687 per
2839 625 3004 671 totam
3043 618 3207 673 vitam
3234 619 3323 676 29.
3358 619 3455 675 ob-

164 695 343 749 noxii
372 703 533 761 erant
570 695 699 766 legis
739 697 1012 755 servituti.
1048 701 1137 765 50,
1169 702 1258 757 5i.
1287 702 1564 772 Nusquam
1607 703 1751 758 enim
1781 704 2020 773 angelos,
2063 707 2351 776 angelicam
2392 706 2658 774 naturam,
2709 709 3079 778 apprehendit,
3125 712 3219 763 seu
3250 696 3487 771 semen.

162 784 427 842 Abrahae
450 788 831 856 apprehendit,
854 790 945 844 sed
969 790 1255 846 humanam
1278 801 1544 847 naturam.
1576 792 1664 848 52.
1688 791 1842 848 Unde
1866 793 2011 863 (quia
2033 811 2205 850 semen
2231 796 2457 851 Abraha:
2483 798 2852 867 apprehendit;
2878 796 2952 850 vel
2972 797 3095 866 quia
3122 796 3452 865 participaui:

164 893 335 943 carni
368 878 725 953 “song-uini)
766 879 952 937 debuit
977 897 1073 951 per
1106 884 1288 937 omnia
1314 884 1660 954 fragilitatum
1689 884 1946 940 fratribus
1975 884 2230 953 similari,
2269 885 2360 940 55.
2399 896 2461 941 ut
2488 896 2728 957 expertus
2764 887 2818 940 in
2848 902 2901 940 se
2930 886 3154 939 hominis
3189 884 3454 941 miseriam

160 966 499 1024 misericors
523 968 699 1036 ﬁeret,
724 978 779 1025 et
805 970 978 1027 ﬁdelis
1009 973 1253 1043 pontifex
1288 976 1355 1029 ad
1381 975 1573 1042 Deum,
1599 974 1691 1033 54.
1718 983 1780 1029 ut
1806 975 2206 1046 repropitiaret,
2235 976 2571 1042 condonaret,
2594 976 2800 1031 delicta
2852 974 3052 1045 populi,
3084 974 3221 1043 quod
3254 981 3415 1042 potest
3434 992 3469 1043 ;‘

160 1058 293 1109 ideo
322 1057 571 1113 similari.
603 1059 660 1113 In
693 1075 758 1117 eo
796 1062 939 1116 enim
971 1062 1060 1129 55,
1104 1064 1197 1119 56.
1245 1065 1298 1120 in
1341 1081 1449 1136 quo
1498 1066 1779 1137 (incarne)
1808 1081 2002 1139 passus
2029 1074 2120 1123 est
2138 1068 2285 1139 ipse,
2313 1076 2367 1124 et
2393 1075 2648 1135 tentatus,
2684 1078 2875 1139 petens
2909 1075 3017 1132 est;
3051 1066 3204 1122 modo
3243 1074 3519 1138 accepta

160 1145 695 1221 incorruptibilitate,
717 1162 773 1207 et
799 1153 879 1210 eis
904 1155 997 1226 qui
1040 1163 1318 1213 tentantur
1349 1157 1621 1213 auxiliari.
1978 1156 1983 1175 τ

1641 1268 1869 1328 CAPUT
1912 1272 1998 1327 ill.

245 1370 307 1424 i.
356 1370 509 1426 Unde
529 1372 679 1442 (quia
702 1385 883 1445 potens
913 1379 1186 1452 auxiliari)
1208 1382 1263 1435 2.
1294 1382 1491 1439 fratres
1511 1387 1707 1450 sancti,
1732 1387 2032 1442 vocationis
2060 1386 2299 1443 cmlestis
2323 1385 2634 1457 participes,
2659 1385 2713 1440 5.
2743 1383 3104 1449 considerate,
3134 1383 3467 1459 cognOscile,

160 1472 453 1536 Itonorate,
483 1476 788 1543 apostolum
808 1517 823 1542 ,
856 1487 911 1534 et
938 1482 1249 1550 pontiﬁcem
1277 1485 1638 1542 confessionis
1660 1488 1786 1555 ﬁdei
1809 1496 2007 1543 nostrae
2031 1488 2239 1553 Je'sum,
2265 1487 2321 1540 4.
2344 1488 2435 1556 qui
2459 1486 2632 1541 ﬁdelis
2660 1494 2744 1540 est
2771 1480 2817 1538 ei
2836 1483 2931 1554 qui
2952 1480 3079 1536 fecit
3099 1458 3448 1549 210-211

161 1568 328 1623 illum
356 1610 373 1632 ,
406 1571 545 1626 sicut
586 1581 642 1626 et
670 1570 883 1641 Moyses
919 1573 974 1629 in
1003 1577 1151 1631 omni
1198 1578 1360 1633 domo
1398 1580 1515 1650 ejus
1558 1581 1749 1652 populo
1778 1581 2111 1637 Judazorum.
2155 1582 2210 1637 5.
2240 1580 2533 1651 Amplioris
2577 1578 2721 1636 enim
2776 1580 2961 1650 gloria:
2991 1578 3092 1632 iste
3131 1580 3243 1645 prce
3271 1570 3497 1658 Moyse

161 1664 378 1734 dignus
420 1673 505 1719 est
549 1666 1063 1743 habitus(e:cponit),
1114 1673 1166 1727 6.
1218 1682 1426 1745 quanto
1477 1677 1796 1746 ampliorem
1845 1674 2107 1733 honorem
2158 1677 2319 1732 habet
2357 1676 2583 1741 demus,
2627 1677 2718 1745 qui
2770 1673 3055 1730 fabricavit
3089 1671 3263 1735 illam,
3297 1686 3453 1740 quam
3490 1744 3495 1751 ε

158 1760 406 1814 ser-ciens
432 1760 483 1813 in
507 1776 593 1814 ea.
622 1759 814 1816 Omnis
837 1776 1071 1831 namque
1099 1763 1297 1819 domus
1323 1762 1622 1820 fabricatur
1645 1767 1713 1821 ab
1736 1767 1948 1838 aliquo;
1975 1769 2066 1838 qui
2096 1777 2275 1823 autem
2307 1768 2487 1823 omnia
2512 1769 2736 1829 creavit,
2770 1768 2912 1821 Deus
2936 1773 3020 1819 est
3064 1763 3117 1816 7.
3151 1762 3215 1814 Ει
3243 1760 3454 1831 Moyses
3490 1764 3493 1767 ’

159 1858 396 1927 quidem
422 1857 596 1913 fidelis
618 1868 738 1914 erat
770 1860 825 1914 in
858 1868 969 1915 tota
1001 1860 1164 1914 domo
1194 1858 1312 1929 ejus
1350 1871 1604 1932 tanquam
1634 1864 1891 1932 famulus,
1924 1866 1975 1920 in
2008 1856 2375 1921 testimonium
2407 1880 2597 1919 eorum
2626 1863 2848 1917 dicendo
2872 1877 2991 1932 quae
3018 1860 3245 1915 dicenda
3276 1867 3453 1922 erant;

159 1955 430 2012 Christus
456 1972 587 2011 vero
616 1966 874 2027 tanquam
905 1955 1047 2011 ﬁlius
1079 1956 1133 2010 in
1164 1958 1326 2013 domo
1350 1974 1482 2025 sua;
1518 1975 1638 2029 qure
1668 1961 1860 2015 domus
1887 1976 2073 2015 sumus
2101 1976 2217 2025 nos,
2247 1961 2299 2015 8.
2326 1959 2369 2015 si
2397 1961 2450 2015 9.
2486 1954 2773 2022 ﬁduciam,
2806 1965 2861 2013 et
2889 1954 3114 2024 gloriam
3140 1952 3252 2023 spei
3283 1966 3456 2020 usque

160 2051 229 2105 ad
260 2053 465 2115 ﬁnem.
496 2054 708 2109 ﬁrmam
738 2054 1097 2110 retineamus.
1125 2055 1211 2110 10.
1241 2055 1581 2127 Quapropter
1608 2058 1749 2113 sicut
1778 2059 1910 2113 dicit
1936 2056 2171 2129 Spiritus
2202 2065 2424 2113 sanctus
2454 2075 2466 2112 :
2509 2056 2677 2110 llodie
2704 2056 2747 2109 si
2779 2069 2965 2109 vocem
2996 2051 3113 2119 ejus
3142 2048 3447 2111 audieritis,
3498 2044 3501 2049 ’

160 2149 335 2206 nolite
372 2151 638 2208 obdurare
664 2151 828 2208 corda
875 2159 1108 2218 vestra,
1132 2151 1273 2207 sicut
1322 2152 1375 2207 in
1425 2156 1840 2211 exacerbatione
1884 2157 2269 2211 obduraverunt
2315 2165 2520 2226 patres,
2553 2152 2851 2208 secundum
2881 2150 3064 2215 diem,
3096 2149 3148 2202 in
3178 2152 3443 2217 tempere,
3490 2144 3493 2149 ’

1526 2266 2077 2350 COMMENTARIUS

231 2426 329 2479 27.
375 2424 577 2478 [ΑΜ-ιι.
632 2422 699 2477 Et
748 2423 972 2478 liberare
1015 2440 1122 2478 eos.
1173 2423 1431 2480 Homines
1474 2424 1761 2489 liberavit,

1940 2426 2029 2482 56.
2063 2425 2264 2480 ΒΑΜ-ιι.
2299 2424 2366 2480 In
2390 2416 2830 2497 quo'passus'esl.
2860 2423 3109 2479 ln‘carne
3126 2435 3318 2493 passus
3346 2431 3449 2488 est,

165 2516 312 2585 quod
342 2516 539 2586 probat
574 2529 605 2568 a
636 2514 939 2580 contrario;
977 2530 1084 2569 non
1123 2514 1267 2569 enim
1295 2513 1533 2586 angelos,
1566 2530 1689 2569 nam
1719 2514 1767 2570 si
1868 2527 1924 2573 et
1950 2525 2188 2573 tentatus
2216 2524 2317 2580 est,
2350 2525 2407 2571 et
2442 2517 2494 2570 in
2527 2531 2693 2571 carne
2722 2516 2944 2571 tentatis
2970 2512 3220 2568 auxiliari
3249 2521 3447 2581 potest.

167 2608 395 2679 angelos
451 2609 735 2676 liberaret,
778 2608 1079 2679 angelicam
1125 2618 1376 2675 naturam
1435 2617 1762 2674 assumeret,

170 2699 265 2754 sed
326 2714 602 2770 nusquam
674 2699 993 2772 angelorum
1062 2708 1311 2755 naturam
1369 2699 1764 2770 apprehendit,

171 2807 322 2861 ergo,
359 2802 469 2849 etc.

238 2885 333 2939 28.
362 2885 573 2940 Timore
594 2887 797 2946 mortis.
822 2885 1037 2942 Fideles
1066 2885 1196 2941 dicit
1218 2885 1309 2956 qui
1337 2886 1529 2941 timore
1554 2883 1766 2950 mortis,

175 2988 269 3035 seu
301 2976 576 3045 corporis,
616 2990 709 3031 seu
736 2975 960 3043 animae,
994 2991 1089 3046 per
1118 2984 1286 3031 totam
1318 2976 1480 3029 vitam
1504 2975 1767 3047 robscrva-

178 3067 309 3121 bant
339 3066 551 3137 legem;
597 3082 733 3136 quos
767 3066 1016 3121 liberavit
1043 3066 1290 3122 Christus
1316 3081 1408 3121 seu
1436 3068 1505 3121 ab
1535 3065 1767 3131 inferno,

175 3172 266 3211 seu
297 3158 367 3212 ab
392 3157 725 3228 importahili
748 3157 881 3228 jngo
911 3159 1061 3229 legis.

238 3250 330 3305 9.9.
364 3250 608 3305 Asianos.
638 3251 863 3305 Obnoxii
886 3261 1058 3305 erant.
1087 3250 1240 3307 Servi
1272 3253 1314 3307 si
1345 3252 1558 3322 quidem
1582 3263 1769 3305 omnes

181 3339 399 3396 fuerant
432 3342 645 3406 mortis,
678 3342 804 3413 quia
836 3350 1065 3397 mortem
1104 3344 1388 3398 timebant.

242 3418 335 3486 50.
389 3431 595 3486 Lmen.
649 3430 927 3503 Nusquam
973 3430 1134 3489 enim.
1188 3434 1389 3489 Prohat
1436 3422 1771 3503 superiorem
1820 3488 1823 3491 .

176 3534 429 3586 causam,
468 3524 592 3592 quia
632 3522 753 3578 ideo
799 3525 959 3579 homo
992 3523 1165 3579 factus
1201 3533 1286 3579 est
1331 3524 1472 3579 Deus
1498 3565 1513 3589 ,
1547 3535 1605 3579 ut
1634 3527 1768 3580 mori

176 3615 486 3681 potuisset,
524 3614 626 3669 nisi
664 3616 805 3669 enim
842 3632 941 3686 pro
966 3617 1199 3673 humana
1231 3616 1405 3672 salute
1434 3615 1773 3695 moridispo—

1940 2607 2092 2663 CAP.
2124 2607 2211 2663 lll.
2233 2608 2377 2661 --i.
2405 2606 2606 2662 Lsurn.
2638 2604 2791 2661 Unde
2814 2607 3027 2683 fratres,
3056 2614 3162 2662 etc.
3191 2605 3453 2675 Superius

1869 2699 2192 2754 monstravit
2219 2697 2494 2754 Christum
2526 2697 2825 2768 digniorem
2858 2696 3090 2767 angelis;
3128 2710 3273 2751 nunc
3303 2710 3455 2755 mon-

1871 2797 2011 2844 strat
2037 2789 2336 2861 digniorem
2359 2798 2415 2845 et
2441 2787 2645 2861 Moyse,
2675 2798 2734 2843 ut
2761 2786 2945 2848 Veteri
2972 2786 3180 2843 Novum
3203 2786 3458 2857 praeferat

1875 2880 2322 2938 Testamentum?
3310 2926 3313 2927 ν

2038 2973 2280 3046 Asianos.
2330 2971 2551 3027 Fratres
2601 2972 2789 3027 sancti.
2843 2969 3067 3025 Animos
3120 2983 3308 3024 eorum
3347 2967 3459 3022 vult

1869 3065 2081 3136 erigere
2104 3064 2171 3120 ad
2196 3064 2575 3122 excellentiam
2596 3062 3015 3134 promissionum
3040 3060 3154 3127 Dei,
3172 3061 3459 3117 nominans

1870 3169 1964 3213 eos
1992 3156 2194 3212 fratres
2227 3156 2577 3212 charissimos
2603 3157 2670 3212 ad
2698 3154 2939 3211 coelestia
2965 3160 3210 3208 vocatos.

1942 3248 1995 3303 5.
2028 3247 2368 3304 Considerate
2399 3248 2726 3320 Apostolum,
2760 3248 2813 3302 id
2852 3255 2957 3312 est,
2988 3243 3297 3316 cognoscite
3334 3244 3458 3313 quis

1872 3350 1954 3393 εει
1976 3335 2132 3393 Iesus
2152 3339 2405 3394 sacerdos
2426 3348 2479 3393 et
2495 3338 2688 3409 aliquis
2708 3338 2718 3411 [
2731 3338 2794 3408 {.,
2818 3334 3036 3409 ﬁdelis],
3057 3345 3233 3403 etnon
3252 3335 3458 3391 habens

1873 3424 2009 3497 opus
2038 3427 2145 3482 alia
2171 3427 2562 3484 consolatione.
2802 3414 2809 3419 ’
3495 3485 3499 3489 .

1942 3518 1998 3572 4.
2032 3516 2162 3583 Quis
2191 3519 2380 3587 ﬁdelis.
2410 3518 2620 3573 Asserit
2648 3532 2770 3573 eum
2806 3516 3041 3580 ﬁdelem,
3079 3514 3132 3569 id
3158 3522 3261 3581 est,
3292 3515 3459 3591 devo-

1876 3616 2011 3675 tum,
2045 3606 2422 3664 defendentem
2452 3623 2515 3664 ea
2541 3616 2807 3681 quassant
2834 3608 2973 3678 ejus,
3001 3621 3108 3661 non
3137 3606 3458 3677 permitten-

176 3712 347 3765 neret,
395 3717 657 3772 apparere
698 3704 883 3759 volens
929 3705 1260 3772 hominibus,
1309 3722 1414 3761 non
1464 3706 1767 3771 hominem,

1896 3713 1983 3753 ,em
2012 3698 2302 3768 corrumpi.

182 3795 270 3847 sed
306 3793 585 3865 angelum,
620 3794 673 3849 in
706 3811 811 3866 quo
842 3796 1170 3869 loqueretur,
1202 3810 1520 3861 assumeret.
1580 3860 1585 3865 ,

239 3884 331 3939 5i.
378 3886 616 3942 Asianos.
659 3885 935 3959 Nusquam
979 3890 1114 3943 enim
1159 3889 1387 3959 angelos.
1439 3880 1583 3956 Quia
1620 3878 1770 3965 dixe—

179 3985 295 4030 rat:
332 3976 595 4043 Quoniam
638 3968 789 4048 pueri
827 3982 1335 4034 communicaverunt
1374 3982 1521 4033 carni
1558 3989 1605 4034 et
1641 3997 1768 4034 san-

178 4069 345 4136 guini,
362 4077 412 4123 et
434 4068 539 4138 ipse
560 4071 799 4124 similiter
811 4070 1138 4141 participarit
1158 4071 1372 4137 eisdem,
1406 4064 1547 4137 ideo,
1573 4071 1766 4147 inquit,

186 4173 446 4229 nusquam
498 4160 709 4231 angelos
757 4161 1126 4231 apprehendit,
1176 4161 1267 4216 sed
1314 4177 1488 4216 semen
1545 4163 1770 4218 Abrahae

185 4251 549 4319 apprehendit.
607 4251 787 4317 Quare
835 4251 973 4306 dixit
1005 4252 1439 4329 apprehendit?
1486 4253 1621 4320 Quia
1672 4268 1769 4309 nos

187 4342 336 4408 quasi
366 4342 686 4397 recedentes
715 4342 782 4395 ah
810 4358 892 4406 eo,
928 4352 979 4398 et
1010 4342 1166 4413 longe
1198 4342 1462 4413 fugientes
1500 4344 1771 4400 inseetttos

187 4432 573 4502 apprehendit;
594 4442 648 4486 et
671 4433 722 4487 in
745 4449 905 4487 unam
931 4449 1221 4503 personam
1244 4444 1440 4489 nostra:
1465 4433 1772 4504 fragilitatis

184 4531 433 4577 naturam
465 4522 565 4578 sibi
592 4525 1043 4594 contemperavit.

250 4617 344 4673 52.
390 4616 541 4671 Unde
574 4617 771 4672 debuit.
814 4616 931 4674 Non
981 4619 1163 4690 itaque
1212 4618 1315 4674 alia
1355 4618 1455 4674 fuit
1489 4634 1654 4674 causa
1695 4618 1771 4676 illi

187 4723 276 4777 per
296 4710 482 4766 omnia
505 4709 768 4765 fratribus
791 4711 1101 4775 assimilari,
1129 4712 1229 4766 nisi
1258 4720 1315 4765 ut
1338 4712 1509 4766 ﬁdelis
1529 4713 1767 4783 pontifex

193 4799 241 4854 ia
266 4802 443 4862 nobis,
479 4801 791 4871 nostrisque
812 4802 1133 4871 propitiarct
1156 4801 1415 4872 peccatis.
1726 4800 1729 4803 ’

252 4891 341 4959 35.
378 4889 577 4946 Lsxra.
616 4890 938 4948 Misericors.
970 4894 1179 4949 ltevcra
1210 4910 1315 4949 non
1346 4904 1573 4950 vocatur
1605 4896 1771 4952 mise-

189 4981 355 5039 ricors
379 4985 483 5038 nisi
510 4985 705 5052 homo;
732 4986 1045 5042 misericors
1068 5002 1097 5041 a
1124 4986 1323 5043 misero
1350 4989 1514 5044 corde
1536 4988 1767 5055 dicitur;

192 5073 262 5130 sic
290 5076 352 5129 Β.
385 5074 683 5148 Gregorius
713 5079 767 5138 in
793 5078 1114 5135 Moralibus.

253 5165 345 5220 ει.
372 5164 441 5220 Ut
470 5168 849 5240 repropitiaret.
879 5169 1077 5225 Probat
1104 5169 1245 5241 quod
1268 5180 1445 5241 potest
1465 5172 1774 5228 condonare

192 5257 406 5327 delicta,
437 5257 489 5314 id
507 5269 610 5328 est,
636 5261 917 5328 auxiliari;
945 5278 1068 5317 nam
1095 5278 1191 5333 per
1214 5263 1575 5330 divinitatem,
1601 5276 1653 5322 et
1678 5280 1775 5336 per

195 5352 460 5406 carnem?
497 5351 603 5408 Per
632 5353 992 5420 divinitatem,
1034 5355 1157 5425 quia
1202 5354 1364 5410 etiam
1406 5370 1503 5425 per
1528 5370 1769 5411 carnem.

259 5444 351 5497 55.
387 5442 628 5499 Asianos.
666 5443 736 5498 In
762 5460 822 5498 eo
859 5445 914 5499 in
934 5461 1033 5515 quo
1059 5462 1242 5515 passus
1284 5455 1379 5500 est.
1408 5446 1464 5501 In
1488 5461 1574 5515 eo,
1608 5446 1659 5501 id
1689 5453 1775 5502 est

197 5528 245 5583 iu
279 5526 521 5601 homine,
572 5534 626 5589 in
675 5549 784 5605 quo
814 5549 1006 5605 passus
1043 5543 1154 5602 est,
1186 5544 1377 5605 potens
1416 5544 1499 5591 est
1540 5544 1774 5592 tentatos

198 5625 461 5697 adjuvare,
513 5643 582 5684 ne
626 5628 945 5694 vincantur,
990 5629 1116 5699 quia
1171 5629 1496 5685 tentationes
1538 5638 1770 5695 nostras,

202 5716 327 5787 sicut
354 5718 532 5789 homo,
568 5719 621 5776 in
648 5720 825 5802 seipse
851 5737 945 5793 per
983 5722 1414 5795 experimentum
1446 5722 1716 5795 cognovit.

1720 5084 1723 5087 ’
1798 5101 1845 5164 c

1944 3786 1999 3840 5.
2049 3784 2252 3840 Lassa.
2297 3784 2578 3855 Amplioris
2613 3787 2749 3841 enim
2794 3796 2900 3854 est,
2928 3797 3033 3842 etc.
3088 3787 3311 3861 Dignior
3340 3770 3455 3853 est,

1870 3891 1992 3931 nam
2025 3873 2300 3947 amplioris
2326 3874 2509 3946 glorim
2532 3884 2648 3941 est,
2674 3875 2943 3945 siquidem
2987 3883 3204 3930 creator
3245 3883 3451 3942 est,et

1872 3966 2081 4036 Moyses
2122 3976 2403 4032 creatura;
2456 3966 2637 4021 omnis
2678 3974 2896 4020 creator
2927 3964 3226 4045 amplioris
3276 3964 3458 4034 gloria:

1821 4054 1827 4061 ’
1870 4066 2139 4127 estquam
2172 4065 2458 4122 creatura;
2509 4072 2634 4111 nam
2682 4046 2961 4111 fabricans
2991 4056 3213 4133 domum
3238 4056 3459 4133 majoris

1870 4147 2093 4203 honoris
2117 4155 2200 4203 est
2226 4161 2387 4217 quam
2415 4146 2627 4201 damus.
3385 4203 3403 4223 ι’

1942 4239 1995 4293 6.
2038 4238 2248 4306 Quanto
2292 4236 2632 4307 ampliorem',
2679 4246 2788 4292 etc.
2836 4233 3039 4314 Probat
3089 4236 3215 4305 quia
3260 4236 3494 4314 debent.

1870 4316 2249 4392 considerare,
2283 4326 2337 4379 id
2380 4334 2493 4391 est,
2528 4327 2797 4380 honorare
2841 4309 3148 4387 Christum,
3179 4318 3305 4394 quia
3336 4309 3454 4390 am?-

1871 4419 2061 4488 plioris
2085 4418 2365 4489 dignitatis
2385 4426 2471 4474 est
2499 4432 2661 4489 quam
2691 4416 2936 4489 Moyses;
2970 4425 3025 4472 et
3052 4417 3157 4472 hoc
3185 4432 3219 4472 a
3255 4415 3454 4485 simili,

1872 4517 1925 4567 et
1951 4525 1981 4564 a
2011 4509 2148 4581 pari.
3396 4494 3399 4497 λ

1943 4601 1997 4656 7.
2036 4601 2107 4655 Et
2154 4600 2361 4672 Moyses
2409 4602 2639 4674 quidem.
2685 4602 2890 4659 Probat
2928 4602 3058 4679 quia
3110 4601 3327 4674 dignior
3373 4609 3457 4679 est

1872 4696 2119 4771 Christus
2165 4695 2346 4767 Moyse
2377 4713 2389 4750 :
2420 4695 2613 4751 Omnis
2661 4696 2806 4750 enim
2856 4695 3000 4752 ﬁlius
3044 4688 3261 4767 dignior
3291 4682 3374 4750 est
3400 4696 3452 4749 iu

1871 4788 2031 4844 domo
2056 4788 2228 4859 patris
2247 4829 2261 4854 ,
2290 4796 2347 4843 et
2380 4803 2506 4854 sua,
2540 4802 2700 4858 quam
2730 4785 2983 4842 famulus.

1943 4878 1996 4935 8.
2036 4878 2094 4933 Si
2115 4879 2389 4947 ﬁduciam,
2438 4879 2491 4934 id
2520 4886 2634 4943 est,
2666 4877 2825 4933 ﬁdem
2856 4885 2911 4931 et
2945 4878 3141 4932 bonam
3184 4875 3437 4957 operatio
3494 4952 3497 4953 ν
3550 4952 3559 4955 _

1874 4987 1995 5028 nem
2013 5013 2027 5038 ,
2058 4988 2154 5044 per
2179 4988 2312 5043 quas
2337 4987 2488 5042 spem
2521 4971 2805 5027 habemus.

1946 5066 1999 5121 9.
2038 5066 2099 5123 Si
2128 5066 2377 5135 ﬁduciam
2397 5076 2443 5120 et
2463 5064 2706 5135 gloriam,
2734 5073 2841 5120 etc.
2867 5063 3007 5134 Ergo
3031 5072 3091 5118 ut
3116 5060 3232 5128 ejus
3263 5060 3455 5114 domus

1876 5158 2075 5225 simus,
2108 5159 2267 5213 fidem
2298 5158 2500 5212 habere
2528 5157 2817 5222 debemus;
2870 5155 3033 5226 igitur
3060 5168 3167 5207 non
3193 5151 3455 5205 debemus

1877 5264 1999 5307 esse
2047 5247 2341 5314 increduli,
2405 5248 2549 5317 quod
2602 5255 2715 5313 est,
2772 5246 2965 5309 ridete,
3017 5243 3235 5312 fratres,
3277 5249 3456 5310 potest

1876 5345 2019 5400 enim
2052 5343 2175 5398 illuc
2203 5356 2372 5411 usque
2400 5340 2634 5410 pendere
2661 5337 2949 5393 sententia.

1949 5438 2034 5493 10.
2062 5435 2393 5508 Qaapropler’
2408 5434 2540 5488 sicut
2568 5433 2724 5495 dicit,
2751 5436 2853 5482 etc.
2880 5426 3045 5493 Quasi
3068 5424 3212 5481 dicat
3238 5438 3255 5480 :
3284 5424 3451 5493 Ergo,

1876 5530 1999 5600 quia
2042 5536 2204 5583 tantae
2250 5525 2529 5596 dignitatis
2574 5530 2658 5577 est
2716 5521 2855 5573 lator
2900 5516 3027 5571 Novi
3078 5515 3444 5579 Testamenti,

1877 5641 1981 5682 non
2016 5625 2307 5680 habeamus
2334 5636 2429 5676 cor
2458 5618 2817 5682 ohduratum,
2872 5613 2962 5668 sed
2995 5611 3136 5668 illius
3166 5607 3448 5695 praeceptis

1877 5717 2031 5795 aequi
2069 5729 2299 5773 seamus.
