3938 6288
448 331 557 387 335
1406 323 1479 378 Β-
1508 324 1894 381 LANFBA‘NCI
1938 325 2291 382 CANTUAR.
2334 326 2651 382 ARCHIEP.
3609 338 3723 397 384

451 427 769 503 tentationis
795 438 847 494 in
872 436 1117 503 deserto,
1146 438 1235 493 ubi
1269 444 1619 492 tentaverunt
1646 454 1731 494 me
1754 448 1937 510 patres
1972 439 2172 505 vestri,
2203 440 2575 510 probaverunt
2600 459 2713 510 me,
2752 451 2809 499 et
2837 443 3088 502 viderunt
3123 460 3288 518 opera
3318 463 3435 504 meo
3461 450 3593 507 sicut
3619 451 3727 508 Dei

450 534 809 607 quadraginta
856 533 1042 600 annis;
1070 542 1292 604 propter
1335 536 1478 603 quod
1502 574 1516 600 ,
1546 537 1671 605 quia
1699 544 2023 591 tenuit-erunt
2042 574 2058 600 ,
2087 535 2333 591 infensus
2379 536 2456 592 lui
2502 540 2840 609 generationi
2871 542 2999 597 huic
3018 583 3033 608 ,
3058 551 3115 597 et
3143 543 3257 598 dixi
3283 561 3298 597 :
3330 542 3573 615 Semper,
3599 566 3728 604 nam

451 637 697 694 assidue,
722 638 910 685 errant
936 629 1117 685 corde.
1147 627 1250 699 Ipsi
1274 639 1454 684 autem
1487 644 1592 683 non
1620 640 1993 699 cognoverunt
2018 632 2142 684 vias.
2161 647 2342 699 meas,
2382 646 2640 705 prwcepta
2672 654 2786 691 mea
2807 678 2824 703 ,
2857 637 3199 709 sicutjuravi
3244 640 3299 695 in
3344 641 3426 697 ira
3469 659 3585 700 mea
3615 664 3631 701 :
3664 645 3724 701 Si

449 723 816 794 (aposiopesis)
855 724 1187 789 introibunt,
1219 739 1322 777 non
1351 722 1586 777 introibit
1628 725 1938 795 quisquam,
1977 724 2027 778 in
2060 727 2302 796 requiem
2334 744 2532 784 meam.
2566 732 2787 800 Videte,
2816 735 3045 801 fratres,
3090 751 3154 790 ne
3194 736 3311 791 sitis
3334 737 3623 806 increduli,
3658 757 3728 798 ne
3789 795 3801 805 ,

448 823 592 880 forte
621 820 692 876 sit
716 820 768 876 in
799 820 982 890 aliquo
1007 832 1251 876 vestrum
1278 834 1372 875 cor
1395 820 1626 885 malum,
1666 820 2082 887 incredulitatis,
2108 824 2424 880 discedendi
2459 843 2489 882 a
2523 827 2633 883 Deo
2661 829 2814 897 vivo;
2848 831 2941 887 sed
2973 832 3339 892 adhortamini
3375 840 3731 910 vosmetipsos

447 932 548 988 per
574 918 819 989 singulos
852 918 999 983 dies,
1024 918 1195 972 donec
1228 915 1389 971 hodie
1416 916 1493 987 (in
1527 919 1775 987 prtesenti
1806 920 1930 971 dum
1962 917 2102 990 licet)
2131 923 2569 991 cognominatur,
2611 933 2669 978 ut
2718 940 2822 980 non
2870 927 3171 984 obduretur
3201 932 3333 999 quis
3355 946 3423 986 ex
3455 934 3605 989 vobis
3638 936 3728 989 11.

448 1011 662 1068 fallacia
688 1011 893 1082 peccati
926 1012 1112 1085 (causa
1143 1029 1239 1067 cur
1267 1028 1367 1065 non
1398 1012 1675 1067 debeamus
1707 1014 2007 1080 obdurari).
2037 1015 2124 1069 12.
2172 1016 2476 1089 l'articipcs
2510 1020 2653 1074 enim
2701 1020 2935 1089 Christi,
2965 1034 3021 1077 ut
3048 1025 3280 1079 membra
3307 1025 3527 1095 capitis,
3552 1025 3732 1083 ell‘ecti

428 1124 672 1176 sumus;
725 1109 813 1165 13.
861 1111 905 1165 si
960 1120 1137 1164 tamen
1185 1108 1273 1163 M.
1325 1109 1539 1163 initium
1587 1109 1905 1165 substantiae
1954 1109 2104 1179 ejus,
2143 1112 2270 1181 ﬁdei
2316 1115 2528 1183 quando
2571 1116 2937 1182 substitimus,
2985 1134 3155 1187 usque
3204 1119 3269 1173 ad
3313 1121 3474 1174 linem
3515 1119 3733 1176 ﬁrmum

454 1207 813 1263 retineamus.
858 1206 995 1262 Dum
1044 1207 1242 1263 dicitttr
1274 1225 1287 1262 :
1324 1207 1527 1281 Hodie,
1566 1208 1618 1262 in
1643 1210 1919 1279 pra’senti,
1948 1210 1992 1264 si
2028 1226 2218 1265 vocem
2267 1210 2386 1277 ejus
2429 1214 2742 1282 audieritis,
2790 1215 2955 1272 nolite
3000 1219 3270 1273 obdurare
3314 1216 3476 1272 corda
3521 1223 3731 1279 vestra,

450 1303 915 1373 quemadmodum
970 1304 1358 1359 obduraverunt
1406 1314 1577 1376 patres
1626 1306 1783 1359 uestri
1827 1306 1879 1360 in
1924 1305 2015 1362 illa
2064 1306 2501 1364 cxacerbatione.
2571 1309 2882 1380 Responsio.
2936 1312 3166 1379 Quidam
3218 1312 3365 1368 enim
3418 1310 3733 1375 audientes,

450 1399 957 1468 ssaeerbaverunt,
989 1404 1084 1457 sed
1124 1418 1232 1457 non
1261 1402 1504 1471 universi
1540 1403 1634 1473 qui
1665 1402 1895 1473 proiecti
1940 1412 2067 1458 sunt
2111 1404 2179 1459 ab
2221 1404 2456 1475 Egyptn
2483 1422 2579 1476 per
2620 1406 2863 1480 Moysen.
2896 1410 3105 1477 Quibus
3152 1418 3337 1463 autem
3383 1405 3624 1461 infensus
3652 1418 3735 1463 est

454 1497 817 1571 quadraginta
864 1498 1066 1553 annis?
1108 1498 1299 1555 Nonne
1339 1500 1446 1553 illis
1497 1499 1589 1570 qui
1634 1508 2030 1568 peccaverunt,
2078 1514 2309 1570 quormn
2367 1500 2635 1556 cadavera
2682 1512 2956 1573 proStrata
2987 1514 3112 1559 sunt
3157 1504 3212 1557 in
3252 1503 3506 1558 deserto?
3532 1502 3737 1569 Quibus

455 1604 638 1650 autem
663 1595 874 1666 iuravit
901 1610 1011 1651 non
1042 1594 1272 1651 introire
1294 1595 1348 1650 in
1378 1595 1618 1665 requiem
1648 1594 1853 1663 ipsius,
1896 1594 1975 1650 rel
2017 1603 2211 1649 terram
2255 1595 2652 1666 promissionis,
2688 1597 2795 1653 nisi
2825 1597 2932 1653 illis
2960 1598 3051 1668 qui
3078 1598 3344 1654 increduli
3398 1596 3649 1651 fuerunt?
3676 1596 3733 1650 Et

453 1692 702 1753 videmus
736 1692 863 1764 quia
886 1707 997 1748 non
1026 1699 1319 1763 potuerunt
1344 1690 1571 1747 introire
1603 1699 1827 1762 propter
1857 1691 2317 1747 incredulitatem.

528 1875 842 1933 Timeamus
867 1885 999 1945 ergo
1043 1871 1098 1943 (a
1137 1871 1322 1940 simili)
1364 1887 1487 1943 ergo
1532 1887 1623 1926 nec
1652 1887 1746 1926 nos
1784 1782 2424 1927 5323;323:131}.
2464 1872 2772 1939 increduli,
2800 1890 2924 1944 ergo
2952 1875 3260 1943 timeamus,
3287 1889 3358 1930 ne
3386 1874 3525 1930 forte
3550 1874 3741 1933 relicta

457 1973 856 2048 pollicitatione
878 1971 1008 2042 ﬁdei
1028 1968 1337 2041 introeundi
1368 1969 1424 2025 in
1451 1969 1696 2039 requiem
1727 1967 1845 2047 ejus
1865 2009 1879 2034 ,
1903 1969 1958 2022 id
1988 1979 2089 2036 est,
2110 1980 2363 2024 wteruam
2390 1971 2616 2040 requiem
2637 2010 2650 2035 ,
2678 1970 3027 2026 existimetur
3048 1970 3246 2042 aliquis
3264 1986 3333 2027 ex
3357 1971 3509 2027 vobis
3530 1970 3741 2041 deesse.

461 2069 573 2125 Cur
595 2071 935 2135 timeremus?
966 2074 1075 2129 illis
1104 2083 1308 2128 tantum
1335 2073 1643 2127 nuntiatum
1675 2082 1773 2127 est.
1811 2072 2024 2128 Etenim
2048 2081 2104 2127 et
2129 2071 2287 2126 nobis
2315 2072 2623 2135 nuntiatum
2651 2080 2756 2135 est,
2784 2072 3240 2143 quemadmodum
3269 2082 3326 2129 et
3350 2072 3486 2137 illis;
3517 2072 3611 2127 sed
3641 2087 3745 2130 non

458 2168 665 2240 profuit
687 2167 793 2224 illis
823 2184 1007 2225 sermo
1035 2170 1252 2225 auditus
1271 2211 1285 2234 ,
1310 2184 1419 2224 non
1452 2169 1741 2232 admistus,
1765 2168 1995 2222 creditus
2014 2208 2031 2233 ,
2057 2167 2179 2221 ﬁdei
2204 2183 2270 2221 ex
2296 2168 2363 2222 iis
2385 2183 2505 2236 quae
2527 2168 2837 2221 audierunt.
2861 2167 3234 2237 lngrediemnr
3252 2170 3409 2225 enim.
3426 2170 3741 2241 (nuntiatum

459 2276 535 2321 est
561 2266 742 2332 nobis,
771 2283 894 2321 nam
920 2267 1309 2336 ingredientur;
1341 2264 1419 2319 vel
1435 2305 1450 2330 ,
1481 2265 1571 2318 sed
1597 2265 1744 2318 nobis
1768 2305 1784 2331 ,
1819 2266 1910 2335 qui
1943 2263 2288 2330 credidimus,
2312 2262 2691 2334 ingredientur)
2724 2263 2775 2316 in
2802 2264 3040 2332 requiem
3068 2264 3223 2334 ejus;
3247 2267 3340 2336 qui
3379 2266 3740 2328 credidimus,

458 2362 914 2432 quemadmodum
946 2361 1086 2417 dixit
1114 2361 1322 2431 (probat
1348 2360 1489 2431 quod
1517 2376 1620 2414 non
1660 2359 1887 2430 profuit,
1920 2378 2041 2414 nam
2088 2378 2191 2415 non
2234 2359 2506 2414 intrabunt
2548 2360 2603 2413 in
2632 2360 2885 2431 requiem)
2918 2378 2930 2413 :
2962 2360 3117 2416 Sicut
3140 2360 3319 2431 juravi
3357 2363 3412 2417 in
3451 2363 3529 2417 ira
3580 2378 3696 2418 mea
3728 2378 3741 2416 :

458 2456 521 2515 8i
548 2458 850 2514 introibunt
876 2457 1244 2531 (aposiopesis)
1280 2458 1333 2511 in
1367 2456 1610 2525 requiem
1651 2471 1857 2519 meam,
1889 2465 2085 2509 terram
2114 2455 2515 2525 promissionis,
2549 2456 2602 2509 1.
2648 2463 2702 2508 et
2730 2454 2949 2525 quidem
2995 2457 3255 2532 operibus
3286 2456 3354 2512 ah
3405 2457 3744 2517 institutione

462 2551 648 2608 mundi
673 2552 948 2623 perlectis.
976 2552 1122 2607 Dixit
1147 2551 1295 2607 enim
1320 2553 1371 2605 in
1400 2552 1633 2621 quodam
1659 2549 1777 2604 loco
1798 2551 1865 2603 de
1885 2551 1971 2604 die
1995 2550 2224 2620 septima
2249 2550 2328 2604 sic
2352 2568 2365 2604 :
2390 2549 2445 2603 2.
2469 2549 2538 2604 Et
2560 2550 2828 2620 requievit
2860 2550 3002 2606 Deus
3028 2552 3115 2607 die
3144 2552 3377 2624 septima
3409 2555 3478 2608 ab
3501 2553 3752 2615 omnibus

460 2649 721 2719 operibus
763 2648 896 2704 suis.
931 2647 998 2704 Et
1044 2649 1095 2703 in
1133 2650 1237 2703 ist’o
1283 2663 1497 2702 rursum
1535 2666 1548 2701 :
1601 2646 1658 2701 Si
1710 2647 2008 2701 mtroibunt
2060 2648 2114 2702 in
2160 2648 2405 2719 requiem
2438 2663 2639 2704 meam.
2684 2648 2739 2703 5.
2787 2648 3054 2716 Quoniam
3087 2666 3218 2722 ergo
3244 2660 3497 2721 superest
3525 2650 3746 2708 introire

460 2747 728 2818 quosdam
761 2746 815 2802 in
844 2746 1022 2813 illam,
1048 2756 1103 2803 et
1130 2747 1200 2814 ii,
1236 2748 1435 2818 quibus
1462 2746 1736 2816 prioribus
1765 2746 2155 2800 annuntiatum
2176 2754 2281 2811 est,
2307 2760 2415 2802 non
2445 2744 2778 2813 introierunt
2798 2756 3019 2817 propter
3047 2746 3516 2813 incredulitatem;
3550 2747 3749 2812 iterum

464 2844 727 2899 terminat
772 2843 913 2898 diem
960 2842 1017 2897 4.
1066 2843 1388 2913 quemdam,
1435 2840 1635 2904 Hodie,
1670 2841 1723 2895 in
1748 2840 1917 2895 David
1951 2841 2213 2911 dicendo,
2247 2850 2372 2911 post
2417 2850 2625 2896 tantum
2665 2843 2954 2913 temporis,
3004 2843 3562 2915 sicuttsupradictum
3605 2851 3683 2897 est
3723 2861 3735 2897 :

467 2935 643 2993 llodie
669 2938 716 2993 si
746 2952 934 2993 vocem
969 2935 1087 3010 ejus
1112 2938 1430 3004 audieritis,
1465 2937 1635 2992 nolite
1663 2936 1934 2991 obdurare
1962 2937 2125 2993 corda
2155 2946 2358 2992 vestra.
2391 2937 2446 2992 5.
2478 2936 2612 2991 Nam
2638 2936 2683 2992 si
2718 2938 2800 2992 eis
2826 2935 2984 2993 Jesus
3010 2938 3063 2993 6.
3103 2940 3346 3009 requiem
3381 2939 3743 3011 praestitisset.

468 3049 750 3107 nunquam
780 3034 850 3093 de
881 3034 985 3091 alia
1008 3033 1325 3107 loqueretur
1354 3035 1584 3106 posthac
1616 3030 1723 3086 die.
1750 3032 1803 3086 7.
1837 3031 2023 3103 Itaque
2049 3031 2375 3103 relinquitur
2394 3033 2760 3088 sabbatismus
2787 3033 2984 3104 p0pulo
3020 3034 3141 3090 Dei.
3165 3034 3268 3101 Qui
3295 3036 3441 3091 enim
3477 3035 3750 3106 ingressus

467 3140 558 3187 est
587 3131 641 3186 in
670 3132 914 3203 requiem
942 3130 1087 3203 ejus;
1132 3141 1299 3190 ettam
1325 3131 1381 3189 8.
1415 3131 1531 3203 ipse
1561 3130 1829 3201 requievit
1874 3129 1943 3184 ab
1972 3129 2227 3199 operibus
2256 3130 2401 3197 suis,
2452 3130 2595 3186 sicut
2622 3146 2651 3185 a
2686 3130 2799 3186 suis
2828 3130 2989 3186 Deus.
3016 3131 3085 3201 9,
3116 3132 3204 3199 10.
3238 3130 3586 3188 Festinemus
3625 3147 3747 3203 erga

1820 3225 2393 3283 COMMENTARIUS.

547 3322 636 3379 11.
676 3320 921 3379 Fallacia
964 3325 1184 3396 peccati.
1229 3322 1519 3380 Peccatum
1551 3329 1709 3377 vocat
1749 3322 2056 3390 diabolum,
2088 3328 2134 3385 Α
2159 3330 2320 3376 vocat
2364 3320 2531 3394 [sup.,
2583 3321 2950 3396 incredulos],
2994 3338 3119 3379 cum
3164 3321 3296 3379 dicit
3334 3341 3347 3377 :
3384 3321 3570 3378 Nolite
3600 3321 3747 3384 οὸάυε

472 3415 560 3470 vel
584 3415 1016 3471 incredulitatem
1036 3455 1051 3479 ,
1080 3430 1188 3486 quo
1212 3413 1297 3471 vel
1342 3428 1451 3485 qua
1481 3412 1738 3469 lallantur
1782 3412 2056 3482 inﬁdeles,

457 3521 543 3570 ,ne
567 3506 793 3563 credant
815 3509 960 3577 quod
995 3508 1329 3564 credendum
1350 3514 1452 3564 est.

2162 3429 2282 3469 rare
2300 3414 2465 3469 corda
2491 3424 2681 3469 vestra.

2230 3508 2286 3563 4.
2329 3506 2643 3574 Quemdam.
2674 3508 2821 3567 Ordo
2855 3528 2868 3565 :
2898 3509 3188 3580 quemdam
3219 3507 3313 3580 [[2,
3344 3507 3597 3564 terminat
3617 3505 3747 3561 diem

461 3659 467 3664 ,
540 3588 633 3652 12.
672 3596 915 3655 Alanos.
947 3596 1240 3669 Participes
1264 3599 1404 3654 enim
1432 3596 1663 3664 Christi,
1693 3598 1747 3654 id
1776 3607 1894 3663 est,
1919 3613 2061 3655 unus
2162 3597 2481 3671 quemdam]
2511 3609 2634 3670 post
2659 3608 2870 3656 tantum
2902 3599 3165 3671 temporis
3192 3600 3354 3657 hodie
3390 3600 3443 3654 in
3477 3598 3648 3653 David
3676 3597 3750 3651 di-

470 3686 653 3743 ellecti
682 3703 871 3744 smnus
899 3702 1022 3742 cum
1050 3688 1143 3743 illo
1203 3689 1250 3743 si
1278 3690 1498 3759 quidem
1526 3689 1641 3761 ipse
1675 3699 1835 3761 caput
1860 3699 1975 3758 est,
2005 3701 2062 3747 ct

458 3795 578 3857 _nos
601 3779 864 3835 membra.
1728 3840 1733 3843 μ

548 3871 638 3939 15.
682 3870 745 3925 Si
785 3881 961 3927 tamen
1007 3872 1240 3926 initium.
1290 3869 1544 3938 Quid‘est
1572 3872 1785 3929 initium
1815 3873 2066 3943 substan-

476 3962 602 4017 tiae?
644 3962 831 4018 Fidem
879 3963 1183 4034 signiﬁcat,
1231 3977 1331 4033 per
1370 3979 1533 4035 quam
1588 3965 1964 4034 subsistimus,
2010 3976 2068 4025 et

460 4051 593 4123 .D‘eo
623 4052 733 4121 nati
760 4067 947 4107 sumus
974 4053 1030 4107 in
1054 4051 1216 4110 ﬁlios.

554 4144 643 4199 14.
684 4144 889 4201 Lssrn.
920 4145 1143 4202 Initium
1182 4149 1505 4208 substantias.
1556 4150 1869 4209 Substantia
1908 4160 2068 4209 vocat

478 4233 678 4301 ﬁdem,
710 4236 837 4305 quia
869 4235 985 4307 ipsa
1008 4238 1161 4303 velut
1186 4238 1597 4298 fundamentum
1627 4242 1787 4298 bonis
1810 4243 2067 4314 operibus

474 4324 729 4395 substat,
758 4326 809 4381 id
843 4337 926 4384 est
952 4326 1125 4398 jacet.

463 4488 466 4493 _
554 4417 709 4475 CAP.
751 4419 839 4476 IV.
862 4452 934 4462 ——
959 4422 1009 4477 l.
1035 4421 1235 4480 Lassa.
1260 4424 1329 4480 Et
1352 4427 1561 4499 quidem
1582 4428 1846 4498 operibus.
1868 4427 2072 4489 Probat

484 4509 623 4563 duas
670 4525 793 4564 esse
841 4511 1087 4581 requies,
1120 4530 1284 4571 unam
1319 4527 1588 4573 terrenam
1610 4558 1626 4583 ,
1656 4534 1776 4587 qua:
1806 4521 2070 4589 promissa

484 4605 573 4652 est
596 4595 827 4665 Judmis;
858 4600 1017 4657 aliam
1041 4604 1318 4661 caelestem
1347 4622 1469 4677 qua:
1511 4609 1847 4677 promittitur
1893 4609 2065 4668 nobis.

2166 3690 2341 3746 cendo
2360 3732 2376 3758 ,
2405 3690 2549 3745 sicut
2583 3706 2746 3761 supra
2779 3691 2982 3746 dictum
3010 3700 3095 3747 est
3125 3688 3297 3744 Hodie
3324 3688 3403 3755 si,
3438 3699 3549 3746 etc.

2242 3781 2298 3837 5.
2340 3780 2484 3837 Nam
2516 3782 2563 3836 si
2593 3783 2667 3836 eis
2709 3782 2887 3837 Jesus.
2913 3781 3031 3837 Non
3076 3792 3159 3838 est
3192 3782 3292 3836 iste
3325 3780 3482 3843 Jesns
3512 3780 3751 3853 Salvator

2167 3873 2388 3939 mundi;
2422 3874 2517 3929 sed
2565 3873 2758 3943 Jesus,
2804 3876 2897 3946 qui
2947 3875 3112 3932 etiam
3156 3873 3319 3932 Josue
3349 3875 3683 3937 nominatur,
3722 3889 3750 3926 s

2166 3977 2274 4032 quo
2301 3963 2533 4033 populus
2560 3962 2870 4021 luds-orum
2912 3966 3109 4022 ductus
3156 3976 3240 4023 est
3289 3966 3343 4022 in
3393 3975 3597 4021 terram
3640 3981 3751 4035 pro-

2167 4051 2474 4119 missionis;
2519 4056 2612 4123 qui
2659 4056 2703 4110 si
2735 4071 2919 4110 veram
2965 4058 3209 4127 requiem
3258 4058 3339 4114 eis
3385 4058 3747 4128 pnestitisset,

2168 4158 2446 4213 nunquam
2499 4154 2621 4213 post
2678 4145 2825 4200 illam
2884 4148 2984 4202 hac
3030 4147 3146 4213 die,
3177 4148 3229 4203 id
3270 4157 3355 4204 est
3412 4146 3609 4213 hodie,
3659 4145 3750 4200 hoc

2168 4241 2410 4304 tempore
2448 4232 2616 4289 David
2645 4235 2711 4291 de
2748 4235 2852 4302 alia
2888 4237 3216 4307 loqueretur.

2242 4326 2297 4381 6.
2338 4324 2588 4398 Requiem
2629 4316 2975 4397 prtestitisset.
3008 4330 3081 4384 Illi
3114 4331 3347 4402 ingressi
3384 4338 3542 4394 sunt,
3574 4330 3624 4385 id
3651 4338 3748 4391 est,

2174 4419 2281 4475 illis
2310 4435 2415 4475 non
2443 4420 2592 4475 dedit
2622 4422 2865 4491 requiem
2907 4421 3084 4492 illam,
3120 4439 3244 4477 nam
3277 4423 3320 4480 si
3351 4422 3457 4478 illis
3485 4423 3752 4494 prtestitis—

2176 4521 2286 4575 set,
2315 4527 2593 4580 nunquam
2626 4512 2690 4566 de
2714 4512 2817 4567 alia
2847 4513 3056 4568 locutus
3077 4512 3288 4569 luisset.
3324 4513 3417 4569 Vel
3447 4513 3749 4585 respondit:

2175 4619 2281 4657 non
2309 4618 2524 4658 omnem
2572 4603 2810 4672 requiem
2858 4605 3049 4659 tribuit
3096 4605 3177 4659 eis
3225 4602 3382 4665 lesus
3426 4602 3576 4659 Nave
3606 4604 3751 4673 (nun-

486 4687 557 4743 Et
575 4698 665 4744 est
685 4693 981 4763 responsio,
1007 4698 1160 4765 quasi
1181 4692 1597 4767 aliquisdicerel
1617 4718 1629 4754 ε
1652 4700 2065 4767 ρυπυάίχίειίε
2105 4682 2148 4741 Β
2178 4708 2340 4763 quam
2370 4694 2437 4747 de
2466 4692 2593 4763 alia)
2628 4708 2843 4749 omnem
2878 4695 3120 4765 requiem
3183 4695 3233 4749 id
3258 4704 3365 4750 est.
3407 4693 3747 4765 temporalem

487 4780 643 4853 ing-0
664 4783 822 4838 limur
850 4786 900 4840 in
932 4790 1197 4858 requiem,
1229 4807 1351 4847 cum
1385 4792 1436 4845 in
1469 4791 1667 4847 nullam
1697 4795 2071 4863 promisionis

485 4882 691 4932 terram
716 4876 921 4935 intrare
950 4883 1106 4941 nobis
1141 4900 1251 4941 non
1297 4893 1580 4954 tantopere
1611 4886 1743 4939 utile
1775 4886 1882 4941 sit?
1912 4886 2068 4954 Duae,

485 4963 666 5041 inquit
685 5008 700 5030 ,
730 4972 945 5041 requies
976 4983 1122 5031 sunt.

555 5057 617 5112 ’3.
652 5057 722 5114 Et
752 5064 1019 5133 requievit.
1068 5064 1193 5131 llaec
1222 5076 1305 5122 est
1334 5081 1550 5138 requies
1577 5085 1698 5139 qua:
1737 5071 2072 5140 promittitur

487 5151 726 5217 sanctis,
753 5156 1005 5211 videlicet
1034 5156 1304 5223 (mlestis,
1322 5158 1632 5215 ‘inellabilis
1663 5160 1756 5215 Dei
1779 5160 2039 5225 suavitas.

561 5242 623 5323 3.
658 5245 921 5317 Quoniam
953 5265 1077 5318 ergo
1120 5261 1370 5320 superest.
1419 5250 1553 5318 Quia
1584 5252 1804 5321 quidam
1825 5293 1840 5319 ,
1869 5253 2072 5323 inquit,

492 5334 749 5393 intraturi
778 5348 905 5393 sunt
934 5339 986 5393 in
1016 5341 1260 5410 requiem
1291 5343 1389 5399 Dei
1421 5343 1700 5399 caelestem
1719 5385 1734 5407 ,
1765 5355 1819 5400 et
1846 5344 1901 5400 hi
1949 5346 2073 5416 qui-

493 5427 600 5486 bus
643 5430 1025 5486 annuntiatum
1068 5440 1152 5488 est
1192 5432 1246 5488 in
1291 5434 1509 5489 deserto
1558 5451 1666 5490 non
1717 5436 2070 5506 introierunt,

492 5520 625 5591 quia
645 5522 869 5579 verbum
895 5537 998 5577 non
1022 5524 1387 5581 crediderunt.
1402 5525 1774 5583 Admonentur
1794 5530 2071 5598 praesentis

495 5614 759 5686 temporis
783 5613 970 5672 ﬁdeles
991 5657 1005 5682 ,
1039 5632 1107 5673 ne
1133 5616 1404 5675 obdurent
1435 5620 1607 5675 corda
1622 5634 1719 5675 sua
1752 5619 1918 5676 verbo
1954 5620 2073 5685 Dei,

507 5708 648 5765 sicut
678 5709 1086 5771 obduravernnt
1119 5716 1427 5789 superiores
1476 5715 1765 5785 increduli,
1799 5732 1893 5773 eos
1934 5715 2077 5774 enim

2174 4792 2228 4838 et
2255 4781 2559 4838 cmlestem.

2243 4872 2295 4925 7.
2337 4871 2526 4942 Itaque
2570 4872 2903 4943 relinquitur.
2958 4873 3247 4939 Concludit
3309 4872 3452 4942 quod
3516 4872 3752 4945 superius

2176 4963 2531 5034 probabatur.
2578 4963 2742 5041 Quasi
2793 4965 3002 5021 diceret
3048 4984 3061 5019 :
3110 4965 3449 5037 ingredimur
3502 4963 3667 5036 igitur
3707 4963 3751 5018 in

2176 5056 2448 5125 requiem.

2252 5152 2308 5220 8,
2347 5151 2589 5208 Asianos.
2643 5150 2766 5222 Ipse
2816 5152 3083 5223 requievit.
3131 5150 3369 5222 Requies
3415 5148 3510 5205 Dei
3547 5160 3751 5220 Operam

2179 5245 2441 5317 perfectio
2482 5246 2826 5319 intelligenda
2879 5256 2992 5313 est;
3031 5262 3127 5320 per
3161 5245 3310 5305 illam
3348 5257 3479 5299 vero
3525 5239 3748 5311 requiem

2178 5356 2298 5410 qua:
2342 5348 2545 5395 teterna
2588 5349 2673 5395 est
2730 5356 2828 5394 nos
2871 5339 2938 5393 ad
2981 5349 3242 5395 internata
3279 5344 3574 5407 provocat,
3606 5348 3749 5401 quam

2177 5429 2571 5485 sabbatismum
2604 5430 2936 5494 nominavit,
2968 5444 3075 5483 non
3104 5427 3381 5498 requiem,
3412 5425 3539 5495 quia
3568 5421 3752 5481 Iudaeis

2180 5521 2531 5592 loquebatur;
2566 5535 2669 5575 nec
2698 5520 2810 5574 vult
2839 5518 2946 5574 tale
2995 5518 3279 5575 sabbatum
3332 5517 3386 5577 in
3438 5531 3603 5587 regno
3632 5512 3747 5574 Dei,

2181 5626 2243 5672 ut
2273 5617 2466 5674 iterum
2492 5616 2615 5689 quis
2642 5616 2834 5671 exinde
2859 5622 3163 5670 revertatur
3185 5613 3251 5669 ad
3283 5627 3446 5684 epera
3476 5609 3749 5669 laboriosa,

2190 5710 2328 5766 sicut
2366 5710 2419 5766 in
2452 5709 2675 5766 sabbato
2701 5707 3197 5765 ettt'tt:tlifecc1‘u11l.
3234 5704 3379 5764 Istud
3422 5719 3553 5761 vero
3578 5699 3749 5760 sabba'
