1932 3150
83 209 134 238 539
450 205 483 233 IN
503 205 534 233 D.
550 204 653 233 PAULI
671 203 780 234 EPIST.
800 204 977 234 COMMENT.
997 219 1034 226 --
1051 205 1161 234 EPIST.
1181 205 1230 235 Al)
1244 206 1344 235 llEBR.
1658 198 1711 239 59.0

82 272 152 298 ntus,
168 263 303 300 siquidem
314 259 470 297 permiserit
479 260 562 288 Deus.
577 259 731 295 hnposibile
746 263 788 287 est
800 260 874 287 enim
889 267 936 288 eos
949 260 994 295 qui
1006 260 1090 288 semel
1105 257 1174 287 sunt
1182 259 1337 295 illuminati,
1362 248 1538 297 gustaverunt
1571 263 1654 292 etiam
1667 265 1717 293 do-

84 320 145 340 num
156 312 280 344 caeleste,
297 314 324 337 et
337 307 484 345 participes
498 307 563 336 facti
577 312 641 335 sunt
652 307 769 342 Spiritus
780 307 876 339 sancti,
894 312 1069 343 gustaverunt
1079 307 1256 336 nihilominus
1269 307 1380 342 bonum,
1392 308 1419 336 6.
1434 309 1482 338 Dei
1506 312 1617 342 verbum
1633 314 1717 342 virtu.

82 366 177 396 tesque
187 359 280 387 saeculi
295 358 413 391 venturi,
429 361 457 386 et
471 357 588 392 prolapsi
602 361 675 389 sunt,
692 353 788 385 rursus
804 357 928 384 renovari
941 357 973 384 ad
987 357 1186 392 pmnitentiam,
1202 364 1309 385 rursum
1323 357 1349 385 7.
1374 358 1566 395 crueiﬂgentes
1592 362 1719 390 sibimet-

82 409 146 445 ipsis
161 408 263 436 Filium
278 408 325 435 Dei
341 411 366 434 et
382 406 499 434 ostentui
511 406 643 433 habentes
654 405 681 433 8.
694 405 778 433 Terra
794 405 879 437 enim,
895 412 965 440 su‘pe
975 405 1127 433 venientem
1143 412 1223 440 super
1234 413 1263 433 se
1277 406 1373 434 bibens
1386 406 1512 441 imbrem,
1534 408 1560 436 9.
1586 396 1612 437 et
1637 417 1719 444 gene-

80 466 144 486 rans
162 458 278 485 herbam
288 460 467 492 opportunam
482 454 536 482 illis
550 462 563 481 a
578 454 676 489 quibus
690 453 799 486 colitur,
820 453 919 487 accipit
935 454 1151 481 benedictionem
1163 462 1177 480 a
1189 454 1257 487 Deo;
1273 454 1315 481 l0.
1340 454 1484 489 proferens
1504 463 1596 486 autem
1621 459 1716 494 spinas

78 512 109 531 ac
121 503 242 531 tribulos
257 504 371 537 reproba
382 507 434 534 est,
446 507 474 530 et
486 503 529 529 Η.
546 501 690 529 maledicto
701 501 823 536 proxima
834 501 900 534 ςτίῖ,
913 500 990 535 cujus
1003 501 1205 528 consummatio
1232 501 1260 529 in
1291 501 1519 531 cotnbuStionem.
1546 504 1717 534 Conﬁdimus

79 554 172 578 autem
183 550 219 578 de
232 551 320 583 vobis,
337 549 515 582 dilectissimi,
532 549 643 577 meliora
654 554 683 577 et
697 549 826 576 viciniora
842 548 938 581 saluti;
951 549 1058 577 tametsi
1075 549 1111 575 ita
1123 548 1267 584 loquimur.
1282 549 1341 577 Non
1363 550 1435 577 enim
1460 550 1577 585 injustus
1603 551 1674 579 Deus
1687 556 1718 580 ut

78 598 259 626 obliviscatur
274 600 365 635 operis
378 599 475 632 vestri,
489 603 517 626 et
529 598 682 627 dilectionis
696 606 776 633 quam
788 598 946 625 ostendistis
957 597 983 625 in
999 598 1107 626 nomine
1118 598 1211 633 ipsius,
1224 598 1271 634 qui
1283 598 1459 626 ministrastis
1488 600 1601 632 sanctis,
1622 604 1649 627 et
1664 600 1718 627 mi-

77 647 214 676 nistratis.
231 647 362 681 Cupimus
376 653 466 676 autem
490 648 709 683 unumquemque
724 651 844 675 vestrum
858 647 982 674 eamdem
1003 651 1141 674 ostentare
1156 646 1365 674 sollicitudinem
1393 647 1426 674 ad
1448 642 1631 685 expiationem
1661 649 1720 683 spei

76 703 166 731 usque
179 696 206 723 in
219 696 312 728 tinem,
330 701 360 724 ut
374 704 427 724 non
443 698 539 732 segnes
553 695 719 728 et'ﬁciamini,
735 703 829 723 verum
847 695 999 723 imitatores
1009 703 1102 723 eorum
1117 696 1162 731 qui
1178 695 1230 723 ﬁde
1242 700 1269 723 et
1283 695 1412 731 patientia
1441 695 1641 723 ltmreditahnnt
1655 704 1719 731 pro-

77 744 237 772 missiones.
265 744 382 772 Abrahae
395 752 516 780 namque
542 745 704 780 promittens
728 744 799 772 Deus
813 743 941 779 quoniam
961 735 1204 772 neminem'nabuit
1217 752 1266 779 per
1280 741 1359 779 quem
1370 744 1473 778 juraret
1488 741 1630 775 majorem,
1644 741 1721 775 jura-

77 791 116 818 vit
129 798 184 825 per
196 792 384 827 semetipsum,
396 793 508 821 dicens:
524 793 579 820 Nisi
597 792 933 821 benedicens'benedieam
950 798 987 826 te,
1003 797 1032 820 et
1049 792 1230 828 multiplicans
1242 792 1425 828 multiplicabo
1454 797 1489 818 te.
1513 790 1546 817 Et
1559 790 1598 817 sic
1625 789 1719 824 longa-

78 839 193 866 nimiter
206 834 308 873 ferens,
323 842 436 876 adeptus
451 837 493 869 eSt
508 841 754 876 repromtssionem.
777 840 906 868 Homines
920 840 993 881 enim
1008 847 1057 875 per
1065 839 1196 875 majorem
1211 840 1251 868 sui
1263 839 1371 874 jurant;
1387 839 1429 866 13.
1447 843 1473 866 et
1496 846 1585 866 omms
1609 842 1719 864 contro-

77 888 179 915 versiae
192 895 289 915 eorum
303 888 374 921 linis,
391 888 424 915 ad
438 888 726 916 conﬁrmationem-est
737 887 933 923 juramentum.
949 887 977 915 ln
993 895 1047 924 quo
1061 887 1243 916 abundantius
1256 887 1349 916 volens
1365 888 1435 915 Deus
1456 887 1600 915 ostendere
1616 885 1720 920 pollici-

79 936 194 966 tationis
208 936 363 964 htcredibus
380 936 596 964 immobilitalem
612 935 718 964 consilii
736 936 789 968 sui,
814 935 1190 970 interposuitjusjurandum,
1215 935 1258 962 Η.
1280 939 1309 962 ιιι
1326 942 1375 970 per
1402 936 1468 962 duas
1494 943 1537 962 res
1558 934 1721 966 immobiles,

77 983 182 1019 quibus
193 984 362 1020 impossibile
374 988 416 1012 est
429 984 540 1012 mentiri
556 984 652 1017 Deum,
666 983 845 1011 fortissimum
862 983 987 1011 solatium
1000 983 1158 1017 habeamus,
1170 983 1215 1018 qui
1227 981 1396 1018 confugimus
1422 984 1455 1010 ad
1485 983 1627 1011 tenendam
1660 990 1722 1017 pro-

77 1032 201 1066 positam
216 1040 309 1068 spem;
325 1040 405 1068 quam
422 1032 466 1059 15.
480 1031 551 1060 sicut
563 1031 712 1060 anehoram
724 1032 856 1060 habemus
871 1032 968 1059 animat
983 1036 1070 1060 tutam
1083 1039 1114 1059 ac
1130 1031 1248 1065 ﬁrmam,
1264 1037 1291 1059 et
1304 1032 1473 1060 incedentent
1491 1032 1535 1058 16.
1574 1039 1659 1066 usque
1688 1032 1722 1057 ad

77 1079 215 1107 interiora
227 1079 386 1113 velaminis,
402 1079 446 1106 17.
463 1079 507 1107 ubi
521 1073 674 1115 prateursor
685 1087 735 1116 pro
750 1079 828 1107 nobis
844 1079 966 1121 introivit
983 1078 1072 1114 Jesus,
1090 1079 1237 1108 secundum
1251 1078 1374 1107 Ordinem
1389 1080 1586 1107 Melchisedech
1601 1080 1723 1115 pontifex

77 1126 173 1155 factus
185 1128 213 1156 in
227 1132 370 1155 aeternum.
798 1162 802 1165 Δ
820 1151 822 1153 .
1002 1137 1004 1139 τ

823 1174 1013 1202 cspurvn.
1168 1201 1170 1205 ,
1384 1199 1386 1201 ,
1465 1209 1469 1214 ,
1525 1203 1528 1205 _
1641 1202 1671 1211 ,η

93 1219 143 1246 ,1.
157 1217 210 1245 Hie
219 1217 292 1245 enim
306 1217 514 1251 Melchisedech,
533 1225 582 1245 rex
592 1217 695 1251 Salem.
709 1220 837 1247 sacerdos
859 1220 908 1247 Dei
933 1214 1048 1254 summi,
1077 1219 1122 1256 qui
1147 1219 1266 1248 obviavit
1281 1219 1397 1248 Abrahae
1411 1226 1534 1255 regresso
1547 1227 1563 1248 a
1583 1219 1656 1248 caede
1675 1227 1720 1248 re-

76 1274 155 1302 gum,
168 1271 198 1294 et
210 1265 350 1294 benedixit
363 1265 405 1299 ei;
420 1266 463 1293 cui
477 1270 505 1294 et
517 1266 636 1294 decimas
647 1266 768 1294 omnium
784 1265 876 1295 divisit
890 1268 1028 1295 Abraham
1040 1277 1047 1301 ;
1062 1268 1179 1303 primunt
1191 1267 1301 1303 quidem
1314 1268 1358 1303 qui
1376 1268 1568 1302 interpretatur
1582 1276 1627 1295 rex
1638 1268 1723 1303 justi-

76 1315 141 1347 tiw;
156 1314 256 1342 deinde
269 1318 361 1341 autem
372 1319 399 1341 et
411 1322 457 1342 rex
475 1313 578 1348 Salem,
590 1314 660 1349 quod
675 1319 727 1348 est,
744 1324 790 1343 rex
800 1317 883 1351 pacis,
899 1316 927 1344 2.
938 1318 998 1346 sine
1012 1322 1101 1352 patre,
1113 1317 1172 1344 sine
1185 1321 1283 1348 matre,
1296 1316 1355 1344 sine
1373 1316 1543 1352 genealogia,
1567 1324 1655 1351 neque
1668 1317 1722 1353 ini-

79 1363 151 1391 tium
164 1363 283 1396 dierum,
299 1369 387 1398 neque
400 1362 480 1391 linem
494 1361 556 1390 vitae
577 1363 690 1397 habens,
708 1364 873 1393 assimilatus
899 1370 989 1394 autem
1006 1367 1064 1395 Flio
1080 1367 1144 1400 Dei,
1170 1367 1198 1394 5.
1224 1370 1317 1394 manet
1338 1367 1469 1395 sacerdos
1496 1366 1524 1394 in
1551 1370 1724 1401 perpetuum.

759 1412 1048 1442 COMMENTARIUS.

115 1457 293 1492 lmpouibile.
322 1457 464 1484 Rationem
492 1457 579 1485 reddit
604 1465 653 1485 cur
677 1466 730 1486 non
757 1459 882 1495 expediat
897 1463 920 1492 Α
935 1468 984 1488 nos
997 1461 1023 1488 in
1035 1468 1125 1488 rerum
1138 1460 1256 1495 speciem
1272 1460 1408 1495 quomodo
1423 1460 1476 1488 (ide
1489 1464 1517 1487 et
1529 1467 1576 1496 spe
1592 1463 1725 1488 tenemus.

76 1503 196 1538 primam
213 1500 460 1537 [idem'relinqnere
471 1507 499 1530 et
513 1503 538 1529 iii
553 1507 664 1538 peccata
689 1504 803 1538 cadere;
825 1513 877 1533 non

76 1549 152 1575 enim
167 1547 398 1582 rerertentesjam
415 1547 483 1574 ultra
503 1548 633 1582 baptizari
659 1554 772 1584 possunt
797 1550 823 1577 in
838 1558 882 1578 re-

77 1594 241 1620 missionem
256 1597 442 1628 peceatorum,
457 1592 527 1620 sicut
540 1593 625 1628 prius.
805 1628 811 1633 ν

114 1640 144 1667 6.
165 1638 217 1666 Dei
232 1639 347 1671 verbum,
360 1639 386 1666 id
399 1643 452 1671 est,
467 1638 566 1671 Patris,
587 1639 632 1674 qui
651 1639 678 1667 in
705 1640 879 1677 perceptione

77 1684 205 1719 corporis
216 1688 244 1711 et
255 1684 394 1719 sanguinis
404 1683 462 1718 ejus
474 1688 609 1719 gustatur.

114 1729 143 1756 7.
159 1728 362 1764 Cruci/ignita.
375 1728 403 1755 ln
417 1728 570 1763 semetipsis
597 1729 761 1765 crueiﬁgunt
778 1730 878 1758 Filium

77 1773 138 1807 Dei,
148 1779 179 1801 et
189 1774 319 1807 ostentui,
335 1774 362 1801 id
377 1778 419 1801 est
439 1774 608 1802 contumelia:
623 1774 722 1803 habent
736 1775 793 1810 qui,
815 1784 879 1811 gra-

78 1822 146 1849 tiam
160 1821 223 1856 ejus
240 1821 446 1856 vilipendentes,
461 1821 488 1848 in
502 1821 622 1856 peccatis
634 1821 735 1856 jacent.

113 1868 142 1895 8.
160 1869 282 1895 Animos.
305 1867 385 1895 Terra
399 1868 468 1894 enim
480 1876 559 1903 swpe.
575 1868 624 1896 Hie
635 1869 756 1896 declarat
768 1870 838 1904 quod
851 1871 878 1898 hi

78 1914 111 1941 ad
128 1921 200 1949 quos
213 1913 270 1947 ejus
284 1921 372 1941 sermo
388 1912 449 1946 fuit,
462 1918 640 1948 susceperunt
652 1920 678 1941 et
689 1914 879 1943 combiberunt

77 1960 196 1988 verbum
211 1960 330 1987 caelestis
343 1960 483 1987 doctrinm.
866 1967 868 1970 ι

113 2006 142 2033 9.
157 2006 193 2033 Et
204 2014 330 2041 generum
340 2006 457 2033 herbam.
473 2005 545 2033 Nihil
562 2006 602 2034 sic
612 2011 794 2042 opportunnnt
807 2009 879 2036 sicut

78 2049 149 2077 ﬁdes
162 2050 190 2076 in
205 2049 303 2077 Filium
320 2049 367 2077 Dei
382 2054 409 2077 et
426 2050 481 2077 vita
495 2050 608 2084 optitna.

115 2094 162 2122 10.
183 2093 322 2129 Proferens
336 2099 433 2122 autent.
450 2096 486 2122 De
501 2095 543 2122 his
557 2095 642 2130 spinis
664 2096 800 2133 Dominus
813 2097 878 2125 dicit

81 2142 147 2177 quia
162 2149 230 2168 cura
244 2140 323 2175 hujus
336 2139 426 2169 saeculi
444 2145 471 2168 et
485 2141 609 2175 deceptio
624 2141 781 2170 divitiarum
805 2150 877 2178 pra:-
894 2139 917 2169 Β

78 2186 177 2214 forant
189 2186 314 2218 verbum,
328 2191 355 2213 et
369 2184 564 2213 infructuosum
576 2186 701 2214 edicitur.
842 2223 845 2224 ν

117 2231 162 2259 ti.
184 2230 336 2258 Maledictio
349 2232 479 2267 proxima.
502 2230 639 2265 Quantam
665 2232 747 2261 habet
769 2233 881 2262 solatioé

78 2283 142 2305 ne‘m
158 2278 205 2305 hic
220 2285 310 2305 sermo
321 2277 503 2305 malealictioni
518 2278 650 2312 proxima,
678 2286 732 2306 non
764 2279 877 2316 maledi-

78 2329 135 2356 cia;
159 2330 222 2358 quin
246 2322 318 2349 enim
339 2323 453 2350 necdum
480 2322 506 2350 in
529 2322 747 2351 maledictionem
771 2324 877 2358 incidit,

80 2368 124 2395 sed
139 2368 266 2404 proxima
279 2372 357 2395 estet
371 2367 448 2402 longe
460 2368 517 2396 ﬁeri
532 2372 630 2403 potest.

114 2415 160 2442 £2.
192 2414 276 2449 Cujus
300 2415 495 2442 ‘consitmmatio
520 2415 547 2441 in
573 2414 784 2443 combustionem.
816 2415 878 2444 Haec

81 2460 235 2487 combustio
252 2468 305 2488 non
321 2461 382 2492 erit,
405 2460 454 2487 nisi
471 2460 532 2495 quis
555 2468 640 2496 usque
664 2461 690 2488 in
709 2460 789 2489 linem
817 2469 878 2496 per-

81 2510 193 2533 maneat
208 2506 235 2533 in‘
250 2506 379 2540 peccatis.

116 2551 162 2578 13.
184 2550 217 2577 Et
234 2552 318 2578 omnis
332 2552 524 2579 contrarersiw.
541 2552 569 2579 Si
579 2552 716 2580 hominum
723 2550 878 2587 juramento

82 2594 249 2624 credendum
260 2603 310 2629 estI
326 2601 429 2632 quanto
441 2597 524 2631 magis
536 2597 582 2624 Dei
609 2597 655 2633 qui
674 2605 724 2626 nec
746 2597 803 2626 falli
827 2606 877 2627 nec

82 2642 195 2670 mentiri
211 2643 314 2677 potest?
459 2642 461 2644 '

117 2689 164 2716 16.
183 2688 283 2716 ιλκηι.
301 2688 335 2716 Ut
345 2697 392 2724 per
404 2689 471 2716 duas
485 2697 536 2716 res.
554 2687 758 2723 Jusjurandum,
788 2694 815 2717 et
827 2697 878 2726 per

83 2735 271 2770 semetipsum,
287 2735 386 2769 quibus
401 2729 536 2762 immobile
550 2736 585 2761 sit
599 2735 670 2770 quod
682 2733 791 2763 dicitur.

105 2780 300 2807 15:1Almtos.
318 2778 391 2807 Sit-ut
407 2779 548 2806 auc’horam
565 2779 699 2806 habemus.
724 2780 800 2808 Sicut
826 2782 876 2808 an-‘

929 1506 990 1533 ideo
1001 1506 1104 1533 addidit
1119 1515 1126 1533 :
1142 1506 1308 1533 luculentam
1323 1514 1403 1541 usque
1415 1505 1451 1533 ad
1461 1506 1588 1533 interiora
1612 1505 1722 1533 uelami-

930 1551 980 1578 nis.
997 1551 1063 1586 Spes
1078 1550 1151 1578 enim
1169 1555 1292 1587 penetrat
1320 1551 1451 1578 interiora
1478 1550 1632 1584 velaminis,
1658 1551 1722 1578 dum

929 1596 1051 1624 ccelestia
1065 1597 1168 1633 absque
1188 1596 1356 1624 dubitatione
1367 1596 1463 1624 credit.

966 1641 1009 1669 16.
1025 1641 1127 1669 Lusii.
1141 1641 1228 1677 Usque
1244 1642 1278 1669 ad
1291 1642 1428 1669 interiora.
1455 1641 1524 1676 Spes
1539 1645 1631 1669 nostra
1642 1647 1725 1676 usque

929 1687 962 1715 ad
972 1681 1142 1722 prtcsentiam
1161 1687 1207 1715 Dei
1224 1687 1334 1720 incedit,
1359 1694 1441 1722 quam
1466 1686 1658 1722 signiﬁcabant
1687 1686 1715 1713 in

930 1734 1029 1760 teriora
1042 1733 1192 1761 velaminis.

965 1790 1009 1817 17.
1020 1790 1140 1818 Αιωιιοε.
1156 1789 1205 1816 Ubi
1219 1795 1367 1824 prtecursor
1381 1796 1428 1822 pro
1455 1788 1539 1815 nobis.
1564 1786 1622 1815 Non
1638 1787 1721 1821 217

930 1835 998 1863 dixit
1013 1835 1170 1871 simpliciter
1181 1834 1287 1867 introit,
1309 1835 1369 1868 sed,
1385 1834 1429 1861 ubi
1447 1841 1599 1868 pra-cursor
1615 1841 1663 1868 pro
1680 1841 1720 1859 no

929 1880 971 1908 his
987 1880 1103 1912 introiit,
1119 1884 1226 1915 oportet
1240 1879 1367 1914 prosequi
1383 1885 1580 1914 praecursorem
1594 1879 1725 1905 rostrum.

929 1933 1123 1961 praecursorem
1137 1925 1271 1961 siquidem
1285 1929 1313 1952 et
1336 1929 1549 1960 eousequentem
1577 1924 1605 1951 in
1630 1924 1725 1952 eodem

929 1979 990 2000 esse
1003 1972 1139 1999 conVenit.

964 2028 1039 2055 CAP.
1056 2028 1108 2056 Vll.
1122 2043 1156 2048 -—
1172 2028 1197 2055 ~l.
1212 2027 1314 2055 Lurn.
1339 2027 1392 2055 Hic
1416 2028 1487 2055 enim
1516 2027 1721 2055 Melchisedech.

930 2073 1010 2100 Ratio
1020 2081 1073 2101 cur
1085 2073 1234 2101 secundum
1256 2073 1379 2100 ordinem
1396 2072 1593 2100 Melchisedech
1605 2072 1724 2106 pontifex

931 2117 1020 2146 factus
1033 2118 1070 2145 sit
1081 2118 1218 2151 Christus,
1233 2122 1261 2146 et
1275 2125 1329 2145 non
1345 2118 1493 2144 secundum
1505 2117 1629 2145 ordinem
1645 2116 1725 2144 Levi-

925 2164 1028 2197 ‘tieum,
1048 2164 1172 2191 videlicet
1183 2164 1246 2198 quia
1271 2162 1383 2197 majoris
1400 2162 1539 2197 dignitatis
1555 2166 1597 2189 est
1614 2161 1724 2189 Melchi-

929 2209 1039 2246 sedech.
1055 2209 1113 2245 (54)
1128 2209 1195 2236 Nam
1212 2209 1235 2236 si
1248 2208 1436 2244 reprobamur‘,
1451 2207 1594 2235 maledicto
1607 2201 1724 2242 proximi

929 2256 1046 2288 erimus;
1062 2259 1088 2282 et
1103 2254 1223 2290 probata
1238 2254 1320 2281 simili
1335 2262 1342 2280 :
1359 2260 1420 2280 nam
1439 2253 1462 2280 si
1473 2250 1629 2288 germinans
1642 2251 1735 2279 tribu:

928 2300 970 2329 los
992 2301 1113 2336 proxima
1136 2303 1178 2328 est
1198 2299 1363 2327 maledicto.
1380 2303 1408 2326 et
1429 2297 1480 2325 hoc
1505 2298 1601 2333 probat
1625 2305 1640 2324 a
1659 2304 1724 2324 con-

928 2348 1028 2381 trario;
1046 2356 1107 2375 nam
1123 2346 1279 2383 germinans
1292 2345 1404 2373 herbam
1423 2344 1547 2380 proxima
1571 2348 1613 2371 est
1636 2336 1723 2370 bene;

929 2395 1052 2423 dictioni.
1447 2399 1449 2401 ‘
1600 2390 1603 2394 ’
1708 2396 1712 2401 ⁵

963 2451 990 2478 2.
1006 2450 1070 2479 Sine
1085 2455 1169 2486 patre.
1203 2448 1261 2476 Non
1288 2456 1382 2476 revera
1402 2447 1462 2475 sine
1489 2445 1566 2482 patre
1593 2450 1619 2473 et
1635 2441 1730 2485 matre

928 2491 998 2530 fuit;
1014 2504 1063 2524 nec
1080 2504 1174 2524 revera
1201 2485 1279 2523 initio
1306 2492 1335 2522 et
1359 2495 1413 2522 ﬁne
1429 2494 1535 2521 dierum
1551 2489 1655 2525 caluit;
1675 2491 1722 2534 sed

928 2543 1009 2575 unde,
1025 2547 1053 2570 et
1065 2542 1173 2578 quando
1185 2545 1261 2569 ortus
1280 2541 1326 2575 sit,
1348 2540 1390 2568 vel
1405 2534 1458 2575 quo
1471 2535 1591 2574 teziipore
1610 2537 1730 2569 obierit.’

929 2589 1069 2625 Scriptura
1085 2596 1138 2615 non
1153 2590 1359 2615 commemorat.
1386 2586 1463 2613 Illum
1488 2592 1604 2619 namque
1620 2578 1726 2623 simili:

928 2625 1018 2668 cubat,
1038 2634 1083 2670 qui
1098 2642 1192 2662 revera
1215 2641 1265 2662 nec
1277 2638 1380 2669 patrem
1396 2632 1543 2661 secundum
1567 2629 1722 2667 humanita-I

930 2672 997 2712 tein;
1021 2687 1071 2708 nec
1085 2684 1212 2713 matrem,
1229 2687 1279 2707 nec
1293 2678 1400 2707 initium
1420 2678 1463 2705 vel
1480 2677 1560 2704 linem
1573 2675 1728 2719 secundum

928 2725 1097 2753 divinitatem
1109 2724 1251 2752 habiturus
1262 2729 1331 2752 erat.
1680 2717 1682 2720 ’

963 2781 990 2808 3.
1005 2780 1093 2809 Manet
1109 2781 1241 2810 sacerdos.
1262 2779 1460 2816 Melchisedech
1478 2777 1543 2806 ‘non
1572 2776 1674 2806 mansit
1692 2775 1723 2810 in

83 2820 169 2854 clﬁra
183 2828 239 2854 no‘n
250 2825 384 2861 permittit
398 2825 487 2852 navim
501 2825 681 2859 circumferri,
712 2826 776 2854 licet
804 2824 876 2855 'venti
890 2827 912 2858 C
929 2833 1098 2864 perpetuum,
1117 2829 1164 2857 sed
1177 2825 1353 2856 sacerdotalis
1367 2825 1426 2861 ejus
1446 2823 1607 2854 constitutio
1629 2825 1722 2851 manet

85 2872 277 2900 commeream
289 2872 362 2905 eam,
374 2872 414 2899 sic
427 2871 488 2906 Spes
502 2871 554 2899 ﬂde
579 2872 705 2899 roborata
727 2872 876 2902 introducit

927 2876 954 2912 in
967 2879 1139 2914 perpetuum.

108 2929 178 2965 ’(54)
197 2929 259 2961 Haec
274 2938 328 2958 non
340 2929 466 2958 videntur
482 2930 618 2958 eobrerere
640 2937 700 2958 cum
721 2930 944 2966 prmeedentibus.
