3938 6288
383 385 502 453 :39.
1320 376 1406 432 .n.
1449 374 1836 430 LANFlt.\NCl
1877 371 2228 428 emruau.
2261 372 2575 428 ARCHIEP.
3564 379 3672 435 sas

407 505 690 561 Intuemini
724 511 900 562 autem
931 506 1164 566 quantus
1193 495 1263 549 sit
1292 495 1396 557 hic,
1431 495 1520 549 cui
1550 505 1605 550 et
1634 495 1874 550 decimas
1897 492 2044 546 dedit
2073 490 2140 544 de
2164 490 2449 560 praecipuis
2484 490 2760 545 Abraham
2787 491 3118 562 patriarcha.
3156 492 3223 547 Et
3256 494 3477 564 quidem
3511 495 3571 549 ι.
3607 497 3677 552 de

406 592 535 646 ﬁliis
559 590 684 644 Levi
705 588 1065 644 sacerdotium
1095 583 1448 651 accipientes,
1479 585 1792 637 mandatum
1820 581 2026 634 habens
2053 579 2295 634 decimas
2341 595 2558 636 sumere
2596 597 2626 635 a
2651 583 2848 652 populo
2867 584 3170 638 secundum
3201 584 3396 654 legem,
3438 586 3494 642 id
3528 596 3619 644 est
3645 603 3679 642 ι

404 680 665 736 fratribus
685 681 816 744 suis,
846 695 1155 750 quanquam
1178 688 1233 734 et
1272 679 1372 748 ipsi
1410 678 1647 733 exierint
1673 681 1738 732 de
1768 677 1966 731 lumbis
2002 676 2252 730 Abrahae.
2283 676 2449 746 Cujus
2494 689 2672 735 autem
2715 681 2995 748 generatio
3035 696 3140 736 non
3173 692 3572 738 annumeratur
3624 685 3676 739 in

403 777 505 840 eis,
529 776 767 831 decimas
795 778 1026 846 sumpsit
1055 776 1124 830 ab
1147 774 1443 839 Abraham,
1481 782 1534 829 et
1563 775 1705 828 hunc
1734 773 1823 842 qui
1855 771 2088 826 habebat
2119 772 2574 838 repromissiones
2609 773 2903 830 benedixit.
2929 774 2984 828 5.
3025 773 3156 830 Sine
3182 776 3288 832 ulla
3328 788 3516 834 autem
3547 795 3683 835 con-

405 872 751 938 tradictione,
780 874 924 942 quod
959 873 1137 927 minus
1163 878 1247 925 est
1282 885 1313 924 a
1341 868 1570 925 meliore
1599 867 1958 923 benedicitur.
1990 867 2055 920 Et
2090 865 2178 921 hic
2203 868 2446 934 quidem,
2481 867 2532 920 6.
2569 867 2810 924 decimas
2861 871 3158 924 morientes
3219 872 3468 928 homines
3523 875 3680 928 acci-

404 974 602 1044 piunt;
628 973 700 1028 ibi
743 982 922 1028 autem
951 979 1291 1028 contestatur
1316 969 1441 1040 quia
1472 969 1626 1023 vivit.
1653 968 1719 1022 Et
1751 970 1832 1038 (ut
1871 967 1944 1021 ita
1973 968 2174 1020 dictum
2201 967 2292 1036 sit)
2332 983 2427 1036 per
2474 968 2747 1022 Abraham
2772 979 2825 1022 et
2846 969 2997 1034 Levi,
3025 971 3116 1039 qui
3158 971 3397 1025 decimas
3436 971 3680 1040 accepit,

405 1051 705 1126 decimatus
730 1081 843 1137 est;
875 1070 1051 1125 adhuc
1077 1068 1220 1124 enim
1249 1068 1301 1122 in
1331 1064 1528 1120 lumbis
1557 1065 1729 1135 patris
1751 1072 1888 1128 erat,
1928 1063 2144 1132 quando
2174 1061 2416 1116 obviavit
2449 1063 2499 1116 ci
2541 1061 2954 1118 Melchisedech.
2989 1064 3040 1126 7,
3065 1064 3118 1118 8.
3147 1064 3202 1118 Si
3232 1081 3364 1135 ergo
3411 1079 3682 1118 consume

405 1169 575 1221 matio
607 1183 702 1237 per
725 1166 1087 1222 sacerdotium
1117 1163 1419 1217 Leviticum
1467 1157 1860 1229 erat(p0pulus
1921 1157 2064 1212 enim
2123 1157 2221 1211 sub
2252 1157 2368 1227 ipso
2405 1156 2576 1227 legem
2608 1157 2838 1227 accepit)
2897 1157 3024 1228 quid
3079 1158 3256 1212 adhuc
3307 1158 3685 1213 necessarium

406 1260 509 1314 fuit
535 1261 1096 1314 secundumordinem
1131 1257 1525 1312 Mhhisedech
1554 1255 1718 1308 alium
1769 1268 1992 1324 surgere
2033 1253 2392 1333 sacerdotem,
2440 1263 2494 1308 et
2543 1270 2650 1309 non
2705 1255 3000 1309 secundum
3051 1255 3297 1309 ordinem
3325 1255 3512 1308 Aaron
3538 1255 3686 1309 dici!

406 1352 689 1408 Translata
712 1356 854 1408 enim
887 1355 1211 1417 sacerdotio,
1246 1367 1470 1408 necesse
1500 1359 1581 1406 est
1614 1360 1672 1404 ut
1699 1358 1753 1403 et
1800 1349 1931 1418 legis
1963 1349 2237 1402 translatir
2274 1349 2386 1402 ﬁat.
2415 1349 2470 1403 ln
2503 1366 2609 1419 quo
2635 1351 2778 1404 enim
2820 1351 2934 1405 haec
2981 1351 3260 1415 dicuntur,
3297 1353 3364 1406 de
3394 1352 3502 1406 alia
3537 1351 3689 1405 tribu

404 1459 486 1504 est
516 1450 582 1504 de
607 1466 711 1519 qua
745 1451 923 1505 nullus
955 1451 1112 1504 altari
1142 1459 1342 1521 prtesto
1368 1449 1490 1502 fuit.
1525 1446 1872 1502 Manifestum
1911 1455 1996 1500 cst
2031 1446 2175 1501 enim
2203 1447 2347 1516 quod
2375 1462 2439 1500 ex
2469 1447 2608 1501 Juda
2653 1457 2808 1502 ortus
2835 1447 2906 1502 sit
2933 1447 3192 1502 Dominus
3223 1458 3438 1512 noster;
3482 1449 3536 1501 in
3575 1461 3688 1515 qua

407 1548 551 1600 tribu
582 1549 714 1601 nihil
733 1547 799 1602 de
820 1549 1196 1603 sacerdotibus
1213 1547 1424 1617 Moyses
1449 1545 1658 1600 loeutus
1682 1553 1784 1600 est.
1820 1544 1884 1598 Et
1912 1543 2143 1614 amplius
2173 1544 2351 1600 adhuc
2380 1544 2726 1600 manifestum
2749 1553 2829 1598 est
2862 1545 2906 1599 si
2934 1546 3228 1600 secundum
3269 1545 3689 1600 similitudinem

406 1639 798 1697 Melchisedech
826 1653 1082 1714 exsurgat
1103 1644 1242 1699 alius
1265 1643 1543 1707 sacerdos,
1572 1641 1663 1712 qui
1693 1656 1800 1695 non
1840 1640 1894 1695 9.
1925 1640 2224 1694 secundum
2254 1639 2427 1709 legem
2452 1641 2690 1694 mandati
2735 1639 2974 1696 carnalis
3021 1638 3198 1694 factus
3217 1648 3321 1704 est,
3353 1639 3451 1694 sed
3488 1639 3573 1693 I0.
3603 1653 3694 1693 se-

408 1739 646 1791 cundum
690 1739 946 1794 virtutem
978 1743 1102 1796 vitae
1131 1740 1455 1796 insolubilis.
1489 1740 1576 1794 ll.
1609 1740 1962 1793 Conlcstatur
1983 1737 2159 1792 enim:
2186 1736 2452 1804 Quoniam
2499 1748 2552 1790 tu
2577 1754 2634 1793 es
2664 1737 2921 1793 sacerdos
2951 1737 3003 1791 in
3036 1747 3322 1793 aeternum.
3356 1737 3444 1792 12.
3484 1751 3692 1791 secun-

411 1833 541 1889 dum
565 1837 812 1892 ordinem
837 1835 1250 1892 Melchisedech.
1284 1834 1617 1904 Reprobatio
1638 1833 1855 1903 quidem
1887 1832 1948 1887 ﬁt
1981 1833 2343 1904 praecedentis
2379 1833 2642 1898 mandati,
2677 1844 2898 1903 propter
2941 1833 3028 1887 15.
3078 1833 3447 1888 inﬁrmitatem
3483 1829 3609 1898 ejus
3639 1840 3694 1884 et

412 1927 501 1982 H.
532 1928 910 1997 inutilitatem;
946 1930 1078 1985 nihil
1108 1929 1250 1984 enim
1276 1930 1342 1982 ad
1371 1928 1672 1999 perfectum
1698 1928 1921 1982 adduxit
1950 1927 2038 1983 lex
2070 1927 2183 1992 15..
2216 1928 2547 1984 introductio
2583 1943 2712 1984 vero
2739 1929 2978 1985 melioris
3005 1929 3141 1998 spei,
3171 1945 3269 1999 per
3301 1945 3463 1999 quam
3495 1928 3694 1999 proxi-

419 2039 636 2080 mamur
657 2030 724 2083 ad
753 2028 942 2082 Deum.
975 2028 1040 2082 Et
1065 2035 1324 2096 quantum
1348 2033 1430 2078 est
1463 2039 1568 2079 non
1596 2024 1713 2080 sine
1738 2023 2092 2094 jurejurando
2115 2025 2227 2095 (alii
2253 2025 2470 2096 quidem
2493 2026 2610 2081 sine
2632 2025 2986 2094 jurejurando
3009 2027 3318 2082 sacerdotes
3359 2030 3488 2082 factt
3517 2036 3652 2082 sunt
3677 2045 3693 2091 ;

415 2116 502 2173 hic
529 2128 711 2176 autem
736 2119 1249 2192 cumjurejurando,
1272 2134 1370 2191 per
1393 2135 1518 2175 eum
1555 2120 1649 2190 qui
1678 2121 1815 2174 dixit
1855 2121 1923 2176 ad
1945 2121 2096 2176 illum
2123 2138 2135 2174 :
2161 2120 2372 2176 Juravit
2410 2122 2698 2184 Dominus.
2734 2131 2788 2179 et
2823 2138 2930 2179 non
2973 2123 3260 2192 ptenitebit
3303 2138 3427 2179 eum
3456 2141 3473 2178 ε
3511 2121 3597 2177 Tu
3631 2135 3697 2178 es

1757 2273 2326 2329 COMMENTARIUS.

481 2412 535 2466 ι.
561 2410 634 2464 De
671 2408 797 2478 ﬁliis
823 2405 969 2461 Levi.
1009 2407 1084 2462 De
1107 2403 1371 2476 superiori
1399 2405 1666 2459 sententia
1718 2405 1821 2459 hoc
1858 2404 1990 2475 obji-
2019 2422 2066 2478 Α
2095 2405 2269 2461 factus
2313 2409 2568 2464 sacerdos
2622 2411 2918 2465 secundum
2970 2410 3142 2481 legem
3188 2410 3526 2478 Judzcorum,
3569 2428 3696 2483 quae

411 2504 575 2557 citur.
633 2501 796 2566 Quasi
855 2498 1051 2568 aliquis
1093 2498 1348 2552 diceret:
1389 2495 1504 2551 Non
1553 2507 1704 2566 potes
1767 2497 1997 2567 probare

416 2591 811 2647 Melchisedech
869 2605 968 2660 per
1013 2590 1115 2644 hoc
1177 2588 1510 2658 superiorem
1581 2588 1811 2642 Abraha:
1871 2589 1998 2658 quia

415 2685 652 2739 decimas
675 2684 742 2736 ab
767 2697 832 2736 co
854 2681 1090 2750 accepit,
1116 2679 1241 2748 quia
1269 2679 1583 2734 sacerdotes
1606 2679 1671 2734 de
1697 2680 1838 2733 tribu
1869 2679 1995 2736 Levi

416 2778 483 2831 ab
505 2776 625 2830 aliis
649 2774 894 2828 tribubus
919 2773 1219 2827 secundum
1244 2771 1415 2840 legem
1435 2771 1675 2826 decimas
1701 2772 1996 2842 accipiunt,

423 2867 622 2922 fratres
651 2865 862 2919 scilicet
908 2880 938 2918 ει
985 2862 1265 2926 fratribus,
1297 2870 1350 2916 et
1375 2861 1675 2933 eozequales
1703 2879 1730 2915 a
1757 2877 2000 2932 coaequa-

421 2960 581 3012 libus.

491 3050 544 3105 5.
575 3050 703 3105 Sine
727 3049 837 3104 ulla
873 3058 1067 3101 autem.
1106 3045 1425 3116 Responsio,
1443 3045 1565 3101 novi
1605 3045 1677 3100 ita
1716 3061 1858 3100 esse.
1895 3045 2002 3101 Sed

422 3139 819 3194 Melchisedech
848 3154 950 3192 non
987 3137 1357 3191 tantummodo
1381 3136 1621 3191 decimas
1647 3136 1877 3206 accepit,
1910 3136 2004 3191 sed

420 3231 584 3284 etiam
634 3229 909 3282 Abraham
964 3226 1262 3291 benedixit,
1311 3240 1376 3280 ac
1424 3241 1521 3296 per
1582 3226 1684 3279 hoc
1737 3227 1854 3280 sine
1897 3225 2002 3280 ulla

424 3315 851 3373 contradictione
899 3314 1070 3383 major
1098 3330 1162 3369 eo
1204 3322 1306 3382 est,
1340 3315 1466 3384 quia
1515 3313 1694 3369 minor
1719 3330 1749 3368 a
1781 3315 2006 3371 meliore

421 3424 637 3478 semper
658 3407 1013 3462 benedicitur.

497 3502 551 3554 6.
575 3500 813 3553 Decima:
839 3497 1134 3552 morientes.
1159 3498 1323 3564 Quasi
1365 3497 1573 3552 diceret
1599 3515 1612 3552 :
1646 3497 1752 3553 Per
1774 3499 1876 3553 hoc
1902 3513 2006 3552 non

425 3605 713 3660 possumus
737 3589 1038 3658 approbare
1071 3586 1463 3641 Melchisedech
1504 3586 1674 3643 fuisse
1727 3587 2010 3642 immorta-

425 3680 556 3744 lem,
587 3679 640 3733 id
669 3688 772 3744 est,
797 3677 1129 3747 significasse
1159 3677 1546 3743 inmortalem,
1587 3678 1714 3747 quia
1767 3679 2010 3733 decimas

427 3770 703 3824 Abraham
726 3768 961 3838 accepit;
1013 3767 1251 3838 quia'hic
1276 3766 1464 3832 etiam,
1495 3767 1548 3821 id
1573 3776 1676 3831 est,
1719 3768 1770 3823 in
1802 3767 1916 3838 lege
1945 3777 2002 3823 et
2032 3767 2080 3829 B

429 3860 732 3915 sacerdotio
753 3858 990 3913 Levitico
1015 3859 1308 3911 morientes
1332 3857 1579 3912 homines
1600 3859 1837 3913 decimas
1863 3859 2007 3913 acci-

429 3951 604 4021 piunt.
631 3949 734 4004 Sed
764 3949 860 4013 ibi,
894 3949 996 4002 hoc
1029 3955 1111 4000 est
1137 3947 1222 3999 ubi
1259 3946 1376 4000 sine
1399 3956 1552 4016 patre
1584 3956 1636 4002 et
1664 3957 1858 4014 matre,
1890 3947 2008 4003 sine

429 4043 584 4098 initio
609 4051 664 4097 et
690 4041 794 4095 line
824 4041 1032 4094 dierum
1082 4038 1363 4108 Scriptura
1419 4053 1542 4092 eum
1585 4049 2004 4106 commemorat;

429 4144 614 4204 aperte
637 4138 974 4188 contestatur
1001 4130 1114 4200 ipsa
1148 4130 1427 4200 Scriptura
1474 4131 1601 4200 quia
1631 4130 1785 4196 vivit,
1823 4133 1874 4186 id
1903 4141 2009 4198 est,

430 4226 701 4281 viventem
729 4231 785 4278 et
820 4222 1181 4276 immortalem
1218 4222 1508 4293 signiﬁcat.

502 4317 552 4369 7.
587 4315 649 4372 Si
673 4330 794 4384 ergo
818 4315 1216 4369 consummatio.
1265 4313 1320 4368 Si
1374 4314 1567 4383 inquit,
1622 4313 1707 4368 lex
1757 4330 2015 4370 consum-

431 4408 680 4474 mata,id
709 4416 812 4471 est,
841 4406 1096 4476 perfecta,
1145 4423 1250 4461 non
1293 4407 1550 4461 mutanda
1598 4407 1691 4462 sed
1730 4421 1899 4476 usque
1944 4407 2013 4461 ad

433 4500 597 4555 ﬁnem
637 4498 820 4553 seaculi
845 4513 1196 4567 permansura
1233 4499 1420 4568 218,
1464 4498 1584 4554 erat
1614 4500 1735 4553 data
1766 4514 1862 4568 per
1884 4499 2014 4553 illud

435 4603 648 4660 tempus
676 4603 782 4658 quo
811 4590 1161 4642 constitutum
1187 4597 1269 4643 est
1296 4589 1658 4643 sacerdotium
1687 4588 2011 4654 Leviticum,

437 4698 534 4736 cur
579 4679 723 4733 aliud
753 4671 1128 4734 saeerdotium‘
1161 4679 1458 4749 subrogat‘?
1487 4678 1623 4744 Quia
1649 4677 1794 4732 enim
1833 4678 2011 4743 simul,

436 4783 494 4828 et
518 4771 586 4826 ab
607 4771 819 4835 eodem,
855 4779 907 4825 et
950 4770 1050 4824 sub
1072 4771 1259 4825 eadem
1288 4771 1576 4840 sponsione
1610 4778 1836 4839 utraque
1889 4771 2012 4825 data

436 4871 594 4929 sunt;
623 4863 765 4934 quod
803 4863 871 4919 de
911 4878 1017 4918 uno
1050 4863 1270 4928 dicitur,
1325 4862 1393 4916 de
1447 4861 1619 4916 altero
1676 4876 1896 4918 necesse
1932 4873 2016 4917 est

438 4953 789 5027 intelligatur.
833 4955 971 5008 Tota
1012 4955 1154 5008 enim
1207 4952 1346 5007 ratio
1398 4952 1476 5006 sic
1526 4952 1810 5021 procedit:
1845 4951 1901 5006 Si
1931 4951 2012 5006 lex

438 5055 558 5102 erat
583 5061 960 5117 permansura,
987 5055 1043 5100 et
1081 5044 1474 5108 sacerdotium,
1508 5045 1601 5099 sed
1652 5044 2011 5098 sacerdotium

443 5137 788 5202 transfertur,
819 5135 903 5190 lex
929 5145 1109 5189 autem
1143 5148 1366 5188 necesse
1395 5142 1479 5188 est
1510 5133 1886 5190 transferatur.

513 5228 568 5283 8.
591 5226 831 5282 Alanos.
869 5223 930 5279 Si
955 5240 1076 5293 ergo
1096 5225 1492 5277 consummatio.
1513 5224 1570 5278 Si
1601 5226 2017 5291 consummatio,

2102 2499 2349 2554 carnales
2399 2502 2809 2559 observationes
2874 2505 3242 2575 prrccipiebat,
3277 2507 3404 2575 quia
3440 2524 3552 2562 non
3613 2517 3705 2563 est

2100 2588 2166 2642 de
2190 2589 2329 2643 tribu
2352 2590 2504 2656 Levi,
2535 2592 2675 2646 unde
2703 2595 3015 2650 sacerdotes
3039 2595 3164 2665 eligi
3191 2596 3305 2665 ipsa
3328 2596 3412 2650 lex
3434 2597 3701 2666 jubebat,

2102 2677 2196 2731 sed
2226 2681 2522 2735 secundum
2574 2685 2720 2753 quod
2766 2683 2968 2753 placuit
3008 2684 3193 2739 virtuti
3224 2685 3530 2742 divinitatis
3555 2704 3700 2753 suae,

2102 2766 2154 2821 in
2187 2780 2292 2835 qua
2329 2777 2469 2822 etex
2497 2785 2600 2838 qua
2626 2780 2709 2826 est
2735 2771 2846 2824 vita
2885 2771 3214 2838 insolubilis,
3247 2774 3300 2829 id
3329 2783 3433 2840 est,
3463 2785 3703 2842 :eterna,

2101 2877 2220 2933 qua:
2277 2873 2451 2917 morte
2480 2863 2874 2921 interveniente
2907 2882 3012 2921 non
3046 2867 3292 2924 solvitur.
3330 2869 3525 2925 Aliter.
3575 2869 3704 2925 Non

2100 2968 2184 3014 est
2207 2959 2381 3015 factus
2419 2957 2674 3014 sacerdos
2729 2967 2787 3011 ut
2818 2957 2869 3011 in
2908 2958 3194 3014 sacriﬁciis
3245 2959 3569 3016 observaret
3619 2958 3709 3014 vel

2101 3052 2379 3109 observari
2435 3051 2751 3123 praeciperet
2800 3051 3040 3106 carnalia
3083 3061 3352 3121 praecepta
3390 3052 3549 3124 legis,
3605 3053 3708 3108 sed

2103 3145 2441 3215 spiritualem
2461 3143 2895 3212 intelligentiam,
2927 3158 3048 3212 qute
3078 3151 3164 3198 est
3193 3144 3369 3199 virtus
3397 3158 3498 3214 per
3527 3157 3708 3214 quam

2105 3235 2272 3291 datur
2291 3236 2399 3290 vita
2442 3231 2785 3289 insolubilis:
2819 3232 3020 3287 Littera
3048 3236 3186 3288 enim
3225 3235 3435 3302 occidit,
3474 3232 3708 3305 spiritus

2105 3335 2278 3378 autem
2316 3325 2558 3392 viviﬁcat.

2177 3416 2263 3470 10.
2292 3415 2527 3469 Alanos.
2561 3413 2860 3468 Secundum
2892 3416 3152 3480 virtutem,
3210 3414 3262 3469 id
3307 3424 3414 3483 est,
3443 3416 3626 3472 vitam
3651 3416 3708 3472 in

2107 3505 2393 3576 semetipso
2455 3505 2656 3559 habens
2711 3503 3070 3560 insolubilem.
3132 3505 3391 3570 Quamvis
3433 3507 3587 3562 enim
3639 3509 3711 3561 ad

2110 3605 2320 3665 tempus
2347 3603 2591 3650 mortuus
2628 3605 2714 3649 est
2739 3609 2928 3662 carne,
2960 3604 3140 3651 tamen
3175 3595 3228 3651 in
3257 3606 3525 3652 teternum
3556 3597 3708 3653 divi-

2114 3688 2282 3741 nitate
2305 3687 2460 3741 vivit.

2183 3775 2268 3829 11.
2302 3775 2501 3829 Lassa.
2528 3773 2878 3829 Contestatur.
2911 3774 3112 3830 Probat
3140 3777 3464 3832 auctoritate
3488 3777 3709 3847 divina,

2110 3868 2237 3936 quia
2265 3866 2996 3921 scentulumsimilitudinem
3054 3866 3471 3936 Melchisedech,
3507 3886 3710 3927 exsur-

2112 3959 2254 4014 rexit
2287 3959 2426 4013 alius
2450 3959 2724 4014 sacerdos.

2183 4049 2271 4104 £3.
2298 4050 2536 4104 Asianos.
2569 4047 2866 4108 Secundum
2898 4052 3133 4106 ordinem
3157 4052 3567 4109 Melchisedech.
3603 4055 3712 4112 Or-

2114 4141 2294 4197 dinem
2321 4151 2498 4196 autem
2521 4141 2637 4212 ejus
2681 4142 2864 4198 multis
2899 4144 3072 4198 modis
3123 4144 3512 4215 interpretatur
3555 4149 3710 4217 quod

2112 4229 2258 4286 solus
2293 4238 2350 4284 et
2378 4244 2469 4285 rex
2499 4231 2599 4286 fuit
2643 4240 2699 4286 et
2744 4233 3023 4298 sacerdos,
3053 4243 3179 4290 ante
3222 4236 3710 4292 cireumeisionem

2117 4319 2331 4375 functus
2357 4323 2682 4389 sacerdotio,
2730 4332 2788 4378 ut
2830 4341 2935 4381 non
2963 4334 3094 4396 gens
3125 4342 3192 4381 ex
3223 4324 3442 4395 Judzeis,
3476 4329 3576 4384 sed
3613 4327 3715 4385 Ju-

2116 4414 2212 4470 daei
2240 4429 2304 4469 ex
2331 4416 2579 4487 gentibus
2606 4417 2968 4472 sacerdotium
3000 4428 3348 4489 acceperunt.

2187 4504 2273 4559 15.
2306 4503 2504 4559 Laure.
2553 4504 2945 4575 Inﬁrmitatem.
2998 4506 3165 4564 Vetus
3201 4509 3288 4564 lex
3310 4510 3526 4566 inﬁrma
3559 4524 3708 4577 erat,

2115 4598 2239 4668 quia
2288 4598 2582 4654 cultoribus
2631 4600 2744 4654 suis
2801 4602 3096 4670 perfectam
3142 4601 3410 4669 justitiam
3435 4603 3572 4662 dare
3599 4623 3708 4661 non

2117 4695 2345 4756 poterat.
2376 4687 2431 4742 Si
2461 4688 2603 4743 enim
2627 4689 2860 4747 cultores
2895 4689 3011 4759 ejus
3054 4693 3293 4763 perfecte
3329 4694 3460 4762 justi
3490 4706 3706 4761 essent,

2115 4788 2236 4848 post
2261 4789 2488 4834 mortem
2516 4781 2699 4835 statim
2749 4786 2987 4853 requiem
3013 4785 3247 4841 habituri
3278 4787 3474 4842 coelum
3505 4803 3704 4844 ascen-

2115 4867 2330 4923 derenl.
2364 4867 2470 4924 Sed
2502 4879 2618 4925 erat
2668 4886 2763 4940 per
2796 4874 2912 4942 ejus
2961 4868 3358 4931 observantiam
3380 4875 3711 4946 justiﬁi-atio

2119 4958 2396 5022 nonnulla,
2451 4968 2795 5029 peccatorum
2845 4963 3089 5019 remissio
3125 4965 3325 5034 aliqua,
3377 4975 3711 5022 nontamen

2119 5050 2293 5120 plena.

2197 5142 2281 5196 14.
2321 5141 2593 5199 Inutilem.
2647 5144 2839 5200 Inutile
2874 5145 2978 5200 fuit
3011 5157 3132 5217 post
3173 5149 3466 5203 adventum
3497 5148 3711 5206 Christi

2121 5234 2412 5289 observare
2435 5251 2498 5290 ea
2519 5251 2637 5305 quae
2661 5236 2779 5292 ideo
2801 5238 3018 5303 ﬁebant,
3042 5247 3101 5292 ut
3127 5253 3190 5294 ea
3215 5254 3335 5310 qua:
3367 5253 3516 5295 nunc
3542 5240 3708 5307 ﬁunt,

2123 5325 2476 5398 praedicerent
2496 5342 2618 5383 esse
2645 5327 2845 5382 futura.

2195 5417 2282 5472 15.
2305 5417 2545 5474 Alanos.
2577 5417 2925 5473 Introductio.
2950 5418 3149 5476 Habuit
3173 5421 3371 5492 quippe
3415 5436 3486 5477 ex
3526 5436 3707 5491 spem,

2126 5509 2219 5564 sed
2250 5525 2354 5562 non
2388 5509 2581 5575 talem;
2615 5511 2908 5579 sperabant
2958 5511 3099 5566 enim
3149 5512 3288 5568 bene
3312 5512 3619 5582 placentes,
3656 5519 3714 5566 et

2126 5601 2298 5670 legem
2363 5601 2457 5655 Dei
2521 5601 2883 5656 custodientes
2943 5601 3215 5670 possidere
3281 5611 3503 5664 terram,
3570 5598 3713 5656 nihil

2127 5690 2488 5745 airumnosum
2515 5691 2651 5762 pati;
2681 5691 2987 5762 evangelica
3021 5701 3202 5746 autem
3230 5699 3501 5761 praecepta
3523 5699 3714 5745 custo-

2130 5781 2356 5852 dientes,
2391 5797 2495 5838 non
2544 5791 2740 5840 terram
2774 5791 2992 5856 sperant
3035 5783 3333 5857 possidere,
3363 5783 3456 5840 sed
3479 5779 3708 5839 celum.

449 5317 502 5372 id
523 5327 628 5384 est,
663 5317 962 5389 perfectum
990 5299 1354 5369 sacerdotium
1398 5315 1696 5370 Leviticum
1729 5315 1848 5381 fuit,
1891 5318 2020 5388 quid

448 5427 675 5467 necesse
733 5409 833 5462 fuit
871 5407 1037 5460 alium
1088 5421 1310 5476 surgere
1348 5408 1725 5463 sacerdotem?
1774 5408 1829 5463 Si
1860 5409 2021 5480 igitur

446 5503 734 5557 sacerdotii
777 5499 1206 5565 translationem,
1262 5515 1483 5556 necesse
1513 5511 1596 5558 est
1644 5510 1698 5556 et
1734 5503 1864 5574 legis
1903 5517 2021 5557 esse

449 5594 896 5657 translationem;
945 5608 1117 5663 neque
1154 5601 1329 5664 potest
1380 5596 1632 5652 sacerdos
1689 5596 1805 5652 sine
1852 5606 2018 5651 testa-

450 5695 631 5739 mento
660 5698 800 5738 εεερ.

522 5773 576 5826 9.
627 5772 826 5828 Lta'rn.
875 5775 1168 5833 Secundum
1217 5779 1708 5867 {egent:_Cliristus
1739 5788 2025 5868 -n'onnest
