3938 6288
163 296 245 355 593
825 283 887 340 IN
922 284 984 341 D.
1017 281 1220 340 PAULI
1256 281 1474 339 EPIST.
1508 278 2149 340 COMMENT.-—-EPiST.
2186 287 2277 341 AD
2318 282 2523 346 ῖΗΕΒὶῖ.
3232 297 3335 354 ΞΜ

162 405 372 464 sacerdos
390 404 441 457 in
465 398 743 463 aeternum)
770 398 856 465 l6,
881 399 965 452 l7.
993 398 1047 451 in
1080 405 1287 451 tantum
1315 395 1403 450 l8.
1436 393 1676 447 melioris
1697 395 2005 449 testamenti
2034 394 2118 451 i9.
2155 410 2381 464 sponsor
2404 398 2577 453 factus
2605 410 2691 455 est
2711 401 2884 458 Jesus.
2913 403 2977 457 Et
3001 404 3086 459 alii
3116 407 3333 475 quidem

159 507 310 575 plures
332 499 450 559 facti
477 505 605 551 sunt
627 496 960 559 sacerdotes,
979 493 1186 549 idcirco
1213 490 1359 560 quod
1388 498 1564 543 morte
1599 487 2020 557 prohiberentur
2039 493 2401 558 permanere?
2428 492 2516 548 hic
2546 504 2725 550 autem
2749 511 2818 552 eo
2854 500 2999 567 quod
3030 510 3245 557 maneat
3276 504 3351 556 in

160 590 797 660 mmméempiternum
818 588 982 644 habet
1007 586 1393 642 sacerdotium.
1424 582 1517 637 20.-
1553 582 1703 637 Unde
1741 589 1796 636 et
1838 583 2052 638 salvere
2103 585 2156 637 in
2216 595 2533 654 perpetuum
2568 598 2745 658 potest
2781 592 3103 649 accedentes
3128 608 3225 664 per
3240 596 3331 651 21.

158 691 459 758 εειιιειίρευιιι
479 686 544 741 ad
568 685 747 740 Deum
760 699 972 754 semper
1002 684 1190 737 vivens
1215 680 1284 735 ad
1310 677 1762 747 interpellandum
1783 692 1883 747 pro
1910 678 2085 733 nobis.
2115 678 2261 735 Talis
2298 680 2441 735 enim
2478 682 2704 741 decebat
2736 694 2794 738 ut
2841 688 2999 743 nobis
3031 703 3171 745 esset
3204 706 3336 761 pon-

157 793 520 848 tifex,sanctus,
544 782 803 836 innocens
847 778 1178 848 impollutus,
1202 781 1517 846 segregatus
1537 788 1569 826 a
1592 773 1992 843 peccatoribus,
2019 783 2074 829 et
2106 774 2198 828 22.
2225 776 2491 830 excelsior
2512 777 2665 832 cmlis
2688 777 2891 844 lactus;
2924 782 3014 848 qui
3040 796 3147 836 non
3174 784 3340 841 habet

156 883 477 945 necessitatem
503 878 762 948 quatidie,
792 876 1243 946 quemadmodum
1268 873 1600 934 sacerdotes,
1624 868 1776 938 prius
1803 883 1900 939 pro
1930 871 2046 924 suis
2066 870 2280 926 delictis
2312 873 2520 927 hostias
2544 873 2743 928 oﬂ'erre
2786 876 2981 931 deinde
3012 892 3110 946 pro
3133 880 3335 949 populi;

155 983 233 1035 hoc
264 979 389 1031 enim
416 976 542 1031 fecit
565 974 735 1030 semel
786 974 1035 1039 seipsum
1063 968 1360 1025 oli'erendo.
1382 967 1474 1020 23.
1508 966 1622 1020 Lex
1644 965 1787 1020 enim
1816 964 2061 1021 homines
2090 972 2372 1026 constituit
2398 974 2711 1029 sacerdotes
2735 975 3102 1031 infirmitatem
3131 978 3337 1033 haben-

154 1088 245 1139 tes;
265 1086 427 1128 sermo
445 1078 619 1124 autem
633 1067 1010 1137 jurisjurandi,
1032 1066 1123 1135 qui
1150 1063 1461 1135 postlegem
1484 1069 1591 1125 est,
1619 1060 2177 1208 Filligmvitlt'aaternum
2203 1066 2526 1135 perfectum.

1252 1198 1259 1203 .
1523 1152 1653 1208 CAP
1839 1154 1854 1206 l
1908 1191 1923 1206 .

1523 1152 1750 1209 CAPUT
1792 1152 1923 1207 Vlll.

202 1249 300 1304 ιλ.
318 1246 608 1317 Capitulum
638 1258 817 1302 autem
859 1260 1022 1316 super
1050 1260 1113 1300 ea
1142 1260 1263 1314 quae
1292 1244 1542 1300 dicuntur
1571 1261 1585 1297 :
1615 1243 1803 1298 Talem
1827 1242 2091 1298 habemus
2122 1240 2433 1311 pontiﬁcem
2458 1242 2551 1312 qui
2579 1242 2823 1298 consedit
2852 1244 2904 1298 in
2931 1245 3155 1301 dextera
3189 1246 3349 1303 sedis.

148 1342 477 1415 magnitudinis
515 1342 567 1397 in
605 1340 781 1405 caelis,
821 1349 1134 1396 sanctorum
1172 1340 1441 1401 minister.
1474 1348 1529 1395 et
1554 1337 1889 1395 tabernaculi
1916 1337 2030 1392 veri
2094 1336 2235 1391 ouod
2264 1336 2383 1391 fixit
2412 1337 2692 1400 Dominus.
2721 1350 2776 1395 et
2806 1354 2912 1395 non
2940 1340 3122 1396 homo.
3150 1340 3343 1397 Omnis

145 1434 257 1489 enim
280 1433 326 1488 3.
353 1433 583 1490 pontifex
612 1436 682 1492 ad
708 1436 1041 1493 oﬂ'erendum
1096 1451 1322 1493 munera
1358 1446 1414 1492 et
1464 1436 1672 1492 hostias
1700 1434 2073 1497 constituitur;
2109 1434 2249 1489 unde
2292 1447 2515 1489 necesse
2542 1444 2626 1489 est
2654 1444 2711 1490 et
2740 1436 2881 1490 hunc
2915 1437 3116 1493 habere
3136 1439 3340 1509 aliquid

146 1529 257 1597 quod
284 1528 480 1584 oderat.
506 1531 558 1585 4.
586 1531 645 1587 Si
672 1546 801 1605 ergo
828 1541 974 1589 esset
1012 1546 1173 1602 super
1205 1542 1424 1595 terram,
1468 1547 1570 1587 nec
1598 1541 1745 1587 esset
1776 1528 2031 1585 sacerdos
2062 1543 2077 1590 ;
2109 1543 2235 1583 cum
2283 1537 2466 1583 essent
2491 1530 2584 1598 qui
2621 1528 2880 1586 offerrent
2919 1536 3216 1590 secundum
3257 1537 3351 1593 ιθ».

140 1641 235 1693 gem
249 1640 470 1691 munera,
496 1628 587 1698 qui
612 1628 906 1696 exemplari
931 1635 988 1683 et
1008 1642 1214 1683 umbra:
1234 1626 1545 1683 deserviunt
1572 1624 1624 1679 5.
1656 1623 1978 1680 cteiestium.
2005 1622 2159 1677 Sicut
2180 1634 2493 1691 responsum
2515 1622 2871 1695 219-220
2895 1636 2979 1683 est
2998 1628 3186 1700 Moysi,
3212 1647 3336 1687 cum

144 1732 491 1778 consunuuaret
518 1724 925 1781 tabernaculum
958 1743 971 1778 :
1002 1724 1153 1788 Vide,
1190 1723 1383 1794 inquit,
1413 1723 1595 1777 omnia
1618 1720 1784 1776 facito
1811 1718 2107 1775 secundum
2138 1717 2192 1772 ϐ.
2223 1717 2500 1787 exemplar
2538 1719 2681 1787 quod
2716 1720 2807 1774 tibi
2851 1730 3126 1779 ostensum
3162 1734 3248 1781 cst
3279 1727 3336 1782 in

141 1826 299 1873 monte.
322 1816 467 1872 Nunc
504 1824 683 1874 autem
714 1819 908 1874 melius
936 1818 1160 1875 sortitus
1192 1827 1278 1873 est
1323 1817 1707 1882 ministerium,
1734 1824 1939 1886 quanto
1973 1822 2028 1870 et
2060 1814 2114 1867 7.
2146 1812 2389 1867 melioris
2425 1815 2735 1868 testamenti
2764 1816 3032 1873 mediator
3057 1831 3168 1886 est,
3194 1835 3341 1890 quon

141 1930 181 1966 ιιι
206 1912 482 1968 melioribus
507 1915 1014 1986 repromissionibus
1047 1914 1313 1970 sancitum
1341 1924 1445 1969 est.
1470 1912 1605 1968 Nam
1654 1913 1701 1967 si
1737 1909 1866 1967 illud
1906 1910 2055 1979 prius
2087 1908 2243 1977 culpa
2288 1917 2553 1974 vacasset,
2586 1923 2691 1963 non
2723 1910 2907 1979 utique
2942 1915 3164 1970 secundi
3191 1914 3342 1973 locus

140 2008 464 2077 mquireretur.
488 2008 538 2063 8.
573 2005 899 2076 Vituperans
938 2009 1081 2063 enim
1128 2023 1225 2063 eos
1255 2007 1389 2064 dicit
1420 2025 1435 2061 :
1470 2007 1608 2063 Ecce
1639 2005 1755 2061 dies
1790 2005 2043 2069 venient,
2073 2003 2206 2058 dicit
2247 2003 2528 2070 Dominus,
2553 2012 2607 2058 et
2637 2007 3022 2065 consummabo
3050 2024 3213 2080 super
3240 2015 3339 2069 do-

140 2120 251 2157 mum
289 2105 458 2171 lsrael,
490 2115 543 2161 et
581 2120 746 2174 super
779 2103 995 2160 domum
1028 2105 1184 2169 Juda,
1238 2113 1617 2161 testamentmn
1662 2116 1881 2165 novum;
1915 2115 2020 2154 non
2060 2098 2354 2154 secundum
2388 2108 2768 2154 testamentum
2798 2104 2940 2172 quod
2970 2104 3072 2161 feci
3097 2109 3341 2177 patribus

138 2214 303 2265 eorum,
328 2200 377 2254 in
405 2201 490 2255 die
517 2216 621 2271 qua
651 2201 977 2270 apprehendi
1014 2216 1229 2255 manum
1268 2216 1455 2255 eorum
1489 2210 1545 2254 ut
1581 2200 1865 2253 educerem
1912 2194 2031 2251 illo's
2075 2197 2141 2250 de
2168 2204 2311 2249 terra
2343 2192 2587 2266 AZgypti,
2638 2198 2892 2265 quoniam
2924 2202 3024 2270 ipsi
3056 2219 3161 2258 non
3214 2221 3359 2292 per-_

1443 2289 2007 2351 COMMENTARIUS.

188 2407 254 2462 16,
280 2405 337 2462 1η
357 2418 552 2461 tantum
583 2406 832 2462 melioris.
864 2407 1167 2465 Secundum
1219 2411 1364 2481 quod
1399 2409 1642 2479 juratum
1673 2393 1719 2450 Α
1747 2403 2035 2471 sententia,
2062 2404 2130 2459 ab
2154 2420 2220 2460 eo
2252 2403 2332 2459 sic
2368 2405 2703 2460 nominatum
2730 2410 2871 2478 quod
2898 2412 3131 2467 breviter
3157 2416 3339 2485 capiat

136 2508 197 2550 t‘Sl
216 2498 271 2552 de
293 2512 351 2552 eo
379 2512 591 2568 semper
614 2515 738 2553 eum
767 2513 1103 2554 mansurum.

1706 2486 1711 2491 ’
1752 2498 1920 2551 totius
1950 2497 2177 2551 rationis
2221 2511 2508 2551 summam.
2543 2497 2655 2554 Hoc
2702 2510 2881 2555 autem
2918 2504 3213 2572 capitulum
3244 2509 3331 2562 in-

186 2588 460 2644 nima,
490 2588 558 2643 ιη
582 2600 806 2645 tangam,
851 2590 909 2646 ιη
958 2602 1216 2661 quantum
1262 2594 1507 2664 superius
1537 2594 1645 2649 dixi
1745 2588 1875 2657 cipit
1898 2588 1966 2643 ab
1994 2602 2059 2643 eo
2098 2588 2239 2656 quod
2270 2590 2550 2658 sequitur:
2582 2589 2757 2645 Talem
2802 2593 3070 2653 habemus.
3096 2596 3163 2651 Et
3192 2598 3334 2653 desi-

135 2676 228 2744 quia
258 2672 351 2731 vita
398 2687 596 2735 aeterna
624 2680 979 2751 promittitur,
1014 2691 1203 2739 etnon
1266 2683 1384 2739 sine
1434 2682 1646 2753 jureju-

136 2762 283 2822 rando.
602 2834 605 2837 Α

185 2854 256 2912 18.
288 2856 526 2925 Melioris,
553 2858 605 2914 id
633 2868 739 2925 est,
788 2861 920 2917 Novi
954 2858 1306 2929 Testamenti,
1354 2881 1450 2936 per
1496 2863 1649 2934 cujus

132 2947 474 3021 observantiam
501 2966 651 3021 spem
675 2952 932 3008 habemus
957 2954 1119 3008 eundi
1149 2954 1217 3010 ad
1246 2955 1435 3012 Deum.

188 3037 254 3091 l9.
307 3038 530 3097 Snonsor
608 3040 833 3099 Veteres
882 3044 1190 3101 sacerdotes
1264 3048 1650 3116 promittebant

132 3128 376 3187 cultoribus
428 3131 559 3205 legis
622 3134 832 3205 copiam
906 3136 1156 3209 frugum,
1207 3137 1503 3208 longaevam
1567 3141 1647 3194 vi-

133 3231 235 3285 tam,
260 3223 531 3281 victoriam.
572 3227 934 3293 inimicorum,
966 3239 1021 3284 et
1058 3240 1252 3285 caetera
1303 3231 1388 3287 his
1428 3232 1646 3288 similia.

132 3307 253 3365 Jesus
275 3322 440 3368 autem
462 3317 688 3385 spondet
731 3332 879 3387 spem
928 3333 1025 3388 per
1066 3334 1228 3389 quam
1282 3322 1650 3390 proximamus

132 3402 181 3453 ad
203 3401 365 3469 Deum,
395 3406 443 3459 id
473 3417 577 3472 est,
601 3407 769 3463 vitam
797 3420 1078 3475 aeternam,
1128 3413 1182 3464 iu
1221 3427 1325 3480 qua
1350 3412 1649 3469 videbimus

132 3491 262 3548 Datim
302 3496 429 3552 facie
452 3502 518 3554 ad
545 3501 758 3555 faciem.
794 3502 887 3557 Vel
915 3517 1144 3571 sponsor
1164 3515 1246 3559 est
1276 3504 1408 3559 Novi
1458 3505 1647 3559 Testa-

132 3587 261 3641 menti
282 3594 558 3647 secundum
587 3593 947 3660 divinitatem,
991 3595 1119 3665 quia
1137 3596 1319 3658 omnia
1350 3612 1471 3665 qua:
1491 3596 1651 3652 Pater

131 3678 250 3744 iacit,
276 3691 322 3735 et
347 3683 456 3752 ipse
484 3684 632 3740 facit.

1748 2680 1827 2733 nit
1855 2680 1944 2734 ubi
1976 2679 2174 2733 dicitur
2212 2697 2225 2731 :
2260 2678 2383 2733 Non
2421 2681 2597 2735 homo.

1821 2770 1875 2824 3.
1925 2768 2187 2838 Pontifex.
2236 2771 2318 2824 Ad
2378 2772 2709 2840 superiorem
2765 2776 3086 2830 sententiam
3146 2779 3333 2834 redit:

1752 2858 1866 2912 lloc
1897 2860 2034 2911 enim
2082 2858 2206 2927 fecit
2249 2858 2405 2912 semel
2448 2859 2737 2926 offerendo.
2766 2859 2929 2927 Quasi
2956 2862 3161 2920 diceret
3196 2882 3208 2918 ε
3243 2883 3335 2921 ra-

1752 2948 1911 3003 tionis
1954 2949 2053 3002 fuit
2081 2949 2223 3018 quod
2258 2963 2317 3004 se
2361 2949 2571 3015 obtulit,
2613 2951 2738 3020 quia
2785 2954 2952 3007 omnis
2997 2957 3238 3026 pontifex
3266 2966 3334 3012 ad

1758 3026 2179 3104 oferenda,‘etc.

1822 3129 1880 3182 4.
1919 3128 1977 3183 Si
2017 3145 2138 3199 ergo
2186 3145 2343 3197 super
2381 3138 2575 3183 terram
2601 3142 2751 3185 esset.
2784 3130 2942 3188 Ratio
2968 3149 3067 3189 cur
3090 3135 3340 3194 Christus

1752 3210 2323 3289 seipsumlobtulerit,
2359 3220 2434 3284 si,
2489 3221 2689 3291 inquit,
2737 3234 2883 3279 esset
2928 3241 3089 3296 super
3136 3237 3337 3286 terram

1753 3309 1897 3378 quod
1931 3323 2029 3378 pro
2060 3309 2297 3378 peccatis
2341 3310 2505 3364 totius
2535 3312 2719 3366 mundi
2741 3313 2897 3386 digne
2922 3328 3105 3385 posset
3128 3320 3335 3387 offerri,

1755 3414 1862 3451 non
1892 3406 2035 3452 esset
2073 3399 2328 3454 sacerdos
2365 3397 2560 3454 oﬂ'erre
2602 3400 2812 3470 dignus,
2836 3414 2891 3458 et
2936 3405 3059 3461 ideo
3106 3411 3340 3467 mundus

1756 3491 1891 3545 bene
1920 3487 2114 3542 obtulit
2146 3489 2368 3544 mundo.

1823 3601 1878 3656 5.
1909 3600 2224 3655 leesu'um.
2257 3601 2511 3657 Coelestia
2556 3614 2713 3659 vocat
2767 3619 3088 3675 praesentem
3131 3609 3338 3668 Christi

1758 3691 2072 3758 Ecclesiam,
2113 3690 2269 3762 cujus
2314 3709 2441 3765 pars
2483 3702 2565 3749 est
2600 3695 2653 3749 in
2700 3697 2884 3766 caelis;
2919 3714 3048 3769 pars
3086 3713 3337 3760 secutura

182 3768 491 3831 20.Asmaos
522 3773 670 3831 Unde
690 3789 739 3830 et
774 3777 994 3832 salvare.
1035 3777 1165 3846 Quis
1184 3789 1269 3835 est
1293 3780 1379 3849 qui
1406 3780 1655 3850 interpel-
1689 3758 1725 3814 Β
1761 3782 1932 3837 adhuc
1960 3758 2337 3855 peregrinatur
2379 3784 2433 3838 in
2466 3786 2644 3841 terris.
2676 3787 2824 3843 lianc
2865 3758 3169 3860 lighrabant
3190 3758 3339 3864 quae:

132 3861 203 3925 lat,
222 3863 312 3919 nisi
347 3866 586 3921 humana:
612 3877 820 3922 natura:
840 3869 1103 3924 divinitati
1122 3869 1472 3939 conjunctio,
1497 3887 1656 3940 quam

131 3963 311 4020 paterno
337 3958 466 4014 solio
499 3960 715 4016 advexit
734 3976 1221 4033 semper............
1247 3966 1314 4021 ad
1341 3965 1655 4022 salvandum

132 4043 470 4105 idoneos?Alii
512 4051 824 4122 pontiﬁces,
871 4052 993 4122 quia
1035 4069 1246 4126 semper
1298 4072 1403 4111 non
1457 4068 1651 4119 erant.

130 4150 305 4208 semper
341 4157 437 4196 non
481 4144 923 4212 ittterpeuabant;
963 4146 1050 4201 hic
1082 4163 1188 4203 non
1236 4148 1408 4205 solum
1456 4151 1510 4203 in
1555 4152 1655 4204 hac

131 4226 216 4281 vita
236 4231 389 4286 salvat
410 4249 500 4303 per
524 4236 1006 4304 interpellationem
1034 4239 1383 4294 humanitatis
1408 4256 1536 4303 suae,
1562 4242 1653 4294 sed

131 4319 259 4375 etiam
298 4324 350 4378 in
384 4325 558 4382 futuro
585 4325 867 4399 gloriﬁcat,
899 4330 1026 4383 dum
1066 4330 1240 4385 tradet
1288 4346 1512 4401 regnum
1546 4331 1655 4386 Deo

132 4420 175 4464 et
198 4412 419 4483 Patri,et
458 4422 715 4491 perducet
756 4431 974 4478 sanctos
1004 4422 1073 4478 ad
1109 4423 1371 4480 visionem
1417 4433 1656 4494 paternae

134 4502 404 4572 majestatis.

184 4591 260 4648 il.
280 4595 465 4654 Lm.
500 4599 603 4655 Per
620 4602 968 4669 semetipsum.
992 4602 1111 4673 Ipse
1138 4603 1389 4660 Salvator
1411 4605 1463 4659 in
1484 4604 1656 4658 Evan-

133 4682 245 4751 gelio
279 4687 444 4743 dicit:
488 4688 657 4745 Nemo
703 4692 835 4745 venit
888 4693 959 4745 ad
1012 4692 1242 4758 Patrem,
1294 4697 1393 4749 nisi
1431 4711 1522 4764 per
1577 4713 1657 4751 me

136 4774 280 4841 (loca.
300 4780 421 4852 xlv).
440 4782 512 4837 Et
528 4784 663 4839 alias
688 4801 703 4839 :
731 4782 843 4853 Ego
862 4801 979 4838 sum
1006 4787 1232 4850 ostium;
1258 4803 1350 4855 per
1373 4803 1450 4841 me
1478 4787 1523 4840 si
1542 4787 1654 4858 quis

137 4863 366 4933 introierit,
389 4872 672 4927 salvabitur
700 4872 880 4942 (Joan.
908 4873 985 4943 λ).

190 4955 513 5020 Rhenos.
554 4962 827 5033 Emisior
868 4964 1058 5034 factus.
1091 4966 1225 5032 Quia
1262 4969 1488 5025 adorant
1532 4985 1653 5024 eum

138 5059 291 5105 omnes
314 5057 471 5125 angeli
496 5056 615 5127 Dei.

190 5136 267 5192 2‘5.
300 5139 480 5199 ιωι.
516 5145 627 5200 ιη
668 5148 827 5201 enim.
856 5146 1012 5203 Ratio
1059 5163 1157 5207 cur
1199 5150 1507 5206 sacerdotes
1554 5166 1650 5208 ne-

140 5229 399 5290 cessitatem
422 5238 657 5297 habeant
703 5239 939 5307 quotidie
964 5255 1062 5309 pro
1104 5241 1216 5296 suis
1239 5241 1448 5298 delictis
1482 5244 1653 5299 sacri-

142 5315 330 5386 litandi;
364 5324 601 5383 Christus
634 5337 813 5382 autem
851 5344 976 5383 non.

195 5410 325 5466 CAP.
350 5414 469 5473 Vlil.
493 5449 563 5460 ——
587 5420 639 5473 ι.
676 5419 911 5475 Alanos.
957 5419 1255 5477 Caeitulum
1302 5436 1492 5479 autem.
1521 5425 1657 5480 Prse-

142 5504 346 5562 cedeutis
384 5509 743 5582 dispositionis
792 5514 1185 5584 recapitulatio,
1225 5519 1292 5574 ad
1338 5534 1451 5574 rem
1480 5519 1651 5588 ipsam

144 5592 369 5655 deducens
392 5603 705 5657 auditorem.

201 5686 249 5741 Ξ.
278 5688 456 5749 Lara.
485 5691 783 5761 Capitulum
826 5707 1018 5755 autem.
1045 5701 1347 5773 Cap:tu.um
1376 5716 1461 5765 est
1480 5710 1659 5767 brevis

370 5784 649 5847 ςΡΑτιιοι..
676 5786 810 5845 .CL.
1436 5820 1437 5823 η

1758 3885 1971 3942 cunque
2000 3873 2053 3926 in
2104 3875 2458 3929 sacramentis
2495 3874 2707 3931 Veteris
2739 3876 3071 3936 Testamenti
3116 3884 3337 3940 fiebant.

1759 3966 1910 4019 Sicut
1935 3963 2070 4021 alias
2101 3984 2114 4019 :
2158 3964 2288 4020 Han:
2321 3969 2494 4022 omnia
2521 3969 2576 4023 in
2606 3970 2778 4038 ﬁgura
2818 3975 3180 4045 contingebant
3208 3978 3336 4034 illis.

1830 4057 1884 4110 6.
1926 4055 2226 4125 Exemplar.
2263 4058 2556 4129 Exemplar
2606 4073 2849 4130 vocatur,
2901 4075 2956 4120 et
3011 4067 3142 4124 illud
3193 4071 3339 4139 quod

1759 4145 1840 4207 lit,
1876 4155 1930 4200 et
1959 4146 2084 4200 illud
2115 4149 2181 4202 ad
2210 4148 2362 4218 cujus
2394 4152 2803 4208 similitudinem
2848 4155 3050 4226 aliquid
3087 4160 3168 4225 lit,
3197 4160 3341 4216 sicut
3415 4225 3424 4237 ο

1756 4237 1983 4303 species,
2008 4236 2206 4307 imago,
2237 4237 2427 4307 figura,
2466 4241 2783 4299 similitudo.

1826 4347 1878 4400 7.
1916 4345 2167 4404 Melioris.
2210 4349 2443 4408 Melioris
2488 4362 2877 4411 testamentum
2923 4370 3082 4416 vocat
3129 4377 3335 4434 praeco.

1755 4445 1844 4505 pta
1880 4436 2206 4505 evangeliea,
2242 4454 2338 4510 per
2362 4456 2594 4509 quorum
2627 4445 3032 4503 observantiam
3070 4453 3338 4521 promitti-

1757 4536 1842 4581 tur
1864 4542 1987 4582 vera
2008 4527 2217 4596 justitia
2246 4540 2301 4585 et
2330 4533 2440 4587 vita
2491 4543 2716 4604 azterna,
2749 4540 2850 4595 hoc
2877 4551 2961 4597 est
3004 4545 3148 4598 enim
3194 4546 3338 4617 quod

1754 4617 2000 4687 sequitur
2033 4635 2046 4669 :
2079 4617 2231 4684 Quod
2273 4622 2328 4675 in
2372 4623 2695 4693 melioribus,
2722 4638 2828 4684 etc.

1825 4734 1879 4785 8.
1916 4731 2229 4802 Vituperans
2279 4739 2436 4791 enim.
2486 4741 2687 4795 Probat
2731 4745 3049 4814 prophetica
3101 4754 3339 4807 auctori.

1756 4831 1868 4877 tate
1915 4824 2041 4893 quia
2102 4827 2283 4881 saeculi
2342 4827 2490 4884 locus
2539 4831 2848 4900 inquiritur.
2899 4835 3108 4903 Quanta
3160 4850 3337 4897 autem

1756 4910 1998 4967 locorum
2047 4925 2101 4970 et
2147 4916 2568 4987 disputationum
2603 4925 2902 4982 subtilitate
2955 4930 3039 4986 hae
3101 4934 3341 5002 epistolae

1756 5001 1927 5071 plena:
1968 5005 2097 5068 sint,
2131 5006 2277 5074 (licet
2328 5010 2443 5079 ipse
2487 5011 2777 5081 Apostolus
2820 5015 2872 5071 in
2914 5001 3203 5078 scribendo
3230 5039 3338 5079 non

1682 5111 1724 5170 ρ
1756 5107 1994 5160 curaret,
2028 5097 2140 5167 ipse
2181 5099 2325 5153 enim
2372 5101 2424 5156 in
2472 5104 2736 5173 sapientia
2760 5108 2916 5163 verbi
2960 5119 3016 5164 et
3041 5111 3338 5167 subtilitate

1756 5202 2065 5254 sermonum
2094 5205 2152 5244 se
2184 5205 2288 5245 non
2313 5191 2457 5261 loqui
2486 5194 2619 5251 alias
2650 5201 2915 5268 testatur),
2950 5201 3229 5271 perspicax
3262 5201 3337 5257 le-
3364 5198 3369 5233 ῖ

1756 5287 1875 5333 ctor
1899 5279 2097 5349 poterit
2123 5280 2383 5337 invenire.
2414 5283 2635 5341 Summa
2661 5288 3039 5359 disputationis
3065 5291 3144 5345 sic
3161 5306 3222 5346 se
3239 5292 3341 5345 ha:
3368 5306 3371 5309 '

1756 5368 1849 5424 bet
1874 5384 1887 5422 :
1915 5368 1971 5424 Si
2002 5370 2135 5424 illud
2162 5373 2304 5441 prius
2354 5376 2506 5444 culpa
2552 5389 2802 5445 vacasset,
2842 5380 3021 5434 surculi
3042 5379 3188 5435 locus
3235 5382 3340 5436 non

1758 5459 2063 5529 inquireret,
2091 5463 2385 5529 vituperans
2409 5466 2565 5532 enim,
2593 5476 2697 5522 etc.
2720 5467 2874 5522 Prius
2904 5482 3030 5537 ergo
3052 5469 3203 5538 culpa
3233 5486 3341 5526 ηο..
3362 5474 3370 5495 ⁵

1755 5549 1985 5618 vacavit,
2009 5550 2061 5604 id
2084 5558 2188 5617 est,
2211 5552 2484 5609 hominem
2508 5572 2536 5610 a
2552 5557 2703 5627 culpa
2728 5556 2963 5626 perfecte
2984 5558 3213 5615 liberare
3234 5576 3342 5615 non

1755 5637 1951 5704 potuit,
1997 5639 2138 5694 sicut
2180 5649 2402 5696 econtra
2450 5644 2517 5700 de
2546 5642 2695 5700 Novo
2722 5645 3069 5704 Testamento
3096 5648 3298 5706 dicitur
3324 5662 3359 5703 τ’

1760 5723 2064 5782 Mandatum
2098 5731 2207 5784 sine
2236 5734 2465 5800 macula;
2497 5745 2575 5791 et:
2611 5734 2717 5789 Lea'
2746 5734 2952 5788 Domini
2980 5737 3342 5797 immaculata.

3036 5827 3109 5887 13

2407 5897 2443 5918 υ
