1969 3144
282 141 337 171 ωε
795 134 820 163 Β.
842 135 1039 164 LANFRANCI
1059 135 1233 165 CANTHAR.
1253 134 1411 163 ARCHIEP.
1853 129 1905 167 ικ

283 201 443 227 ntanserunt
453 197 479 223 in
495 199 658 224 testamento
673 201 743 226 meo.
762 198 790 221 et
803 201 853 229 ego
869 194 974 230 neglexi
988 201 1046 226 eos,
1069 194 1136 221 dicit
1149 194 1289 227 Dominus,
1303 194 1366 229 quia
1389 194 1442 221 hoc
1463 196 1505 221 est
1525 197 1718 222 testamentum
1738 192 1809 228 quod
1821 193 1905 229 dispo-

284 254 348 273 nam
363 245 453 273 domui
465 245 548 272 lsrael
563 248 624 280 post
637 244 697 271 dies
712 244 782 275 illos,
798 243 863 270 dicit
876 242 1007 270 Dominus
1022 250 1029 269 :
1050 242 1144 269 Dando
1157 242 1232 277 leges
1256 249 1331 270 meas
1345 242 1372 269 in
1388 245 1506 269 mentem
1520 248 1625 274 eorum,
1637 246 1665 268 et
1679 242 1707 269 in
1721 241 1805 269 cordo
1817 248 1903 270 eorum

280 291 483 326 superscribam
496 299 554 324 eas,
567 296 596 318 et
606 298 654 318 ero
666 291 705 318 eis
720 291 746 317 in
761 290 844 317 Deum
854 310 861 322 ,
875 294 904 318 et
922 290 973 325 ipsi
997 294 1077 317 erunt
1100 290 1165 317 mihi
1181 290 1208 317 in
1224 290 1362 325 populum,
1374 294 1402 318 et
1425 297 1479 317 non
1493 290 1600 318 docebit
1614 287 1801 323 unusquisque
1823 289 1907 323 proxi-

283 346 358 365 mum
381 346 471 371 suum,
487 343 514 366 et
535 338 719 373 unusquisque
743 336 856 365 fratrem
881 345 976 370 suum,
998 337 1116 365 dicens:
1133 336 1271 372 Cognosce
1298 337 1451 369 Dominum,
1466 337 1594 372 quoniam
1610 343 1707 364 omnes
1731 335 1818 362 scient
1839 342 1905 363 mea

283 386 392 414 minore
403 393 488 422 usque
501 386 535 414 ad
548 385 679 421 majorem
693 392 799 418 eorum,
814 385 876 419 quia
892 384 1024 420 propitius
1047 392 1096 412 ero
1111 384 1299 420 iniquitatibus
1321 391 1427 417 eorum,
1439 388 1467 411 et
1486 387 1659 419 peccatorum
1681 391 1776 412 eorum
1786 383 1839 418 iam
1855 390 1905 412 non

284 438 468 462 memorabor.
488 434 513 462 9.
534 434 652 462 Dicendo
664 437 753 461 autem
776 440 886 466 novum,
903 432 1037 460 veteravit
1050 432 1136 468 prius.
1153 432 1230 466 Quod
1245 436 1337 460 autem
1359 431 1518 467 antiquetur
1539 435 1568 460 et
1587 431 1708 460 senescit
1725 437 1809 467 prope
1831 431 1906 458 inter-

283 483 352 510 itum
365 486 416 511 est.

701 553 704 556 .
1007 527 1122 558 CAPUT
1141 527 1186 555 IX.

321 570 420 599 Habuit
432 570 541 606 quidem
560 575 587 599 et
608 571 683 606 prius
692 571 901 606 justificationes
921 572 1045 607 culturae,
1062 579 1090 601 et
1103 579 1225 602 sanctum
1248 573 1272 600 ί.
1289 571 1429 600 saeculare.
1443 569 1659 599 Tabernaculum
1673 569 1747 597 enim
1762 567 1858 595 factum
1870 572 1907 595 est

284 619 412 654 primum,
430 619 455 646 in
471 627 525 654 quo
537 625 616 647 erant
634 620 846 654 candelabra,et
868 628 972 655 mensa,
991 626 1019 649 et
1040 621 1190 657 propositio
1213 628 1324 656 panum,
1338 627 1398 655 qua:
1412 619 1511 647 dicitur
1531 618 1642 646 Sancta.
1657 617 1723 647 Post
1736 618 1907 646 velamentum

284 671 375 695 autem
388 667 548 701 secundum,
562 668 778 702 tabernaculum,
791 668 864 704 quod
880 668 989 702 dicitur,
1006 668 1106 697 Sancta
1129 672 1286 697 sanctorum
1302 676 1310 701 ;
1324 675 1437 695 aureum
1460 667 1564 695 habens
1581 666 1760 700 thuribulnm,
1775 670 1803 694 et
1823 673 1907 693 arcam

282 716 437 743 testamenti
463 716 668 744 circumtectam
681 725 715 745 ex
730 717 804 745 omni
820 722 895 753 parte
909 725 988 751 auro,
1002 718 1031 746 in
1056 727 1110 753 qua
1138 726 1206 746 urna
1230 725 1313 746 aurea
1338 718 1442 745 habens
1462 724 1579 749 manna,
1593 721 1623 744 et.
1642 716 1719 752 virga
1745 716 1844 748 Aaron,
1856 721 1908 749 qua:

285 759 365 795 221
381 759 552 795 fronduerat,
566 765 593 789 et
603 761 701 790 tabulae
715 763 884 796 testamenti,
897 771 1032 799 Superque
1045 772 1106 792 eam
1119 770 1198 792 erant
1210 764 1356 792 Cherubim
1369 764 1462 798 gloriae
1479 763 1669 792 obumbrantia
1681 761 1906 798 propitiatorim;

284 806 318 833 de
333 807 431 841 quibus
444 814 497 834 non
508 811 551 834 cst
565 808 645 837 modo
659 807 802 836 dicendum
829 816 878 844 per
906 809 1021 845 singula.
1046 809 1093 838 llis
1108 817 1172 837 vero
1199 811 1237 837 ita
1251 810 1423 845 compositis,
1455 809 1483 836 in
1509 808 1592 844 priori
1610 808 1719 843 quidem
1747 806 1908 834 tabernaculo

284 859 392 887 semper
406 852 554 880 introibant
568 853 735 886 sacerdotes,
751 854 948 882 sacriﬁciorum
968 854 1056 882 ofﬁcia
1080 859 1302 883 consummantes
1318 863 1326 887 ',
1348 854 1375 882 in
1390 853 1510 882 secundo
1525 858 1616 881 autem
1631 852 1715 880 semel
1729 852 1756 879 in
1781 859 1849 879 anno
1870 859 1909 879 ι»-

284 897 326 925 ius
341 897 472 933 pontifex,
485 905 538 926 non
552 898 610 926 sine
623 899 764 934 sanguine,
778 906 859 933 quem
874 899 953 927 oli'ert
963 908 1011 935 pro
1024 908 1071 927 sua
1085 905 1112 927 et
1125 900 1215 935 populi
1241 899 1407 935 ignorantia,
1430 899 1483 927 hoc
1511 898 1682 934 signiﬁcante
1707 896 1810 932 Spiritu
1824 900 1909 924 sancto

283 943 403 970 nondum
418 943 582 978 propalatam
596 951 656 972 esse
668 944 696 971 2.
709 949 865 972 sanctorum
883 944 965 978 viam,
988 945 1077 973 adhuc
1087 945 1113 972 5.
1130 945 1221 980 priore
1238 945 1411 973 tabernaculo
1426 944 1543 972 habente
1560 948 1673 971 statum.
1693 943 1760 977 Qua:
1781 943 1808 971 ι.
1837 951 1903 978 pars

283 989 345 1016 bola
361 993 403 1016 est
415 989 542 1024 temporis
556 989 693 1021 instantis,
708 988 785 1024 juxta
797 998 878 1025 quam
893 998 1007 1018 munera
1025 995 1053 1018 et
1068 991 1162 1018 hostiae
1174 990 1337 1024 offeruntur,
1351 998 1411 1026 qua:
1429 997 1482 1018 non
1496 994 1607 1025 possunt
1621 989 1699 1024 juxta
1724 989 1751 1017 5.
1780 990 1908 1018 conscien-

284 1033 352 1060 tiam
366 1033 515 1068 periectum
532 1033 623 1061 facere
635 1034 799 1062 servientem
810 1034 980 1062 solummodo
994 1035 1021 1062 in
1034 1035 1114 1068 cibis,
1127 1040 1155 1063 et
1173 1035 1201 1063 in
1227 1035 1345 1070 potibus,
1362 1039 1390 1062 et
1402 1034 1486 1062 variis
1512 1033 1735 1069 baptismatibus,
1758 1037 1786 1061 et
1806 1034 1909 1069 justitiis

281 1079 386 1111 carnis.
400 1086 485 1114 usque
503 1080 536 1107 ad
548 1083 653 1115 tempus
667 1080 845 1108 correctionis
857 1078 1001 1115 impositis.
1016 1081 1141 1109 Christus
1154 1085 1245 1108 autem
1257 1081 1387 1108 assistens
1403 1080 1523 1116 pontifex
1537 1079 1693 1107 futurorum
1709 1080 1853 1112 bonorum,
1866 1088 1908 1115 per

281 1125 400 1160 amplius
414 1130 440 1152 et
454 1125 599 1161 perfectius
610 1125 636 1153 6.
651 1125 852 1153 tabernaculum
867 1134 919 1153 non
936 1125 1132 1160 manufactum,
1148 1127 1174 1154 id
1189 1131 1246 1159 est,
1262 1134 1315 1154 non
1329 1126 1409 1161 hujus
1421 1126 1578 1158 creationis,
1594 1132 1682 1160 neque
1699 1132 1747 1160 per
1758 1125 1906 1160 sanguinem

281 1171 421 1199 hircorum
432 1176 478 1199 aut
493 1171 650 1204 vitulorum,
661 1172 708 1200 sed
721 1179 770 1206 per
779 1171 919 1207 proprium
932 1172 1103 1207 sanguinem,
1129 1172 1250 1200 introivit
1269 1172 1351 1199 semel
1366 1172 1393 1199 Ἰ.
1414 1171 1442 1199 in
1466 1172 1578 1205 Sancta,
1607 1177 1709 1199 aeterm
1733 1171 1907 1206 redemptione

280 1217 403 1245 inventa.
422 1217 451 1246 Si
464 1217 535 1244 enim
550 1217 660 1252 sanguis
671 1217 808 1245 hircorum
822 1221 850 1244 et
862 1221 1014 1249 taurorum,
1039 1221 1067 1244 et
1080 1217 1148 1244 cinis
1161 1216 1253 1244 vitula:
1267 1224 1404 1252 aspersus,
1427 1216 1581 1251 inquinatos
1607 1215 1760 1243 sanctiﬁcat
1778 1217 1811 1243 ad
1823 1224 1907 1244 emun-

284 1264 421 1291 dationem
437 1263 538 1296 carnis,
550 1267 652 1298 quanto
664 1263 750 1298 magis
762 1263 871 1297 sanguis
882 1262 994 1296 Christi,
1010 1263 1056 1298 qui
1071 1270 1120 1297 per
1133 1262 1263 1298 Spiritum
1278 1266 1402 1290 sanctum
1416 1256 1590 1297 semetipsum
1604 1261 1701 1289 obtulit
1713 1261 1904 1290 immaculatum

285 1310 351 1343 Deo,
365 1309 522 1337 emundabit
535 1310 730 1337 conscientiam
746 1315 865 1337 nostram
880 1310 907 1338 8.
923 1309 957 1337 ab
976 1310 1104 1344 operibus
1128 1309 1253 1341 mortuis,
1269 1309 1303 1336 ad
1327 1308 1499 1336 serviendum
1525 1309 1578 1336 Deo
1593 1308 1713 1336 viventi?
1725 1308 1759 1336 Et
1777 1309 1835 1336 ideo
1855 1310 1906 1336 novi

282 1354 440 1383 testamenti
450 1354 477 1382 9.
492 1355 625 1382 mediator
637 1359 689 1388 est,
707 1359 738 1382 ut
755 1354 798 1382 10.
813 1358 900 1382 morte
915 1354 1099 1382 intercedente
1111 1354 1138 1382 in
1157 1354 1369 1389 redemptionem
1394 1361 1489 1381 earum
1501 1354 1757 1389 praevaricationum
1768 1362 1826 1389 qua:
1839 1363 1882 1382 era
1891 1360 1907 1382 ιι

284 1400 336 1429 sub
347 1401 430 1435 priori
441 1404 605 1428 testamento
621 1400 859 1435 repromissionem
874 1400 1020 1435 accipiant,
1034 1400 1080 1434 qui
1099 1399 1187 1427 vocati
1203 1404 1278 1433 sunt,
1294 1405 1402 1427 aeternae
1418 1400 1594 1428 haereditatrs.
1607 1400 1651 1428 ll.
1677 1400 1729 1428 Ubi
1746 1401 1818 1428 enim
1834 1405 1907 1428 testa—

284 1452 406 1475 mentum
421 1451 472 1480 est,
488 1454 562 1474 mors
576 1454 687 1474 necesse
700 1451 740 1474 est
755 1446 905 1473 intercedat
923 1445 1070 1474 testatoris.
1086 1445 1292 1473 Testamentum
1302 1446 1373 1474 enim
1395 1446 1439 1473 l2.
1464 1445 1492 1473 in
1512 1446 1626 1474 mortuis
1643 1446 1831 1474 confirmatum
1854 1451 1905 1477 est;

283 1492 404 1527 alioquin
419 1492 537 1519 nondum
548 1491 630 1524 valet,
645 1491 708 1519 dum
724 1491 791 1518 vivit
809 1491 856 1525 qui
877 1494 991 1518 testatus
1002 1495 1053 1518 cst.
1073 1489 1149 1518 Unde
1165 1498 1216 1518 nec
1228 1491 1344 1525 primum
1359 1491 1466 1525 quidem
1480 1491 1539 1519 sine
1556 1493 1688 1528 sanguine
1703 1493 1852 1521 dedicatum
1863 1500 1904 1522 εει.

288 1538 373 1565 Lecto
385 1537 456 1565 enim
471 1537 545 1565 omni
560 1537 688 1565 mandato
702 1537 767 1572 legis
782 1544 797 1563 a
815 1536 906 1571 Moyse
932 1536 1059 1569 universo
1082 1536 1192 1571 populo,
1208 1537 1345 1572 accipiens
1372 1537 1529 1572 sanguinem
1557 1538 1702 1566 vitulorum
1729 1544 1756 1566 et
1783 1539 1906 1566 hircorum

283 1591 347 1612 cum
362 1591 442 1619 aqua,
458 1587 485 1611 et
499 1583 560 1610 lana
574 1583 699 1610 coccinea
723 1587 751 1610 et
778 1583 895 1618 hyssopo
920 1582 1006 1618 ipsum
1030 1590 1138 1618 quoque
1155 1582 1254 1610 librum
1273 1589 1301 1611 et
1319 1591 1426 1611 omnem
1448 1584 1575 1619 populum
1594 1586 1719 1620 asper:it,
1734 1586 1848 1614 dicens:
1866 1586 1905 1613 Hic

285 1628 396 1664 sanguis
408 1628 562 1656 testamenti
579 1628 650 1662 quod
666 1627 805 1655 mandavit
817 1627 852 1655 ad
867 1635 915 1655 vos
929 1628 1009 1655 Deus.
1023 1628 1112 1656 Etiam
1131 1628 1336 1657 tabernaculum
1358 1635 1386 1657 et
1397 1630 1478 1665 222
1495 1631 1586 1658 omnia
1609 1639 1674 1660 vasa
1696 1632 1838 1660 ministerii
1852 1640 1905 1661 san-

284 1673 366 1709 guine
380 1673 506 1702 similiter
516 1673 642 1707 aspersit.
659 1672 694 1699 Et
707 1672 797 1699 omnia
810 1679 879 1707 pene
894 1672 920 1700 in
939 1673 1070 1708 sanguine
1094 1673 1242 1701 secundum
1266 1673 1353 1709 legem
1379 1675 1554 1707 mundantur,
1570 1679 1597 1703 ct
1613 1676 1672 1703 sine
1689 1678 1828 1713 sanguinis
1849 1679 1904 1705 ellu-

284 1719 362 1748 sione
376 1725 428 1747 non
444 1717 474 1745 iit
488 1717 622 1745 remissio.
637 1716 753 1745 Necesse
766 1720 807 1745 est
821 1724 886 1746 erro
903 1717 1070 1753 exemplaria
1085 1718 1195 1753 quidem
1220 1719 1371 1747 ctelestium
1386 1719 1430 1748 his
1456 1720 1593 1754 mundari,
1619 1721 1676 1757 ipsa
1691 1728 1782 1751 autem
1799 1724 1904 1752 cteleslia

958 1764 1242 1794 COMMENTARIUS.

319 1813 346 1841 9.
367 1812 483 1839 Dicenda
495 1814 582 1839 autem
600 1819 705 1840 novum.
718 1812 757 1840 lla
770 1816 832 1841 sunt
845 1811 917 1840 inter
930 1818 959 1839 se
971 1810 1076 1839 Novum
1091 1813 1117 1843 Α
1163 1812 1189 1838 7.
1206 1811 1241 1839 In
1267 1811 1366 1840 Sancta
1397 1812 1515 1848 Exponit
1541 1814 1613 1849 quod
1636 1816 1763 1850 superius
1781 1817 1904 1844 vocaverit

282 1862 313 1886 et
324 1856 419 1890 Vetus,
435 1856 505 1884 sicut
527 1864 652 1890 magnum
670 1860 698 1883 et
720 1864 842 1891 parvum.
859 1856 1078 1891 Quotiescunque

281 1903 358 1931 enim
376 1902 436 1930 duae
449 1909 494 1930 res
508 1902 580 1929 inter
594 1909 623 1930 se
646 1902 831 1936 conferuntur,
848 1903 871 1930 si
893 1909 946 1930 una
965 1905 1078 1930 vocatur

282 1956 367 1980 nova,
382 1947 467 1975 altera
484 1951 581 1981 vetus;
599 1952 627 1975 et
644 1952 765 1975 econtra.

317 1994 397 2022 CAP.
415 1993 532 2022 lX.—-—l.
552 1993 652 2022 Laurn.
672 1993 815 2022 δίκαιαι-ε.
837 1994 1006 2023 Sacriﬁcium
1032 1993 1078 2021 Ju-

285 2040 404 2068 daeorum
426 2044 507 2068 vocat
524 2040 662 2074 saeculare,
677 2040 720 2069 vel
738 2041 801 2076 quia
815 2040 1010 2071 transitorium.
1025 2040 1079 2068 sic-

258 2114 263 2120 _
285 2089 317 2113 nt
335 2086 425 2113 omnia
444 2093 504 2120 quae
518 2085 596 2120 hujus
609 2086 699 2115 saeculi
712 2091 785 2120 sunt,
795 2087 838 2115 vel
855 2087 917 2122 quia
928 2087 955 2114 in
969 2087 1077 2115 modum

283 2131 416 2167 temporis
429 2131 541 2168 singulis
558 2133 636 2160 annis
655 2134 748 2161 eadem
768 2133 971 2169 repetebantur.

322 2177 349 2205 2.
363 2178 521 2205 Sanctorum
536 2179 614 2206 viam.
630 2178 792 2206 Sanctorum
815 2178 859 2206 via
886 2182 928 2207 est
953 2179 996 2207 vel
1021 2179 1079 2215 ipse

282 2221 423 2255 Christus,
434 2223 478 2250 vel
494 2223 644 2258 spiritualis
656 2223 834 2259 intelligentia
845 2223 923 2259 legis.

319 2269 349 2296 5.
362 2268 466 2297 Priora.
481 2268 559 2298 Prius
573 2270 777 2298 tabernaculum
791 2273 833 2297 est
851 2269 967 2297 carnalis
980 2269 1078 2297 intelli-

285 2313 379 2349 gentia
393 2318 420 2341 et
430 2315 602 2347 observantia
614 2314 699 2350 legis;
712 2314 872 2347 secundum,
891 2314 1050 2349 spiritualis.

320 2360 349 2388 4.
362 2359 496 2389 Parabola
510 2367 558 2389 est.
569 2361 707 2397 Allegoria
714 2360 820 2388 Veteris
830 2360 1013 2393 Testamenti;
1027 2361 1079 2389 hoc

284 2413 404 2440 przesens
415 2411 531 2442 tempus.
547 2407 573 2434 in
585 2414 639 2441 quo
652 2405 773 2434 Ecclesia
790 2405 891 2434 Christi
908 2405 1037 2433 fundatur
1051 2410 1079 2434 et

285 2453 371 2486 gratia
385 2452 452 2480 Novi
462 2452 628 2480 Testamenti
638 2451 811 2487 praedicatur,
826 2451 971 2486 signiﬁcat.

1129 1856 1333 1885 tabernaculum
1360 1866 1413 1886 non
1446 1859 1641 1894 manufactum,
1669 1860 1796 1890 videlicet
1825 1870 1905 1891 salsa

1127 1908 1283 1932 sanctorum
1299 1905 1430 1933 caelestia.

1158 1948 1189 1984 ,8.
1203 1949 1322 1977 AIBROS.
1337 1950 1375 1977 Ab
1390 1951 1520 1984 operibus.
1540 1951 1569 1980 Si
1592 1953 1653 1988 quis
1673 1956 1801 1990 tangebat
1821 1963 1904 1991 corpus

1128 1998 1275 2028 mortuum,
1289 1995 1473 2030 polluebatur;
1486 2002 1512 2024 et
1523 1997 1568 2025 hic
1580 1999 1602 2025 si
1622 1999 1684 2033 Quis
1708 2001 1826 2036 tetigerit
1849 2008 1904 2037 opus

1128 2043 1275 2072 mortuum,
1294 2041 1558 2077 contaminatur‘per
1569 2044 1776 2073 conscientiam.

1164 2095 1190 2124 9.
1206 2095 1305 2124 [ΑΜ-ιι.
1320 2095 1452 2125 Mediator
1469 2103 1517 2126 est.
1529 2099 1558 2127 in
1573 2107 1607 2128 eo
1621 2101 1693 2135 quod
1707 2101 1790 2130 homo
1801 2108 1851 2136 est,
1864 2110 1902 2130 no-

1128 2141 1154 2169 vi
1173 2141 1339 2170 Testamenti
1350 2144 1482 2172 mediator
1490 2144 1559 2180 fuit;
1571 2146 1634 2181 quia
1650 2146 1737 2183 legem
1758 2148 1807 2176 Dei
1831 2148 1902 2177 norni—

1128 2187 1208 2215 nibus
1221 2188 1320 2232 attulit.

1164 2244 1209 2272 10.
1224 2244 1312 2273 Morte
1322 2245 1506 2275 intercedente.
1518 2247 1642 2277 Christus
1655 2254 1781 2278 mortuus
1795 2256 1844 2282 est,
1858 2258 1901 2277 nou

1128 2290 1215 2318 solum
1230 2295 1259 2318 ut
1270 2295 1374 2326 gentes,
1389 2292 1436 2320 sed
1459 2297 1488 2320 et
1510 2292 1628 2326 Iudaeos,
1655 2298 1710 2321 tam
1735 2295 1810 2324 vivos
1834 2303 1900 2331 quam

1129 2339 1260 2369 mortuos,
1276 2336 1310 2363 ad
1321 2336 1405 2363 vitam
1419 2341 1548 2365 aeternam
1562 2338 1770 2373 praedestinatos
1783 2348 1800 2368 a
1815 2348 1901 2376 pm..-

1129 2381 1306 2409 ricationibus
1319 2389 1386 2418 quas
1396 2382 1447 2417 ipsi
1457 2383 1508 2411 sub
1524 2384 1611 2412 veteri
1632 2384 1691 2420 lege
1712 2387 1899 2417 commiserant,

1128 2427 1283 2456 redimeret.

321 2498 348 2526 5.
373 2498 573 2525 Conscientiam.
598 2481 677 2525 Juxta
712 2481 906 2525 conscientiam
931 2497 1007 2531 dicit,
1034 2496 1076 2525 vel
1092 2489 1114 2519 Β
1226 2481 1276 2510 Ubi
1293 2483 1364 2511 “im
1390 2488 1581 2514 mmm‘mum'
1604 2486 1723 2522 Εῖβοηίί
1740 2495 1845 2516 causam
1861 2495 1899 2515 θην

284 2545 348 2579 quia
363 2545 463 2580 legales
480 2542 574 2571 hostiae
588 2547 698 2579 peccata
717 2543 911 2579 cogitationum
931 2551 985 2572 non
1009 2551 1075 2579 pur-

285 2590 395 2625 gabant,
409 2590 451 2617 vel
462 2590 524 2624 quia
536 2590 570 2617 ab
594 2590 683 2617 anima
710 2590 904 2618 conscientiam
929 2591 1075 2626 perpetrati

282 2635 396 2663 sceleris
413 2634 533 2669 perfecte
546 2634 702 2671 abstergere
715 2643 768 2663 non
783 2640 918 2671 poterant.

321 2682 348 2708 6.
374 2681 591 2709 Tabernaculum.
616 2683 831 2711 Tabernaculum
855 2684 928 2718 quod
950 2683 1074 2711 Christus

284 2726 416 2759 introivit,
432 2731 512 2754 vocat
525 2728 633 2761 coelum,
651 2730 723 2766 quod
746 2730 909 2766 pcramplius
927 2734 955 2757 et
980 2730 1071 2766 perfe-

283 2768 356 2795 ctius
368 2773 504 2804 estquam
524 2770 587 2798 illud
610 2771 764 2801 Iudaeorum
786 2769 987 2802 tabernaculum
1001 2774 1072 2808 quod

284 2813 417 2843 uocabant
430 2815 529 2845 Sancta
543 2822 708 2848 sanctorum.

1127 2529 1251 2557 Christus
1273 2533 1395 2558 mortuus
1416 2531 1470 2563 sit,
1486 2531 1613 2560 videlicet
1637 2532 1702 2568 quia
1722 2538 1898 2563 testamentum

1127 2574 1287 2603 conditurus
1310 2579 1380 2603 erat.
1406 2575 1609 2605 Testamentum
1632 2583 1724 2607 autem
1751 2580 1803 2608 nisi
1823 2588 1837 2608 a
1853 2586 1898 2607 mo-

1127 2621 1216 2649 riente
1229 2629 1283 2649 non
1298 2622 1433 2650 conditur.

1164 2682 1207 2709 l2.
1221 2681 1254 2709 In
1266 2682 1386 2709 mortuis.
1403 2682 1556 2711 Secundum
1568 2683 1668 2720 legales
1678 2686 1770 2715 saeculi
1782 2685 1896 2721 loquitur.

1125 2728 1153 2755 in
1167 2728 1266 2763 quibus
1279 2728 1434 2764 praecipitur
1444 2729 1551 2757 vivente
1566 2735 1696 2759 testatore
1719 2736 1895 2760 testamentum

1125 2781 1178 2801 non
1189 2781 1250 2802 esse
1275 2779 1374 2801 ratum.
1391 2774 1438 2801 Est
1450 2778 1538 2801 autem
1553 2779 1756 2809 testamentum,
1771 2784 1787 2804 a
1810 2783 1859 2811 quo
1869 2774 1894 2801 ad

1127 2821 1216 2849 divina
1240 2825 1403 2850 testamenta
1433 2820 1611 2850 similitudine
1635 2822 1754 2857 ducitur,
1775 2822 1895 2852 ordinatio

1542 2926 1614 2934 πμ..
