3864 6300
107 291 226 352 597
803 287 871 345 IN
913 290 975 346 D.
1034 287 1241 347 PAULI
1279 288 1499 346 EPIST.
1525 285 1875 347 COMMENT.
1908 313 1980 331 -ο
2013 286 2229 348 EPIST.
2260 293 2350 349 AD
2389 291 2589 350 HEBR.
3256 297 3361 357 598

107 407 422 466 melioribus
443 405 638 463 hostiis
661 419 825 476 quam
860 405 996 460 istis.
1029 405 1116 458 15.
1147 404 1264 459 Νοιι
1286 405 1432 460 enim
1462 403 1516 458 in
1545 402 1854 458 manufacta
1885 410 2076 458 sancta
2115 403 2273 459 Jesus
2298 407 2564 472 introivit,
2589 406 2916 478 exemplaria
2958 421 3232 475 verorum,
3264 413 3356 466 sed

111 501 174 554 in
209 499 371 568 ipsum
392 496 610 558 caelum,
653 504 713 550 ut
739 504 993 565 appareat
1020 509 1164 550 nunc
1191 494 1362 548 vultui
1386 494 1481 550 Dei
1511 509 1610 565 pro
1640 494 1825 560 nobis;
1858 509 2032 562 neque
2057 503 2118 550 ut
2141 510 2281 565 saepe
2301 495 2494 553 offerat
2518 499 2888 569 semetipsum,
2909 504 3360 571 quemadmodum

105 589 349 660 pontifex
379 589 546 643 intrat
573 587 628 641 in
651 586 846 641 Sancta
872 601 970 656 per
997 585 1235 654 singulos
1259 600 1428 639 annos
1457 585 1512 639 in
1537 584 1800 654 sanguine
1833 583 2036 648 alieno,
2061 583 2301 654 alioquin
2348 585 2636 654 oportebat
2664 601 2785 640 cum
2813 585 3122 657 frequenter
3152 592 3265 660 pati
3296 594 3364 647 ab

104 680 320 750 origine
342 677 547 732 mundi.
579 675 734 731 Nunc
760 684 940 731 autem
971 674 1139 730 semel
1188 674 1241 727 in
1297 673 1766 728 consummatione
1804 672 2144 739 saeculorum,
2191 674 2260 728 ad
2311 675 2712 730 destitutionem
2756 676 2844 732 M.
2881 682 3111 748 peccati,
3142 696 3240 750 per
3269 684 3356 739 ho~

105 771 270 826 stiam
295 782 447 822 suam
472 765 743 836 apparuit.
774 763 841 818 Et
869 762 1324 834 quemadmodum
1352 769 1613 816 statutum
1649 770 1734 817 est
1787 760 2099 816 hominibus
2148 763 2316 818 semel
2347 765 2506 831 mori,
2556 774 2679 834 post
2707 766 2812 822 hoc
2843 776 3046 834 autem,
3070 771 3364 840 judicium;

102 863 189 915 sic
210 870 262 916 et
284 857 530 914 Christus
556 859 722 912 semel
744 855 958 911 oblatus
985 863 1070 911 est
1096 854 1164 909 ad
1191 852 1483 908 multorum
1513 851 1884 908 exhaurienda
1910 860 2130 922 peccata
2156 869 2171 918 ;
2202 852 2289 908 15.
2325 855 2562 910 secundo
2584 855 2670 910 16.
2699 857 2816 912 sine
2839 870 3066 928 peccato
3085 866 3369 932 apparebit

100 944 543 1004 exspectantibus
561 958 642 1009 se,
672 960 727 999 ιιι
756 943 1006 998 salutem.
1553 1007 1782 1065 CAPUT
1811 1010 1880 1064 Χ.

177 1107 235 1161 1.
271 1104 527 1161 Umbram
553 1104 696 1160 enim
725 1101 928 1158 habens
949 1100 1036 1158 lex
1061 1101 1366 1156 futurorum
1399 1101 1685 1167 bonorum,
1718 1101 1773 1154 2.
1807 1117 1912 1155 non
1947 1101 2120 1172 ipsam
2168 1102 2458 1175 imaginem
2488 1118 2690 1170 rerum,
2742 1123 2838 1177 per
2893 1112 3137 1182 singulos
3193 1130 3366 1171 annos

93 1199 308 1254 eisdem
342 1197 396 1251 3.
438 1197 574 1267 ipsis
597 1195 814 1260 hostiis,
836 1209 972 1265 quas
1000 1192 1235 1248 offerunt
1267 1193 1657 1258 indesinenter,
1688 1205 1965 1262 nunquam
2020 1204 2200 1264 potest
2224 1197 2544 1253 accedentes
2572 1202 2840 1268 perfectos
2882 1204 3094 1270 facere;
3127 1207 3364 1279 alioquin

97 1299 385 1344 cessasent
407 1287 614 1353 offerri,
641 1287 760 1342 ideo
791 1285 936 1356 quod
966 1285 1166 1339 nullam
1219 1283 1487 1340 haberent
1515 1283 1656 1338 ultra
1695 1286 2081 1340 conscientiam
2128 1289 2358 1356 peccati,
2390 1288 2630 1347 cultores
2680 1295 2846 1349 semel
2893 1298 3158 1365 mundati,
3195 1304 3286 1356 sed
3317 1304 3370 1357 in

97 1381 239 1450 ipsis
289 1378 738 1435 commemoratio
787 1386 1134 1447 peccatorum
1197 1388 1295 1444 per
1351 1375 1593 1446 singulos
1659 1390 1828 1430 annos
1885 1376 1964 1430 fit.
2017 1377 2352 1448 impossibile
2423 1382 2566 1437 enim
2627 1394 2712 1439 est
2761 1389 3018 1456 sanguine
3090 1400 3370 1449 taurorum

96 1480 151 1523 et
231 1469 505 1523 hircorum
567 1465 768 1521 auferri
821 1476 1067 1536 peccata.
1131 1465 1254 1521 ldeo
1311 1465 1619 1537 ingrediens
1674 1467 1936 1521 mundum
2013 1468 2146 1522 dicit
2205 1487 2219 1523 :
2287 1466 2532 1526 Hostiam
2601 1484 2657 1529 et
2709 1478 3042 1537 oblationem
3105 1485 3363 1550 noluisti;

97 1574 293 1628 corpus
326 1567 508 1612 autem
537 1557 736 1626 aptasti
764 1557 920 1611 mihi.
955 1555 1429 1612 llolocaustomata
1453 1571 1553 1626 pro
1588 1566 1813 1626 peccato
1841 1572 1948 1612 non
1978 1558 2075 1615 tibi
2096 1559 2435 1629 placuerunt.
2468 1561 2620 1620 Tunc
2651 1567 2761 1622 dixi
2793 1587 2806 1622 :
2844 1566 2986 1627 Ecce
3013 1576 3202 1642 venio;
3231 1578 3282 1631 4.
3317 1580 3370 1632 in

95 1651 273 1719 capite
322 1649 447 1704 libri
488 1649 749 1720 scriptum
803 1657 887 1703 est
940 1649 1007 1703 de
1050 1663 1139 1703 me
1169 1666 1181 1701 :
1215 1647 1288 1703 Ut
1341 1647 1560 1714 faciam,
1604 1649 1767 1714 Deus,
1826 1648 2157 1705 voluntatem
2212 1663 2380 1708 tuam.
2439 1654 2700 1726 Superius
2746 1660 2974 1717 dicens:
3015 1664 3151 1731 Quia
3207 1671 3372 1742 223

99 1744 346 1808 hostias,
399 1753 458 1798 et
505 1741 841 1808 oblationes,
901 1749 956 1796 et
1007 1740 1467 1796 holocaustomata
1497 1755 1596 1810 pro
1637 1750 1860 1809 peccato
1904 1742 2153 1807 noluisti,
2211 1760 2309 1802 nec
2361 1747 2555 1817 placita
2600 1759 2727 1805 sunt
2772 1751 2866 1808 tibi
2908 1770 3028 1823 qua:
3076 1740 3370 1817 secundum

93 1835 268 1905 legem
311 1833 633 1901 offeruntur,
662 1842 791 1888 tunc
830 1832 939 1888 dixi
974 1850 986 1885 :
1021 1832 1160 1886 Ecce
1186 1832 1365 1897 venio,
1411 1841 1469 1886 ut
1515 1830 1734 1898 faciam,
1767 1833 1931 1899 Deus,
1955 1834 2292 1894 voluntatem
2342 1849 2520 1907 tuam;
2553 1841 2729 1899 aufert
2756 1849 3015 1914 primum,
3047 1862 3108 1907 ut
3137 1869 3374 1926 sequens

96 1935 323 1979 statuat.
376 1925 433 1979 in
482 1939 588 1994 qua
637 1924 915 1980 voluntate
957 1922 1285 1978 sanctificati
1333 1939 1539 1988 sumus,
1574 1938 1671 1994 per
1697 1923 2026 1982 oblationem
2071 1931 2316 1998 corporis
2352 1928 2480 1988 Jesu
2519 1935 2725 1990 Christi
2773 1940 2962 1994 semel.
3007 1941 3059 1996 5.
3093 1944 3161 2000 Et
3198 1922 3376 2005 omnis

94 2016 311 2080 quidem
352 2016 610 2070 sacerdos
645 2024 846 2086 praesto
883 2024 968 2069 est
992 2015 1236 2085 quotidie
1275 2014 1616 2080 ministrans,
1642 2025 1698 2070 et
1724 2015 1946 2071 easdem
1987 2033 2130 2088 saepe
2157 2021 2391 2080 offerens
2431 2026 2658 2094 hostias,
2688 2045 2808 2100 quae
2851 2048 3125 2104 nunquam
3153 2054 3378 2108 possunt

95 2115 308 2163 :iuterre
336 2118 591 2178 peccata;
629 2107 718 2163 hic
750 2115 930 2162 autem
960 2122 1125 2161 unam
1155 2121 1255 2176 pro
1281 2107 1518 2176 peccatis
1551 2105 1786 2162 oll‘erens
1814 2108 2070 2174 hostiam,
2105 2111 2159 2166 in
2190 2125 2582 2184 sempiternum
2622 2121 2775 2176 sedet
2813 2122 2867 2176 in
2898 2123 3126 2180 dextera
3155 2105 3270 2195 Dei,
3309 2133 3377 2188 de

93 2206 292 2253 caetero
330 2207 652 2267 exspectans
678 2201 734 2252 6.
760 2197 932 2253 donec
975 2209 1246 2268 ponantur
1272 2197 1475 2253 inimici
1510 2196 1628 2267 ejus
1656 2199 1711 2252 7.
1737 2198 2033 2255 scabellnm
2061 2199 2257 2272 pedum
2301 2207 2436 2276 ejus.
2467 2208 2583 2264 Una
2612 2211 2756 2266 enim
2786 2213 3092 2282 oblatione,
3124 2233 3378 2275 consum—

97 2289 260 2343 mavit
305 2289 362 2342 in
391 2288 782 2358 sempiternum
831 2289 1217 2344 sanctiﬁcatos.
1248 2289 1304 2343 8.
1333 2289 1682 2344 Contestalur
1714 2300 1894 2345 autem
1926 2309 2025 2348 nos
2054 2304 2109 2348 et
2133 2295 2370 2365 Spiritus
2415 2311 2657 2355 sanctus.
2710 2303 3004 2375 Postquam
3034 2309 3179 2363 enim
3207 2310 3371 2367 dixit:

96 2379 204 2435 Hoc
245 2389 437 2434 autem
487 2387 888 2443 testamentum,
935 2380 1078 2450 quod
1126 2380 1370 2434 testabor
1410 2380 1478 2434 ad
1521 2379 1640 2434 illos
1679 2391 1801 2449 post
1845 2382 1961 2437 dies
2009 2383 2151 2450 illos,
2182 2383 2313 2440 dicit
2346 2387 2627 2455 Dominus,
2659 2390 2712 2446 9.
2747 2393 2932 2448 Dando
2963 2394 3110 2465 leges
3138 2414 3287 2455 meas
3320 2402 3373 2456 in

95 2473 351 2528 cordibus
375 2488 588 2540 eorum,
616 2482 671 2528 et
698 2473 752 2527 in
784 2472 1058 2528 mentibus
1103 2488 1292 2528 eorum
1338 2469 1736 2542 superscribam
1783 2484 1900 2537 eas,
1935 2481 1989 2528 et
2025 2486 2370 2545 peccatorum
2411 2489 2467 2534 et
2503 2480 2846 2550 iniquitatum
2887 2501 3074 2542 eorum
3109 2489 3243 2559 jam,
3267 2508 3374 2549 non

94 2562 426 2618 recordabor
469 2563 722 2634 amplius.
778 2562 879 2619 Ubi
921 2572 1100 2619 autem
1149 2564 1344 2619 horum
1394 2563 1678 2629 remissio,
1730 2561 1846 2633 jam
1891 2580 1997 2619 non
2049 2575 2133 2622 est
2182 2566 2384 2625 oblatio
2415 2587 2513 2642 pro
2559 2585 2803 2643 peccato.
2852 2576 3127 2638 [labentes
3170 2585 3374 2655 itaque,

96 2653 317 2720 fratres,
347 2655 598 2709 fiduciam
631 2656 716 2709 10.
746 2655 798 2708 in
830 2655 1058 2710 introitu
1101 2655 1429 2710 Sanctorum
1478 2655 1529 2708 in
1559 2655 1822 2725 sanguine
1845 2654 2069 2723 Christi,
2104 2661 2189 2714 11.
2224 2676 2388 2731 quam
2442 2664 2679 2721 initiavit
2725 2669 2881 2726 nobis
2923 2671 3069 2728 viam
3099 2653 3292 2733 novam
3322 2689 3378 2734 et

95 2745 366 2801 viventem
394 2761 494 2817 per
515 2746 759 2803 velamen
825 2748 879 2804 id
907 2756 990 2802 est
1040 2761 1265 2802 carnem
1311 2762 1486 2802 suam.
1517 2755 1573 2800 et
1604 2747 1940 2802 sacerdotem
1986 2766 2238 2820 magnum
2279 2770 2445 2826 super
2473 2758 2690 2815 domum
2720 2761 2840 2832 Dei,
2891 2765 3216 2827 accedamus
3250 2789 3375 2830 cum

1441 2857 1995 2918 COMMENTARIUS

95 2947 330 3005 hominis
355 2949 717 3021 prmcipientis
745 2949 875 3022 quid
906 2961 1026 3024 post
1053 2959 1285 3007 mortem
1331 2948 1448 3021 ejus
1473 2951 1539 3005 de
1585 2967 1673 3005 re-
1702 2955 1754 3014 Α
1781 2961 1878 3020 tae;
1907 2955 2008 3011 hoc
2028 2966 2209 3014 autem
2239 2963 2516 3034 exemplar
2546 2976 2631 3021 est
2658 2965 2804 3025 illius
2828 2972 2973 3042 quod
2995 2989 3098 3031 nos
3123 2976 3374 3046 facimus,

95 3037 189 3093 bus
211 3040 391 3109 ipsius
431 3042 503 3097 sit
523 3043 805 3112 agendum.
1789 3043 1842 3098 in
1876 3054 2450 3110 commemorationem
2479 3056 2537 3110 fit
2566 3058 2682 3129 ejus
2708 3037 2860 3130 quod
2875 3063 3078 3121 factum
3109 3078 3194 3125 est
3219 3088 3233 3124 :
3261 3037 3379 3127 Hoc

160 3131 247 3186 15.
276 3131 406 3187 Non
433 3136 592 3188 enim.
617 3134 1009 3204 Exponitipsas
1032 3135 1282 3190 meliores
1305 3134 1533 3198 hostias,
1563 3146 1682 3203 qua:

95 3232 172 3277 est
195 3239 334 3290 una,
362 3224 415 3279 id
438 3233 523 3279 est
548 3239 744 3294 corpus
774 3225 1000 3281 Christi.

159 3315 334 3371 Visus
353 3315 450 3388 [1⁵η
477 3316 632 3389 usus]
661 3328 841 3373 autem
865 3318 1116 3388 loquendi
1141 3317 1218 3372 sic
1243 3318 1404 3372 vellet
1432 3337 1444 3371 :
1482 3317 1533 3371 i'n
1559 3331 1674 3370 ma-

98 3407 334 3465 nufaetis
360 3410 570 3467 sanctis
587 3411 990 3482 exemplaribus
1017 3426 1293 3478 verorum,
1343 3411 1425 3467 vel
1473 3410 1526 3465 in
1567 3424 1680 3464 ma-

98 3501 312 3559 nufacta
346 3512 534 3559 sancta
565 3504 895 3574 exemplaria
929 3520 1203 3560 verorum.

163 3599 246 3654 ﬂ.
281 3598 522 3658 Peccati.
551 3599 767 3656 Peccati
793 3601 924 3657 dicit
954 3617 1052 3672 pro
1079 3611 1448 3672 peccatorum.
1482 3596 1678 3655 Omnia

99 3690 230 3745 enim
257 3699 496 3761 peccata
533 3691 804 3747 destruxit
825 3692 878 3746 in
905 3692 986 3747 his
1008 3693 1100 3763 qui
1129 3691 1391 3747 credituri
1422 3699 1600 3747 erant.

160 3786 244 3841 15.
282 3785 534 3842 Αιωιιοδ.
585 3785 832 3842 Secundo
880 3787 1169 3857 apparebit.
1208 3786 1325 3843 Non
1357 3786 1500 3841 enim
1551 3795 1679 3840 tunc

100 3885 208 3930 erat
234 3877 426 3932 hostia
451 3893 551 3948 pro
579 3887 822 3949 peccato.

160 3966 243 4022 16.
276 3968 487 4023 ιιιιειι.
516 3969 642 4026 Sine
666 3981 898 4041 peccato.
924 3971 1052 4026 Sine
1081 3980 1307 4043 peccato
1357 3972 1508 4038 dicit,
1560 3973 1677 4028 sine

102 4053 449 4112 similitudine
476 4059 659 4115 carnis
691 4061 922 4130 peccati.
949 4059 1004 4115 In
1037 4061 1212 4131 primo
1240 4061 1386 4116 enim
1437 4062 1675 4117 adventu

102 4159 188 4198 suo
217 4145 484 4201 Dominus
511 4147 672 4202 talem
699 4163 916 4204 carnem
945 4151 1180 4220 gestavit
1207 4149 1421 4221 qualem
1463 4158 1519 4205 et
1568 4165 1674 4204 cae-

103 4238 195 4292 teri
212 4238 467 4295 homines
497 4240 586 4310 qui
615 4249 929 4310 peccatores
955 4250 1140 4307 erant;
1171 4242 1227 4296 in
1255 4244 1489 4298 secundo
1520 4257 1668 4307 vero,

1787 3135 1964 3203 facite,
1990 3139 2186 3210 inquit,
2211 3143 2264 3197 in
2289 3161 2457 3200 nteant
2478 3155 3021 3212 commemorationem
3036 3158 3189 3231 (Luc.
3210 3163 3375 3235 ml).

1857 3225 1911 3280 t.
1942 3227 2010 3282 In
2043 3234 2213 3300 capite
2260 3235 2400 3289 libri.
2450 3236 2650 3309 Utique
2702 3245 2939 3313 pastelii.
2985 3225 3074 3304 ubi
3127 3225 3374 3310 dicitur:

1785 3311 1981 3373 Beatus
2015 3322 2127 3387 vir;
2169 3325 2259 3392 qui
2301 3327 2540 3396 psalmus
2564 3311 2860 3402 capitulum
2894 3339 3058 3396 totius
3097 3341 3219 3399 libri
3247 3346 3376 3402 dici-

1787 3419 1876 3464 tur
1910 3429 1940 3467 a
1966 3414 2312 3482 quibusdam.

1854 3503 1908 3556 5.
1948 3502 2016 3558 Et
2048 3509 2214 3562 omnis
2251 3507 2482 3580 quidem.
2515 3509 2823 3573 Ministrare
2867 3520 3192 3580 famulorum
3239 3537 3370 3594 est;

1784 3593 1976 3650 sedere
2008 3608 2140 3652 vero
2163 3598 2529 3657 dominorum.

1854 3683 1906 3739 6.
1946 3687 2124 3742 Donec
2149 3701 2435 3760 ponantur.
2474 3693 2590 3751 Non
2619 3690 2793 3754 solum
2825 3699 3028 3760 inimici
3055 3709 3145 3775 qui
3177 3708 3370 3769 inﬁde-

1781 3779 1861 3834 les
1895 3789 2042 3847 sunt,
2073 3783 2166 3837 sed
2203 3783 2366 3839 etiam
2400 3788 2490 3856 qui
2527 3789 2806 3850 immunde
2845 3795 3051 3853 vivunt.
3078 3797 3371 3863 Prudentia

1781 3871 1925 3925 enim
1955 3873 2137 3928 carnis
2164 3875 2382 3932 inimica
2417 3888 2500 3935 est
2529 3882 2662 3937 Deo.

1851 3958 1903 4016 7.
1944 3963 2148 4020 Laarn.
2189 3967 2508 4025 Scabellum.
2543 3974 2656 4030 Sub
2687 3979 2915 4046 pedibus
2956 3982 3162 4042 Christi
3206 4003 3371 4048 erunt

1779 4068 1967 4108 omnes
2011 4056 2102 4120 qui
2144 4067 2272 4112 sunt
2311 4061 2469 4116 modo
2515 4062 2719 4120 inimici
2767 4067 2884 4137 ejus
2933 4072 2984 4126 in
3029 4075 3118 4131 die
3153 4076 3369 4146 judicii,

1779 4144 1905 4214 quia
1936 4145 2003 4200 ad
2032 4147 2318 4216 imperium
2345 4150 2462 4220 ejus
2484 4193 2500 4220 ,
2530 4164 2624 4210 aut
2652 4161 2895 4216 conversi
2929 4163 3084 4219 ibunt
3117 4144 3170 4222 in
3198 4144 3366 4224 vitam

1779 4245 2059 4306 mternam,
2104 4250 2198 4296 aut
2242 4245 2550 4313 pertinaces
2595 4265 2913 4322 perpetuam
2953 4259 3232 4327 patientur
3274 4278 3366 4333 ge-

104 4324 151 4378 in
176 4335 328 4384 tanta
358 4305 532 4397 gloria
552 4305 682 4384 caro
704 4330 821 4400 ejus
851 4305 1133 4401 apparebit
1159 4341 1360 4400 quanta
1387 4346 1484 4387 nec
1511 4305 1673 4388 exeo;
1702 4305 1749 4366 Β
1778 4328 2034 4384 bennam.

105 4415 247 4483 gitari
272 4434 382 4475 nec
416 4419 672 4490 explicari
695 4420 763 4475 ab
791 4421 971 4491 aliquo
1007 4421 1314 4477 mortalium
1336 4431 1532 4492 potest.
1565 4423 1670 4478 Ρο-

106 4517 199 4564 test
223 4512 392 4567 etiam
424 4511 668 4584 intelligi,
725 4513 845 4568 sine
896 4522 1142 4582 peccato,
1196 4515 1312 4569 sine
1355 4514 1531 4569 hostia
1575 4529 1674 4568 oro

105 4614 352 4670 peccato;
387 4619 491 4658 non
519 4604 664 4660 enim
695 4613 825 4660 tunc
844 4606 1144 4675 apparebit,
1195 4613 1254 4659 ut
1291 4616 1512 4676 peccata
1541 4622 1670 4675 pur-

107 4699 202 4760 εθι,
228 4693 330 4750 sed
358 4693 595 4750 damnet.

167 4782 320 4842 CAP.
351 4785 423 4842 Χ.
449 4817 520 4830 —-
552 4787 604 4842 1.
634 4787 839 4844 Lucra.
888 4785 1136 4843 Umbram
1192 4787 1354 4842 enim.
1405 4786 1564 4844 Redit
1606 4788 1674 4843 ad

108 4875 432 4945 superiorem
459 4876 755 4945 rationem,
783 4875 873 4932 ubi
905 4877 1062 4943 dixit,
1085 4877 1285 4948 legales
1315 4879 1521 4934 hostias
1566 4894 1672 4935 non

107 4975 250 5030 posse
275 4966 464 5023 facere
487 4966 813 5024 servientem
838 4966 1138 5038 perfectum
1181 4977 1338 5037 juxta
1393 4972 1676 5026 conscien-

108 5054 244 5112 tiam.
273 5058 348 5113 Et
378 5067 462 5116 est
497 5059 803 5130 responsio,
857 5060 1014 5130 quasi
1058 5061 1304 5117 diceret:
1347 5076 1444 5116 cur
1491 5063 1674 5118 dixisti

109 5159 321 5214 peccata
345 5133 712 5209 exhaurienda
763 5168 860 5225 per
901 5153 1201 5221 Christum,
1235 5163 1292 5210 et
1318 5170 1425 5210 non
1474 5170 1571 5222 per
1598 5155 1675 5210 le-

110 5243 247 5307 gem?

167 5331 220 5386 ἱ.
250 5333 494 5390 Annos.
535 5334 660 5391 Non
689 5336 856 5408 ipsant
880 5337 1184 5408 imaginem.
1234 5335 1347 5394 Hoc
1397 5348 1478 5394 est
1529 5339 1674 5393 enim

113 5419 269 5490 ipsam
297 5428 606 5483 veritatem.

175 5515 224 5569 3.
259 5516 398 5587 Ipsis
420 5519 620 5575 hostiis.
653 5520 794 5588 Quid
830 5537 962 5593 ergo
998 5523 1134 5578 nos?
1155 5522 1344 5578 Nonne
1367 5539 1463 5594 per
1487 5524 1672 5594 singu-

113 5600 187 5660 los
213 5605 327 5664 dies
364 5609 674 5669 oderimus?
724 5613 1034 5681 Oll‘erimus,
1084 5616 1178 5670 sed
1228 5616 1294 5670 ad
1350 5616 1672 5672 reconcilia-

115 5693 300 5755 tionem
325 5703 513 5760 inortis
534 5703 668 5778 ejus,
696 5714 752 5762 et
771 5722 872 5763 una
900 5716 984 5764 est
1007 5707 1122 5763 hate
1145 5707 1340 5777 hostia,
1375 5724 1478 5762 non
1533 5707 1668 5763 mul-

1846 4423 1901 4478 8.
1935 4421 2290 4494 Conlestatur,
2326 4431 2392 4486 'id
2439 4442 2540 4499 est,
2593 4437 2881 4493 confirmat
2928 4442 3093 4497 verba
3147 4454 3361 4511 nostra.

1779 4516 1974 4584 quibus
2029 4520 2327 4578 asserimus
2375 4540 2481 4578 una
2540 4525 2815 4585 oblatione
2865 4533 3110 4602 corporis
3161 4537 3363 4596 Christi

1776 4618 1995 4678 peccata
2032 4612 2248 4680 penitus
2275 4629 2393 4670 esse
2417 4617 2660 4674 dimissa.

1850 4702 1902 4756 9.
1945 4703 2185 4760 Annaos.
2229 4705 2416 4762 Danda
2447 4709 2601 4781 leges.
2637 4713 2738 4768 ista
2771 4715 2857 4772 lex
2893 4727 2978 4775 est
3006 4721 3266 4792 charitas,
3304 4737 3364 4782 ut

1778 4796 1921 4864 quod
1969 4798 2126 4853 nobis
2176 4799 2427 4857 nolumus
2459 4805 2596 4871 fieri,
2643 4806 2800 4864 alteri
2847 4827 2951 4868 non
2984 4812 3275 4886 faciamus;
3309 4833 3366 4876 et

1780 4887 1920 4942 sicut
1947 4888 2000 4942 in
2018 4889 2310 4962 Evangelia
2325 4895 2547 4952 dicitur:
2566 4897 2898 4974 Quaecunque
2921 4909 3077 4964 vultis
3094 4922 3148 4964 ut
3165 4912 3363 4981 faciant

1778 4979 1919 5034 vobis
1940 4981 2194 5048 homines,
2222 4985 2403 5039 eadem
2431 4997 2478 5041 et
2501 5006 2586 5043 vos
2608 4991 2768 5058 facile
2787 4995 2860 5049 eis
2889 4997 3104 5067 (Matth.
3126 4979 3221 5066 Vit,
3248 5005 3359 5073 12).

1850 5071 1939 5124 10.
1980 5071 2182 5127 Lmrn.
2221 5073 2289 5128 In
2315 5076 2553 5132 introitu.
2605 5081 2888 5140 lntroitum
2927 5101 3087 5144 vocat
3139 5071 3358 5157 ccelum,

1778 5175 1888 5231 quo
1909 5164 2083 5218 sancti
2116 5165 2371 5222 intraturi
2403 5180 2530 5226 sunt
2553 5173 2812 5245 redempti
2841 5181 3104 5250 sanguine
3134 5182 3357 5239 Christi.

1850 5254 1939 5306 11.
1988 5253 2161 5318 Quam
2207 5258 2453 5314 initiavit.
2516 5261 2709 5319 Ordo:
2746 5266 2918 5333 Quam
2972 5271 3112 5325 viam
3162 5287 3358 5328 novam

1777 5342 1903 5413 quia
1955 5345 2133 5402 nullus
2184 5348 2461 5405 hominum
2498 5364 2623 5410 ante
2666 5355 2816 5411 illum
2855 5359 3050 5414 coelum
3088 5364 3355 5431 ascendit,

1712 5451 1716 5455 ’
1777 5441 1833 5488 et
1863 5434 2155 5502 viventem,
2189 5439 2241 5493 id
2264 5451 2368 5510 est,
2398 5457 2504 5497 non
2533 5444 2892 5516 deficientem,
2924 5462 3354 5523 permanentem,

1778 5527 1904 5594 quia
1937 5540 2111 5597 usque
2133 5530 2201 5584 ad
2229 5531 2388 5587 finem
2423 5535 2606 5590 saeculi
2637 5551 2927 5594 ascensura
2955 5552 3078 5597 sunt
3113 5548 3354 5602 membra

1780 5615 1947 5687 ejus:
1991 5619 2227 5678 initiavit
2277 5623 2433 5680 nobis
2459 5624 2706 5683 Christus
2779 5628 2829 5684 id
2869 5641 2952 5686 est
3022 5633 3224 5704 incepit
3265 5639 3351 5693 vel

1776 5708 2058 5765 dedicavit.
