3938 6288
526 269 634 326 599
1547 254 1605 309 Β.
1649 251 2036 309 LANFRANCI
2074 250 2115 309 Ω

2245 249 2399 307 'UAR
2452 250 2761 308 ARCHIEP.
2838 252 2841 255 ’
3668 251 3784 309 400

528 396 659 437 vero
688 380 851 437 corde
890 376 944 431 in
974 373 1306 445 plenitudine
1337 370 1481 435 ﬁdei,
1516 370 1721 441 aspersi
1750 370 1913 424 corda
1953 383 1981 421 a
2010 367 2341 423 conscientia
2371 366 2535 431 maia,
2565 376 2621 421 et
2650 363 2815 421 abluti
2850 376 3047 432 corpus
3078 375 3216 432 aqua
3252 362 3476 428 munda,
3510 370 3787 421 teneamus

527 471 644 541 spei
677 476 877 525 nostris
901 466 1298 522 confessionem
1328 462 1762 520 indeclinabilem
1788 458 1983 533 (ﬁdelis
2013 459 2157 513 enim
2187 468 2269 514 est
2298 459 2389 529 qui
2418 457 2772 527 repromisit),
2814 464 2868 513 et
2895 453 3322 517 consideremus,
3358 454 3448 509 12.
3476 455 3697 512 invicem
3726 458 3783 513 in

526 560 966 633 provocationem
1005 557 1291 613 charitatis
1326 565 1382 611 et
1413 558 1678 609 bonorum
1717 558 1964 621 operum,
2004 565 2113 605 non
2149 550 2465 606 deserentes
2508 549 2880 605 collectionem
2911 561 3175 618 nostram,
3218 567 3359 609 sucut
3386 558 3785 612 consuetudinis

527 666 610 711 est
640 654 983 726 quibusdam,
1012 653 1106 707 sed
1137 648 1503 713 consolantes,
1524 655 1592 717 .et
1618 655 1773 701 tanto
1802 644 1972 714 magis
1997 644 2085 699 l3.
2116 652 2319 713 quanto
2344 643 2592 698 videritis
2624 642 3146 713 appropinquantem
3174 645 3337 700 diem.
3356 645 3443 698 14.
3478 646 3785 703 Voluntarie

525 749 671 805 enim
698 744 1047 818 peccantibus
1080 741 1259 805 nobis,
1285 748 1407 810 post
1438 744 1717 807 acceptam
1757 735 2006 790 notitiam
2040 734 2312 799 veritatis,
2346 733 2459 803 jam
2499 748 2605 788 non
2642 731 2968 801 relinquitur
2992 749 3092 804 pro
3118 737 3357 807 peccatis
3395 737 3592 802 hostia,
3626 742 3789 794 terri-

524 835 653 897 bilis
680 843 864 891 autem
888 833 1135 903 quasdam
1165 829 1503 902 exspectatio
1538 827 1752 901 judicii,
1784 835 1839 883 et
1867 826 2010 897 ignis
2036 824 2331 884 amulatio.
2358 840 2479 895 qua:
2516 835 2900 894 consumptura
2928 835 3013 882 est
3041 828 3403 885 adversarios.
3436 830 3639 884 Iri-itam
3663 833 3787 901 quis

526 926 732 983 faciens
760 924 931 993 legem
961 922 1150 993 Moysi,
1179 922 1298 977 sine
1324 920 1430 974 ulla
1468 918 1817 974 miseratione
1855 916 2065 973 duobus
2091 915 2173 969 vel
2219 914 2391 985 tribus
2423 914 2653 969 testibus
2695 916 2943 980 moritur,
2971 926 3178 985 quanto
3210 920 3385 991 magis
3415 920 3614 990 putatis
3639 921 3788 977 dete-

526 1018 673 1074 riora
718 1014 913 1071 mereri
952 1012 1228 1084 supplicia,
1257 1016 1347 1085 qui
1378 1012 1461 1068 15.
1488 1011 1683 1066 Filium
1716 1011 1809 1065 Dei
1842 1010 2264 1074 coneulcaverit,
2293 1022 2348 1067 et
2382 1014 2700 1085 sanguinem
2743 1017 3050 1071 testamenti
3081 1016 3342 1085 pollutum
3374 1018 3585 1072 duxerit
3608 1018 3656 1073 in
3679 1034 3789 1088 quo

525 1108 897 1165 sanctiﬁcatus
920 1116 1023 1176 est,
1054 1105 1218 1179 225
1246 1114 1302 1161 et
1325 1103 1551 1175 Spiritui
1598 1103 1785 1174 gratiae
1821 1102 2203 1158 contumeliam
2246 1103 2473 1159 fecerit?
2522 1104 2610 1160 16.
2639 1103 2851 1160 Scimus
2878 1105 3021 1160 enim
3052 1109 3141 1176 qui
3174 1109 3350 1166 dixit:
3381 1110 3512 1165 Mihi
3540 1110 3788 1175 vindicta,

525 1210 582 1257 et
611 1216 710 1272 ego
737 1200 1056 1256 retribuam.
1088 1198 1154 1253 Et
1186 1198 1380 1253 iterum
1411 1214 1425 1249 :
1460 1193 1597 1262 Quia
1633 1191 1897 1263 judicabit
1925 1192 2189 1248 Dominus
2217 1192 2472 1263 populum
2514 1208 2693 1249 suum.
2732 1190 3069 1249 llorrendum
3115 1205 3200 1252 est
3239 1198 3481 1254 incidere
3528 1199 3579 1252 in
3606 1213 3791 1252 manus

526 1294 621 1349 Dei
647 1292 900 1349 viventis.
934 1285 1391 1346 Rememoramini
1424 1293 1603 1365 autem
1634 1285 1893 1356 pristinos
1920 1284 2053 1347 dies,
2089 1283 2143 1338 in
2177 1285 2373 1353 quibus
2412 1283 2696 1339 illuminati
2730 1300 2985 1356 magnum
3027 1294 3303 1342 certamen
3350 1285 3673 1341 sustinuistis
3702 1288 3786 1340 l7.

524 1386 856 1457 passionum,
888 1394 943 1440 et
978 1384 1031 1438 in
1065 1381 1237 1439 altero
1269 1382 1518 1453 quidem,
1555 1380 1859 1452 opprobriis
1903 1386 1959 1435 et
1997 1377 2435 1435 tribulationibus
2478 1379 2845 1457 spectaculum
2893 1378 3057 1445 facti;
3098 1379 3150 1434 in
3194 1378 3372 1434 altero
3420 1388 3620 1445 autem,
3662 1380 3788 1434 socii

526 1480 708 1534 taliter
733 1476 1175 1534 conversantium
1222 1474 1422 1532 effecti.
1468 1473 1604 1529 Nam
1635 1482 1691 1529 et
1714 1470 1912 1528 vinctis
1938 1470 2206 1540 compassi
2241 1470 2396 1535 estis,
2432 1477 2489 1524 et
2528 1468 2776 1539 rapinam
2809 1468 3072 1526 bonorum
3119 1481 3426 1528 vestrorum
3462 1486 3584 1525 cum
3608 1473 3792 1543 gaudio

524 1569 860 1639 suscepistis,
894 1573 1283 1639 cognoscentes
1305 1578 1402 1618 vos
1429 1562 1634 1617 habere
1663 1557 1945 1615 meliorem
1976 1565 2031 1613 et
2061 1567 2369 1613 manentem
2402 1557 2787 1641 substantiam.
2820 1558 2994 1614 Nolite
3024 1561 3209 1635 itaque
3237 1563 3323 1617 18.
3358 1562 3607 1616 amittere
3629 1562 3791 1617 conﬁ-

524 1659 763 1715 dentiam
791 1665 1053 1722 vestram,
1078 1670 1198 1725 quae
1240 1667 1493 1720 magnam
1538 1650 1704 1705 habet
1735 1647 2250 1703 remunerationem.
2279 1647 2366 1703 19.
2396 1647 2664 1706 Patientia
2692 1648 2837 1705 enim
2867 1651 3021 1706 vobis
3054 1653 3364 1708 necessaria
3400 1661 3505 1718 est,
3536 1661 3591 1705 ut
3611 1653 3791 1706 volun-

526 1756 693 1803 tatem
720 1746 817 1802 Dei
854 1744 1142 1807 l‘acientes,
1173 1744 1463 1815 reportetis
1493 1740 1929 1812 promissionem.
1962 1738 2153 1793 Adhuc
2180 1738 2324 1793 enim
2342 1740 2608 1796 modicum
2644 1740 3040 1811 aliquantulum
3065 1744 3156 1813 qui
3181 1753 3445 1799 venturus
3467 1752 3572 1809 est,
3599 1743 3791 1805 veniet,

525 1849 579 1895 et
606 1855 713 1895 non
746 1837 1002 1893 tardabit.
1037 1836 1222 1893 Justus
1256 1846 1436 1891 autem
1485 1849 1636 1889 mens
1663 1848 1731 1888 ex
1766 1831 1869 1887 ﬁde
1898 1831 2057 1897 vivit;
2091 1832 2235 1901 quod
2274 1831 2318 1886 si
2355 1832 2690 1888 subtraxerit
2729 1847 2808 1899 se,
2852 1849 2957 1889 non
3005 1834 3237 1905 placebit
3283 1834 3479 1889 animae
3510 1848 3653 1889 tuear.
3686 1831 3791 1886 Nos

527 1937 707 1983 autem
756 1943 861 1983 non
898 1941 1085 1983 sumus
1121 1925 1539 1983 substractionis
1566 1924 1658 1979 filii
1693 1923 1744 1978 in
1772 1921 2158 1993 perditionem,
2190 1922 2283 1977 sed
2320 1922 2442 1979 ﬁdei
2485 1926 2536 1979 in
2568 1926 2985 1996 acquisitiouem
3017 1926 3230 1982 animae.

1976 2013 2205 2069 CAPUT
2248 2014 2340 2069 XI.

598 2113 650 2166 1.
685 2110 782 2167 Est
819 2118 999 2165 autem
1039 2108 1173 2164 ﬁdes
1201 2106 1593 2178 sperandarum
1632 2104 1936 2160 substantia
1978 2120 2181 2169 rerum,
2214 2113 2594 2176 argumentum
2638 2119 2744 2159 non
2807 2104 3207 2176 apparentium.
3249 2104 3305 2160 In
3338 2106 3442 2160 bac
3473 2103 3610 2158 enim
3641 2104 3789 2171 testi:

532 2199 775 2255 monium
828 2196 1105 2254 consecuti
1156 2206 1285 2253 sunt
1325 2212 1503 2253 senes.
1537 2197 1668 2253 Fide
1696 2197 2048 2269 intelligimus
2075 2207 2255 2267 aptata
2284 2212 2404 2253 esse
2433 2198 2631 2254 saecula
2665 2199 2833 2254 verbo
2865 2198 2981 2265 Dei,
3016 2208 3075 2252 ut
3105 2216 3167 2255 ex
3202 2200 3255 2253 2.
3288 2199 3644 2253 invisibilibus
3664 2198 3783 2251 visi-

523 2291 652 2347 bilia
690 2291 900 2346 ﬁerent.
930 2289 1059 2345 Fide
1089 2289 1381 2360 plurimam
1422 2288 1655 2344 hostiam
1682 2289 1815 2343 Abel
1840 2305 2002 2359 quam
2032 2287 2165 2343 Cain
2205 2289 2404 2344 obtulit
2436 2290 2575 2357 Deo;
2618 2306 2716 2361 per
2746 2306 2908 2361 quam
2948 2290 3320 2346 testimonium
3370 2296 3685 2343 consecutus
3706 2295 3784 2340 est

522 2398 644 2442 esse
660 2383 862 2456 justus,
884 2383 1253 2439 testimonium
1278 2383 1599 2453 perhibente
1626 2383 1941 2437 muneribus
1968 2381 2084 2451 ejus
2110 2382 2220 2438 Deo
2247 2393 2302 2439 ct
2327 2399 2425 2455 per
2454 2384 2599 2439 illam
2627 2384 2913 2448 defunctus
2937 2385 3111 2439 adhuc
3137 2383 3392 2452 loquitur.
3420 2380 3551 2436 Fide
3581 2380 3781 2439 Ilenocb

524 2476 819 2531 translatus
861 2482 943 2530 est
979 2476 1281 2532 nevidcret
1329 2487 1580 2544 mortem,
1626 2488 1819 2533 etnon
1872 2477 2271 2542 inveniebatur,
2319 2479 2448 2548 quia
2480 2479 2755 2534 transtulit
2803 2479 2952 2534 illum
2990 2478 3161 2543 Deus;
3214 2485 3342 2531 ante
3391 2473 3779 2529 translationem

522 2564 667 2619 enim
713 2553 1081 2619 testimonium
1127 2566 1318 2621 habuit
1363 2567 1635 2638 placuisse
1688 2568 1818 2624 Deo.
1860 2567 1990 2622 Sine
2038 2567 2141 2623 ﬁde
2191 2578 2373 2624 autem
2425 2569 2756 2640 impossibile
2803 2580 2887 2624 est
2936 2569 3151 2638 placere
3184 2567 3310 2621 Deo.
3377 2565 3609 2621 Credere
3650 2566 3780 2620 enim

524 2667 736 2727 oportet
785 2657 1131 2713 accedentem
1182 2660 1249 2714 ad
1280 2658 1451 2714 Deum
1492 2661 1619 2729 quia
1658 2668 1762 2724 est,
1800 2668 1854 2714 et
1901 2660 2301 2729 inquirentibus
2327 2675 2385 2716 se
2418 2668 2792 2715 remuneratur
2818 2660 2907 2716 sit.
2956 2660 3085 2714 Fide
3113 2657 3247 2723 Noe,
3293 2672 3551 2733 responso
3578 2665 3784 2725 accepto

521 2750 592 2812 de
632 2751 698 2806 iis
734 2766 856 2822 qua:
883 2751 1062 2805 adhuc.
1105 2767 1210 2807 non
1239 2752 1587 2818 videbantur,
1629 2760 1876 2808 metuens
1918 2752 2122 2821 aptavit
2153 2768 2337 2807 arcam
2372 2752 2425 2805 in
2455 2752 2685 2806 salutem
2720 2752 2911 2805 domus
2940 2766 3072 2816 sua‘,
3109 2765 3204 2820 per
3242 2765 3404 2819 quatn
3444 2749 3500 2805 5.
3530 2748 3780 2803 damnavit

528 2840 785 2895 mundum
828 2849 883 2895 et
910 2841 1156 2911 justitiae,
1196 2859 1316 2913 quae
1343 2845 1502 2915 225
1533 2860 1631 2916 per
1678 2846 1837 2899 ﬁdem
1875 2854 1976 2909 est,
2018 2846 2193 2900 haeres
2230 2852 2314 2899 est
2350 2844 2646 2899 institutus.
2682 2843 2815 2897 Fide
2849 2842 2939 2910 qui
2976 2850 3201 2896 vocatur
3228 2841 3535 2906 Abraham,
3565 2839 3780 2895 obedivit

528 2936 584 2988 in
610 2934 787 2989 locum
816 2934 999 2998 exire,
1027 2952 1187 3005 quem
1216 2951 1541 3011 accepturus
1581 2950 1702 2996 erat
1738 2941 1790 2995 in
1830 2940 2235 3005 haereditatem,
2276 2949 2333 2995 et
2365 2940 2525 3006 exiit,
2554 2939 2803 2993 nesciens
2833 2954 2941 3008 quo
2974 2938 3096 2992 iret.
3131 2937 3261 2992 Fide
3294 2939 3607 2992 demoratus
3634 2937 3775 2993 estin

531 3043 676 3085 terra
716 3034 1178 3104 repromissionis,
1214 3043 1469 3105 tanquam
1502 3037 1556 3090 in
1590 3036 1798 3103 aliena,
1827 3036 1878 3090 in
1905 3035 2102 3091 casulis
2136 3036 2463 3101 habitando,
2493 3051 2613 3091 cum
2644 3035 2794 3090 lsaac
2824 3044 2877 3088 et
2907 3032 3073 3089 Jacob
3105 3034 3480 3089 COIIiBl‘CtlibllS
3507 3033 3776 3103 repromis-

530 3127 701 3184 sionis
725 3126 986 3195 ejusdem.
1016 3128 1378 3201 Exspectabat
1411 3132 1554 3185 enim
1587 3131 1939 3186 fundamenta
1964 3131 2252 3187 habentem
2284 3130 2591 3196 civitatem,
2630 3129 2782 3198 cujus
2811 3130 3006 3185 artifex
3032 3138 3087 3185 et
3113 3130 3361 3186 conditor
3401 3132 3561 3187 Deus.
3594 3132 3711 3187 Fide
3731 3141 3778 3186 et

532 3222 647 3291 ipsa
675 3220 810 3277 Sara
844 3223 1048 3280 sterilis
1073 3225 1329 3280 virtutem
1358 3226 1413 3281 in
1438 3226 1849 3296 conceptionem
1879 3227 2109 3281 seminis
2127 3228 2364 3297 accepit,
2394 3229 2559 3280 etiam
2592 3236 2792 3297 prseter
2826 3236 3040 3297 tempus
3064 3227 3268 3293 :etatis,
3303 3242 3559 3297 quoniam
3591 3229 3776 3284 ﬁdelem

532 3322 903 3379 crediditesse
927 3338 1050 3379 eum
1077 3327 1169 3398 qui
1200 3328 1610 3398 repromiserat.
1653 3326 1886 3397 Propter
1919 3327 2062 3398 quod
2092 3337 2145 3383 et
2171 3328 2228 3382 1.
2265 3328 2334 3383 ab
2356 3344 2463 3383 uno
2490 3327 2594 3384 orti
2623 3338 2749 3383 sunt
2778 3327 2855 3399 (et
2894 3329 2995 3383 hoc
3025 3328 3294 3397 emortuo)
3327 3335 3584 3395 tanquam
3622 3325 3778 3379 sidera

530 3424 657 3480 cmli
687 3426 742 3480 in
775 3425 1171 3481 multitudinem
1191 3464 1205 3487 ,
1234 3430 1289 3477 et
1315 3423 1455 3478 sicut
1479 3437 1644 3478 arena
1676 3438 1797 3492 qua:
1822 3422 1988 3478 estad
2011 3439 2160 3478 oram
2186 3425 2352 3479 maris
2376 3425 2803 3481 innumerabilis.
2827 3423 2986 3480 Juxta
3013 3426 3172 3479 ﬁdem
3197 3424 3439 3480 defuncti
3468 3431 3587 3478 sunt
3612 3432 3779 3479 etnncs

531 3521 620 3577 isti
644 3564 659 3590 ,
687 3538 792 3579 nou
818 3523 1057 3594 acceptis
1086 3520 1638 3593 repromissionibus,
1665 3521 1758 3577 sed
1789 3536 1819 3575 a
1852 3520 2007 3593 longe
2034 3536 2128 3577 eas
2152 3521 2481 3593 aspicientes
2501 3532 2556 3577 et
2583 3522 2912 3588 salutantes,
2946 3531 3003 3576 et
3030 3521 3353 3577 conﬁtentes
3378 3520 3506 3589 quia
3536 3518 3776 3589 peregrini

530 3629 587 3673 et
612 3619 849 3691 hospites
873 3630 999 3676 sunt
1020 3635 1184 3690 super
1213 3627 1436 3673 terram.
1477 3616 1579 3685 Qui
1611 3618 1754 3672 enim
1792 3616 1911 3672 haec
1941 3617 2162 3683 dicunt,
2184 3618 2491 3690 signiﬁcant
2520 3633 2577 3674 se
2597 3619 2829 3689 patriam
2870 3618 3165 3687 inquirere.
3200 3618 3265 3672 Et
3294 3616 3339 3672 si
3377 3615 3593 3686 quidem
3633 3612 3777 3682 ipsius

531 3718 905 3773 meminissent
932 3720 997 3773 de
1019 3734 1123 3788 qua
1147 3717 1425 3781 exierunt,
1454 3714 1729 3770 habebant
1760 3714 1948 3784 utique
1976 3724 2187 3784 tempus
2213 3715 2555 3783 revertendi;
2584 3731 2727 3770 mine
2757 3724 2937 3770 autem
2966 3713 3248 3770 meliorem
3284 3721 3574 3783 appetunt,
3604 3711 3653 3766 id
3678 3721 3775 3771 ea.

1264 3878 1269 3881 1
1876 3809 2426 3867 COMMENTARIUS

606 3908 690 3962 12.
733 3908 979 3963 Invicem.
1028 3907 1175 3961 Alter
1214 3903 1521 3963 consideret
1552 3903 1682 3973 quid
1718 3902 1841 3958 boni
1871 3903 2007 3955 alter
2036 3902 2111 3955 fa-
2144 3910 2189 3963 Α
2216 3903 2437 3967 amittit,
2467 3903 2557 3972 qui
2589 3904 2788 3958 bonum
2823 3902 3027 3959 deserit
3057 3908 3110 3954 et
3140 3899 3343 3955 malum
3377 3898 3528 3954 facit.

533 4002 662 4063 ciat,
695 4016 800 4054 non
832 4011 889 4053 ut
920 4000 1179 4065 invideat,
1213 3998 1307 4052 sed
1337 4006 1394 4050 ut
1425 3996 1730 4065 exetnplutn
1761 3994 1960 4048 bonum
1994 3993 2118 4048 inde
2294 3993 2380 4047 19.
2440 3990 2727 4047 Patientia.
2777 3991 3024 4053 Ostendit
3066 3990 3340 4059 quomodo
3395 4004 3502 4043 non
3532 3985 3775 4040 amittitur

531 4103 729 4148 sumat.
2219 4084 2592 4139 confidentia:
2641 4083 2707 4139 In
2752 4084 3007 4154 patientia
3046 4083 3217 4148 enim,
3258 4081 3457 4152 inquit,
3481 4075 3777 4151 possidebitis

603 4184 691 4237 15.
752 4183 964 4247 Quanto
1008 4180 1262 4236 videritis.
1315 4178 1465 4233 Diem
1514 4176 1647 4232 dicit
1685 4174 1775 4232 vel
1812 4184 2118 4230 extremum

529 4273 739 4343 iudicii,
771 4273 853 4326 vel
884 4271 1199 4342 temporalis
1228 4268 1555 4324 alﬂictionis.

606 4363 693 4417 M.
746 4362 1073 4417 Voluntarie.
1117 4360 1564 4428 Causamreddit
1617 4373 1715 4413 cur
1759 4355 2000 4412 cbaritas
2049 4353 2118 4408 sit

534 4456 785 4519 tenenda,
822 4464 875 4509 et
908 4470 936 4507 a
967 4454 1122 4510 malis
1163 4454 1233 4509 sit
1277 4453 1637 4518 cessandum;
1686 4451 1813 4503 dum
1844 4447 1988 4501 enim
2021 4461 2117 4501 v0-

533 4548 717 4600 lnntas
764 4544 1021 4616 peccandi
1058 4555 1141 4600 est
1179 4545 1230 4599 in
1264 4546 1418 4599 nobis
1443 4584 1457 4607 ,
1512 4542 1644 4597 nihil
1678 4539 1898 4612 prodest
1944 4538 2119 4593 hostia

536 4634 811 4689 immolata
844 4650 940 4703 pro
967 4634 1203 4705 peccatis
1232 4636 1456 4689 nostris.

606 4723 695 4779 15.
737 4722 933 4778 Filium
977 4723 1091 4778 Dei.
1141 4723 1383 4779 Gratiam
1413 4721 1534 4777 Filii
1582 4720 1672 4775 Dci
1726 4720 1777 4773 in
1831 4718 2121 4789 semetipso

536 4817 845 4884 conculcat,
884 4828 938 4873 ct
970 4818 1287 4889 sanguinem
1330 4811 1716 4883 redemptionis
1754 4810 2041 4880 pollutum,
2070 4811 2120 4866 id

535 4922 642 4977 est,
671 4924 889 4981 peccata
922 4928 1150 4984 purgare
1182 4928 1288 4966 non
1317 4911 1586 4963 valentem
1628 4918 1816 4978 putat:
1867 4915 1922 4961 et
1951 4906 2117 4976 Spiri~

536 5005 612 5059 tui
644 5015 852 5069 sancto,
899 5020 993 5073 per
1036 5020 1195 5075 quem
1241 5002 1519 5057 conlitenti
1566 5009 1789 5071 peccata
1834 5000 2120 5055 remittun-

538 5107 649 5159 tut,
685 5094 1067 5148 contumeliam
1120 5092 1269 5156 facit,
1305 5092 1397 5162 qui
1431 5089 1737 5145 voluntarie
1784 5090 1834 5143 in
1882 5089 2120 5161 peccatis

534 5185 696 5253 iacet.

2220 4178 2426 4231 animos
2458 4189 2672 4232 vestras.

2290 4270 2446 4324 CAP.
2480 4269 2645 4323 XL—
2664 4271 2711 4325 1.
2739 4270 2941 4324 LANl-‘n.
2974 4268 3065 4323 Est
3092 4278 3264 4324 autem
3289 4268 3422 4337 ﬁdes
3473 4265 3615 4320 Talis
3638 4263 3773 4319 debet

2220 4376 2343 4416 esse
2369 4359 2499 4416 ﬁdes
2529 4369 2587 4415 ut
2616 4365 2913 4433 sperandas
2942 4375 3029 4415 res
3056 4362 3109 4415 in
3140 4361 3303 4416 corde
3326 4359 3599 4416 credentis
3633 4356 3771 4409 faciat

2222 4454 2537 4519 subsistere,
2586 4454 2689 4508 etsi
2738 4454 2877 4508 alius
2902 4451 3111 4508 dubitet
3137 4451 3283 4523 quod
3317 4453 3438 4507 sine
3483 4457 3772 4522 argumento

2222 4545 2430 4615 possint
2456 4560 2581 4601 esse
2610 4562 2623 4598 :
2650 4545 2792 4615 quod
2832 4545 3074 4615 plerique
3104 4545 3273 4599 divini
3304 4545 3504 4614 eloquii
3550 4551 3772 4598 tractato-

2223 4653 2311 4692 res
2361 4637 2628 4702 fecerunt,
2672 4637 2967 4707 probantes
3017 4637 3472 4691 resurrectionem
3514 4647 3771 4705 corporum

2222 4738 2276 4782 et
2304 4729 2470 4784 vitam
2504 4737 2787 4790 aeternam,
2822 4729 3098 4799 multaque
3125 4729 3230 4783 alia
3264 4744 3387 4784 esse
3420 4731 3502 4785 vel
3536 4729 3693 4784 fuisse
3716 4740 3767 4781 ex

2223 4835 2288 4875 eo
2325 4822 2467 4890 quod
2499 4823 2869 4892 patriarchas,
2921 4823 3232 4893 prophetas,
3273 4826 3567 4894 apostolos,
3601 4829 3770 4890 marty~

2224 4928 2310 4975 res
2336 4923 2550 4969 constat
2582 4930 2643 4969 ea
2668 4916 2984 4971 credidisse.

2291 5006 2344 5060 2.
2407 5004 2715 5062 Invisibilis.
2781 5008 3072 5064 InVisibilia
3137 5020 3289 5064 crant
3354 5011 3615 5066 elementa
3670 5016 3768 5063 ante

2224 5097 2407 5152 mundi
2440 5099 2898 5155 constitutionem.

2291 5189 2345 5242 5.
2393 5187 2670 5244 Damnatit
2718 5192 2993 5245 mundum.
3028 5193 3130 5247 Per
3161 5209 3345 5248 arcam
3375 5194 3488 5250 Noe
3526 5192 3769 5248 damnavit

606 5278 693 5333 16.
732 5276 937 5333 Scimus
963 5279 1119 5332 enim.
1154 5275 1499 5345 Superiorem
1534 5277 1857 5333 sententiam
1887 5276 2114 5347 probat:
2149 5291 2191 5349 Β
2223 5280 2514 5345 mundum;
2565 5281 2693 5350 quia
2749 5292 2899 5336 tanto
2951 5282 3125 5351 majus
3175 5295 3456 5355 peccatum
3500 5288 3783 5355 habuerint

538 5368 804 5423 Terribilia
837 5380 1008 5422 autem
1034 5370 1298 5437 quwdam,
1328 5378 1433 5425 etc.

609 5461 694 5513 l7.
729 5458 1069 5511 Passienum.
1100 5458 1383 5515 Passiones
1409 5471 1756 5516 certaverunt
1783 5472 1970 5518 contra
1999 5478 2112 5527 eos,

539 5561 594 5606 ut
621 5551 936 5622 patientiam
971 5552 1068 5623 ipsi
1103 5554 1412 5607 amitterent
1445 5563 1499 5608 et
1532 5554 1691 5609 ﬁdem
1729 5564 2009 5626 negarent.

616 5642 695 5697 l8.
736 5642 1006 5700 Amittere.
1061 5644 1452 5701 (Ioniidcutiam
1504 5649 1693 5703 divum
1747 5650 2119 5711 retributionis

2226 5371 2503 5437 homines,
2549 5380 2750 5440 quanto
2786 5374 3041 5443 majorem
3074 5373 3189 5442 ejus
3235 5378 3286 5431 in
3336 5377 3639 5433 fabricanda
3664 5390 3769 5429 arca

2226 5463 2536 5518 instantiam
2571 5463 2848 5530 videbant,
2879 5474 2934 5520 et
2962 5482 3065 5522 non
3093 5464 3409 5525 credebant.
3724 5454 3731 5459 ﬁ

2295 5554 2349 5607 4.
2374 5553 2450 5607 Ab
2489 5570 2590 5608 uno
2622 5555 2742 5609 orti.
2769 5557 2942 5615 Ordo:
2972 5560 3052 5616 Ab
3078 5576 3183 5617 uno
3214 5570 3266 5616 et
3295 5563 3397 5619 hoc
3422 5572 3654 5623 emortuo
3679 5538 3785 5616 orti‘

2228 5653 2351 5702 Slllll
2374 5654 2625 5700 tanouam
2642 5684 2657 5709 ν
2689 5654 2792 5703 etc.
