3864 6300
108 358 183 412 itii
781 354 850 410 IN
889 357 947 411 D.
990 354 1196 417 PAULI
1227 357 1443 416 EPIST.‘
1471 355 1824 415 COMMENT.
1856 355 2165 413 -ΕΡΙΞἸύ
2205 357 2299 413 AD
2332 356 2537 413 IIl-3BR.
3187 362 3301 418 402.

109 470 352 525 caelestem.
380 463 497 521 tdco
525 480 628 537 non
645 466 991 525 confunditur
1012 469 1155 526 Deus
1175 470 1358 527 vocari
1384 469 1527 527 Deus
1545 484 1764 536 eorum;
1796 468 2017 541 paravit
2033 470 2178 525 enim
2210 468 2316 525 illis
2335 469 2630 525 civitatem.
2653 469 2784 526 Fide
2803 463 3000 529 obtulii.
3017 474 3293 546 Abraham

108 567 255 629 lsaac,
283 578 396 619 cum
427 570 741 633 tentaretur,
767 572 822 621 et
844 565 1183 632 unigenitum
1211 562 1475 625 offerebat
1506 580 1599 635 qut
1628 574 1945 634 susceperat
1966 564 2443 634 repromissrones;
2476 563 2546 617 ad
2579 576 2741 631 quem
2769 566 2971 622 dictum
3002 576 3087 625 est
3112 585 3128 622 :
3157 569 3295 636 Quia

104 650 147 715 iu
168 662 290 715 lsaac
315 658 588 715 vocabitur
614 659 709 715 tibi
739 673 924 716 semen
949 660 1003 716 5.
1041 659 1314 717 arbitrans
1340 660 1469 729 quia
1497 669 1550 715 et
1587 673 1621 715 a
1655 659 1885 714 mortuis
1910 658 2179 714 suscitare
2214 664 2408 728 potens
2435 664 2522 712 est
2543 655 2712 723 Deus;
2737 660 2879 715 unde
2908 674 3031 715 eum
3060 671 3126 717 et
3156 661 3210 717 6.
3239 662 3295 717 in

103 755 364 827 parabolam
384 756 612 826 accepit.
637 754 769 812 Fide
788 764 845 813 et
867 756 935 812 de
957 755 1159 812 futuris
1183 756 1463 812 benedixit
1483 755 1632 811 lsaac
1648 794 1664 821 ,
1687 753 1857 810 Iacob
1872 762 1931 809 et
1950 753 2114 810 Esau.
2136 751 2267 808 Fide
2286 750 2480 819 Iacob,
2503 751 2740 807 moriens
2756 791 2773 819 ,
2796 753 3034 823 singulos
3064 756 3296 813 ﬁliorum

101 851 262 921 Ioseph
284 851 567 917 benedixit,
581 860 635 907 et
664 852 828 908 adora
838 852 910 909 vit
930 852 983 907 7.
1007 851 1458 924 fastigiumvirgae
1481 849 1619 919 ejus.
1641 850 1774 906 Fide
1792 848 2010 919 Ioseph,
2030 847 2291 915 moriens,
2320 846 2387 902 de
2404 844 2738 918 profectione
2752 844 2983 906 ﬁliorum
3004 849 3169 906 Israel
3190 867 3300 907 me-

103 958 298 1005 moratus
316 957 491 1016 est,»et
508 951 575 1005 de
593 949 817 1005 ossibus.
837 950 950 1007 suis
970 950 1266 1006 mandavit.
1291 948 1424 1005 Fide
1438 947 1650 1020 Moyses
1668 957 1851 1015 natus,
1870 946 2172 1003 occultatus
2191 953 2274 1001 est
2299 943 2575 1000 mensibus
2596 942 2768 998 tribus
2787 957 2815 996 a
2830 944 3145 1014 parentibus
3164 946 3295 1007 suis,

99 1060 149 1100 eo
165 1045 285 1115 quod
308 1045 564 1101 vidissent
585 1044 883 1116 elegantem
912 1046 1172 1101 infantem
1211 1055 1267 1103 et
1291 1060 1396 1101 non
1420 1045 1721 1101 timuerunt
1741 1044 1886 1116 regis
1901 1044 2157 1099 edictum.
2171 1041 2307 1098 Fide
2325 1041 2538 1113 Moyses
2553 1039 2773 1112 grandis
2801 1039 2977 1095 factus
3004 1037 3221 1109 negavit
3242 1055 3301 1096 se

99 1156 194 1199 esse
216 1141 518 1215 liliumhlim
548 1141 876 1210 Pharaonis,
902 1144 1074 1215 magis
1102 1143 1308 1214 eligens
1334 1140 1494 1212 afﬂigi
1524 1156 1647 1197 cum
1675 1141 1874 1212 populo
1903 1140 1999 1197 Dei
2026 1154 2188 1210 quam
2213 1138 2524 1210 temporalis
2541 1138 2752 1208 peccati
2772 1136 2973 1193 habere
2993 1134 3303 1206 iucundita-

99 1245 200 1301 tem,
221 1212 437 1303 majores
461 1235 680 1297 divitias
700 1212 1274 1301 aestimans,vthesauro
1292 1236 1690 1307 Egyptiorum,
1714 1236 2097 1306 improperium
2117 1235 2348 1303 Christi;
2373 1234 2667 1306 aspiciebat
2687 1234 2829 1289 enim
2852 1232 2906 1287 in
2920 1233 3305 1288 remuneratio.

99 1347 208 1385 nem.
228 1332 344 1387 Fide
363 1330 581 1402 reliquit
598 1332 914 1405 Egyptum,
930 1348 1036 1391 non
1055 1334 1261 1390 veritus
1280 1333 1677 1390 animositatem
1697 1334 1866 1406 regis;
1892 1331 2217 1389 invisibilem
2237 1331 2381 1387 enim
2404 1337 2659 1403 tanquam
2676 1330 2863 1388 videns
2883 1327 3157 1385 sustinuit.
3172 1328 3306 1383 Fide

98 1425 343 1482 celebravit
366 1424 578 1483 Pascha
602 1436 657 1485 et
682 1428 958 1497 sanguinis
984 1426 1333 1494 effusionem,
1371 1442 1443 1484 ne
1466 1438 1559 1499 qui
1588 1429 1838 1485 vastabat
1862 1428 2143 1499 primitiva
2178 1434 2427 1500 tangeret
2452 1441 2569 1485 eos.
2608 1425 2742 1483 Fide
2772 1424 3112 1482 transierunt
3148 1437 3307 1480 mare

100 1523 322 1587 Rubrum,
350 1533 606 1592 tanquam
645 1538 743 1593 per
768 1524 972 1580 aridam
1002 1534 1236 1589 terram;
1266 1525 1411 1596 quod
1447 1526 1653 1597 experti
1686 1524 1927 1596 Egyptii
1962 1522 2204 1582 devorati
2235 1529 2383 1579 sunt.
2406 1522 2542 1580 Fide
2571 1522 2711 1578 muri
2738 1522 2958 1578 Iericho
2984 1529 3309 1578 corruerunt

99 1612 283 1666 circuitu
307 1613 511 1669 dierum
548 1625 777 1687 septem.
810 1617 941 1675 Fide
971 1618 1165 1675 Bahab
1182 1619 1452 1676 meretrix
1482 1635 1587 1675 non
1613 1620 1771 1695 periit
1797 1634 1923 1675 cum
1954 1619 2246 1676 incredulis
2264 1659 2279 1684 ,
2304 1618 2581 1689 excipiens
2604 1618 2979 1690 eXploratores
2998 1631 3122 1671 cum
3148 1631 3303 1687 pace.

102 1704 150 1756 Et
170 1708 275 1774 quid
300 1709 471 1765 adhuc
496 1712 710 1768 dicam?
744 1712 966 1768 Delieiet
992 1714 1138 1769 enim
1168 1720 1255 1771 me
1283 1722 1494 1785 tempus
1522 1723 1867 1771 enarrantem
1899 1714 1967 1771 de
1994 1712 2212 1771 Gedeon
2230 1754 2246 1781 ,
2272 1712 2474 1779 Barac,
2508 1711 2737 1769 Samson
2757 1752 2772 1778 ,
2805 1713 2969 1785 226
2996 1713 3047 1769 8.
3080 1709 3303 1782 Iephte,

102 1800 257 1867 David,
290 1801 533 1870 Samuel,
563 1819 620 1866 et
641 1811 952 1881 prophetis;
984 1812 1074 1881 qui
1101 1826 1200 1882 per
1234 1811 1396 1867 fidem
1424 1812 1673 1869 vicerunt
1703 1828 1899 1883 regna,
1924 1811 2130 1881 operati
2161 1809 2571 1883 suntjustitiam
2640 1810 2820 1880 adepti
2856 1818 2982 1865 sunt
3016 1809 3310 1881 repromis-

101 1899 269 1963 siones,
303 1899 692 1960 obturaverunt
725 1921 822 1962 ora
862 1907 1109 1971 leonum,
1149 1907 1528 1964 exstinxerunt
1569 1909 1827 1979 impetum
1866 1909 2036 1980 ignis,
2067 1906 2369 1980 effugerunt
2389 1907 2563 1964 aciem
2604 1906 2798 1979 gladii,
2831 1905 3222 1963 convaluerunt
3242 1907 3311 1963 de

102 1992 388 2061 iulirmitate,
422 1995 596 2054 fortes
624 1998 753 2055 facti
783 2010 909 2057 sunt
932 2003 984 2057 in
1016 2002 1187 2069 bello,
1217 2012 1396 2059 castra
1420 2012 1704 2059 verterunt
1723 2012 2035 2060 exterorum
2062 2019 2075 2070 ;
2109 2003 2163 2060 9.
2191 2013 2519 2075 acceperunt
2544 2003 2801 2059 mulieres
2822 2002 2889 2059 de
2912 2003 3312 2059 resurrectione

104 2100 298 2147 mortuos
317 2108 456 2149 suos.
481 2096 595 2159 Alii
631 2108 812 2155 autem
852 2101 1070 2157 distenti
1100 2112 1257 2168 sunt,
1288 2118 1395 2159 non
1434 2103 1733 2173 suseipient
1760 2102 2217 2172 redemptionem,
2258 2103 2344 2157 10.
2380 2110 2438 2157 ut
2476 2101 2759 2159 meliorem
2791 2100 3102 2157 invenirent
3132 2114 3313 2155 resur-

103 2184 367 2241 rectionem.
392 2188 497 2243 Alii
528 2205 663 2248 vero
686 2193 914 2251 ludibria
946 2205 1001 2249 et
1030 2197 1257 2252 verbera
1289 2199 1529 2269 experti,
1564 2198 1785 2268 insuper
1809 2207 1865 2253 et
1893 2198 2106 2254 vincula
2134 2207 2189 2254 et
2223 2213 2500 2264 carceres;
2536 2197 2757 2269 Iapidati
2788 2205 2947 2262 sunt,
2989 2193 3123 2251 secti
3153 2200 3311 2256 sunt,

105 2281 255 2336 tentati
290 2292 437 2351 sunt,
479 2287 534 2342 in
567 2289 841 2363 occisione
870 2291 1032 2361 gladii
1072 2293 1272 2348 mortui
1311 2301 1470 2359 sunt,
1511 2294 1844 2349 circuierunt
1885 2295 1971 2348 11.
2009 2294 2063 2348 in
2105 2295 2350 2361 melotis,
2383 2294 2438 2349 in
2479 2293 2709 2363 pellibus
2748 2291 3019 2362 caprinis,
3057 2298 3309 2359 egentes,

102 2376 365 2445 angustiati,
389 2380 605 2451 afﬂicti;
632 2386 827 2454 quibus
857 2386 1050 2458 dignus
1087 2402 1196 2443 non
1218 2398 1339 2443 erat
1362 2388 1627 2453 mundus,
1676 2388 1727 2444 in
1756 2388 2132 2445 solitudinibus
2167 2398 2437 2455 errantes,
2468 2390 2522 2445 in
2547 2388 2838 2454 montibus,
2862 2394 2915 2442 et
2944 2383 3235 2456 speluncis,
3260 2391 3316 2440 et

107 2468 146 2521 in
171 2475 389 2532 cavernis
413 2488 597 2536 terrae.
618 2482 686 2538 Et
709 2484 760 2538 hi
782 2498 972 2541 omnes
996 2486 1309 2542 testimonio
1336 2484 1454 2541 fidei
1482 2486 1723 2556 probati,
1746 2501 1851 2541 non
1878 2496 2208 2557 acceperunt
2233 2486 2318 2541 12.
2349 2484 2822 2558 repromissionem
2841 2524 2856 2549 ,
2886 2482 2995 2539 Deo
3026 2495 3125 2553 pro
3157 2480 3316 2536 nobis

104 2566 258 2625 melius
280 2572 473 2645 aliquid
501 2578 853 2648 prpvidente,
881 2592 939 2636 ut
961 2597 1067 2637 non
1098 2583 1218 2638 sine
1249 2583 1408 2638 nobis
1436 2593 1964 2637 consumtuarentur.

1502 2676 1733 2732 CAPUT
1776 2676 1891 2730 XII.

156 2749 353 2825 Ideoque
385 2767 437 2813 et
473 2773 577 2815 nos
605 2769 808 2818 tantam
836 2763 1095 2821 habentes
1139 2768 1188 2820 1.
1222 2766 1535 2836 impositam
1579 2766 1778 2821 nubem
1816 2767 2037 2822 testium
2057 2806 2072 2828 ,
2115 2765 2447 2833 deponentes
2480 2763 2534 2817 2.
2565 2777 2726 2819 omne
2754 2763 2962 2832 pon'lus
2994 2770 3049 2817 et
3073 2761 3313 2816 circum-

108 2854 229 2901 stans
252 2865 342 2906 nos
368 2866 685 2926 peccatum,
708 2876 803 2930 per
828 2862 1143 2931 patientiam
1169 2878 1459 2919 curramus
1480 2863 1546 2917 ad
1574 2863 1908 2933 propositum
1942 2863 2098 2918 nobis
2126 2870 2400 2919 certamen
2418 2904 2433 2930 ,
2463 2860 2788 2930 aspicientes
2812 2860 2865 2913 in
2887 2867 3163 2913 auctorem
3193 2856 3315 2909 [idet

108 2951 149 3041 fit
174 2944 217 2998 5.
245 2962 727 3011 eousummatorem
753 2955 937 3014 Iesum
956 2999 972 3023 ,
995 2960 1088 3029 qui
1117 2962 1393 3029 proposito
1423 2960 1529 3017 sibi
1553 2960 1607 3017 ιί.
1636 2961 1831 3031 gaudio
1858 2960 2117 3016 sustinuit
2149 2973 2398 3022 crucem,
2438 2956 2756 3013 confusione
2789 2964 3127 3024 contempta,
3155 2963 3319 3021 atque

110 3037 148 3133 in
185 3037 377 3097 dextera
422 3047 572 3101 sedis
613 3048 703 3103 Dei
746 3051 916 3105 sedet.
961 3051 1275 3123 Recogitate
1315 3054 1459 3110 enim
1488 3069 1612 3110 eum
1664 3053 1753 3123 qui
1808 3052 1966 3109 talem
1996 3052 2253 3109 sustinuit
2304 3066 2335 3107 a
2380 3050 2755 3120 peccatoribus
2784 3048 3069 3103 adversum
3116 3054 3319 3100 semet-

108 3137 246 3190 IPSum
291 3137 803 3206 contradictionem,
860 3149 917 3195 ut
971 3157 1041 3197 ne
1103 3143 1430 3215 fatigemini,
1471 3144 1669 3201 animis
1720 3145 1919 3201 vestris
1963 3144 2298 3200 deficientes.
2359 3140 2605 3198 Nondum
2658 3141 2804 3196 enim
2854 3155 3027 3210 usque
3075 3138 3142 3194 ad
3188 3151 3320 3194 san-

1138 3298 1141 3299 .
1388 3239 1964 3299 COMMENTARIUS.
2058 3284 2061 3287 η

160 3311 200 3365 5.
234 3315 490 3377 Arbitrans
531 3326 677 3394 quia.
725 3322 1029 3396 Utrumque
1065 3331 1294 3387 credidit
1328 3330 1630 3393 Abraham,
1666 3332 1707 3389 A
1740 3329 1905 3385 lilium
1944 3330 2100 3385 vidua
2125 3329 2443 3401 Sareptana,
2476 3338 2529 3384 et
2558 3328 2626 3382 ab
2652 3328 2832 3383 Eliseo
2864 3326 3184 3382 Sunamitis.

107 3408 150 3493 ξι
171 3403 273 3470 quia
313 3406 363 3463 in
406 3409 558 3467 lsaac
593 3426 775 3469 semen
818 3416 1101 3474 habiturus
1139 3435 1287 3486 esse,
1332 3431 1386 3476 et
1426 3421 1638 3491 placere
1813 3423 1899 3477 10.
1932 3420 2201 3476 Meliorem
2229 3422 2538 3493 invenirent.
2566 3419 2841 3476 Meliorem
2866 3417 3327 3474 resurrectionem

110 3488 252 3552 Densi
272 3499 315 3553 ei
340 3500 510 3571 ipsum
545 3503 696 3561 lsaac
725 3506 1316 3573 immolaret;credidit
1336 3488 1479 3567 enim
1506 3528 1639 3583 quo-
1741 3519 1901 3567 vocat
1964 3488 2399 3567 excellentiorem
2471 3509 2699 3581 gloriam
2774 3510 2828 3563 in
2894 3508 3320 3568 resurrectione,

111 3583 225 3641 uiam
254 3602 511 3649 mortuum
541 3596 687 3653 Deus
710 3601 1079 3658 resuscitaret.
1741 3612 1946 3673 quanto
1970 3602 2114 3659 enim
2147 3599 2318 3671 magis
2343 3599 2467 3671 quis
2492 3599 2718 3671 patitur,
2763 3606 2913 3659 tanto
2951 3596 3123 3668 magis
3159 3610 3322 3651 coro-

161 3683 206 3733 6.
229 3680 289 3737 In
311 3687 636 3753 parabolam.
669 3691 827 3747 Aries
877 3692 970 3764 qui
1006 3693 1151 3750 inter
1206 3710 1400 3765 vepres
1433 3695 1642 3751 hzerens
1744 3693 1963 3751 nabitur

110 3771 322 3831 cornibus
347 3790 599 3850 repertus
622 3792 738 3851 est,
767 3793 823 3842 et
857 3786 1007 3843 lsaac
1035 3802 1202 3843 unum
1229 3786 1504 3845 Christum
1536 3788 1644 3845 ho-
1815 3787 1901 3841 11.
1949 3783 2018 3841 In
2055 3782 2290 3851 melotis,
2325 3784 2380 3838 in
2414 3781 2656 3853 pellibus.
2700 3781 3098 3838 Vestimentum
3132 3788 3215 3835 est
3255 3794 3324 3834 es

111 3858 272 3951 mittent
293 3876 342 3923 et
366 3867 536 3926 Deum
557 3874 882 3945 signiﬁcant.
910 3877 1012 3933 Per
1031 3879 1136 3935 hoc
1157 3879 1321 3951 igitur
1337 3882 1479 3951 quod
1500 3882 1643 3937 aries
1744 3877 1863 3948 pilis
1880 3917 1895 3942 ,
1926 3885 1985 3931 ut
2011 3876 2195 3942 aiunt,
2219 3874 2553 3931 camelorum
2578 3872 2780 3929 factum
2798 3914 2814 3938 ,
2843 3886 2951 3941 quo
2971 3869 3058 3927 vel
3086 3869 3329 3941 caprinis

110 3948 285 4039 quidem
307 3969 384 4012 est
412 3960 761 4030 immolatus,
787 3964 935 4021 lsaac
956 3983 1087 4023 vero
1110 3948 1284 4024 morte
1303 3948 1640 4035 subtractus,
1745 3968 1971 4039 pellibus
1998 3967 2122 4037 quis
2170 3966 2227 4021 in
2266 3964 2440 4022 veteri
2478 3963 2678 4035 populo
2718 3962 3028 4019 Iudaeorum
3067 3978 3196 4017 usus
3219 3961 3322 4022 sit.

111 4037 427 4107 signiﬁcatum
455 4060 549 4106 est
575 4052 847 4111 Christum
880 4058 1174 4113 secundum
1204 4073 1421 4127 carnem
1457 4076 1644 4129 passu-
1745 4037 1933 4131 aperte
1956 4057 2241 4129 Scriptura
2269 4070 2377 4113 non
2407 4055 2539 4112 dicit
2564 4073 2576 4109 :
2605 4052 2843 4111 Joannes
2872 4061 3055 4109 autem
3084 4051 3327 4123 Baptista

112 4143 233 4199 "1m,
258 4142 549 4197 secundum
577 4158 708 4200 vero
732 4146 1099 4217 divinitatem,
1136 4150 1325 4207 mortis
1351 4151 1642 4207 discrimen
1745 4166 1874 4205 usus
1899 4158 2003 4207 est.
2538 4198 2547 4205 .

112 4237 195 4315 litin
217 4241 327 4285 esse
348 4246 657 4290 sensurum.
690 4236 756 4291 Et
780 4239 882 4296 hoc
903 4241 1044 4311 quod
1068 4242 1143 4296 ait
1167 4262 1180 4297 :
1216 4244 1269 4298 in
1294 4244 1605 4315 parabolam
1625 4287 1639 4311 ,
1817 4242 1904 4296 12.
1935 4239 2429 4312 Repromissionem.
2502 4238 2843 4299 Beatitudine
2899 4236 3200 4293 animarum
3243 4250 3331 4291 re-

114 4310 156 4366 i:l
183 4325 255 4373 est
297 4321 609 4395 allegoriam
650 4343 773 4383 eum
820 4331 1044 4399 accepit.
1098 4333 1277 4403 Ipsum
1296 4310 1462 4392 tenim
1494 4337 1644 4407 prius
1745 4343 1899 4404 cepta
1921 4310 2288 4399 ,resurrectio
2310 4346 2629 4400 corporum,
2655 4344 2817 4399 quam
2838 4329 3044 4385 sanctis
3062 4329 3176 4385 suis
3196 4343 3326 4398 pro-

112 4409 164 4460 atl
196 4414 517 4474 moriendum
557 4420 735 4488 dedit,
763 4423 856 4478 sed
895 4432 1016 4494 post
1052 4428 1480 4495 experimentum
1518 4428 1642 4485 ﬁdei
1746 4427 1894 4482 misit
1933 4426 2110 4492 Deus,
2158 4424 2283 4481 ideo
2322 4423 2501 4480 adhuc
2540 4419 2809 4488 diﬂ'ertur,
2844 4428 2903 4475 ut
2940 4419 3099 4478 simul
3134 4435 3333 4476 omnes

114 4513 293 4593 ’ξθρεῐιθ
315 4510 487 4567 ariete
505 4514 574 4569 ad
600 4514 885 4570 videndum
913 4520 1131 4588 recepit.
1165 4518 1275 4575 Hoc
1302 4520 1404 4576 sibi
1426 4529 1644 4593 propter
1747 4534 2114 4592 resurgamus,
2142 4528 2432 4590 quatenus,
2458 4518 2513 4573 in
2542 4515 2815 4575 communi
2839 4514 3034 4585 gaudio
3061 4514 3333 4580 omnium,

115 4590 244 4649 (idem
282 4609 335 4655 et
370 4602 735 4660 obedientiam
783 4607 987 4664 honore
1031 4608 1260 4674 collato,
1307 4617 1367 4665 ut
1415 4590 1640 4680 per—ﬁlii
1748 4590 1925 4681 majus
1949 4611 2041 4668 liat
2068 4610 2425 4682 singulorum.

115 4682 277 4752 Vitam,
311 4692 607 4749 divinitatis
636 4698 1038 4768 significaretur
1063 4715 1091 4753 a
1125 4709 1300 4756 morte
1330 4701 1645 4759 subtractio.
1682 4687 1724 4746 Β
1824 4701 1974 4758 CAP.
2020 4701 2129 4761 XII.
2166 4732 2237 4742 —
2259 4702 2309 4756 1.
2342 4700 2542 4756 Lmen.
2572 4699 2884 4771 Impositum
2916 4698 3122 4753 nubem.
3153 4697 3330 4752 Multi«

168 4774 212 4827 7.
238 4778 527 4855 Fastigium
557 4786 731 4857 virgte.
764 4787 859 4844 Vel
897 4798 1170 4858 sceptrum
1208 4790 1416 4846 ferebat
1453 4790 1648 4864 Ioseph
1752 4796 1992 4851 tudinem
2018 4801 2331 4851 sanctorum
2361 4802 2515 4849 vocat
2537 4793 2733 4849 nubem
2754 4832 2769 4859 ,
2790 4792 2916 4863 quia
2940 4789 3120 4847 verbis
3140 4790 3334 4860 pluunt

118 4880 238 4926 more
261 4878 477 4932 secundi
510 4893 539 4932 a
568 4894 711 4948 rege.
752 4880 846 4936 Vel
876 4880 1152 4952 fastigium
1181 4881 1344 4955 virgae
1377 4882 1647 4938 dicitalti—
1750 4897 1803 4942 et
1833 4885 2115 4943 miraculis
2143 4892 2457 4941 coruscant.

118 4960 316 5021 tudinem
359 4970 637 5041 regiminis
689 4971 837 5042 ejus,
885 4987 1048 5042 quam
1101 4972 1439 5031 altitudinem
1484 4972 1651 5031 Iacob
1824 4977 1879 5031 2.
1910 4978 2077 5033 Omne
2093 4975 2321 5043 pondus.
2352 4972 2567 5030 Pondus
2586 4982 2742 5029 vocat
2768 4980 3082 5044 peceatum,
3114 4970 3250 5025 sicut
3278 4969 3331 5020 in

120 5050 354 5123 adoravit,
402 5061 456 5116 id
501 5071 587 5118 est
618 5063 669 5117 in
710 5077 922 5119 summa
956 5064 1310 5123 veneratione
1348 5065 1554 5121 habuit.
1586 5065 1654 5121 Et
1752 5067 1965 5139 psalmo
1998 5086 2009 5121 :
2041 5067 2305 5133 Quoniam
2332 5065 2634 5137 iniquitates
2673 5079 2801 5119 mete
2825 5076 3172 5133 supergressa
3208 5067 3330 5113 sunt

118 5139 200 5197 hoc
225 5144 348 5215 fide,
377 5152 501 5222 quia
528 5168 557 5207 a
588 5153 697 5210 Deo
719 5152 921 5210 factum
942 5169 1065 5213 esse
1094 5154 1344 5211 credidit.
1758 5169 1912 5231 caput
1938 5175 2142 5222 meum;
2167 5159 2303 5212 sicut
2329 5172 2458 5211 onus
2479 5171 2634 5227 grave
2656 5163 2886 5227 grauatae
2928 5162 3049 5209 sunt
3077 5168 3230 5222 super
3250 5166 3335 5204 me

174 5232 218 5288 8.
240 5237 437 5309 Iephte,
463 5242 651 5299 David.
682 5244 798 5301 Non
831 5261 899 5302 ex
929 5261 995 5301 eo
1020 5247 1225 5302 ducitur
1262 5246 1454 5317 Iephte
1484 5248 1535 5302 in
1572 5258 1650 5304 te-
1763 5254 1936 5325 (Psal.
1960 5250 2188 5321 xxxvu).
3024 5304 3025 5307 η
3296 5312 3297 5315 η

119 5325 392 5389 stimonium
422 5338 562 5406 quod
592 5338 753 5394 filiam
777 5341 1057 5407 occiderit,
1073 5341 1166 5397 sed
1190 5341 1330 5412 quod
1353 5356 1451 5412 per
1473 5340 1655 5409 (idem,
1830 5346 1883 5400 '5.
1915 5343 2398 5406 Consummatorem
2415 5379 2430 5403 ,
2462 5337 2516 5393 id
2540 5346 2655 5406 est,
2678 5338 2893 5408 quinos
2911 5332 3331 5397 consummabit,

122 5420 372 5490 adiuvante
390 5447 511 5487 eum
540 5433 667 5499 Deo,
694 5435 876 5491 hostes
900 5437 1256 5504 superaverit.
1763 5437 1814 5492 id
1859 5442 1942 5490 est
1961 5474 1975 5497 ,
2015 5432 2209 5488 anima:
2251 5440 2305 5486 et
2339 5429 2591 5504 corporis,
2617 5427 2914 5499 perfectam
2943 5423 3333 5483 beatitudinem

176 5512 221 5568 9.
267 5519 579 5591 Acceperunt
625 5526 886 5581 mulieres.
927 5524 1072 5582 Ordo
1106 5543 1117 5579 :
1154 5523 1404 5582 Mulieres
1432 5539 1655 5594 acccpc-
1762 5525 1925 5580 dabit.

123 5613 252 5673 τυηι,
281 5610 476 5671 scilicet
502 5632 533 5671 a
572 5599 775 5672 sanctis
816 5617 912 5672 Dei
947 5624 1189 5672 mortuos
1214 5630 1339 5672 suos
1367 5616 1435 5671 de
1471 5629 1655 5670 resur-
1832 5616 1882 5669 4.
1914 5612 2142 5669 Gaudio.
2177 5612 2270 5669 Vel
2304 5612 2453 5684 regni
2490 5609 2755 5679 cwlestis,
2786 5608 2872 5666 vel
2910 5607 3062 5680 regni
3098 5605 3339 5673 terreni,

125 5702 362 5777 tertioue,
404 5708 463 5766 id
497 5720 608 5781 est,
657 5721 1032 5784 reurrgeutcs,
1075 5721 1140 5779 ,ut
1182 5712 1247 5769 ab
1290 5710 1402 5766 Elia
1440 5709 1657 5766 unicum
1761 5707 1902 5778 quod
1930 5707 2029 5764 sibi
2062 5706 2299 5763 oblatum
2331 5714 2431 5763 est.
