3938 6288
519 345 636 410 ‘05
1554 336 1616 391 Β.
1653 333 1923 391 LANFRA
1934 332 2040 390 NCI

2197 330 2424 386 iTUAR.
2467 327 2782 384 ABCIIIEP.
3649 330 3752 387 ωδ

525 455 745 525 Jguinem
769 451 1063 516 restitistis,
1100 450 1356 503 adversus
1396 455 1673 515 peceatum
1707 453 2097 515 repugnantes,
2136 452 2191 498 et
2219 442 2371 499 obliti
2411 441 2542 496 estis
2577 439 2996 506 consolationis,
3033 452 3154 510 qua:
3177 437 3329 494 vobis
3372 447 3618 512 tanquam
3642 445 3761 501 ﬁliis

527 549 790 617 loquitur,
818 547 1025 601 dicens.
1065 544 1120 598 5.
1149 543 1254 597 Fili
1306 542 1411 606 mi;
1463 541 1572 596 noli
1619 540 1892 610 negligere
1939 540 2278 608 disciplinam
2333 537 2578 602 Domini,
2622 552 2800 606 neque
2846 535 3088 606 fatigeris
3120 537 3246 590 dum
3297 536 3367 592 ab
3416 551 3484 593 eo
3510 544 3759 609 argueris.

526 625 689 708 227
721 633 893 704 Quem
920 637 1066 692 enim
1111 635 1285 705 diligit
1322 634 1579 689 Dominus
1621 632 1874 701 castigat,
1924 630 2155 699 ﬂagellat
2197 638 2378 684 autem
2423 643 2639 685 omnem
2699 629 2867 682 ﬁlium
2918 643 3078 697 quem
3127 626 3337 697 recipit.
3386 629 3443 682 ln
3500 631 3764 703 disciplina

526 743 892 803 perseverate.
924 732 1202 802 Tanquam
1232 728 1356 785 ﬁliis
1390 728 1542 784 vobis
1570 727 1728 783 oﬁert
1753 742 1812 782 se
1835 726 2014 791 Deus;
2044 729 2166 795 quis
2202 724 2346 780 enim
2381 723 2522 777 ﬁlius
2549 737 2709 792 quem
2738 738 2844 777 non
2873 721 3096 792 corripit
3125 720 3323 792 pater?
3349 720 3504 786 Quod
3536 721 3578 775 si
3619 734 3761 779 extra

527 828 872 898 disciplinam
896 827 1030 882 estis
1058 823 1210 892 cujus
1234 822 1527 893 participes
1559 819 1687 875 facti
1715 829 1840 875 sunt
1870 834 2083 874 omnes.
2120 833 2249 888 ergo
2285 817 2547 882 adulteri,
2575 825 2628 873 et
2659 832 2764 872 non
2795 817 2889 871 ﬁlii
2929 817 3079 872 estis.
3125 817 3327 873 Deinde
3358 826 3538 888 patres
3564 818 3764 886 quidem

529 929 714 983 carnis
743 931 965 992 nostrae,
991 920 1295 976 creditores
1320 916 1623 980 habuimus,
1655 924 1710 970 et
1737 915 2118 969 reverebamur
2160 927 2276 969 eos.
2331 909 2467 966 Num
2516 914 2686 966 multo
2723 911 2894 982 magis
2921 911 3417 980 obtemperabimus
3449 906 3594 960 Patri
3618 909 3766 977 spiri-

530 1032 682 1077 tuum
707 1034 762 1076 et
795 1021 1036 1075 vivemus
1059 1018 1085 1072 ?
1111 1017 1180 1071 Et
1214 1015 1291 1069 illi
1317 1014 1534 1083 quidem
1574 1011 1630 1066 in
1669 1019 1908 1080 tempore
1935 1023 2228 1079 paucorum
2272 1007 2502 1075 dierum,
2553 1006 2847 1063 secundum
2890 1006 3220 1062 voluntatem
3269 1020 3421 1059 suam
3465 1004 3765 1060 erudiebant

528 1130 633 1171 nos
658 1132 674 1181 ;
699 1117 786 1170 hic
810 1123 993 1169 autem
1021 1112 1088 1167 ad
1118 1111 1170 1166 id
1205 1109 1346 1180 quod
1377 1108 1510 1163 utile
1535 1115 1619 1162 est
1639 1106 1693 1161 in
1716 1106 2024 1173 recipiendo
2053 1103 2538 1160 sanctiﬁcationem
2559 1100 2694 1171 eius.
2728 1103 2918 1158 Omnis
2945 1112 3122 1157 autem
3144 1100 3428 1170 disciplina
3456 1098 3510 1152 in
3535 1099 3766 1168 praesenti

530 1207 749 1276 quidem
776 1206 991 1260 videtur
1017 1221 1122 1260 non
1151 1219 1270 1259 esse
1297 1203 1497 1274 gaudii,
1533 1201 1625 1258 sed
1658 1215 1936 1266 maeroris;
1975 1209 2158 1269 postea
2193 1209 2373 1254 autem
2404 1199 2458 1254 6.
2508 1199 2739 1255 fructum
2776 1198 3178 1268 pacatissimum
3207 1195 3520 1252 exercitatis
3547 1210 3637 1264 per
3656 1210 3766 1251 eam

529 1303 718 1356 reddet
758 1301 999 1370 iustitiae.
1055 1300 1282 1369 Propter
1341 1281 1830 1368 quom—remissas
1880 1311 2071 1351 manus
2114 1303 2170 1351 et
2231 1295 2406 1351 soluta
2440 1311 2615 1367 genua
2663 1295 2876 1366 erigite,
2927 1303 2984 1350 et
3037 1309 3256 1365 gressus
3309 1300 3492 1349 rectos
3534 1292 3689 1347 facite
3716 1293 3764 1347 7.

529 1395 754 1464 pedibus
779 1395 1004 1460 vestris,
1027 1404 1086 1450 ut
1111 1411 1219 1451 non
1255 1395 1566 1451 claudicans
1610 1394 1732 1464 quis
1766 1408 1931 1457 erret,
1963 1394 2135 1464 magis
2164 1401 2345 1448 autem
2376 1401 2618 1448 sanetur.
2673 1392 2869 1448 Pacem
2916 1390 3204 1461 sequimini
3245 1405 3367 1445 cum
3413 1388 3680 1458 omnibus.
3719 1401 3770 1446 ct

530 1489 976 1556 sanctimoniam,
1007 1491 1124 1545 sine
1150 1505 1252 1560 qua
1281 1506 1439 1546 nemo
1470 1490 1672 1545 videbit
1697 1489 1864 1543 Deum
1889 1507 1902 1554 ;
1938 1488 2362 1558 contemplantes
2387 1503 2454 1542 ne
2479 1488 2602 1558 quis
2625 1488 2763 1544 desit
2793 1487 2979 1565 gratia:
3005 1485 3123 1553 Dei,
3152 1501 3223 1541 ne
3265 1500 3370 1555 qua
3414 1485 3565 1540 radix
3592 1486 3772 1540 amari-

529 1584 735 1639 tudinis
765 1599 977 1638 sursum
1003 1585 1311 1654 germinans
1336 1583 1613 1654 impediat,
1641 1593 1696 1636 et
1720 1598 1816 1652 per
1845 1583 1989 1638 illam
2026 1583 2377 1652 inquinentur
2425 1583 2599 1637 multi.
2634 1581 2717 1638 Ne
2757 1582 2878 1652 quis
2925 1581 3241 1646 fornicator,
3286 1589 3380 1635 aut
3426 1580 3676 1650 profanus
3721 1591 3773 1636 ut

532 1679 697 1743 Esau,
729 1679 821 1748 qui
852 1689 1073 1748 pr0pter
1101 1695 1259 1735 unam
1291 1695 1470 1736 escam
1493 1680 1735 1735 vendidit
1760 1680 2031 1749 primitiva
2061 1695 2176 1734 sua.
2205 1680 2258 1734 8.
2289 1679 2493 1734 Sci-tote
2519 1679 2661 1734 enim
2699 1678 2954 1748 quoniam
2989 1686 3046 1732 et
3089 1685 3277 1748 postea
3308 1679 3536 1747 cupiens
3561 1677 3774 1731 hteredi-

531 1782 652 1828 tare
674 1773 1127 1839 benedictionem,
1157 1774 1475 1842 reprobatus
1497 1782 1580 1828 est
1608 1790 1625 1838 ;
1670 1789 1773 1828 non
1805 1773 1948 1828 enim
1995 1774 2196 1828 invenit
2231 1774 2563 1842 ptenitentite
2594 1773 2791 1839 locum,
2834 1788 3143 1843 quanquam
3173 1788 3297 1828 cum
3333 1773 3584 1844 lacrymis
3610 1773 3772 1842 inqui-

534 1872 695 1925 sisset
717 1887 858 1926 eam.
883 1873 936 1926 9.
961 1871 1076 1926 Non
1093 1873 1561 1927 enimaccessistis
1575 1872 1640 1925 ad
1668 1872 2004 1928 tractabilem
2037 1882 2273 1927 montem
2300 1882 2355 1927 et
2377 1873 2756 1928 accensibilem
2788 1872 2988 1942 ignem,
3012 1880 3068 1928 et
3091 1872 3378 1938 turbinem,
3404 1879 3460 1926 et
3483 1869 3773 1940 caliginem,

535 1977 592 2022 et
612 1967 924 2037 procellam,
961 1976 1015 2022 et
1045 1969 1185 2023 tubae
1211 1982 1427 2034 sonum,
1472 1977 1527 2023 ct
1567 1982 1754 2023 vocem
1807 1969 2119 2032 verborum,
2172 1981 2334 2036 quam
2373 1967 2463 2037 qui
2511 1967 2798 2022 audierunt
2839 1975 3236 2021 excusaverunt
3279 1980 3338 2020 se
3389 1979 3457 2020 ne
3502 1964 3581 2018 eis
3637 1963 3775 2017 ﬁeret

535 2062 786 2116 verbum.
816 2060 931 2117 Non
962 2061 1104 2116 enim
1131 2063 1423 2132 portabant
1447 2065 1590 2132 quod
1627 2062 1948 2117 dicebatur:
1979 2071 2034 2121 et
2075 2062 2120 2117 si
2168 2062 2339 2117 bestia
2373 2063 2611 2134 tetigerit
2645 2070 2905 2128 montem,
2937 2059 3282 2132 lapidabitur.
3326 2059 3393 2112 Et
3432 2057 3506 2111 ita
3554 2055 3773 2111 terribile

537 2166 657 2212 erat
681 2159 824 2228 quod
850 2159 1152 2214 videbatur.
1203 2159 1414 2231 Moyses
1443 2160 1576 2214 dixit
1616 2177 1629 2213 :
1679 2159 1982 2214 Exterritus
2026 2175 2142 2213 sum
2171 2167 2226 2214 et
2257 2158 2660 2213 tremebundus.
2690 2158 2776 2212 10.
2809 2157 2916 2213 Sed
2945 2156 3250 2212 accessistis
3294 2156 3360 2209 ad
3393 2153 3522 2208 Sion
3553 2159 3776 2206 montem

533 2263 598 2310 et
628 2255 902 2310 civitatem
929 2256 1021 2311 Dei
1051 2255 1301 2321 viventis,
1329 2254 1625 2310 Jerusalem
1654 2255 1952 2320 caelestem,
1984 2265 2038 2310 et
2067 2255 2357 2310 multorum
2389 2256 2615 2309 millium
2642 2255 2951 2324 angelorum
2986 2254 3365 2323 frequentiam,
3399 2259 3455 2306 et
3497 2247 3776 2303 Ecclesiam

533 2347 930 2417 primitivorum
957 2352 1049 2420 qui
1071 2353 1358 2423 conscripti
1392 2363 1516 2407 sunt
1545 2357 1598 2408 in
1628 2353 1778 2408 caelis
1841 2363 1897 2408 et
1933 2352 2170 2423 iudicem
2203 2353 2443 2407 omnium
2474 2353 2641 2407 Deum
2693 2361 2748 2408 et
2774 2353 2992 2422 spiritu:
3020 2351 3289 2421 iustorum
3322 2349 3682 2420 perfecturum
3728 2358 3777 2400 et

535 2442 844 2496 testamenti
876 2443 1000 2498 novi
1029 2447 1378 2502 mediatorem
1408 2447 1613 2513 Iesum,
1645 2457 1700 2503 et
1748 2449 2028 2518 sanguinis
2056 2449 2423 2518 aspersionem
2451 2451 2534 2503 11.
2568 2450 2760 2505 melius
2785 2449 3090 2518 loquentem
3117 2464 3278 2518 quam
3309 2448 3466 2505 Abel.
3511 2446 3695 2500 Videte
3718 2459 3777 2497 ne

535 2539 802 2594 recusetis
829 2540 1154 2612 loquentem.
1186 2543 1242 2598 Si
1270 2546 1413 2600 enim
1445 2545 1520 2599 illi
1546 2561 1651 2600 non
1692 2544 2013 2614 eﬁugerunt,
2045 2555 2360 2601 recusantes
2396 2561 2518 2600 eum
2544 2547 2636 2616 qui
2687 2562 2849 2617 super
2884 2556 3085 2602 terram
3111 2546 3456 2616 loquebatur,
3485 2537 3650 2594 multo
3678 2550 3775 2589 ma-

532 2632 618 2702 gis
642 2649 761 2700 nos,
790 2635 883 2705 qui
913 2639 980 2693 de
1009 2639 1161 2695 cmlis
1186 2624 1493 2711 loquentem
1524 2643 1680 2697 nobis
1705 2643 2023 2708 avertimus,
2064 2643 2217 2713 cujus
2243 2658 2348 2698 vox
2392 2643 2560 2699 movit
2603 2652 2805 2698 terram
2852 2653 3000 2708 tunc,
3033 2658 3176 2698 nunc
3220 2650 3402 2696 autem
3447 2631 3772 2706 repromittit,

533 2729 762 2786 dicens:
790 2733 878 2786 12.
916 2734 1108 2790 Adhuc
1129 2737 1318 2802 semel,
1349 2747 1405 2793 et
1432 2755 1531 2808 ego
1557 2738 1782 2794 movebo
1809 2755 1917 2795 non
1947 2739 2121 2795 solum
2154 2749 2378 2805 terram,
2409 2742 2502 2796 sed
2527 2745 2583 2796 et
2611 2741 2827 2796 coelum.
2857 2741 3009 2808 Quod
3041 2726 3427 2794 autem'adhuc
3447 2731 3611 2788 semel
3639 2729 3776 2793 dicit,

535 2821 624 2878 13.
655 2827 897 2882 declarat
933 2831 1210 2886 mobilium
1242 2833 1648 2889 translationem
1677 2835 1842 2904 228
1873 2843 2126 2905 tanquam
2154 2835 2442 2900 factorum,
2479 2842 2538 2889 ut
2564 2830 2819 2890 maneant
2843 2848 2907 2889 ea
2933 2851 3054 2905 qua:
3083 2842 3209 2889 sunt
3244 2828 3562 2886 immobilia.
3607 2823 3776 2891 itaque

539 2935 768 2990 regnum
806 2923 1080 2980 immobile
1106 2928 1482 2997 suscipientes,
1511 2930 1772 2985 habemus
1797 2929 2048 2997 gratiam,
2093 2945 2192 3000 per
2232 2944 2398 3000 quam
2422 2929 2717 2986 serviamus
2745 2929 3021 3000 placentes
3052 2929 3186 2995 Deo,
3227 2942 3350 2985 cum
3379 2934 3529 2984 metu
3555 2931 3608 2980 et
3633 2933 3775 2978 reve-

537 3016 733 3072 rentia.
762 3016 974 3072 Etetiim
1004 3018 1142 3076 Deus
1182 3030 1364 3079 noster
1392 3023 1538 3093 ignis
1555 3037 1882 3080 consumens
1905 3015 2020 3080 est.’

1967 3142 2201 3199 CAPUT
2225 3142 2362 3198 Xlli.

609 3245 858 3301 Charitas
875 3247 1229 3306 ﬁaternitatis
1258 3262 1469 3308 maneat
1493 3254 1546 3308 in
1570 3255 1739 3311 vobis.
1765 3256 1830 3310 Et
1857 3257 2282 3328 hospitalitatem
2303 3256 2468 3312 nolite
2487 3253 2761 3320 oblivisci;
2786 3268 2884 3324 per
2909 3254 3050 3309 hanc
3071 3251 3222 3308 enim
3245 3251 3526 3304 latuerunt
3547 3243 3770 3316 quidam.

541 3338 748 3409 angelis
785 3341 1021 3411 hospitio
1052 3347 1300 3414 receptis.
1330 3347 1650 3405 Mementote
1674 3352 2002 3418 vinctorum,
2033 3364 2288 3422 tanquam
2321 3351 2482 3406 simul
2513 3350 2704 3414 vincti,
2732 3357 2788 3404 et
2811 3349 3196 3413 laborantium,
3239 3358 3492 3414 tanquam
3522 3353 3577 3399 et
3612 3339 3708 3409 ipsi
3729 3337 3777 3391 in

539 3449 765 3504 corpore
788 3447 1082 3495 morantes.
1114 3439 1439 3496 Honorabile
1465 3447 1791 3501 connubium
1823 3446 1875 3500 in
1902 3447 2173 3511 omnibus,
2204 3457 2258 3501 et
2290 3446 2478 3500 thorus
2507 3444 2901 3500 immaculatus.
2933 3444 3310 3499 Fornicatores
3339 3441 3484 3497 enim
3506 3481 3531 3506 ,
3564 3448 3618 3493 et
3640 3431 3776 3489 adul-

540 3541 684 3586 teros
710 3531 973 3601 judicabi‘t
1005 3535 1161 3590 Deus.
1196 3536 1316 3593 Sint
1353 3554 1529 3595 mores
1549 3542 1664 3596 sine
1698 3543 1949 3609 avaritia,
1991 3544 2232 3599 contenti
2260 3543 2648 3613 praesentibus;
2701 3541 2815 3610 ipse
2852 3540 2997 3596 enim
3046 3540 3182 3594 dixit
3212 3556 3225 3593 :
3252 3537 3368 3593 Non
3417 3547 3474 3591 te
3522 3538 3774 3600 deseram,

536 3643 715 3698 neque
749 3630 1138 3700 derelinQnam,
1188 3635 1258 3689 ita
1307 3645 1368 3689 ut
1393 3638 1730 3695 conﬁdenter
1766 3641 2053 3696 dicamus:
2081 3641 2339 3696 Dominus
2379 3639 2509 3694 mihi
2541 3637 2752 3706 adiutor
2781 3645 2902 3703 est;
2934 3651 3039 3691 non
3072 3635 3278 3690 timebo
3297 3635 3426 3703 quid
3456 3632 3622 3687 faciat
3661 3632 3772 3686 mihi

537 3726 718 3780 homo.
763 3726 1086 3784 Mementote
1107 3734 1520 3801 praepositorum
1544 3746 1872 3805 vestrorum,
1899 3739 1990 3808 qui
2021 3738 2173 3792 vobis
2204 3737 2363 3792 locuti
2409 3745 2536 3790 sunt
2576 3735 2799 3790 verbum
2827 3733 2922 3788 Dei
2947 3750 2962 3799 ;
3009 3747 3239 3799 quorum
3280 3733 3553 3786 intuentes
3586 3730 3777 3784 exitum

536 3823 1000 3892 conversationis,
1019 3826 1304 3884 imitamini
1336 3831 1515 3887 ﬁdem.
1544 3833 1593 3887 l.
1629 3832 1786 3890 Jesus
1810 3836 2059 3891 Christus
2090 3835 2227 3900 heri,
2251 3843 2304 3888 et
2333 3833 2520 3900 hodie;
2552 3833 2667 3902 ipse
2694 3841 2749 3888 et
2785 3831 2840 3886 in
2865 3830 3077 3887 saecula.
3109 3830 3384 3886 Doctrinis
3415 3829 3580 3885 variis
3608 3838 3663 3885 et
3692 3842 3769 3899 pe-

1868 3951 2437 4010 COMMENTARIUS.

606 4058 660 4113 5.
705 4057 813 4112 Fili
845 4061 935 4125 mi,
961 4061 1084 4115 noli.
1110 4061 1166 4115 ln
1194 4060 1501 4120 Proverbiis
1530 4065 1604 4120 ita
1635 4068 1902 4124 habetur:
1936 4069 2110 4124 Disci—
2141 4075 2187 4132 Α
2219 4077 2564 4137 terpretatur.

532 4148 731 4220 plinam
776 4151 1018 4217 Domini,
1065 4153 1144 4221 ﬁli
1180 4154 1283 4219 mi,
1321 4171 1383 4208 ne
1406 4156 1658 4226 abjicias,
1703 4176 1864 4230 neque
1892 4161 2108 4229 deﬁcias
2283 4162 2368 4214 11.
2423 4159 2614 4214 Melius
2665 4159 2977 4228 loquentem.
3021 4160 3277 4229 Aspersio
3335 4159 3617 4230 sanguinis
3662 4154 3773 4212 Abel

533 4260 651 4296 eum
675 4245 739 4297 ab
768 4261 828 4298 eo
849 4246 1158 4313 corriperis;
1185 4264 1335 4318 quem
1358 4250 1493 4301 enim
1524 4249 1692 4319 diligit
1718 4250 1966 4304 Dominus
1997 4269 2104 4305 εον·
2211 4251 2409 4304 clamat
2437 4249 2728 4304 vindictam
2757 4267 2774 4315 ;
2802 4251 3043 4319 aspcrsio
3077 4251 3355 4320 sanguinis
3397 4249 3602 4305 Christi
3630 4249 3777 4306 mi):-

533 4333 678 4401 ripit,
702 4343 749 4388 et
777 4337 928 4404 quasi
957 4335 1122 4390 Pater
1151 4337 1204 4390 in
1230 4337 1345 4406 [ilio
1373 4337 1657 4405 complacet
1687 4340 1804 4393 sibi.
2210 4342 2521 4396 ricordiam.

604 4426 940 4482 6.Fruclum
959 4431 1364 4500 pacatissimam.
1397 4431 1854 4489 OrdozFructum
1876 4436 2107 4504 pacatise
2282 4434 2369 4487 12.
2420 4434 2604 4486 Adhuc
2660 4450 2753 4502 ego
2808 4434 2987 4488 semel.
3046 4433 3103 4488 in
3147 4434 3328 4504 Aggeo
3367 4433 3628 4502 propheta
3672 4430 3769 4486 sic:

533 4521 730 4577 simum
757 4520 998 4589 iustitiae,
1037 4523 1088 4576 id
1114 4532 1218 4585 est,
1251 4538 1408 4591 quem
1433 4523 1646 4591 justitia
1678 4534 2035 4595 promeretur.
2209 4522 2394 4576 Adhuc
2420 4539 2583 4576 unum
2613 4523 2998 4591 modicum'est,
3030 4536 3076 4579 et
3101 4541 3194 4595 ego
3234 4525 3560 4578 commovebo
3610 4536 3770 4577 canum

605 4609 658 4664 7.
692 4609 919 4666 Pedibus
945 4613 1142 4667 vestris.
1176 4612 1345 4668 Pedes
1375 4624 1531 4668 vocat
1576 4617 1947 4687 cogitationes,
1993 4632 2112 4686 qua:
2215 4625 2260 4668 et
2291 4626 2483 4668 terram
2514 4614 2694 4684 (Agge.
2729 4615 2812 4685 ll).

533 4711 664 4756 tunc
689 4712 834 4757 recte
857 4705 1196 4773 gradiuntur,
1223 4721 1344 4760 cum
1369 4706 1505 4761 bene
1528 4709 1751 4763 credunt
1781 4724 1796 4774 ;
1823 4717 1947 4763 tunc
1967 4707 2114 4764 clau-
2283 4706 2370 4759 15.
2409 4705 2677 4759 Declarat.
2710 4706 2814 4761 Per
2843 4706 2944 4762 hoc
2973 4708 3115 4778 quod
3151 4708 3317 4763 dicit:
3351 4707 3598 4772 Movebo,
3619 4705 3769 4762 decla-

533 4795 744 4860 dicant,
775 4810 903 4849 cum
926 4805 1133 4850 errant.
2213 4804 2364 4850 ratur
2385 4795 2509 4850 caeli
2532 4805 2587 4849 ct
2611 4805 2767 4850 terrae
2790 4798 3090 4862 translatio,
3121 4799 3173 4853 id
3199 4810 3303 4864 est,
3327 4799 3380 4853 in
3406 4799 3572 4852 alium
3594 4805 3770 4852 statum

602 4884 658 4940 8.
693 4885 910 4940 Scit0te.
952 4886 1207 4942 Ostensio
1234 4903 1398 4957 quam
1449 4889 1611 4944 fuerit
1661 4889 1800 4944 Esau
1831 4890 2112 4960 profanus,
2213 4889 2613 4943 transmutatio.
2650 4887 2850 4944 Probat
2889 4889 2992 4944 hoc
3037 4906 3187 4955 vero,
3237 4891 3380 4960 quod
3412 4891 3578 4946 semel
3608 4899 3764 4944 osten-

531 4977 585 5032 Η
611 4987 693 5033 est
721 4993 752 5032 a
791 4987 1057 5034 conventu
1094 4979 1332 5033 ﬁdelium
1362 4979 1586 5034 alienus.
2213 4978 2380 5043 ditur,
2408 4979 2551 5047 quod
2575 4988 2760 5049 postea
2789 4979 2970 5034 futura
2991 4991 3116 5035 sunt
3142 4980 3459 5036 immobilia.
3485 4980 3639 5046 Quod
3663 4989 3773 5031 vero

601 5066 654 5120 9.
689 5066 814 5121 Non
851 5069 988 5122 enim
1024 5068 1332 5120 accessistis.
1379 5067 1602 5132 Quando
1632 5068 1715 5123 lex
1748 5070 1871 5123 data
1915 5079 1997 5124 est
2026 5069 2113 5124 Ju-
2212 5069 2548 5123 diciturzEa
2583 5086 2702 5139 qua:
2748 5080 2896 5136 sunt,
2940 5074 3019 5127 sic
3064 5073 3464 5143 intelligendum
3507 5081 3594 5127 est
3638 5067 3771 5140 quasi-

530 5160 685 5239 dzeis,
716 5161 965 5230 apparuit
991 5160 1130 5230 ignis
1158 5159 1476 5226 tractabilis,
1507 5160 1559 5215 id
1596 5169 1701 5224 est,
1729 5160 2029 5232 palpabilis,
2058 5173 2113 5218 et
2212 5160 2483 5216 diceretur
2514 5180 2528 5214 :
2562 5161 2617 5215 ld
2648 5162 2792 5232 quod
2826 5173 2970 5218 sunt.
3023 5165 3291 5234 Quidquid
3337 5165 3483 5219 euitn
3533 5163 3636 5218 erit
3673 5162 3766 5215 sive

531 5253 884 5319 accessibilis,
922 5253 975 5306 in
1001 5267 1109 5321 quo
1143 5252 1463 5321 loquebatur
1493 5251 1654 5319 Deus,
1685 5263 1741 5308 et
1772 5262 1967 5308 czetera
1998 5263 2106 5308 ter-
2212 5255 2268 5309 in
2298 5255 2683 5325 principalibus
2713 5258 2985 5321 essentiis,
3018 5259 3133 5312 sive
3172 5259 3510 5314 extrinsecus
3539 5253 3770 5327 sumptis,

530 5343 707 5397 ribilia
730 5359 851 5413 quae
873 5353 1187 5411 sequuntur.
1214 5342 1329 5397 Non
1355 5344 1449 5410 ita,
1478 5344 1669 5414 inquit,
1712 5345 1765 5400 in
1794 5361 1943 5400 novat
1973 5344 2107 5416 legis
2212 5350 2506 5403 secundum
2539 5349 2591 5402 id
2625 5349 2898 5404 immobile
2931 5351 3053 5404 erit.

530 5432 736 5489 latione
765 5431 964 5487 factum
992 5441 1099 5501 est,
1124 5435 1302 5490 omnia
1330 5435 1474 5490 enim
1511 5436 1751 5492 suaviter
1800 5447 1857 5494 et
1883 5437 2111 5494 dulciter
2143 5424 2186 5479 Β
2287 5438 2439 5493 CAP.
2480 5437 2616 5492 Xlll.
2665 5469 2736 5478 —
2776 5439 2828 5492 1.
2873 5439 3028 5492 Jesus
3074 5439 3306 5493 Christus
3355 5439 3468 5491 heri
3515 5448 3567 5491 et
3616 5434 3761 5490 hodie.

535 5522 842 5577 indicantur
868 5523 1035 5579 vobis.
2219 5529 2382 5597 Quasi
2408 5529 2609 5584 diceret
2634 5543 2648 5581 :
2676 5529 2831 5584 Jesus
2857 5528 3099 5584 Christus
3133 5529 3224 5598 qui
3251 5545 3370 5583 cum
3403 5527 3510 5581 illis
3543 5528 3666 5589 fuit,
3691 5537 3763 5575 v0-

608 5612 693 5665 IO.
729 5612 836 5668 Sed
861 5618 1170 5687 accessistis,
1203 5619 1254 5674 id
1281 5628 1382 5684 est,
1413 5624 1479 5676 ad
1524 5620 1883 5683 altitudinem,
1917 5620 1970 5674 in
1999 5636 2104 5692 qua
2213 5621 2422 5675 hiscum
2451 5629 2554 5686 est,
2579 5630 2634 5674 et
2658 5621 2761 5674 erit
2797 5635 2917 5675 cum
2947 5622 3182 5678 Ecclesia
3228 5637 3322 5678 sua
3355 5604 3527 5691 usque
3558 5618 3624 5675 ad
3658 5629 3762 5670 cuu-

540 5702 620 5758 vel
657 5703 725 5763 de
770 5723 875 5778 qua
915 5709 1126 5768 videtur
1173 5713 1332 5771 Deus.
1365 5714 1494 5771 Sion
1524 5714 1668 5771 enim
1706 5713 1988 5788 speculatio
2020 5715 2100 5772 in-
2211 5717 2628 5769 summationem
2656 5712 2858 5770 saeculi.
3301 5709 3304 5711 ’
