  <div class='ocr_page' id='page_1' title='image "/cluster/home/n/w/nwhite01/storage/ocr_20150623/150/hvd.32044015473788/208.png"; bbox 0 0 3864 6300; ppageno 0'>
   <div class='ocr_carea' id='block_1_1' title="bbox 166 346 291 410">
    <p class='ocr_par' dir='ltr' id='par_1_1' title="bbox 166 346 291 410">
     <span class='ocr_line' id='line_1_1' title="bbox 166 346 291 410; baseline -0.064 0"><span class='ocrx_word' id='word_1_1' title='bbox 166 346 291 410; x_wconf 67' lang='grc' dir='ltr'><strong>Αίεθ</strong></span> 
     </span>
    </p>
   </div>
   <div class='ocr_carea' id='block_1_2' title="bbox 1059 342 2535 435">
    <p class='ocr_par' dir='ltr' id='par_1_2' title="bbox 1059 342 2535 435">
     <span class='ocr_line' id='line_1_2' title="bbox 1059 342 2535 435; baseline 0.004 -38"><span class='ocrx_word' id='word_1_2' title='bbox 1059 342 1254 405; x_wconf 74' lang='lat' dir='ltr'><strong>LIBER</strong></span> <span class='ocrx_word' id='word_1_3' title='bbox 1296 344 1382 400; x_wconf 73' lang='lat' dir='ltr'><strong>DE</strong></span> <span class='ocrx_word' id='word_1_4' title='bbox 1420 344 1742 403; x_wconf 69' lang='lat' dir='ltr'><strong>CORPORIS</strong></span> <span class='ocrx_word' id='word_1_5' title='bbox 1776 345 1863 400; x_wconf 81' lang='lat' dir='ltr'><strong>ET</strong></span> <span class='ocrx_word' id='word_1_6' title='bbox 1905 346 2248 405; x_wconf 71' lang='lat' dir='ltr'><strong>SANGUINE</strong></span> <span class='ocrx_word' id='word_1_7' title='bbox 2286 348 2535 435; x_wconf 61' lang='lat' dir='ltr'><strong>DOhilNl.</strong></span> 
     </span>
    </p>
   </div>
   <div class='ocr_carea' id='block_1_3' title="bbox 3308 351 3412 409">
    <p class='ocr_par' dir='ltr' id='par_1_3' title="bbox 3308 351 3412 409">
     <span class='ocr_line' id='line_1_3' title="bbox 3308 351 3412 409; baseline 0.01 -2"><span class='ocrx_word' id='word_1_8' title='bbox 3308 351 3412 409; x_wconf 77' lang='grc' dir='ltr'>ΗΟ</span> 
     </span>
    </p>
   </div>
   <div class='ocr_carea' id='block_1_4' title="bbox 165 460 3432 532">
    <p class='ocr_par' dir='ltr' id='par_1_4' title="bbox 165 460 3432 532">
     <span class='ocr_line' id='line_1_4' title="bbox 165 460 3432 532; baseline 0 -15"><span class='ocrx_word' id='word_1_9' title='bbox 165 474 277 517; x_wconf 82' lang='lat' dir='ltr'><strong>aut</strong></span> <span class='ocrx_word' id='word_1_10' title='bbox 302 463 483 532; x_wconf 83' lang='lat' dir='ltr'><strong>aliqua</strong></span> <span class='ocrx_word' id='word_1_11' title='bbox 512 477 577 515; x_wconf 83' lang='lat' dir='ltr'><strong>ex</strong></span> <span class='ocrx_word' id='word_1_12' title='bbox 608 467 778 531; x_wconf 85' lang='lat' dir='ltr'><strong>parte,</strong></span> <span class='ocrx_word' id='word_1_13' title='bbox 810 467 971 529; x_wconf 99' lang='lat' dir='ltr'><strong>prout</strong></span> <span class='ocrx_word' id='word_1_14' title='bbox 1000 460 1137 515; x_wconf 88' lang='lat' dir='ltr'><strong>ratio</strong></span> <span class='ocrx_word' id='word_1_15' title='bbox 1169 461 1242 513; x_wconf 92' lang='lat' dir='ltr'><strong>tui</strong></span> <span class='ocrx_word' id='word_1_16' title='bbox 1278 461 1478 530; x_wconf 76' lang='lat' dir='ltr'><strong>negotii</strong></span> <span class='ocrx_word' id='word_1_17' title='bbox 1510 461 1763 531; x_wconf 78' lang='lat' dir='ltr'><strong>postulat,</strong></span> <span class='ocrx_word' id='word_1_18' title='bbox 1792 462 1839 518; x_wconf 83' lang='lat' dir='ltr'><strong>A</strong></span> <span class='ocrx_word' id='word_1_19' title='bbox 1869 471 1986 516; x_wconf 87' lang='lat' dir='ltr'><strong>ctus</strong></span> <span class='ocrx_word' id='word_1_20' title='bbox 2008 461 2117 517; x_wconf 87' lang='lat' dir='ltr'><strong>Leo</strong></span> <span class='ocrx_word' id='word_1_21' title='bbox 2146 463 2368 518; x_wconf 76' lang='lat' dir='ltr'><strong>Romam</strong></span> <span class='ocrx_word' id='word_1_22' title='bbox 2398 462 2658 526; x_wconf 76' lang='lat' dir='ltr'><strong>traduxit,</strong></span> <span class='ocrx_word' id='word_1_23' title='bbox 2706 463 2772 515; x_wconf 87' lang='lat' dir='ltr'><strong>ad</strong></span> <span class='ocrx_word' id='word_1_24' title='bbox 2804 463 3202 531; x_wconf 67' lang='lat' dir='ltr'><strong>prmdicandum</strong></span> <span class='ocrx_word' id='word_1_25' title='bbox 3234 462 3432 520; x_wconf 79' lang='lat' dir='ltr'><strong>Siculis</strong></span> 
     </span>
    </p>
   </div>
   <div class='ocr_carea' id='block_1_5' title="bbox 168 551 1762 625">
    <p class='ocr_par' dir='ltr' id='par_1_5' title="bbox 168 551 1762 625">
     <span class='ocr_line' id='line_1_5' title="bbox 168 551 1762 625; baseline -0.003 -14"><span class='ocrx_word' id='word_1_26' title='bbox 168 561 501 625; x_wconf 80' lang='lat' dir='ltr'><strong>depravata.</strong></span> <span class='ocrx_word' id='word_1_27' title='bbox 553 554 653 608; x_wconf 82' lang='lat' dir='ltr'><strong>Per</strong></span> <span class='ocrx_word' id='word_1_28' title='bbox 682 568 839 623; x_wconf 88' lang='lat' dir='ltr'><strong>quam</strong></span> <span class='ocrx_word' id='word_1_29' title='bbox 879 551 1196 606; x_wconf 83' lang='lat' dir='ltr'><strong>diabolicam</strong></span> <span class='ocrx_word' id='word_1_30' title='bbox 1236 552 1501 607; x_wconf 75' lang='lat' dir='ltr'><strong>fallaciam</strong></span> <span class='ocrx_word' id='word_1_31' title='bbox 1548 553 1762 623; x_wconf 87' lang='lat' dir='ltr'><strong>ignaras</strong></span> 
     </span>
    </p>
   </div>
   <div class='ocr_carea' id='block_1_6' title="bbox 164 644 1757 718">
    <p class='ocr_par' dir='ltr' id='par_1_6' title="bbox 164 644 1757 718">
     <span class='ocr_line' id='line_1_6' title="bbox 164 644 1757 718; baseline -0.004 -14"><span class='ocrx_word' id='word_1_32' title='bbox 164 648 360 704; x_wconf 78' lang='lat' dir='ltr'><strong>divini</strong></span> <span class='ocrx_word' id='word_1_33' title='bbox 407 646 651 718; x_wconf 84' lang='lat' dir='ltr'><strong>mysterii</strong></span> <span class='ocrx_word' id='word_1_34' title='bbox 694 653 903 700; x_wconf 83' lang='lat' dir='ltr'><strong>tuentes</strong></span> <span class='ocrx_word' id='word_1_35' title='bbox 969 644 1173 713; x_wconf 80' lang='lat' dir='ltr'><strong>tibique</strong></span> <span class='ocrx_word' id='word_1_36' title='bbox 1220 644 1470 699; x_wconf 89' lang='lat' dir='ltr'><strong>credulas</strong></span> <span class='ocrx_word' id='word_1_37' title='bbox 1528 644 1757 710; x_wconf 85' lang='lat' dir='ltr'><strong>invadis,</strong></span> 
     </span>
    </p>
   </div>
   <div class='ocr_carea' id='block_1_7' title="bbox 166 733 1763 807">
    <p class='ocr_par' dir='ltr' id='par_1_7' title="bbox 166 733 1763 807">
     <span class='ocr_line' id='line_1_7' title="bbox 166 733 1763 807; baseline -0.004 -15"><span class='ocrx_word' id='word_1_38' title='bbox 166 739 417 807; x_wconf 84' lang='lat' dir='ltr'><strong>decipis,</strong></span> <span class='ocrx_word' id='word_1_39' title='bbox 446 735 683 791; x_wconf 89' lang='lat' dir='ltr'><strong>subruis.</strong></span> <span class='ocrx_word' id='word_1_40' title='bbox 719 743 868 788; x_wconf 87' lang='lat' dir='ltr'><strong>tanto</strong></span> <span class='ocrx_word' id='word_1_41' title='bbox 894 734 1128 802; x_wconf 83' lang='lat' dir='ltr'><strong>iniquior</strong></span> <span class='ocrx_word' id='word_1_42' title='bbox 1153 742 1356 802; x_wconf 90' lang='lat' dir='ltr'><strong>quanto</strong></span> <span class='ocrx_word' id='word_1_43' title='bbox 1393 734 1445 787; x_wconf 91' lang='lat' dir='ltr'><strong>in</strong></span> <span class='ocrx_word' id='word_1_44' title='bbox 1478 733 1618 787; x_wconf 91' lang='lat' dir='ltr'><strong>malo</strong></span> <span class='ocrx_word' id='word_1_45' title='bbox 1638 748 1763 802; x_wconf 91' lang='lat' dir='ltr'><strong>pro-</strong></span> 
     </span>
    </p>
   </div>
   <div class='ocr_carea' id='block_1_8' title="bbox 165 825 1765 897">
    <p class='ocr_par' dir='ltr' id='par_1_8' title="bbox 165 825 1765 897">
     <span class='ocr_line' id='line_1_8' title="bbox 165 825 1765 897; baseline -0.002 -15"><span class='ocrx_word' id='word_1_46' title='bbox 165 830 368 897; x_wconf 81' lang='lat' dir='ltr'><strong>posito</strong></span> <span class='ocrx_word' id='word_1_47' title='bbox 419 830 490 884; x_wconf 90' lang='lat' dir='ltr'><strong>ad</strong></span> <span class='ocrx_word' id='word_1_48' title='bbox 521 842 709 883; x_wconf 91' lang='lat' dir='ltr'><strong>eorum</strong></span> <span class='ocrx_word' id='word_1_49' title='bbox 767 826 859 895; x_wconf 88' lang='lat' dir='ltr'><strong>qui</strong></span> <span class='ocrx_word' id='word_1_50' title='bbox 908 826 1002 879; x_wconf 82' lang='lat' dir='ltr'><strong>tibi</strong></span> <span class='ocrx_word' id='word_1_51' title='bbox 1047 826 1100 879; x_wconf 90' lang='lat' dir='ltr'><strong>in</strong></span> <span class='ocrx_word' id='word_1_52' title='bbox 1143 825 1360 881; x_wconf 90' lang='lat' dir='ltr'><strong>Christo</strong></span> <span class='ocrx_word' id='word_1_53' title='bbox 1399 825 1592 881; x_wconf 78' lang='lat' dir='ltr'><strong>fratres</strong></span> <span class='ocrx_word' id='word_1_54' title='bbox 1640 834 1765 880; x_wconf 84' lang='lat' dir='ltr'><strong>sunt</strong></span> 
     </span>
    </p>
   </div>
   <div class='ocr_carea' id='block_1_9' title="bbox 164 917 1761 986">
    <p class='ocr_par' dir='ltr' id='par_1_9' title="bbox 164 917 1761 986">
     <span class='ocr_line' id='line_1_9' title="bbox 164 917 1761 986; baseline -0.003 -10"><span class='ocrx_word' id='word_1_55' title='bbox 164 922 598 977; x_wconf 87' lang='lat' dir='ltr'><strong>subversionem</strong></span> <span class='ocrx_word' id='word_1_56' title='bbox 634 929 689 972; x_wconf 88' lang='lat' dir='ltr'><strong>et</strong></span> <span class='ocrx_word' id='word_1_57' title='bbox 732 918 1044 974; x_wconf 90' lang='lat' dir='ltr'><strong>scandalum</strong></span> <span class='ocrx_word' id='word_1_58' title='bbox 1075 917 1427 986; x_wconf 82' lang='lat' dir='ltr'><strong>pertinacior,</strong></span> <span class='ocrx_word' id='word_1_59' title='bbox 1465 933 1761 986; x_wconf 87' lang='lat' dir='ltr'><strong>parvtpon-</strong></span> 
     </span>
    </p>
   </div>
   <div class='ocr_carea' id='block_1_10' title="bbox 164 1008 1764 1079">
    <p class='ocr_par' dir='ltr' id='par_1_10' title="bbox 164 1008 1764 1079">
     <span class='ocr_line' id='line_1_10' title="bbox 164 1008 1764 1079; baseline -0.001 -14"><span class='ocrx_word' id='word_1_60' title='bbox 164 1015 392 1068; x_wconf 84' lang='lat' dir='ltr'><strong>derans</strong></span> <span class='ocrx_word' id='word_1_61' title='bbox 420 1012 588 1068; x_wconf 89' lang='lat' dir='ltr'><strong>verba</strong></span> <span class='ocrx_word' id='word_1_62' title='bbox 610 1011 820 1065; x_wconf 83' lang='lat' dir='ltr'><strong>Domini</strong></span> <span class='ocrx_word' id='word_1_63' title='bbox 850 1011 1232 1066; x_wconf 87' lang='lat' dir='ltr'><strong>comminantis</strong></span> <span class='ocrx_word' id='word_1_64' title='bbox 1256 1010 1305 1063; x_wconf 90' lang='lat' dir='ltr'><strong>ei</strong></span> <span class='ocrx_word' id='word_1_65' title='bbox 1337 1010 1428 1079; x_wconf 90' lang='lat' dir='ltr'><strong>qui</strong></span> <span class='ocrx_word' id='word_1_66' title='bbox 1458 1011 1522 1063; x_wconf 90' lang='lat' dir='ltr'><strong>de</strong></span> <span class='ocrx_word' id='word_1_67' title='bbox 1550 1008 1764 1078; x_wconf 83' lang='lat' dir='ltr'><strong>pusillis</strong></span> 
     </span>
    </p>
   </div>
   <div class='ocr_carea' id='block_1_11' title="bbox 163 1100 1764 1174">
    <p class='ocr_par' dir='ltr' id='par_1_11' title="bbox 163 1100 1764 1174">
     <span class='ocr_line' id='line_1_11' title="bbox 163 1100 1764 1174; baseline -0.002 -17"><span class='ocrx_word' id='word_1_68' title='bbox 163 1107 291 1160; x_wconf 74' lang='lat' dir='ltr'><strong>suis</strong></span> <span class='ocrx_word' id='word_1_69' title='bbox 322 1105 563 1174; x_wconf 83' lang='lat' dir='ltr'><strong>aliquem</strong></span> <span class='ocrx_word' id='word_1_70' title='bbox 604 1102 932 1159; x_wconf 80' lang='lat' dir='ltr'><strong>scandalizat</strong></span> <span class='ocrx_word' id='word_1_71' title='bbox 961 1101 1173 1172; x_wconf 75' lang='lat' dir='ltr'><strong>(Matth.</strong></span> <span class='ocrx_word' id='word_1_72' title='bbox 1209 1117 1362 1165; x_wconf 82' lang='lat' dir='ltr'><strong>xvtu,</strong></span> <span class='ocrx_word' id='word_1_73' title='bbox 1392 1101 1469 1171; x_wconf 88' lang='lat'><strong>6),</strong></span> <span class='ocrx_word' id='word_1_74' title='bbox 1500 1115 1600 1155; x_wconf 91' lang='lat' dir='ltr'><strong>nec</strong></span> <span class='ocrx_word' id='word_1_75' title='bbox 1630 1100 1764 1154; x_wconf 82' lang='lat' dir='ltr'><strong>satis</strong></span> 
     </span>
    </p>
   </div>
   <div class='ocr_carea' id='block_1_12' title="bbox 162 1191 1762 1264">
    <p class='ocr_par' dir='ltr' id='par_1_12' title="bbox 162 1191 1762 1264">
     <span class='ocr_line' id='line_1_12' title="bbox 162 1191 1762 1264; baseline -0.003 -17"><span class='ocrx_word' id='word_1_76' title='bbox 162 1207 429 1251; x_wconf 83' lang='lat' dir='ltr'><strong>tremens</strong></span> <span class='ocrx_word' id='word_1_77' title='bbox 460 1193 884 1264; x_wconf 88' lang='lat' dir='ltr'><strong>increpationem</strong></span> <span class='ocrx_word' id='word_1_78' title='bbox 932 1192 1196 1261; x_wconf 88' lang='lat' dir='ltr'><strong>Apostoli,</strong></span> <span class='ocrx_word' id='word_1_79' title='bbox 1230 1192 1297 1246; x_wconf 91' lang='lat' dir='ltr'><strong>ad</strong></span> <span class='ocrx_word' id='word_1_80' title='bbox 1339 1191 1624 1260; x_wconf 88' lang='lat' dir='ltr'><strong>superbam</strong></span> <span class='ocrx_word' id='word_1_81' title='bbox 1652 1191 1762 1245; x_wconf 87' lang='lat' dir='ltr'><strong>Co-</strong></span> 
     </span>
    </p>
   </div>
   <div class='ocr_carea' id='block_1_13' title="bbox 162 1279 1758 1354">
    <p class='ocr_par' dir='ltr' id='par_1_13' title="bbox 162 1279 1758 1354">
     <span class='ocr_line' id='line_1_13' title="bbox 162 1279 1758 1354; baseline -0.005 -14"><span class='ocrx_word' id='word_1_82' title='bbox 162 1286 513 1340; x_wconf 84' lang='lat' dir='ltr'><strong>rinthiorum</strong></span> <span class='ocrx_word' id='word_1_83' title='bbox 534 1294 745 1354; x_wconf 80' lang='lat' dir='ltr'><strong>gentem</strong></span> <span class='ocrx_word' id='word_1_84' title='bbox 774 1282 1059 1337; x_wconf 85' lang='lat' dir='ltr'><strong>scribentis</strong></span> <span class='ocrx_word' id='word_1_85' title='bbox 1084 1289 1138 1336; x_wconf 88' lang='lat' dir='ltr'><strong>et</strong></span> <span class='ocrx_word' id='word_1_86' title='bbox 1164 1281 1396 1336; x_wconf 87' lang='lat' dir='ltr'><strong>dicentis</strong></span> <span class='ocrx_word' id='word_1_87' title='bbox 1420 1299 1433 1334; x_wconf 92' lang='lat'><strong>:</strong></span> <span class='ocrx_word' id='word_1_88' title='bbox 1465 1279 1555 1336; x_wconf 85' lang='lat' dir='ltr'><strong>Sic</strong></span> <span class='ocrx_word' id='word_1_89' title='bbox 1585 1290 1758 1333; x_wconf 84' lang='lat' dir='ltr'><strong>autem</strong></span> 
     </span>
    </p>
   </div>
   <div class='ocr_carea' id='block_1_14' title="bbox 161 1369 1762 1442">
    <p class='ocr_par' dir='ltr' id='par_1_14' title="bbox 161 1369 1762 1442">
     <span class='ocr_line' id='line_1_14' title="bbox 161 1369 1762 1442; baseline -0.005 -14"><span class='ocrx_word' id='word_1_90' title='bbox 161 1383 458 1442; x_wconf 76' lang='lat' dir='ltr'><strong>peccantes</strong></span> <span class='ocrx_word' id='word_1_91' title='bbox 507 1373 560 1426; x_wconf 87' lang='lat' dir='ltr'><strong>in</strong></span> <span class='ocrx_word' id='word_1_92' title='bbox 617 1371 841 1441; x_wconf 72' lang='lat' dir='ltr'><strong>fratres,</strong></span> <span class='ocrx_word' id='word_1_93' title='bbox 898 1380 944 1424; x_wconf 88' lang='lat' dir='ltr'><strong>et</strong></span> <span class='ocrx_word' id='word_1_94' title='bbox 995 1372 1337 1439; x_wconf 85' lang='lat' dir='ltr'><strong>percutientes</strong></span> <span class='ocrx_word' id='word_1_95' title='bbox 1397 1369 1762 1423; x_wconf 77' lang='lat' dir='ltr'><strong>conscientiam</strong></span> 
     </span>
    </p>
   </div>
   <div class='ocr_carea' id='block_1_15' title="bbox 164 1457 1761 1532">
    <p class='ocr_par' dir='ltr' id='par_1_15' title="bbox 164 1457 1761 1532">
     <span class='ocr_line' id='line_1_15' title="bbox 164 1457 1761 1532; baseline -0.004 -14"><span class='ocrx_word' id='word_1_96' title='bbox 164 1481 365 1518; x_wconf 78' lang='lat' dir='ltr'><strong>eorum</strong></span> <span class='ocrx_word' id='word_1_97' title='bbox 405 1463 694 1532; x_wconf 78' lang='lat' dir='ltr'><strong>inﬁmam.</strong></span> <span class='ocrx_word' id='word_1_98' title='bbox 744 1464 797 1515; x_wconf 87' lang='lat' dir='ltr'><strong>in</strong></span> <span class='ocrx_word' id='word_1_99' title='bbox 832 1461 1097 1515; x_wconf 79' lang='lat' dir='ltr'><strong>Christum</strong></span> <span class='ocrx_word' id='word_1_100' title='bbox 1138 1460 1361 1530; x_wconf 77' lang='lat' dir='ltr'><strong>peccatis</strong></span> <span class='ocrx_word' id='word_1_101' title='bbox 1408 1457 1461 1530; x_wconf 91' lang='lat' dir='ltr'><strong>(I</strong></span> <span class='ocrx_word' id='word_1_102' title='bbox 1493 1458 1761 1523; x_wconf 20' lang='lat' dir='ltr'><strong>Cor.,vnt,</strong></span> 
     </span>
    </p>
   </div>
   <div class='ocr_carea' id='block_1_16' title="bbox 168 1550 1763 1623">
    <p class='ocr_par' dir='ltr' id='par_1_16' title="bbox 168 1550 1763 1623">
     <span class='ocr_line' id='line_1_16' title="bbox 168 1550 1763 1623; baseline -0.002 -16"><span class='ocrx_word' id='word_1_103' title='bbox 168 1556 289 1618; x_wconf 69' lang='lat'><strong>£2).</strong></span> <span class='ocrx_word' id='word_1_104' title='bbox 350 1554 475 1621; x_wconf 79' lang='lat' dir='ltr'><strong>Quo</strong></span> <span class='ocrx_word' id='word_1_105' title='bbox 522 1561 748 1623; x_wconf 86' lang='lat' dir='ltr'><strong>peccato</strong></span> <span class='ocrx_word' id='word_1_106' title='bbox 793 1552 1081 1622; x_wconf 90' lang='lat' dir='ltr'><strong>plurimum</strong></span> <span class='ocrx_word' id='word_1_107' title='bbox 1121 1551 1405 1613; x_wconf 88' lang='lat' dir='ltr'><strong>detineris,</strong></span> <span class='ocrx_word' id='word_1_108' title='bbox 1450 1550 1763 1605; x_wconf 88' lang='lat' dir='ltr'><strong>subvertens</strong></span> 
     </span>
    </p>
   </div>
   <div class='ocr_carea' id='block_1_17' title="bbox 164 1642 1759 1715">
    <p class='ocr_par' dir='ltr' id='par_1_17' title="bbox 164 1642 1759 1715">
     <span class='ocr_line' id='line_1_17' title="bbox 164 1642 1759 1715; baseline -0.004 -14"><span class='ocrx_word' id='word_1_109' title='bbox 164 1661 266 1701; x_wconf 81' lang='lat' dir='ltr'><strong>ens</strong></span> <span class='ocrx_word' id='word_1_110' title='bbox 292 1647 422 1715; x_wconf 84' lang='lat' dir='ltr'><strong>qni,</strong></span> <span class='ocrx_word' id='word_1_111' title='bbox 471 1646 776 1700; x_wconf 84' lang='lat' dir='ltr'><strong>nescientes</strong></span> <span class='ocrx_word' id='word_1_112' title='bbox 802 1644 897 1698; x_wconf 90' lang='lat' dir='ltr'><strong>tibi</strong></span> <span class='ocrx_word' id='word_1_113' title='bbox 938 1643 1208 1706; x_wconf 80' lang='lat' dir='ltr'><strong>resistere,</strong></span> <span class='ocrx_word' id='word_1_114' title='bbox 1243 1642 1673 1711; x_wconf 90' lang='lat' dir='ltr'><strong>contemplantur</strong></span> <span class='ocrx_word' id='word_1_115' title='bbox 1698 1657 1759 1695; x_wconf 89' lang='lat' dir='ltr'><strong>ea</strong></span> 
     </span>
    </p>
   </div>
   <div class='ocr_carea' id='block_1_18' title="bbox 168 1732 1761 1804">
    <p class='ocr_par' dir='ltr' id='par_1_18' title="bbox 168 1732 1761 1804">
     <span class='ocr_line' id='line_1_18' title="bbox 168 1732 1761 1804; baseline 0.003 -19"><span class='ocrx_word' id='word_1_116' title='bbox 168 1752 300 1803; x_wconf 59' lang='lat' dir='ltr'><strong>qua!</strong></span> <span class='ocrx_word' id='word_1_117' title='bbox 336 1736 612 1799; x_wconf 86' lang='lat' dir='ltr'><strong>videntur,</strong></span> <span class='ocrx_word' id='word_1_118' title='bbox 640 1750 746 1788; x_wconf 90' lang='lat' dir='ltr'><strong>non</strong></span> <span class='ocrx_word' id='word_1_119' title='bbox 768 1750 831 1789; x_wconf 87' lang='lat' dir='ltr'><strong>ea</strong></span> <span class='ocrx_word' id='word_1_120' title='bbox 858 1751 978 1804; x_wconf 68' lang='lat' dir='ltr'><strong>qua:</strong></span> <span class='ocrx_word' id='word_1_121' title='bbox 994 1750 1096 1788; x_wconf 90' lang='lat' dir='ltr'><strong>non</strong></span> <span class='ocrx_word' id='word_1_122' title='bbox 1120 1734 1389 1788; x_wconf 90' lang='lat' dir='ltr'><strong>videntur.</strong></span> <span class='ocrx_word' id='word_1_123' title='bbox 1414 1733 1518 1787; x_wconf 87' lang='lat' dir='ltr'><strong>Sed</strong></span> <span class='ocrx_word' id='word_1_124' title='bbox 1548 1732 1761 1789; x_wconf 89' lang='lat' dir='ltr'><strong>ﬁrmum</strong></span> 
     </span>
    </p>
   </div>
   <div class='ocr_carea' id='block_1_19' title="bbox 1863 553 3431 624">
    <p class='ocr_par' dir='ltr' id='par_1_19' title="bbox 1863 553 3431 624">
     <span class='ocr_line' id='line_1_19' title="bbox 1863 553 3431 624; baseline 0.003 -19"><span class='ocrx_word' id='word_1_125' title='bbox 1863 554 2085 607; x_wconf 84' lang='lat' dir='ltr'><strong>verbum</strong></span> <span class='ocrx_word' id='word_1_126' title='bbox 2145 553 2237 608; x_wconf 91' lang='lat' dir='ltr'><strong>Dci</strong></span> <span class='ocrx_word' id='word_1_127' title='bbox 2271 554 2737 624; x_wconf 73' lang='lat' dir='ltr'><strong>archiepiscopum</strong></span> <span class='ocrx_word' id='word_1_128' title='bbox 2761 555 3050 621; x_wconf 87' lang='lat' dir='ltr'><strong>ordinavit,</strong></span> <span class='ocrx_word' id='word_1_129' title='bbox 3088 564 3270 624; x_wconf 81' lang='lat' dir='ltr'><strong>postea</strong></span> <span class='ocrx_word' id='word_1_130' title='bbox 3303 571 3431 610; x_wconf 79' lang='lat' dir='ltr'><strong>vero</strong></span> 
     </span>
    </p>
   </div>
   <div class='ocr_carea' id='block_1_20' title="bbox 1863 646 3429 715">
    <p class='ocr_par' dir='ltr' id='par_1_20' title="bbox 1863 646 3429 715">
     <span class='ocr_line' id='line_1_20' title="bbox 1863 646 3429 715; baseline -0.001 -14"><span class='ocrx_word' id='word_1_131' title='bbox 1863 656 2043 701; x_wconf 87' lang='lat' dir='ltr'><strong>sancta</strong></span> <span class='ocrx_word' id='word_1_132' title='bbox 2079 646 2317 701; x_wconf 81' lang='lat' dir='ltr'><strong>Romana</strong></span> <span class='ocrx_word' id='word_1_133' title='bbox 2367 646 2603 701; x_wconf 83' lang='lat' dir='ltr'><strong>Ecclesia</strong></span> <span class='ocrx_word' id='word_1_134' title='bbox 2635 646 2917 715; x_wconf 74' lang='lat' dir='ltr'><strong>praesulem</strong></span> <span class='ocrx_word' id='word_1_135' title='bbox 2961 647 3061 700; x_wconf 85' lang='lat' dir='ltr'><strong>sibi</strong></span> <span class='ocrx_word' id='word_1_136' title='bbox 3099 647 3429 706; x_wconf 81' lang='lat' dir='ltr'><strong>cardiualcm</strong></span> 
     </span>
    </p>
   </div>
   <div class='ocr_carea' id='block_1_21' title="bbox 1863 737 3430 808">
    <p class='ocr_par' dir='ltr' id='par_1_21' title="bbox 1863 737 3430 808">
     <span class='ocr_line' id='line_1_21' title="bbox 1863 737 3430 808; baseline -0.002 -15"><span class='ocrx_word' id='word_1_137' title='bbox 1863 738 2157 793; x_wconf 90' lang='lat' dir='ltr'><strong>constituit.</strong></span> <span class='ocrx_word' id='word_1_138' title='bbox 2208 738 2323 805; x_wconf 84' lang='lat' dir='ltr'><strong>Quo</strong></span> <span class='ocrx_word' id='word_1_139' title='bbox 2358 740 2408 792; x_wconf 93' lang='lat' dir='ltr'><strong>in</strong></span> <span class='ocrx_word' id='word_1_140' title='bbox 2463 739 2578 793; x_wconf 92' lang='lat' dir='ltr'><strong>loco</strong></span> <span class='ocrx_word' id='word_1_141' title='bbox 2618 739 2823 808; x_wconf 88' lang='lat' dir='ltr'><strong>positus</strong></span> <span class='ocrx_word' id='word_1_142' title='bbox 2863 738 3039 792; x_wconf 86' lang='lat' dir='ltr'><strong>taliter</strong></span> <span class='ocrx_word' id='word_1_143' title='bbox 3068 737 3222 801; x_wconf 74' lang='lat' dir='ltr'><strong>vixit,</strong></span> <span class='ocrx_word' id='word_1_144' title='bbox 3251 738 3430 792; x_wconf 83' lang='lat' dir='ltr'><strong>taliter</strong></span> 
     </span>
    </p>
   </div>
   <div class='ocr_carea' id='block_1_22' title="bbox 1863 827 3426 897">
    <p class='ocr_par' dir='ltr' id='par_1_22' title="bbox 1863 827 3426 897">
     <span class='ocr_line' id='line_1_22' title="bbox 1863 827 3426 897; baseline -0.001 -16"><span class='ocrx_word' id='word_1_145' title='bbox 1863 828 2045 882; x_wconf 86' lang='lat' dir='ltr'><strong>docuit</strong></span> <span class='ocrx_word' id='word_1_146' title='bbox 2076 837 2135 881; x_wconf 92' lang='lat' dir='ltr'><strong>ut</strong></span> <span class='ocrx_word' id='word_1_147' title='bbox 2157 829 2223 882; x_wconf 91' lang='lat' dir='ltr'><strong>de</strong></span> <span class='ocrx_word' id='word_1_148' title='bbox 2254 828 2357 883; x_wconf 87' lang='lat' dir='ltr'><strong>ﬁde</strong></span> <span class='ocrx_word' id='word_1_149' title='bbox 2383 828 2465 882; x_wconf 90' lang='lat' dir='ltr'><strong>vel</strong></span> <span class='ocrx_word' id='word_1_150' title='bbox 2489 829 2730 883; x_wconf 79' lang='lat' dir='ltr'><strong>doctrina</strong></span> <span class='ocrx_word' id='word_1_151' title='bbox 2759 827 2925 897; x_wconf 86' lang='lat' dir='ltr'><strong>ipsius</strong></span> <span class='ocrx_word' id='word_1_152' title='bbox 2951 841 3048 880; x_wconf 85' lang='lat' dir='ltr'><strong>nec</strong></span> <span class='ocrx_word' id='word_1_153' title='bbox 3078 827 3265 881; x_wconf 87' lang='lat' dir='ltr'><strong>saltem</strong></span> <span class='ocrx_word' id='word_1_154' title='bbox 3294 828 3426 880; x_wconf 89' lang='lat' dir='ltr'><strong>sini-</strong></span> 
     </span>
    </p>
   </div>
   <div class='ocr_carea' id='block_1_23' title="bbox 1863 914 3435 988">
    <p class='ocr_par' dir='ltr' id='par_1_23' title="bbox 1863 914 3435 988">
     <span class='ocr_line' id='line_1_23' title="bbox 1863 914 3435 988; baseline -0.003 -16"><span class='ocrx_word' id='word_1_155' title='bbox 1863 927 1992 972; x_wconf 77' lang='lat' dir='ltr'><strong>stne</strong></span> <span class='ocrx_word' id='word_1_156' title='bbox 2035 919 2359 988; x_wconf 86' lang='lat' dir='ltr'><strong>suspicionis</strong></span> <span class='ocrx_word' id='word_1_157' title='bbox 2408 916 2547 971; x_wconf 87' lang='lat' dir='ltr'><strong>fama</strong></span> <span class='ocrx_word' id='word_1_158' title='bbox 2580 917 2869 985; x_wconf 87' lang='lat' dir='ltr'><strong>aliquando</strong></span> <span class='ocrx_word' id='word_1_159' title='bbox 2904 925 3093 969; x_wconf 78' lang='lat' dir='ltr'><strong>exorta</strong></span> <span class='ocrx_word' id='word_1_160' title='bbox 3146 915 3234 967; x_wconf 90' lang='lat' dir='ltr'><strong>sit.</strong></span> <span class='ocrx_word' id='word_1_161' title='bbox 3262 914 3435 983; x_wconf 85' lang='lat' dir='ltr'><strong>llajus</strong></span> 
     </span>
    </p>
   </div>
   <div class='ocr_carea' id='block_1_24' title="bbox 1865 1005 3432 1075">
    <p class='ocr_par' dir='ltr' id='par_1_24' title="bbox 1865 1005 3432 1075">
     <span class='ocr_line' id='line_1_24' title="bbox 1865 1005 3432 1075; baseline -0.001 -13"><span class='ocrx_word' id='word_1_162' title='bbox 1865 1010 1940 1063; x_wconf 88' lang='lat' dir='ltr'><strong>rei</strong></span> <span class='ocrx_word' id='word_1_163' title='bbox 1976 1009 2129 1063; x_wconf 87' lang='lat' dir='ltr'><strong>testis</strong></span> <span class='ocrx_word' id='word_1_164' title='bbox 2150 1020 2231 1063; x_wconf 90' lang='lat' dir='ltr'><strong>est</strong></span> <span class='ocrx_word' id='word_1_165' title='bbox 2259 1018 2365 1062; x_wconf 89' lang='lat' dir='ltr'><strong>tota</strong></span> <span class='ocrx_word' id='word_1_166' title='bbox 2397 1008 2506 1063; x_wconf 88' lang='lat' dir='ltr'><strong>fere</strong></span> <span class='ocrx_word' id='word_1_167' title='bbox 2535 1008 2817 1061; x_wconf 85' lang='lat' dir='ltr'><strong>Latinitas.</strong></span> <span class='ocrx_word' id='word_1_168' title='bbox 2848 1022 2968 1075; x_wconf 69' lang='lat' dir='ltr'><strong>qtae</strong></span> <span class='ocrx_word' id='word_1_169' title='bbox 2993 1021 3088 1074; x_wconf 90' lang='lat' dir='ltr'><strong>pro</strong></span> <span class='ocrx_word' id='word_1_170' title='bbox 3111 1005 3432 1060; x_wconf 76' lang='lat' dir='ltr'><strong>excellentia</strong></span> 
     </span>
    </p>
   </div>
   <div class='ocr_carea' id='block_1_25' title="bbox 1865 1098 3433 1169">
    <p class='ocr_par' dir='ltr' id='par_1_25' title="bbox 1865 1098 3433 1169">
     <span class='ocr_line' id='line_1_25' title="bbox 1865 1098 3433 1169; baseline -0.001 -17"><span class='ocrx_word' id='word_1_171' title='bbox 1865 1100 2181 1169; x_wconf 63' lang='lat' dir='ltr'><strong>apostolica:</strong></span> <span class='ocrx_word' id='word_1_172' title='bbox 2202 1101 2367 1165; x_wconf 85' lang='lat' dir='ltr'><strong>sedis,</strong></span> <span class='ocrx_word' id='word_1_173' title='bbox 2402 1099 2557 1166; x_wconf 84' lang='lat' dir='ltr'><strong>cujus</strong></span> <span class='ocrx_word' id='word_1_174' title='bbox 2600 1100 2842 1154; x_wconf 90' lang='lat' dir='ltr'><strong>conciliis</strong></span> <span class='ocrx_word' id='word_1_175' title='bbox 2868 1109 2933 1153; x_wconf 86' lang='lat' dir='ltr'><strong>et</strong></span> <span class='ocrx_word' id='word_1_176' title='bbox 2954 1098 3191 1152; x_wconf 86' lang='lat' dir='ltr'><strong>consiliis</strong></span> <span class='ocrx_word' id='word_1_177' title='bbox 3222 1112 3433 1164; x_wconf 78' lang='lat' dir='ltr'><strong>semper</strong></span> 
     </span>
    </p>
   </div>
   <div class='ocr_carea' id='block_1_26' title="bbox 1864 1192 3432 1264">
    <p class='ocr_par' dir='ltr' id='par_1_26' title="bbox 1864 1192 3432 1264">
     <span class='ocr_line' id='line_1_26' title="bbox 1864 1192 3432 1264; baseline -0.002 -17"><span class='ocrx_word' id='word_1_178' title='bbox 1864 1193 2049 1247; x_wconf 88' lang='lat' dir='ltr'><strong>aderat</strong></span> <span class='ocrx_word' id='word_1_179' title='bbox 2079 1208 2143 1248; x_wconf 87' lang='lat' dir='ltr'><strong>ac</strong></span> <span class='ocrx_word' id='word_1_180' title='bbox 2190 1204 2436 1264; x_wconf 74' lang='lat' dir='ltr'><strong>prmerat,</strong></span> <span class='ocrx_word' id='word_1_181' title='bbox 2469 1210 2591 1249; x_wconf 88' lang='lat' dir='ltr'><strong>emn</strong></span> <span class='ocrx_word' id='word_1_182' title='bbox 2620 1194 2865 1264; x_wconf 81' lang='lat' dir='ltr'><strong>ignorare</strong></span> <span class='ocrx_word' id='word_1_183' title='bbox 2902 1209 3004 1246; x_wconf 89' lang='lat' dir='ltr'><strong>non</strong></span> <span class='ocrx_word' id='word_1_184' title='bbox 3039 1193 3227 1261; x_wconf 90' lang='lat' dir='ltr'><strong>potuit.</strong></span> <span class='ocrx_word' id='word_1_185' title='bbox 3261 1192 3360 1257; x_wconf 86' lang='lat' dir='ltr'><strong>Qui</strong></span> <span class='ocrx_word' id='word_1_186' title='bbox 3389 1193 3432 1245; x_wconf 82' lang='lat' dir='ltr'><strong>si</strong></span> 
     </span>
    </p>
   </div>
   <div class='ocr_carea' id='block_1_27' title="bbox 1863 1286 3435 1356">
    <p class='ocr_par' dir='ltr' id='par_1_27' title="bbox 1863 1286 3435 1356">
     <span class='ocr_line' id='line_1_27' title="bbox 1863 1286 3435 1356; baseline -0.003 -16"><span class='ocrx_word' id='word_1_187' title='bbox 1863 1286 2024 1340; x_wconf 87' lang='lat' dir='ltr'><strong>etiam</strong></span> <span class='ocrx_word' id='word_1_188' title='bbox 2060 1286 2380 1355; x_wconf 81' lang='lat' dir='ltr'><strong>Burgundus</strong></span> <span class='ocrx_word' id='word_1_189' title='bbox 2425 1296 2587 1348; x_wconf 89' lang='lat' dir='ltr'><strong>esset,</strong></span> <span class='ocrx_word' id='word_1_190' title='bbox 2621 1287 2943 1356; x_wconf 80' lang='lat' dir='ltr'><strong>insipienter</strong></span> <span class='ocrx_word' id='word_1_191' title='bbox 2977 1297 3150 1338; x_wconf 75' lang='lat' dir='ltr'><strong>tamen</strong></span> <span class='ocrx_word' id='word_1_192' title='bbox 3182 1300 3435 1352; x_wconf 73' lang='lat' dir='ltr'><strong>arrogat:-</strong></span> 
     </span>
    </p>
   </div>
   <div class='ocr_carea' id='block_1_28' title="bbox 1866 1374 3430 1445">
    <p class='ocr_par' dir='ltr' id='par_1_28' title="bbox 1866 1374 3430 1445">
     <span class='ocr_line' id='line_1_28' title="bbox 1866 1374 3430 1445; baseline -0.001 -16"><span class='ocrx_word' id='word_1_193' title='bbox 1866 1376 1937 1430; x_wconf 90' lang='lat' dir='ltr'><strong>tia</strong></span> <span class='ocrx_word' id='word_1_194' title='bbox 1967 1384 2053 1431; x_wconf 87' lang='lat' dir='ltr'><strong>tua</strong></span> <span class='ocrx_word' id='word_1_195' title='bbox 2075 1392 2270 1433; x_wconf 89' lang='lat' dir='ltr'><strong>nomen</strong></span> <span class='ocrx_word' id='word_1_196' title='bbox 2313 1392 2424 1435; x_wconf 78' lang='lat' dir='ltr'><strong>suze</strong></span> <span class='ocrx_word' id='word_1_197' title='bbox 2460 1377 2632 1445; x_wconf 83' lang='lat' dir='ltr'><strong>gentis</strong></span> <span class='ocrx_word' id='word_1_198' title='bbox 2662 1392 2760 1445; x_wconf 95' lang='lat' dir='ltr'><strong>pro</strong></span> <span class='ocrx_word' id='word_1_199' title='bbox 2807 1376 3024 1431; x_wconf 79' lang='lat' dir='ltr'><strong>infamia</strong></span> <span class='ocrx_word' id='word_1_200' title='bbox 3054 1374 3153 1428; x_wconf 88' lang='lat' dir='ltr'><strong>sibi</strong></span> <span class='ocrx_word' id='word_1_201' title='bbox 3187 1375 3430 1428; x_wconf 79' lang='lat' dir='ltr'><strong>ascribe-</strong></span> 
     </span>
    </p>
   </div>
   <div class='ocr_carea' id='block_1_29' title="bbox 1865 1465 3435 1539">
    <p class='ocr_par' dir='ltr' id='par_1_29' title="bbox 1865 1465 3435 1539">
     <span class='ocr_line' id='line_1_29' title="bbox 1865 1465 3435 1539; baseline -0.004 -16"><span class='ocrx_word' id='word_1_202' title='bbox 1865 1476 1969 1534; x_wconf 87' lang='lat' dir='ltr'><strong>ret,</strong></span> <span class='ocrx_word' id='word_1_203' title='bbox 2000 1484 2122 1523; x_wconf 90' lang='lat' dir='ltr'><strong>cum</strong></span> <span class='ocrx_word' id='word_1_204' title='bbox 2159 1467 2389 1539; x_wconf 84' lang='lat' dir='ltr'><strong>Spiritus</strong></span> <span class='ocrx_word' id='word_1_205' title='bbox 2439 1468 2644 1521; x_wconf 86' lang='lat' dir='ltr'><strong>Domini</strong></span> <span class='ocrx_word' id='word_1_206' title='bbox 2679 1467 2763 1520; x_wconf 89' lang='lat' dir='ltr'><strong>ubi</strong></span> <span class='ocrx_word' id='word_1_207' title='bbox 2794 1467 2905 1520; x_wconf 82' lang='lat' dir='ltr'><strong>vult</strong></span> <span class='ocrx_word' id='word_1_208' title='bbox 2934 1467 3101 1534; x_wconf 88' lang='lat' dir='ltr'><strong>spirct</strong></span> <span class='ocrx_word' id='word_1_209' title='bbox 3130 1465 3313 1533; x_wconf 83' lang='lat' dir='ltr'><strong>(Joan.</strong></span> <span class='ocrx_word' id='word_1_210' title='bbox 3346 1481 3435 1525; x_wconf 88' lang='grc' dir='ltr'>ιιι.</span> 
     </span>
    </p>
   </div>
   <div class='ocr_carea' id='block_1_30' title="bbox 1868 1556 3441 1629">
    <p class='ocr_par' dir='ltr' id='par_1_30' title="bbox 1868 1556 3441 1629">
     <span class='ocr_line' id='line_1_30' title="bbox 1868 1556 3441 1629; baseline -0.003 -16"><span class='ocrx_word' id='word_1_211' title='bbox 1868 1560 1944 1627; x_wconf 82' lang='lat'><strong>8).</strong></span> <span class='ocrx_word' id='word_1_212' title='bbox 1970 1568 2024 1614; x_wconf 89' lang='lat' dir='ltr'><strong>et</strong></span> <span class='ocrx_word' id='word_1_213' title='bbox 2049 1574 2208 1629; x_wconf 88' lang='lat' dir='ltr'><strong>quem</strong></span> <span class='ocrx_word' id='word_1_214' title='bbox 2239 1559 2588 1628; x_wconf 88' lang='lat' dir='ltr'><strong>vultaspirct,</strong></span> <span class='ocrx_word' id='word_1_215' title='bbox 2618 1568 2671 1611; x_wconf 91' lang='lat' dir='ltr'><strong>et</strong></span> <span class='ocrx_word' id='word_1_216' title='bbox 2696 1558 2992 1611; x_wconf 88' lang='lat' dir='ltr'><strong>Dominisit</strong></span> <span class='ocrx_word' id='word_1_217' title='bbox 3021 1564 3193 1620; x_wconf 88' lang='lat' dir='ltr'><strong>terra,</strong></span> <span class='ocrx_word' id='word_1_218' title='bbox 3223 1564 3283 1611; x_wconf 84' lang='lat' dir='ltr'><strong>et</strong></span> <span class='ocrx_word' id='word_1_219' title='bbox 3315 1556 3441 1610; x_wconf 89' lang='lat' dir='ltr'><strong>uni-</strong></span> 
     </span>
    </p>
   </div>
   <div class='ocr_carea' id='block_1_31' title="bbox 1864 1648 3437 1721">
    <p class='ocr_par' dir='ltr' id='par_1_31' title="bbox 1864 1648 3437 1721">
     <span class='ocr_line' id='line_1_31' title="bbox 1864 1648 3437 1721; baseline -0.001 -16"><span class='ocrx_word' id='word_1_220' title='bbox 1864 1652 2005 1707; x_wconf 87' lang='lat' dir='ltr'><strong>versi</strong></span> <span class='ocrx_word' id='word_1_221' title='bbox 2029 1652 2118 1721; x_wconf 91' lang='lat' dir='ltr'><strong>qui</strong></span> <span class='ocrx_word' id='word_1_222' title='bbox 2145 1652 2393 1706; x_wconf 86' lang='lat' dir='ltr'><strong>habitant</strong></span> <span class='ocrx_word' id='word_1_223' title='bbox 2435 1652 2486 1705; x_wconf 90' lang='lat' dir='ltr'><strong>in</strong></span> <span class='ocrx_word' id='word_1_224' title='bbox 2519 1667 2579 1705; x_wconf 90' lang='lat' dir='ltr'><strong>ea</strong></span> <span class='ocrx_word' id='word_1_225' title='bbox 2607 1648 2777 1720; x_wconf 62' lang='lat' dir='ltr'><strong>(Paul.</strong></span> <span class='ocrx_word' id='word_1_226' title='bbox 2806 1666 2967 1713; x_wconf 63' lang='grc' dir='ltr'>χχιιι,</span> <span class='ocrx_word' id='word_1_227' title='bbox 2994 1650 3069 1719; x_wconf 74' lang='lat' dir='ltr'><strong>i),</strong></span> <span class='ocrx_word' id='word_1_228' title='bbox 3101 1657 3155 1703; x_wconf 90' lang='lat' dir='ltr'><strong>et</strong></span> <span class='ocrx_word' id='word_1_229' title='bbox 3182 1649 3437 1717; x_wconf 84' lang='lat' dir='ltr'><strong>princeps</strong></span> 
     </span>
    </p>
   </div>
   <div class='ocr_carea' id='block_1_32' title="bbox 1867 1741 3437 1811">
    <p class='ocr_par' dir='ltr' id='par_1_32' title="bbox 1867 1741 3437 1811">
     <span class='ocr_line' id='line_1_32' title="bbox 1867 1741 3437 1811; baseline -0.002 -15"><span class='ocrx_word' id='word_1_230' title='bbox 1867 1743 2225 1811; x_wconf 83' lang='lat' dir='ltr'><strong>apostolorum</strong></span> <span class='ocrx_word' id='word_1_231' title='bbox 2256 1744 2400 1797; x_wconf 83' lang='lat' dir='ltr'><strong>dicat</strong></span> <span class='ocrx_word' id='word_1_232' title='bbox 2430 1762 2443 1797; x_wconf 86' lang='lat'><strong>:</strong></span> <span class='ocrx_word' id='word_1_233' title='bbox 2480 1743 2544 1798; x_wconf 87' lang='lat' dir='ltr'><strong>In</strong></span> <span class='ocrx_word' id='word_1_234' title='bbox 2570 1743 2780 1796; x_wconf 70' lang='lat' dir='ltr'><strong>veritate</strong></span> <span class='ocrx_word' id='word_1_235' title='bbox 2809 1742 3033 1809; x_wconf 81' lang='lat' dir='ltr'><strong>comperi</strong></span> <span class='ocrx_word' id='word_1_236' title='bbox 3055 1741 3301 1811; x_wconf 79' lang='lat' dir='ltr'><strong>quaniam</strong></span> <span class='ocrx_word' id='word_1_237' title='bbox 3327 1756 3437 1794; x_wconf 85' lang='lat' dir='ltr'><strong>non</strong></span> 
     </span>
    </p>
   </div>
   <div class='ocr_carea' id='block_1_33' title="bbox 168 1823 1779 1904">
    <p class='ocr_par' dir='ltr' id='par_1_33' title="bbox 168 1825 1765 1889">
     <span class='ocr_line' id='line_1_33' title="bbox 168 1825 1765 1889; baseline -0.003 -9"><span class='ocrx_word' id='word_1_238' title='bbox 168 1828 596 1882; x_wconf 85' lang='lat' dir='ltr'><strong>fundamentum</strong></span> <span class='ocrx_word' id='word_1_239' title='bbox 628 1826 722 1881; x_wconf 88' lang='lat' dir='ltr'><strong>Dei</strong></span> <span class='ocrx_word' id='word_1_240' title='bbox 772 1834 881 1880; x_wconf 86' lang='lat' dir='ltr'><strong>stat</strong></span> <span class='ocrx_word' id='word_1_241' title='bbox 929 1825 1219 1889; x_wconf 87' lang='lat' dir='ltr'><strong>immobile,</strong></span> <span class='ocrx_word' id='word_1_242' title='bbox 1262 1825 1467 1880; x_wconf 88' lang='lat' dir='ltr'><strong>habens</strong></span> <span class='ocrx_word' id='word_1_243' title='bbox 1519 1825 1765 1887; x_wconf 71' lang='lat' dir='ltr'><strong>signacu-</strong></span> 
     </span>
    </p>
   </div>
   <div class='ocr_carea' id='block_1_34' title="bbox 1875 1823 3431 1904">
    <p class='ocr_par' dir='ltr' id='par_1_34' title="bbox 1875 1832 3431 1904">
     <span class='ocr_line' id='line_1_34' title="bbox 1875 1832 3431 1904; baseline -0.003 -16"><span class='ocrx_word' id='word_1_244' title='bbox 1875 1844 1940 1888; x_wconf 70' lang='grc' dir='ltr'><strong>εει</strong></span> <span class='ocrx_word' id='word_1_245' title='bbox 1991 1850 2331 1904; x_wconf 75' lang='lat' dir='ltr'><strong>personarum</strong></span> <span class='ocrx_word' id='word_1_246' title='bbox 2372 1844 2610 1901; x_wconf 79' lang='lat' dir='ltr'><strong>acceptor</strong></span> <span class='ocrx_word' id='word_1_247' title='bbox 2650 1833 2811 1895; x_wconf 76' lang='lat' dir='ltr'><strong>Deus,</strong></span> <span class='ocrx_word' id='word_1_248' title='bbox 2843 1833 2932 1885; x_wconf 79' lang='lat' dir='ltr'><strong>sed</strong></span> <span class='ocrx_word' id='word_1_249' title='bbox 2965 1833 3018 1884; x_wconf 86' lang='lat' dir='ltr'><strong>in</strong></span> <span class='ocrx_word' id='word_1_250' title='bbox 3076 1832 3217 1884; x_wconf 78' lang='lat' dir='ltr'><strong>omni</strong></span> <span class='ocrx_word' id='word_1_251' title='bbox 3262 1841 3431 1901; x_wconf 81' lang='lat' dir='ltr'><strong>gente,</strong></span> 
     </span>
    </p>
   </div>
   <div class='ocr_carea' id='block_1_35' title="bbox 168 1915 1763 1986">
    <p class='ocr_par' dir='ltr' id='par_1_35' title="bbox 168 1915 1763 1986">
     <span class='ocr_line' id='line_1_35' title="bbox 168 1915 1763 1986; baseline -0.002 -17"><span class='ocrx_word' id='word_1_252' title='bbox 168 1917 312 1980; x_wconf 89' lang='lat' dir='ltr'><strong>lum,</strong></span> <span class='ocrx_word' id='word_1_253' title='bbox 342 1933 455 1986; x_wconf 91' lang='lat' dir='ltr'><strong>quo</strong></span> <span class='ocrx_word' id='word_1_254' title='bbox 482 1917 709 1971; x_wconf 88' lang='lat' dir='ltr'><strong>discedit</strong></span> <span class='ocrx_word' id='word_1_255' title='bbox 737 1916 804 1970; x_wconf 89' lang='lat' dir='ltr'><strong>ab</strong></span> <span class='ocrx_word' id='word_1_256' title='bbox 833 1915 1138 1985; x_wconf 86' lang='lat' dir='ltr'><strong>iniquitate,</strong></span> <span class='ocrx_word' id='word_1_257' title='bbox 1164 1916 1287 1984; x_wconf 88' lang='lat' dir='ltr'><strong>quia</strong></span> <span class='ocrx_word' id='word_1_258' title='bbox 1321 1916 1539 1968; x_wconf 87' lang='lat' dir='ltr'><strong>invocat</strong></span> <span class='ocrx_word' id='word_1_259' title='bbox 1568 1929 1763 1967; x_wconf 88' lang='lat' dir='ltr'><strong>nomen</strong></span> 
     </span>
    </p>
   </div>
   <div class='ocr_carea' id='block_1_36' title="bbox 166 2005 1767 2077">
    <p class='ocr_par' dir='ltr' id='par_1_36' title="bbox 166 2005 1767 2077">
     <span class='ocr_line' id='line_1_36' title="bbox 166 2005 1767 2077; baseline 0 -18"><span class='ocrx_word' id='word_1_260' title='bbox 166 2006 425 2069; x_wconf 83' lang='lat' dir='ltr'><strong>Domini,</strong></span> <span class='ocrx_word' id='word_1_261' title='bbox 489 2022 828 2077; x_wconf 88' lang='lat' dir='ltr'><strong>nequaquam</strong></span> <span class='ocrx_word' id='word_1_262' title='bbox 905 2006 1021 2060; x_wconf 89' lang='lat' dir='ltr'><strong>sine</strong></span> <span class='ocrx_word' id='word_1_263' title='bbox 1074 2006 1223 2075; x_wconf 81' lang='lat' dir='ltr'><strong>gravi</strong></span> <span class='ocrx_word' id='word_1_264' title='bbox 1281 2005 1535 2059; x_wconf 87' lang='lat' dir='ltr'><strong>scamlalo</strong></span> <span class='ocrx_word' id='word_1_265' title='bbox 1586 2005 1767 2060; x_wconf 85' lang='lat' dir='ltr'><strong>ferens</strong></span> 
     </span>
    </p>
   </div>
   <div class='ocr_carea' id='block_1_37' title="bbox 168 2097 1763 2169">
    <p class='ocr_par' dir='ltr' id='par_1_37' title="bbox 168 2097 1763 2169">
     <span class='ocr_line' id='line_1_37' title="bbox 168 2097 1763 2169; baseline -0.001 -18"><span class='ocrx_word' id='word_1_266' title='bbox 168 2099 327 2168; x_wconf 89' lang='lat' dir='ltr'><strong>quod</strong></span> <span class='ocrx_word' id='word_1_267' title='bbox 369 2112 475 2152; x_wconf 89' lang='lat' dir='ltr'><strong>non</strong></span> <span class='ocrx_word' id='word_1_268' title='bbox 515 2113 575 2153; x_wconf 92' lang='lat' dir='ltr'><strong>es</strong></span> <span class='ocrx_word' id='word_1_269' title='bbox 602 2106 888 2152; x_wconf 82' lang='lat' dir='ltr'><strong>contentus</strong></span> <span class='ocrx_word' id='word_1_270' title='bbox 914 2097 1073 2169; x_wconf 77' lang='lat'><strong>232</strong></span> <span class='ocrx_word' id='word_1_271' title='bbox 1102 2108 1161 2152; x_wconf 89' lang='lat' dir='ltr'><strong>ut</strong></span> <span class='ocrx_word' id='word_1_272' title='bbox 1199 2112 1485 2167; x_wconf 84' lang='lat' dir='ltr'><strong>perversos</strong></span> <span class='ocrx_word' id='word_1_273' title='bbox 1512 2113 1763 2167; x_wconf 75' lang='lat' dir='ltr'><strong>perversa</strong></span> 
     </span>
    </p>
   </div>
   <div class='ocr_carea' id='block_1_38' title="bbox 169 2186 1766 2257">
    <p class='ocr_par' dir='ltr' id='par_1_38' title="bbox 169 2186 1766 2257">
     <span class='ocr_line' id='line_1_38' title="bbox 169 2186 1766 2257; baseline -0.001 -18"><span class='ocrx_word' id='word_1_274' title='bbox 169 2188 360 2253; x_wconf 86' lang='lat' dir='ltr'><strong>dicas,</strong></span> <span class='ocrx_word' id='word_1_275' title='bbox 390 2186 498 2241; x_wconf 87' lang='lat' dir='ltr'><strong>nisi</strong></span> <span class='ocrx_word' id='word_1_276' title='bbox 542 2186 705 2247; x_wconf 87' lang='lat' dir='ltr'><strong>etiam</strong></span> <span class='ocrx_word' id='word_1_277' title='bbox 734 2201 901 2256; x_wconf 88' lang='lat' dir='ltr'><strong>prava</strong></span> <span class='ocrx_word' id='word_1_278' title='bbox 947 2187 1146 2257; x_wconf 89' lang='lat' dir='ltr'><strong>scripta</strong></span> <span class='ocrx_word' id='word_1_279' title='bbox 1183 2201 1281 2257; x_wconf 89' lang='lat' dir='ltr'><strong>per</strong></span> <span class='ocrx_word' id='word_1_280' title='bbox 1302 2203 1498 2256; x_wconf 88' lang='lat' dir='ltr'><strong>pravos</strong></span> <span class='ocrx_word' id='word_1_281' title='bbox 1528 2187 1766 2257; x_wconf 82' lang='lat' dir='ltr'><strong>discipu-</strong></span> 
     </span>
    </p>
   </div>
   <div class='ocr_carea' id='block_1_39' title="bbox 164 2272 1764 2346">
    <p class='ocr_par' dir='ltr' id='par_1_39' title="bbox 164 2272 1764 2346">
     <span class='ocr_line' id='line_1_39' title="bbox 164 2272 1764 2346; baseline -0.001 -16"><span class='ocrx_word' id='word_1_282' title='bbox 164 2272 255 2331; x_wconf 46' lang='lat' dir='ltr'><strong>lus</strong></span> <span class='ocrx_word' id='word_1_283' title='bbox 297 2285 428 2331; x_wconf 83' lang='lat' dir='ltr'><strong>tuos</strong></span> <span class='ocrx_word' id='word_1_284' title='bbox 463 2275 517 2330; x_wconf 91' lang='lat' dir='ltr'><strong>lu</strong></span> <span class='ocrx_word' id='word_1_285' title='bbox 550 2276 791 2330; x_wconf 88' lang='lat' dir='ltr'><strong>diversas</strong></span> <span class='ocrx_word' id='word_1_286' title='bbox 818 2277 1062 2346; x_wconf 83' lang='lat' dir='ltr'><strong>regiones</strong></span> <span class='ocrx_word' id='word_1_287' title='bbox 1097 2277 1453 2329; x_wconf 87' lang='lat' dir='ltr'><strong>transmittas.</strong></span> <span class='ocrx_word' id='word_1_288' title='bbox 1481 2276 1545 2329; x_wconf 87' lang='lat' dir='ltr'><strong>Et</strong></span> <span class='ocrx_word' id='word_1_289' title='bbox 1567 2288 1764 2331; x_wconf 70' lang='lat' dir='ltr'><strong>czetcra</strong></span> 
     </span>
    </p>
   </div>
   <div class='ocr_carea' id='block_1_40' title="bbox 168 2364 1765 2438">
    <p class='ocr_par' dir='ltr' id='par_1_40' title="bbox 168 2364 1765 2438">
     <span class='ocr_line' id='line_1_40' title="bbox 168 2364 1765 2438; baseline -0.001 -16"><span class='ocrx_word' id='word_1_290' title='bbox 168 2369 405 2438; x_wconf 87' lang='lat' dir='ltr'><strong>quidem</strong></span> <span class='ocrx_word' id='word_1_291' title='bbox 447 2384 477 2421; x_wconf 90' lang='lat' dir='ltr'><strong>a</strong></span> <span class='ocrx_word' id='word_1_292' title='bbox 505 2369 677 2423; x_wconf 66' lang='lat' dir='ltr'><strong>beatae</strong></span> <span class='ocrx_word' id='word_1_293' title='bbox 715 2367 988 2421; x_wconf 71' lang='lat' dir='ltr'><strong>memoria:</strong></span> <span class='ocrx_word' id='word_1_294' title='bbox 1012 2365 1249 2431; x_wconf 84' lang='lat' dir='ltr'><strong>Nicolao,</strong></span> <span class='ocrx_word' id='word_1_295' title='bbox 1284 2366 1449 2421; x_wconf 89' lang='lat' dir='ltr'><strong>totius</strong></span> <span class='ocrx_word' id='word_1_296' title='bbox 1474 2364 1765 2421; x_wconf 89' lang='lat' dir='ltr'><strong>Christiani</strong></span> 
     </span>
    </p>
   </div>
   <div class='ocr_carea' id='block_1_41' title="bbox 173 2457 1765 2528">
    <p class='ocr_par' dir='ltr' id='par_1_41' title="bbox 173 2457 1765 2528">
     <span class='ocr_line' id='line_1_41' title="bbox 173 2457 1765 2528; baseline 0 -14"><span class='ocrx_word' id='word_1_297' title='bbox 173 2460 427 2515; x_wconf 85' lang='lat' dir='ltr'><strong>nominis</strong></span> <span class='ocrx_word' id='word_1_298' title='bbox 479 2473 691 2514; x_wconf 88' lang='lat' dir='ltr'><strong>summo</strong></span> <span class='ocrx_word' id='word_1_299' title='bbox 743 2458 1017 2528; x_wconf 87' lang='lat' dir='ltr'><strong>pontiﬁce,</strong></span> <span class='ocrx_word' id='word_1_300' title='bbox 1062 2467 1117 2513; x_wconf 89' lang='lat' dir='ltr'><strong>et</strong></span> <span class='ocrx_word' id='word_1_301' title='bbox 1172 2474 1201 2511; x_wconf 73' lang='grc' dir='ltr'>ει</span> <span class='ocrx_word' id='word_1_302' title='bbox 1250 2466 1466 2513; x_wconf 88' lang='lat' dir='ltr'><strong>centum</strong></span> <span class='ocrx_word' id='word_1_303' title='bbox 1507 2457 1765 2514; x_wconf 88' lang='lat' dir='ltr'><strong>tredecim</strong></span> 
     </span>
    </p>
   </div>
   <div class='ocr_carea' id='block_1_42' title="bbox 170 2550 1764 2625">
    <p class='ocr_par' dir='ltr' id='par_1_42' title="bbox 170 2550 1764 2625">
     <span class='ocr_line' id='line_1_42' title="bbox 170 2550 1764 2625; baseline -0.003 -16"><span class='ocrx_word' id='word_1_304' title='bbox 170 2554 461 2625; x_wconf 84' lang='lat' dir='ltr'><strong>episcopis</strong></span> <span class='ocrx_word' id='word_1_305' title='bbox 498 2552 683 2607; x_wconf 63' lang='lat' dir='ltr'><strong>Romae</strong></span> <span class='ocrx_word' id='word_1_306' title='bbox 729 2551 930 2615; x_wconf 89' lang='lat' dir='ltr'><strong>audita,</strong></span> <span class='ocrx_word' id='word_1_307' title='bbox 968 2551 1273 2605; x_wconf 83' lang='lat' dir='ltr'><strong>examinata</strong></span> <span class='ocrx_word' id='word_1_308' title='bbox 1324 2558 1487 2620; x_wconf 89' lang='lat' dir='ltr'><strong>atque</strong></span> <span class='ocrx_word' id='word_1_309' title='bbox 1513 2550 1764 2605; x_wconf 84' lang='lat' dir='ltr'><strong>damnata</strong></span> 
     </span>
    </p>
   </div>
   <div class='ocr_carea' id='block_1_43' title="bbox 173 2641 1764 2713">
    <p class='ocr_par' dir='ltr' id='par_1_43' title="bbox 173 2641 1764 2713">
     <span class='ocr_line' id='line_1_43' title="bbox 173 2641 1764 2713; baseline -0.002 -15"><span class='ocrx_word' id='word_1_310' title='bbox 173 2652 336 2699; x_wconf 88' lang='lat' dir='ltr'><strong>sunt.</strong></span> <span class='ocrx_word' id='word_1_311' title='bbox 368 2642 453 2697; x_wconf 89' lang='lat' dir='ltr'><strong>Tu</strong></span> <span class='ocrx_word' id='word_1_312' title='bbox 492 2657 706 2713; x_wconf 89' lang='lat' dir='ltr'><strong>quoque</strong></span> <span class='ocrx_word' id='word_1_313' title='bbox 760 2641 1018 2698; x_wconf 88' lang='lat' dir='ltr'><strong>inclinato</strong></span> <span class='ocrx_word' id='word_1_314' title='bbox 1048 2656 1297 2711; x_wconf 89' lang='lat' dir='ltr'><strong>corpore,</strong></span> <span class='ocrx_word' id='word_1_315' title='bbox 1330 2643 1421 2695; x_wconf 91' lang='lat' dir='ltr'><strong>sed</strong></span> <span class='ocrx_word' id='word_1_316' title='bbox 1454 2658 1562 2697; x_wconf 89' lang='lat' dir='ltr'><strong>non</strong></span> <span class='ocrx_word' id='word_1_317' title='bbox 1593 2642 1764 2697; x_wconf 89' lang='lat' dir='ltr'><strong>humi-</strong></span> 
     </span>
    </p>
   </div>
   <div class='ocr_carea' id='block_1_44' title="bbox 174 2731 1763 2803">
    <p class='ocr_par' dir='ltr' id='par_1_44' title="bbox 174 2731 1763 2803">
     <span class='ocr_line' id='line_1_44' title="bbox 174 2731 1763 2803; baseline -0.001 -17"><span class='ocrx_word' id='word_1_318' title='bbox 174 2735 315 2789; x_wconf 85' lang='lat' dir='ltr'><strong>liato</strong></span> <span class='ocrx_word' id='word_1_319' title='bbox 368 2733 558 2797; x_wconf 87' lang='lat' dir='ltr'><strong>corde,</strong></span> <span class='ocrx_word' id='word_1_320' title='bbox 616 2733 791 2803; x_wconf 83' lang='lat' dir='ltr'><strong>ignem</strong></span> <span class='ocrx_word' id='word_1_321' title='bbox 828 2732 1147 2796; x_wconf 88' lang='lat' dir='ltr'><strong>accendisti,</strong></span> <span class='ocrx_word' id='word_1_322' title='bbox 1196 2731 1472 2800; x_wconf 88' lang='lat' dir='ltr'><strong>librosque</strong></span> <span class='ocrx_word' id='word_1_323' title='bbox 1520 2732 1763 2801; x_wconf 88' lang='lat' dir='ltr'><strong>perversi</strong></span> 
     </span>
    </p>
   </div>
   <div class='ocr_carea' id='block_1_45' title="bbox 178 2822 1765 2895">
    <p class='ocr_par' dir='ltr' id='par_1_45' title="bbox 178 2822 1765 2895">
     <span class='ocr_line' id='line_1_45' title="bbox 178 2822 1765 2895; baseline -0.001 -12"><span class='ocrx_word' id='word_1_324' title='bbox 178 2826 467 2895; x_wconf 77' lang='lat' dir='ltr'><strong>dogmatis</strong></span> <span class='ocrx_word' id='word_1_325' title='bbox 488 2825 543 2879; x_wconf 91' lang='lat' dir='ltr'><strong>in</strong></span> <span class='ocrx_word' id='word_1_326' title='bbox 572 2824 750 2880; x_wconf 89' lang='lat' dir='ltr'><strong>medio</strong></span> <span class='ocrx_word' id='word_1_327' title='bbox 778 2824 948 2879; x_wconf 88' lang='lat' dir='ltr'><strong>sancti</strong></span> <span class='ocrx_word' id='word_1_328' title='bbox 987 2824 1201 2879; x_wconf 89' lang='lat' dir='ltr'><strong>concilii</strong></span> <span class='ocrx_word' id='word_1_329' title='bbox 1235 2824 1285 2876; x_wconf 93' lang='lat' dir='ltr'><strong>in</strong></span> <span class='ocrx_word' id='word_1_330' title='bbox 1314 2839 1434 2878; x_wconf 92' lang='lat' dir='ltr'><strong>eum</strong></span> <span class='ocrx_word' id='word_1_331' title='bbox 1462 2822 1765 2892; x_wconf 85' lang='lat' dir='ltr'><strong>conjecisti.</strong></span> 
     </span>
    </p>
   </div>
   <div class='ocr_carea' id='block_1_46' title="bbox 171 2913 1769 2988">
    <p class='ocr_par' dir='ltr' id='par_1_46' title="bbox 171 2913 1769 2988">
     <span class='ocr_line' id='line_1_46' title="bbox 171 2913 1769 2988; baseline -0.003 -16"><span class='ocrx_word' id='word_1_332' title='bbox 171 2920 394 2988; x_wconf 76' lang='lat' dir='ltr'><strong>iurans,</strong></span> <span class='ocrx_word' id='word_1_333' title='bbox 426 2932 523 2988; x_wconf 84' lang='lat' dir='ltr'><strong>per</strong></span> <span class='ocrx_word' id='word_1_334' title='bbox 553 2918 603 2970; x_wconf 88' lang='lat' dir='ltr'><strong>id</strong></span> <span class='ocrx_word' id='word_1_335' title='bbox 633 2918 777 2987; x_wconf 87' lang='lat' dir='ltr'><strong>quod</strong></span> <span class='ocrx_word' id='word_1_336' title='bbox 805 2918 962 2969; x_wconf 85' lang='lat' dir='ltr'><strong>rebus</strong></span> <span class='ocrx_word' id='word_1_337' title='bbox 991 2916 1244 2970; x_wconf 86' lang='lat' dir='ltr'><strong>omnibus</strong></span> <span class='ocrx_word' id='word_1_338' title='bbox 1266 2913 1769 2983; x_wconf 87' lang='lat' dir='ltr'><strong>incomparabiliter</strong></span> 
     </span>
    </p>
   </div>
   <div class='ocr_carea' id='block_1_47' title="bbox 176 3005 1767 3078">
    <p class='ocr_par' dir='ltr' id='par_1_47' title="bbox 176 3005 1767 3078">
     <span class='ocr_line' id='line_1_47' title="bbox 176 3005 1767 3078; baseline -0.004 -17"><span class='ocrx_word' id='word_1_339' title='bbox 176 3008 363 3078; x_wconf 83' lang='lat' dir='ltr'><strong>majus</strong></span> <span class='ocrx_word' id='word_1_340' title='bbox 405 3016 515 3074; x_wconf 89' lang='lat' dir='ltr'><strong>est,</strong></span> <span class='ocrx_word' id='word_1_341' title='bbox 582 3006 763 3072; x_wconf 91' lang='lat' dir='ltr'><strong>ﬁdem,</strong></span> <span class='ocrx_word' id='word_1_342' title='bbox 804 3020 832 3059; x_wconf 88' lang='lat' dir='ltr'><strong>a</strong></span> <span class='ocrx_word' id='word_1_343' title='bbox 863 3005 1116 3059; x_wconf 85' lang='lat' dir='ltr'><strong>Patribus</strong></span> <span class='ocrx_word' id='word_1_344' title='bbox 1142 3005 1233 3073; x_wconf 89' lang='lat' dir='ltr'><strong>qui</strong></span> <span class='ocrx_word' id='word_1_345' title='bbox 1282 3012 1579 3073; x_wconf 76' lang='lat' dir='ltr'><strong>praesentes</strong></span> <span class='ocrx_word' id='word_1_346' title='bbox 1608 3009 1767 3057; x_wconf 85' lang='lat' dir='ltr'><strong>erant</strong></span> 
     </span>
    </p>
   </div>
   <div class='ocr_carea' id='block_1_48' title="bbox 178 3097 1769 3166">
    <p class='ocr_par' dir='ltr' id='par_1_48' title="bbox 178 3097 1769 3166">
     <span class='ocr_line' id='line_1_48' title="bbox 178 3097 1769 3166; baseline -0.001 -13"><span class='ocrx_word' id='word_1_347' title='bbox 178 3100 470 3166; x_wconf 86' lang='lat' dir='ltr'><strong>traditam,</strong></span> <span class='ocrx_word' id='word_1_348' title='bbox 510 3097 892 3155; x_wconf 86' lang='lat' dir='ltr'><strong>inviolabiliter</strong></span> <span class='ocrx_word' id='word_1_349' title='bbox 923 3105 974 3152; x_wconf 89' lang='lat' dir='ltr'><strong>te</strong></span> <span class='ocrx_word' id='word_1_350' title='bbox 1001 3105 1366 3161; x_wconf 87' lang='lat' dir='ltr'><strong>servaturum,</strong></span> <span class='ocrx_word' id='word_1_351' title='bbox 1419 3105 1769 3166; x_wconf 87' lang='lat' dir='ltr'><strong>veteremque</strong></span> 
     </span>
    </p>
   </div>
   <div class='ocr_carea' id='block_1_49' title="bbox 178 3188 1767 3261">
    <p class='ocr_par' dir='ltr' id='par_1_49' title="bbox 178 3188 1767 3261">
     <span class='ocr_line' id='line_1_49' title="bbox 178 3188 1767 3261; baseline -0.003 -15"><span class='ocrx_word' id='word_1_352' title='bbox 178 3194 501 3253; x_wconf 70' lang='lat' dir='ltr'><strong>doctrinam</strong></span> <span class='ocrx_word' id='word_1_353' title='bbox 548 3200 693 3246; x_wconf 90' lang='lat' dir='ltr'><strong>tuam</strong></span> <span class='ocrx_word' id='word_1_354' title='bbox 727 3192 795 3246; x_wconf 89' lang='lat' dir='ltr'><strong>de</strong></span> <span class='ocrx_word' id='word_1_355' title='bbox 819 3204 1049 3261; x_wconf 86' lang='lat' dir='ltr'><strong>corpore</strong></span> <span class='ocrx_word' id='word_1_356' title='bbox 1074 3196 1127 3245; x_wconf 91' lang='lat' dir='ltr'><strong>et</strong></span> <span class='ocrx_word' id='word_1_357' title='bbox 1156 3189 1417 3259; x_wconf 77' lang='lat' dir='ltr'><strong>sanguine</strong></span> <span class='ocrx_word' id='word_1_358' title='bbox 1439 3188 1674 3252; x_wconf 89' lang='lat' dir='ltr'><strong>Domini,</strong></span> <span class='ocrx_word' id='word_1_359' title='bbox 1700 3188 1767 3242; x_wconf 90' lang='lat' dir='ltr'><strong>ab</strong></span> 
     </span>
    </p>
   </div>
   <div class='ocr_carea' id='block_1_50' title="bbox 178 3280 1767 3355">
    <p class='ocr_par' dir='ltr' id='par_1_50' title="bbox 178 3280 1767 3355">
     <span class='ocr_line' id='line_1_50' title="bbox 178 3280 1767 3355; baseline -0.003 -16"><span class='ocrx_word' id='word_1_360' title='bbox 178 3287 269 3340; x_wconf 85' lang='lat' dir='ltr'><strong>illa</strong></span> <span class='ocrx_word' id='word_1_361' title='bbox 310 3286 424 3349; x_wconf 90' lang='lat' dir='ltr'><strong>die,</strong></span> <span class='ocrx_word' id='word_1_362' title='bbox 459 3285 583 3339; x_wconf 88' lang='lat' dir='ltr'><strong>aliis</strong></span> <span class='ocrx_word' id='word_1_363' title='bbox 629 3299 735 3340; x_wconf 92' lang='lat' dir='ltr'><strong>non</strong></span> <span class='ocrx_word' id='word_1_364' title='bbox 784 3284 1225 3355; x_wconf 68' lang='lat' dir='ltr'><strong>prmdicaturum.</strong></span> <span class='ocrx_word' id='word_1_365' title='bbox 1276 3282 1445 3352; x_wconf 84' lang='lat' dir='ltr'><strong>Hujus</strong></span> <span class='ocrx_word' id='word_1_366' title='bbox 1506 3280 1767 3352; x_wconf 86' lang='lat' dir='ltr'><strong>propositi</strong></span> 
     </span>
    </p>
   </div>
   <div class='ocr_carea' id='block_1_51' title="bbox 178 3373 1768 3447">
    <p class='ocr_par' dir='ltr' id='par_1_51' title="bbox 178 3373 1768 3447">
     <span class='ocr_line' id='line_1_51' title="bbox 178 3373 1768 3447; baseline -0.003 -14"><span class='ocrx_word' id='word_1_367' title='bbox 178 3376 490 3445; x_wconf 77' lang='lat' dir='ltr'><strong>sacrilegus</strong></span> <span class='ocrx_word' id='word_1_368' title='bbox 510 3376 741 3432; x_wconf 85' lang='lat' dir='ltr'><strong>violator</strong></span> <span class='ocrx_word' id='word_1_369' title='bbox 767 3384 951 3431; x_wconf 87' lang='lat' dir='ltr'><strong>contra</strong></span> <span class='ocrx_word' id='word_1_370' title='bbox 968 3373 1247 3446; x_wconf 62' lang='lat' dir='ltr'><strong>prtefatam</strong></span> <span class='ocrx_word' id='word_1_371' title='bbox 1270 3375 1557 3447; x_wconf 83' lang='lat' dir='ltr'><strong>synodum,</strong></span> <span class='ocrx_word' id='word_1_372' title='bbox 1578 3383 1768 3430; x_wconf 90' lang='lat' dir='ltr'><strong>contra</strong></span> 
     </span>
    </p>
   </div>
   <div class='ocr_carea' id='block_1_52' title="bbox 179 3466 1769 3529">
    <p class='ocr_par' dir='ltr' id='par_1_52' title="bbox 179 3466 1769 3529">
     <span class='ocr_line' id='line_1_52' title="bbox 179 3466 1769 3529; baseline -0.003 -4"><span class='ocrx_word' id='word_1_373' title='bbox 179 3469 520 3525; x_wconf 85' lang='lat' dir='ltr'><strong>catholicam</strong></span> <span class='ocrx_word' id='word_1_374' title='bbox 560 3468 868 3529; x_wconf 86' lang='lat' dir='ltr'><strong>veritatem.</strong></span> <span class='ocrx_word' id='word_1_375' title='bbox 901 3476 1090 3523; x_wconf 88' lang='lat' dir='ltr'><strong>contra</strong></span> <span class='ocrx_word' id='word_1_376' title='bbox 1121 3467 1362 3521; x_wconf 90' lang='lat' dir='ltr'><strong>omnium</strong></span> <span class='ocrx_word' id='word_1_377' title='bbox 1405 3466 1769 3521; x_wconf 86' lang='lat' dir='ltr'><strong>Ecclesiarum</strong></span> 
     </span>
    </p>
   </div>
   <div class='ocr_carea' id='block_1_53' title="bbox 180 3557 1772 3629">
    <p class='ocr_par' dir='ltr' id='par_1_53' title="bbox 180 3557 1772 3629">
     <span class='ocr_line' id='line_1_53' title="bbox 180 3557 1772 3629; baseline 0.002 -20"><span class='ocrx_word' id='word_1_378' title='bbox 180 3559 793 3629; x_wconf 82' lang='lat' dir='ltr'><strong>opinionemscriptum</strong></span> <span class='ocrx_word' id='word_1_379' title='bbox 847 3567 1030 3629; x_wconf 89' lang='lat' dir='ltr'><strong>postea</strong></span> <span class='ocrx_word' id='word_1_380' title='bbox 1072 3558 1383 3621; x_wconf 88' lang='lat' dir='ltr'><strong>condidisti,</strong></span> <span class='ocrx_word' id='word_1_381' title='bbox 1431 3557 1516 3610; x_wconf 90' lang='lat' dir='ltr'><strong>cui</strong></span> <span class='ocrx_word' id='word_1_382' title='bbox 1572 3558 1625 3611; x_wconf 91' lang='lat' dir='ltr'><strong>in</strong></span> <span class='ocrx_word' id='word_1_383' title='bbox 1668 3557 1772 3612; x_wconf 83' lang='lat' dir='ltr'><strong>hoc</strong></span> 
     </span>
    </p>
   </div>
   <div class='ocr_carea' id='block_1_54' title="bbox 182 3648 1775 3719">
    <p class='ocr_par' dir='ltr' id='par_1_54' title="bbox 182 3648 1775 3719">
     <span class='ocr_line' id='line_1_54' title="bbox 182 3648 1775 3719; baseline 0 -18"><span class='ocrx_word' id='word_1_384' title='bbox 182 3651 476 3719; x_wconf 87' lang='lat' dir='ltr'><strong>opusculo,</strong></span> <span class='ocrx_word' id='word_1_385' title='bbox 505 3649 743 3705; x_wconf 86' lang='lat' dir='ltr'><strong>conﬁsus</strong></span> <span class='ocrx_word' id='word_1_386' title='bbox 776 3651 842 3703; x_wconf 88' lang='lat' dir='ltr'><strong>de</strong></span> <span class='ocrx_word' id='word_1_387' title='bbox 872 3649 1073 3705; x_wconf 91' lang='lat' dir='ltr'><strong>Christi</strong></span> <span class='ocrx_word' id='word_1_388' title='bbox 1131 3648 1519 3713; x_wconf 89' lang='lat' dir='ltr'><strong>misericordia,</strong></span> <span class='ocrx_word' id='word_1_389' title='bbox 1553 3663 1775 3719; x_wconf 81' lang='lat' dir='ltr'><strong>respon-</strong></span> 
     </span>
    </p>
   </div>
   <div class='ocr_carea' id='block_1_55' title="bbox 183 3738 1774 3810">
    <p class='ocr_par' dir='ltr' id='par_1_55' title="bbox 183 3738 1774 3810">
     <span class='ocr_line' id='line_1_55' title="bbox 183 3738 1774 3810; baseline 0.001 -19"><span class='ocrx_word' id='word_1_390' title='bbox 183 3742 321 3795; x_wconf 78' lang='lat' dir='ltr'><strong>dere</strong></span> <span class='ocrx_word' id='word_1_391' title='bbox 351 3740 614 3810; x_wconf 85' lang='lat' dir='ltr'><strong>disposui.</strong></span> <span class='ocrx_word' id='word_1_392' title='bbox 646 3740 713 3795; x_wconf 91' lang='lat' dir='ltr'><strong>Et</strong></span> <span class='ocrx_word' id='word_1_393' title='bbox 755 3749 813 3794; x_wconf 93' lang='lat' dir='ltr'><strong>ut</strong></span> <span class='ocrx_word' id='word_1_394' title='bbox 838 3740 1140 3794; x_wconf 87' lang='lat' dir='ltr'><strong>evidentius</strong></span> <span class='ocrx_word' id='word_1_395' title='bbox 1170 3747 1429 3809; x_wconf 88' lang='lat' dir='ltr'><strong>appareat</strong></span> <span class='ocrx_word' id='word_1_396' title='bbox 1459 3738 1583 3807; x_wconf 89' lang='lat' dir='ltr'><strong>quid</strong></span> <span class='ocrx_word' id='word_1_397' title='bbox 1616 3746 1668 3792; x_wconf 91' lang='lat' dir='ltr'><strong>tu</strong></span> <span class='ocrx_word' id='word_1_398' title='bbox 1691 3739 1774 3793; x_wconf 85' lang='lat' dir='ltr'><strong>di-</strong></span> 
     </span>
    </p>
   </div>
   <div class='ocr_carea' id='block_1_56' title="bbox 183 3830 1769 3903">
    <p class='ocr_par' dir='ltr' id='par_1_56' title="bbox 183 3830 1769 3903">
     <span class='ocr_line' id='line_1_56' title="bbox 183 3830 1769 3903; baseline -0.004 -16"><span class='ocrx_word' id='word_1_399' title='bbox 183 3849 303 3897; x_wconf 88' lang='lat' dir='ltr'><strong>cas,</strong></span> <span class='ocrx_word' id='word_1_400' title='bbox 335 3832 467 3903; x_wconf 88' lang='lat' dir='ltr'><strong>quid</strong></span> <span class='ocrx_word' id='word_1_401' title='bbox 505 3848 604 3902; x_wconf 89' lang='lat' dir='ltr'><strong>ego</strong></span> <span class='ocrx_word' id='word_1_402' title='bbox 631 3832 1007 3901; x_wconf 86' lang='lat' dir='ltr'><strong>respondeam,</strong></span> <span class='ocrx_word' id='word_1_403' title='bbox 1037 3832 1328 3886; x_wconf 84' lang='lat' dir='ltr'><strong>alterutras</strong></span> <span class='ocrx_word' id='word_1_404' title='bbox 1358 3831 1658 3886; x_wconf 84' lang='lat' dir='ltr'><strong>sententias</strong></span> <span class='ocrx_word' id='word_1_405' title='bbox 1686 3830 1769 3882; x_wconf 82' lang='lat' dir='ltr'><strong>vi-</strong></span> 
     </span>
    </p>
   </div>
   <div class='ocr_carea' id='block_1_57' title="bbox 184 3923 1769 3995">
    <p class='ocr_par' dir='ltr' id='par_1_57' title="bbox 184 3923 1769 3995">
     <span class='ocr_line' id='line_1_57' title="bbox 184 3923 1769 3995; baseline -0.003 -15"><span class='ocrx_word' id='word_1_406' title='bbox 184 3930 340 3981; x_wconf 82' lang='lat' dir='ltr'><strong>caria</strong></span> <span class='ocrx_word' id='word_1_407' title='bbox 402 3936 709 3982; x_wconf 89' lang='lat' dir='ltr'><strong>nostrorum</strong></span> <span class='ocrx_word' id='word_1_408' title='bbox 757 3925 1035 3979; x_wconf 91' lang='lat' dir='ltr'><strong>nominum</strong></span> <span class='ocrx_word' id='word_1_409' title='bbox 1097 3924 1364 3995; x_wconf 86' lang='lat' dir='ltr'><strong>positione</strong></span> <span class='ocrx_word' id='word_1_410' title='bbox 1424 3923 1769 3993; x_wconf 80' lang='lat' dir='ltr'><strong>distinguam.</strong></span> 
     </span>
    </p>
   </div>
   <div class='ocr_carea' id='block_1_58' title="bbox 185 4016 1773 4089">
    <p class='ocr_par' dir='ltr' id='par_1_58' title="bbox 185 4016 1773 4089">
     <span class='ocr_line' id='line_1_58' title="bbox 185 4016 1773 4089; baseline -0.005 -12"><span class='ocrx_word' id='word_1_411' title='bbox 185 4023 303 4079; x_wconf 83' lang='lat' dir='ltr'><strong>Nec</strong></span> <span class='ocrx_word' id='word_1_412' title='bbox 331 4022 399 4076; x_wconf 88' lang='lat' dir='ltr'><strong>ad</strong></span> <span class='ocrx_word' id='word_1_413' title='bbox 445 4021 626 4077; x_wconf 86' lang='lat' dir='ltr'><strong>omnia</strong></span> <span class='ocrx_word' id='word_1_414' title='bbox 681 4034 1041 4089; x_wconf 85' lang='lat' dir='ltr'><strong>responsurus</strong></span> <span class='ocrx_word' id='word_1_415' title='bbox 1088 4034 1230 4080; x_wconf 89' lang='lat' dir='ltr'><strong>sum,</strong></span> <span class='ocrx_word' id='word_1_416' title='bbox 1266 4017 1390 4087; x_wconf 83' lang='lat' dir='ltr'><strong>quia</strong></span> <span class='ocrx_word' id='word_1_417' title='bbox 1428 4016 1595 4085; x_wconf 90' lang='lat' dir='ltr'><strong>spinis</strong></span> <span class='ocrx_word' id='word_1_418' title='bbox 1622 4030 1773 4069; x_wconf 89' lang='lat' dir='ltr'><strong>rosas</strong></span> 
     </span>
    </p>
   </div>
   <div class='ocr_carea' id='block_1_59' title="bbox 186 4108 1771 4182">
    <p class='ocr_par' dir='ltr' id='par_1_59' title="bbox 186 4108 1771 4182">
     <span class='ocr_line' id='line_1_59' title="bbox 186 4108 1771 4182; baseline -0.004 -14"><span class='ocrx_word' id='word_1_419' title='bbox 186 4114 495 4175; x_wconf 88' lang='lat' dir='ltr'><strong>interseris,</strong></span> <span class='ocrx_word' id='word_1_420' title='bbox 526 4123 581 4167; x_wconf 89' lang='lat' dir='ltr'><strong>et</strong></span> <span class='ocrx_word' id='word_1_421' title='bbox 604 4112 740 4168; x_wconf 85' lang='lat' dir='ltr'><strong>albis</strong></span> <span class='ocrx_word' id='word_1_422' title='bbox 764 4120 925 4182; x_wconf 88' lang='lat' dir='ltr'><strong>atque</strong></span> <span class='ocrx_word' id='word_1_423' title='bbox 956 4110 1125 4182; x_wconf 82' lang='lat' dir='ltr'><strong>nigris</strong></span> <span class='ocrx_word' id='word_1_424' title='bbox 1148 4109 1423 4164; x_wconf 89' lang='lat' dir='ltr'><strong>coloribus</strong></span> <span class='ocrx_word' id='word_1_425' title='bbox 1452 4108 1771 4178; x_wconf 89' lang='lat' dir='ltr'><strong>phantasma</strong></span> 
     </span>
    </p>
   </div>
   <div class='ocr_carea' id='block_1_60' title="bbox 187 4199 1775 4276">
    <p class='ocr_par' dir='ltr' id='par_1_60' title="bbox 187 4199 1775 4276">
     <span class='ocr_line' id='line_1_60' title="bbox 187 4199 1775 4276; baseline -0.004 -16"><span class='ocrx_word' id='word_1_426' title='bbox 187 4219 347 4262; x_wconf 85' lang='lat' dir='ltr'><strong>tuum</strong></span> <span class='ocrx_word' id='word_1_427' title='bbox 374 4204 644 4276; x_wconf 80' lang='lat' dir='ltr'><strong>depingis,</strong></span> <span class='ocrx_word' id='word_1_428' title='bbox 666 4204 910 4272; x_wconf 62' lang='lat' dir='ltr'><strong>quaedam</strong></span> <span class='ocrx_word' id='word_1_429' title='bbox 939 4203 1102 4257; x_wconf 90' lang='lat' dir='ltr'><strong>etiam</strong></span> <span class='ocrx_word' id='word_1_430' title='bbox 1132 4202 1267 4255; x_wconf 91' lang='lat' dir='ltr'><strong>dicis</strong></span> <span class='ocrx_word' id='word_1_431' title='bbox 1297 4216 1416 4269; x_wconf 72' lang='lat' dir='ltr'><strong>qua:</strong></span> <span class='ocrx_word' id='word_1_432' title='bbox 1445 4199 1575 4252; x_wconf 88' lang='lat' dir='ltr'><strong>nihil</strong></span> <span class='ocrx_word' id='word_1_433' title='bbox 1606 4199 1775 4269; x_wconf 85' lang='lat' dir='ltr'><strong>perti-</strong></span> 
     </span>
    </p>
   </div>
   <div class='ocr_carea' id='block_1_61' title="bbox 188 4291 1769 4366">
    <p class='ocr_par' dir='ltr' id='par_1_61' title="bbox 188 4291 1769 4366">
     <span class='ocr_line' id='line_1_61' title="bbox 188 4291 1769 4366; baseline -0.006 -15"><span class='ocrx_word' id='word_1_434' title='bbox 188 4305 328 4353; x_wconf 90' lang='lat' dir='ltr'><strong>nent</strong></span> <span class='ocrx_word' id='word_1_435' title='bbox 355 4296 424 4351; x_wconf 86' lang='lat' dir='ltr'><strong>ad</strong></span> <span class='ocrx_word' id='word_1_436' title='bbox 474 4295 808 4366; x_wconf 88' lang='lat' dir='ltr'><strong>propositum</strong></span> <span class='ocrx_word' id='word_1_437' title='bbox 838 4294 1175 4363; x_wconf 62' lang='lat' dir='ltr'><strong>quaestionis.</strong></span> <span class='ocrx_word' id='word_1_438' title='bbox 1208 4291 1537 4360; x_wconf 80' lang='lat' dir='ltr'><strong>Compem&#39;in</strong></span> <span class='ocrx_word' id='word_1_439' title='bbox 1570 4298 1769 4353; x_wconf 85' lang='lat' dir='ltr'><strong>autem,</strong></span> 
     </span>
    </p>
   </div>
   <div class='ocr_carea' id='block_1_62' title="bbox 191 4380 1770 4457">
    <p class='ocr_par' dir='ltr' id='par_1_62' title="bbox 191 4380 1770 4457">
     <span class='ocr_line' id='line_1_62' title="bbox 191 4380 1770 4457; baseline -0.004 -17"><span class='ocrx_word' id='word_1_440' title='bbox 191 4388 242 4440; x_wconf 78' lang='lat' dir='ltr'><strong>iu</strong></span> <span class='ocrx_word' id='word_1_441' title='bbox 277 4395 543 4457; x_wconf 87' lang='lat' dir='ltr'><strong>quantum</strong></span> <span class='ocrx_word' id='word_1_442' title='bbox 575 4394 784 4456; x_wconf 86' lang='lat' dir='ltr'><strong>potero,</strong></span> <span class='ocrx_word' id='word_1_443' title='bbox 832 4399 1052 4453; x_wconf 87' lang='lat' dir='ltr'><strong>operam</strong></span> <span class='ocrx_word' id='word_1_444' title='bbox 1104 4385 1261 4439; x_wconf 88' lang='lat' dir='ltr'><strong>dabo.</strong></span> <span class='ocrx_word' id='word_1_445' title='bbox 1312 4382 1366 4435; x_wconf 92' lang='lat' dir='ltr'><strong>lu</strong></span> <span class='ocrx_word' id='word_1_446' title='bbox 1402 4382 1597 4433; x_wconf 87' lang='lat' dir='ltr'><strong>talilms</strong></span> <span class='ocrx_word' id='word_1_447' title='bbox 1628 4380 1770 4434; x_wconf 90' lang='lat' dir='ltr'><strong>enim</strong></span> 
     </span>
    </p>
   </div>
   <div class='ocr_carea' id='block_1_63' title="bbox 190 4471 1772 4543">
    <p class='ocr_par' dir='ltr' id='par_1_63' title="bbox 190 4471 1772 4543">
     <span class='ocr_line' id='line_1_63' title="bbox 190 4471 1772 4543; baseline -0.005 -13"><span class='ocrx_word' id='word_1_448' title='bbox 190 4477 389 4531; x_wconf 64' lang='lat' dir='ltr'><strong>maniis</strong></span> <span class='ocrx_word' id='word_1_449' title='bbox 420 4476 615 4531; x_wconf 89' lang='lat' dir='ltr'><strong>nollem</strong></span> <span class='ocrx_word' id='word_1_450' title='bbox 640 4477 808 4529; x_wconf 89' lang='lat' dir='ltr'><strong>vitam</strong></span> <span class='ocrx_word' id='word_1_451' title='bbox 849 4474 1115 4537; x_wconf 88' lang='lat' dir='ltr'><strong>deterere,</strong></span> <span class='ocrx_word' id='word_1_452' title='bbox 1148 4474 1192 4528; x_wconf 89' lang='lat' dir='ltr'><strong>si</strong></span> <span class='ocrx_word' id='word_1_453' title='bbox 1236 4472 1486 4543; x_wconf 88' lang='lat' dir='ltr'><strong>populum</strong></span> <span class='ocrx_word' id='word_1_454' title='bbox 1514 4471 1604 4525; x_wconf 89' lang='lat' dir='ltr'><strong>Dei</strong></span> <span class='ocrx_word' id='word_1_455' title='bbox 1634 4471 1772 4524; x_wconf 83' lang='lat' dir='ltr'><strong>anti-</strong></span> 
     </span>
    </p>
   </div>
   <div class='ocr_carea' id='block_1_64' title="bbox 191 4563 1207 4636">
    <p class='ocr_par' dir='ltr' id='par_1_64' title="bbox 191 4563 1207 4636">
     <span class='ocr_line' id='line_1_64' title="bbox 191 4563 1207 4636; baseline -0.001 -18"><span class='ocrx_word' id='word_1_456' title='bbox 191 4584 355 4636; x_wconf 84' lang='lat' dir='ltr'><strong>quam</strong></span> <span class='ocrx_word' id='word_1_457' title='bbox 387 4567 731 4622; x_wconf 78' lang='lat' dir='ltr'><strong>permitteres</strong></span> <span class='ocrx_word' id='word_1_458' title='bbox 762 4580 947 4620; x_wconf 75' lang='lat' dir='ltr'><strong>oacrm</strong></span> <span class='ocrx_word' id='word_1_459' title='bbox 987 4563 1207 4619; x_wconf 85' lang='lat' dir='ltr'><strong>habere.</strong></span> 
     </span>
    </p>
   </div>
   <div class='ocr_carea' id='block_1_65' title="bbox 809 4656 1157 4714">
    <p class='ocr_par' dir='ltr' id='par_1_65' title="bbox 809 4656 1157 4714">
     <span class='ocr_line' id='line_1_65' title="bbox 809 4656 1157 4714; baseline -0.014 0"><span class='ocrx_word' id='word_1_460' title='bbox 809 4656 1037 4714; x_wconf 82' lang='lat' dir='ltr'><strong>CAPUT</strong></span> <span class='ocrx_word' id='word_1_461' title='bbox 1094 4656 1157 4711; x_wconf 87' lang='lat' dir='ltr'><strong>ll.</strong></span> 
     </span>
    </p>
   </div>
   <div class='ocr_carea' id='block_1_66' title="bbox 266 4746 1772 4821">
    <p class='ocr_par' dir='ltr' id='par_1_66' title="bbox 266 4746 1772 4821">
     <span class='ocr_line' id='line_1_66' title="bbox 266 4746 1772 4821; baseline -0.005 -15"><span class='ocrx_word' id='word_1_462' title='bbox 266 4754 646 4808; x_wconf 68' lang='lat' dir='ltr'><strong>Bsnsxcauius</strong></span> <span class='ocrx_word' id='word_1_463' title='bbox 698 4770 710 4806; x_wconf 90' lang='lat'>:</span> <span class='ocrx_word' id='word_1_464' title='bbox 772 4771 788 4803; x_wconf 75' lang='grc' dir='ltr'><strong>ι</strong></span> <span class='ocrx_word' id='word_1_465' title='bbox 833 4751 1105 4821; x_wconf 89' lang='lat' dir='ltr'><strong>Scriptum</strong></span> <span class='ocrx_word' id='word_1_466' title='bbox 1157 4749 1440 4805; x_wconf 83' lang='lat' dir='ltr'><strong>llumbcrti</strong></span> <span class='ocrx_word' id='word_1_467' title='bbox 1499 4746 1772 4817; x_wconf 81' lang='lat' dir='ltr'><strong>Durgundi</strong></span> 
     </span>
    </p>
   </div>
   <div class='ocr_carea' id='block_1_67' title="bbox 202 4840 1771 4913">
    <p class='ocr_par' dir='ltr' id='par_1_67' title="bbox 202 4840 1771 4913">
     <span class='ocr_line' id='line_1_67' title="bbox 202 4840 1771 4913; baseline 0 -21"><span class='ocrx_word' id='word_1_468' title='bbox 202 4864 218 4892; x_wconf 74' lang='grc' dir='ltr'><strong>ι</strong></span> <span class='ocrx_word' id='word_1_469' title='bbox 260 4859 425 4913; x_wconf 83' lang='lat' dir='ltr'><strong>quem</strong></span> <span class='ocrx_word' id='word_1_470' title='bbox 451 4841 690 4898; x_wconf 85' lang='lat' dir='ltr'><strong>fecerant</strong></span> <span class='ocrx_word' id='word_1_471' title='bbox 717 4843 899 4898; x_wconf 72' lang='lat' dir='ltr'><strong>Romae</strong></span> <span class='ocrx_word' id='word_1_472' title='bbox 922 4843 1230 4912; x_wconf 89' lang='lat' dir='ltr'><strong>episcopum</strong></span> <span class='ocrx_word' id='word_1_473' title='bbox 1255 4842 1606 4905; x_wconf 88' lang='lat' dir='ltr'><strong>cardinalem,</strong></span> <span class='ocrx_word' id='word_1_474' title='bbox 1630 4840 1771 4910; x_wconf 91' lang='lat' dir='ltr'><strong>quod</strong></span> 
     </span>
    </p>
   </div>
   <div class='ocr_carea' id='block_1_68' title="bbox 202 4930 1773 5003">
    <p class='ocr_par' dir='ltr' id='par_1_68' title="bbox 202 4930 1773 5003">
     <span class='ocr_line' id='line_1_68' title="bbox 202 4930 1773 5003; baseline 0.003 -20"><span class='ocrx_word' id='word_1_475' title='bbox 202 4954 218 4983; x_wconf 79' lang='grc' dir='ltr'><strong>ι</strong></span> <span class='ocrx_word' id='word_1_476' title='bbox 258 4933 483 5002; x_wconf 90' lang='lat' dir='ltr'><strong>scripsit</strong></span> <span class='ocrx_word' id='word_1_477' title='bbox 528 4943 714 4989; x_wconf 88' lang='lat' dir='ltr'><strong>contra</strong></span> <span class='ocrx_word' id='word_1_478' title='bbox 761 4934 1082 4989; x_wconf 88' lang='lat' dir='ltr'><strong>catholicam</strong></span> <span class='ocrx_word' id='word_1_479' title='bbox 1123 4935 1431 4995; x_wconf 85' lang='lat' dir='ltr'><strong>veritatem,</strong></span> <span class='ocrx_word' id='word_1_480' title='bbox 1458 4934 1598 5003; x_wconf 89' lang='lat' dir='ltr'><strong>quod</strong></span> <span class='ocrx_word' id='word_1_481' title='bbox 1636 4930 1773 4987; x_wconf 84' lang='lat' dir='ltr'><strong>infc-</strong></span> 
     </span>
    </p>
   </div>
   <div class='ocr_carea' id='block_1_69' title="bbox 204 5023 1774 5094">
    <p class='ocr_par' dir='ltr' id='par_1_69' title="bbox 204 5023 1774 5094">
     <span class='ocr_line' id='line_1_69' title="bbox 204 5023 1774 5094; baseline 0 -17"><span class='ocrx_word' id='word_1_482' title='bbox 204 5044 219 5071; x_wconf 76' lang='grc' dir='ltr'><strong>ι</strong></span> <span class='ocrx_word' id='word_1_483' title='bbox 266 5023 380 5078; x_wconf 90' lang='lat' dir='ltr'><strong>rius</strong></span> <span class='ocrx_word' id='word_1_484' title='bbox 405 5024 631 5091; x_wconf 87' lang='lat' dir='ltr'><strong>patebit,</strong></span> <span class='ocrx_word' id='word_1_485' title='bbox 680 5031 740 5077; x_wconf 88' lang='lat' dir='ltr'><strong>ut</strong></span> <span class='ocrx_word' id='word_1_486' title='bbox 785 5032 1067 5094; x_wconf 83' lang='lat' dir='ltr'><strong>cogeretur</strong></span> <span class='ocrx_word' id='word_1_487' title='bbox 1114 5024 1241 5077; x_wconf 84' lang='lat' dir='ltr'><strong>illud</strong></span> <span class='ocrx_word' id='word_1_488' title='bbox 1296 5023 1673 5094; x_wconf 81' lang='lat' dir='ltr'><strong>Berengarius,</strong></span> <span class='ocrx_word' id='word_1_489' title='bbox 1720 5032 1774 5077; x_wconf 91' lang='lat' dir='ltr'><strong>et</strong></span> 
     </span>
    </p>
   </div>
   <div class='ocr_carea' id='block_1_70' title="bbox 205 5114 1684 5187">
    <p class='ocr_par' dir='ltr' id='par_1_70' title="bbox 205 5114 1684 5187">
     <span class='ocr_line' id='line_1_70' title="bbox 205 5114 1684 5187; baseline -0.001 -21"><span class='ocrx_word' id='word_1_490' title='bbox 205 5135 221 5166; x_wconf 75' lang='grc' dir='ltr'><strong>ι</strong></span> <span class='ocrx_word' id='word_1_491' title='bbox 258 5116 416 5185; x_wconf 88' lang='lat' dir='ltr'><strong>quasi</strong></span> <span class='ocrx_word' id='word_1_492' title='bbox 442 5115 683 5185; x_wconf 90' lang='lat' dir='ltr'><strong>proﬁteri</strong></span> <span class='ocrx_word' id='word_1_493' title='bbox 715 5130 955 5171; x_wconf 90' lang='lat' dir='ltr'><strong>errorem</strong></span> <span class='ocrx_word' id='word_1_494' title='bbox 986 5115 1302 5186; x_wconf 91' lang='lat' dir='ltr'><strong>ineptissimi</strong></span> <span class='ocrx_word' id='word_1_495' title='bbox 1338 5114 1629 5187; x_wconf 84' lang='lat' dir='ltr'><strong>Burgundi.</strong></span> <span class='ocrx_word' id='word_1_496' title='bbox 1667 5133 1684 5165; x_wconf 69' lang='grc' dir='ltr'><strong>ι</strong></span> 
     </span>
    </p>
   </div>
   <div class='ocr_carea' id='block_1_71' title="bbox 268 5205 1775 5276">
    <p class='ocr_par' dir='ltr' id='par_1_71' title="bbox 268 5205 1775 5276">
     <span class='ocr_line' id='line_1_71' title="bbox 268 5205 1775 5276; baseline 0 -17"><span class='ocrx_word' id='word_1_497' title='bbox 268 5207 469 5261; x_wconf 67' lang='lat' dir='ltr'><strong>Lmen.</strong></span> <span class='ocrx_word' id='word_1_498' title='bbox 507 5206 862 5261; x_wconf 81' lang='lat' dir='ltr'><strong>Humbertum</strong></span> <span class='ocrx_word' id='word_1_499' title='bbox 892 5207 1066 5261; x_wconf 89' lang='lat' dir='ltr'><strong>virum</strong></span> <span class='ocrx_word' id='word_1_500' title='bbox 1111 5207 1276 5262; x_wconf 86' lang='lat' dir='ltr'><strong>fuisse</strong></span> <span class='ocrx_word' id='word_1_501' title='bbox 1312 5207 1640 5276; x_wconf 82' lang='lat' dir='ltr'><strong>religiosum,</strong></span> <span class='ocrx_word' id='word_1_502' title='bbox 1673 5205 1775 5260; x_wconf 91' lang='lat' dir='ltr'><strong>ﬁde</strong></span> 
     </span>
    </p>
   </div>
   <div class='ocr_carea' id='block_1_72' title="bbox 200 5298 1777 5369">
    <p class='ocr_par' dir='ltr' id='par_1_72' title="bbox 200 5298 1777 5369">
     <span class='ocr_line' id='line_1_72' title="bbox 200 5298 1777 5369; baseline 0 -18"><span class='ocrx_word' id='word_1_503' title='bbox 200 5299 508 5354; x_wconf 68' lang='lat' dir='ltr'><strong>Christiana</strong></span> <span class='ocrx_word' id='word_1_504' title='bbox 534 5307 591 5353; x_wconf 91' lang='lat' dir='ltr'><strong>et</strong></span> <span class='ocrx_word' id='word_1_505' title='bbox 612 5300 969 5354; x_wconf 89' lang='lat' dir='ltr'><strong>sanctissimis</strong></span> <span class='ocrx_word' id='word_1_506' title='bbox 1004 5300 1255 5368; x_wconf 89' lang='lat' dir='ltr'><strong>operibus</strong></span> <span class='ocrx_word' id='word_1_507' title='bbox 1305 5298 1777 5369; x_wconf 86' lang='lat' dir='ltr'><strong>perseverantissi-</strong></span> 
     </span>
    </p>
   </div>
   <div class='ocr_carea' id='block_1_73' title="bbox 203 5390 1773 5455">
    <p class='ocr_par' dir='ltr' id='par_1_73' title="bbox 203 5390 1773 5455">
     <span class='ocr_line' id='line_1_73' title="bbox 203 5390 1773 5455; baseline 0.001 -13"><span class='ocrx_word' id='word_1_508' title='bbox 203 5406 288 5444; x_wconf 84' lang='lat' dir='ltr'><strong>me</strong></span> <span class='ocrx_word' id='word_1_509' title='bbox 339 5391 678 5455; x_wconf 87' lang='lat' dir='ltr'><strong>decoratum,</strong></span> <span class='ocrx_word' id='word_1_510' title='bbox 723 5390 947 5445; x_wconf 85' lang='lat' dir='ltr'><strong>scientia</strong></span> <span class='ocrx_word' id='word_1_511' title='bbox 978 5390 1279 5445; x_wconf 89' lang='lat' dir='ltr'><strong>divinarum</strong></span> <span class='ocrx_word' id='word_1_512' title='bbox 1324 5406 1387 5445; x_wconf 90' lang='lat' dir='ltr'><strong>ac</strong></span> <span class='ocrx_word' id='word_1_513' title='bbox 1434 5391 1773 5445; x_wconf 77' lang='lat' dir='ltr'><strong>szecularium</strong></span> 
     </span>
    </p>
   </div>
   <div class='ocr_carea' id='block_1_74' title="bbox 206 5478 1773 5553">
    <p class='ocr_par' dir='ltr' id='par_1_74' title="bbox 206 5478 1773 5553">
     <span class='ocr_line' id='line_1_74' title="bbox 206 5478 1773 5553; baseline 0.003 -23"><span class='ocrx_word' id='word_1_514' title='bbox 206 5478 506 5536; x_wconf 86' lang='lat' dir='ltr'><strong>litterarum</strong></span> <span class='ocrx_word' id='word_1_515' title='bbox 556 5482 800 5552; x_wconf 87' lang='lat' dir='ltr'><strong>apprime</strong></span> <span class='ocrx_word' id='word_1_516' title='bbox 847 5483 1115 5538; x_wconf 88' lang='lat' dir='ltr'><strong>eruditum</strong></span> <span class='ocrx_word' id='word_1_517' title='bbox 1148 5492 1413 5538; x_wconf 88' lang='lat' dir='ltr'><strong>testantur</strong></span> <span class='ocrx_word' id='word_1_518' title='bbox 1444 5498 1637 5538; x_wconf 88' lang='lat' dir='ltr'><strong>omnes</strong></span> <span class='ocrx_word' id='word_1_519' title='bbox 1682 5483 1773 5553; x_wconf 86' lang='lat' dir='ltr'><strong>qui</strong></span> 
     </span>
    </p>
   </div>
   <div class='ocr_carea' id='block_1_75' title="bbox 206 5572 1777 5644">
    <p class='ocr_par' dir='ltr' id='par_1_75' title="bbox 206 5572 1777 5644">
     <span class='ocr_line' id='line_1_75' title="bbox 206 5572 1777 5644; baseline 0.003 -21"><span class='ocrx_word' id='word_1_520' title='bbox 206 5572 284 5626; x_wconf 82' lang='lat' dir='ltr'><strong>vel</strong></span> <span class='ocrx_word' id='word_1_521' title='bbox 311 5572 529 5644; x_wconf 88' lang='lat' dir='ltr'><strong>propria</strong></span> <span class='ocrx_word' id='word_1_522' title='bbox 559 5574 895 5643; x_wconf 75' lang='lat' dir='ltr'><strong>experientia</strong></span> <span class='ocrx_word' id='word_1_523' title='bbox 941 5590 1064 5630; x_wconf 90' lang='lat' dir='ltr'><strong>eum</strong></span> <span class='ocrx_word' id='word_1_524' title='bbox 1100 5585 1383 5639; x_wconf 90' lang='lat' dir='ltr'><strong>noverunt,</strong></span> <span class='ocrx_word' id='word_1_525' title='bbox 1419 5574 1500 5629; x_wconf 73' lang='lat' dir='ltr'><strong>vel</strong></span> <span class='ocrx_word' id='word_1_526' title='bbox 1548 5575 1615 5629; x_wconf 90' lang='lat' dir='ltr'><strong>ab</strong></span> <span class='ocrx_word' id='word_1_527' title='bbox 1658 5574 1777 5628; x_wconf 85' lang='lat' dir='ltr'><strong>aliis</strong></span> 
     </span>
    </p>
   </div>
   <div class='ocr_carea' id='block_1_76' title="bbox 208 5666 1770 5738">
    <p class='ocr_par' dir='ltr' id='par_1_76' title="bbox 208 5666 1770 5738">
     <span class='ocr_line' id='line_1_76' title="bbox 208 5666 1770 5738; baseline -0.001 -20"><span class='ocrx_word' id='word_1_528' title='bbox 208 5666 301 5732; x_wconf 83' lang='lat' dir='ltr'><strong>qui</strong></span> <span class='ocrx_word' id='word_1_529' title='bbox 326 5667 503 5737; x_wconf 85' lang='lat' dir='ltr'><strong>ipsum</strong></span> <span class='ocrx_word' id='word_1_530' title='bbox 515 5668 723 5737; x_wconf 84' lang='lat' dir='ltr'><strong>experti</strong></span> <span class='ocrx_word' id='word_1_531' title='bbox 739 5676 885 5731; x_wconf 87' lang='lat' dir='ltr'><strong>sunt,</strong></span> <span class='ocrx_word' id='word_1_532' title='bbox 902 5666 1018 5737; x_wconf 86' lang='lat' dir='ltr'><strong>ejus</strong></span> <span class='ocrx_word' id='word_1_533' title='bbox 1040 5668 1399 5738; x_wconf 73' lang='lat' dir='ltr'><strong>cognitionem</strong></span> <span class='ocrx_word' id='word_1_534' title='bbox 1427 5675 1770 5735; x_wconf 86' lang='lat' dir='ltr'><strong>acceperunt.</strong></span> 
     </span>
    </p>
   </div>
   <div class='ocr_carea' id='block_1_77' title="bbox 213 5756 1773 5830">
    <p class='ocr_par' dir='ltr' id='par_1_77' title="bbox 213 5756 1773 5830">
     <span class='ocr_line' id='line_1_77' title="bbox 213 5756 1773 5830; baseline 0.002 -21"><span class='ocrx_word' id='word_1_535' title='bbox 213 5756 381 5826; x_wconf 84' lang='lat' dir='ltr'><strong>Hunc,</strong></span> <span class='ocrx_word' id='word_1_536' title='bbox 410 5775 518 5815; x_wconf 85' lang='lat' dir='ltr'><strong>non</strong></span> <span class='ocrx_word' id='word_1_537' title='bbox 548 5758 616 5816; x_wconf 84' lang='lat' dir='ltr'><strong>de</strong></span> <span class='ocrx_word' id='word_1_538' title='bbox 659 5759 992 5830; x_wconf 82' lang='lat' dir='ltr'><strong>Burgundia,</strong></span> <span class='ocrx_word' id='word_1_539' title='bbox 1028 5760 1121 5815; x_wconf 88' lang='lat' dir='ltr'><strong>sed</strong></span> <span class='ocrx_word' id='word_1_540' title='bbox 1169 5760 1233 5816; x_wconf 90' lang='lat' dir='ltr'><strong>de</strong></span> <span class='ocrx_word' id='word_1_541' title='bbox 1267 5759 1616 5830; x_wconf 84' lang='lat' dir='ltr'><strong>Lotharingia</strong></span> <span class='ocrx_word' id='word_1_542' title='bbox 1653 5774 1773 5813; x_wconf 88' lang='lat' dir='ltr'><strong>san-</strong></span> 
     </span>
    </p>
   </div>
   <div class='ocr_carea' id='block_1_78' title="bbox 1864 1922 3439 1994">
    <p class='ocr_par' dir='ltr' id='par_1_78' title="bbox 1864 1922 3439 1994">
     <span class='ocr_line' id='line_1_78' title="bbox 1864 1922 3439 1994; baseline -0.003 -17"><span class='ocrx_word' id='word_1_543' title='bbox 1864 1926 1953 1993; x_wconf 81' lang='lat' dir='ltr'><strong>qui</strong></span> <span class='ocrx_word' id='word_1_544' title='bbox 1973 1928 2118 1979; x_wconf 86' lang='lat' dir='ltr'><strong>timet</strong></span> <span class='ocrx_word' id='word_1_545' title='bbox 2147 1941 2264 1979; x_wconf 87' lang='lat' dir='ltr'><strong>enm</strong></span> <span class='ocrx_word' id='word_1_546' title='bbox 2304 1935 2350 1978; x_wconf 88' lang='lat' dir='ltr'><strong>et</strong></span> <span class='ocrx_word' id='word_1_547' title='bbox 2395 1935 2642 1993; x_wconf 82' lang='lat' dir='ltr'><strong>operatur</strong></span> <span class='ocrx_word' id='word_1_548' title='bbox 2675 1925 2937 1994; x_wconf 73' lang='lat' dir='ltr'><strong>juxtitiam</strong></span> <span class='ocrx_word' id='word_1_549' title='bbox 2973 1932 3213 1993; x_wconf 79' lang='lat' dir='ltr'><strong>acceptus</strong></span> <span class='ocrx_word' id='word_1_550' title='bbox 3249 1933 3322 1977; x_wconf 84' lang='lat' dir='ltr'><strong>est</strong></span> <span class='ocrx_word' id='word_1_551' title='bbox 3360 1922 3439 1974; x_wconf 81' lang='lat' dir='ltr'><strong>illi</strong></span> 
     </span>
    </p>
   </div>
   <div class='ocr_carea' id='block_1_79' title="bbox 1867 2012 3438 2084">
    <p class='ocr_par' dir='ltr' id='par_1_79' title="bbox 1867 2012 3438 2084">
     <span class='ocr_line' id='line_1_79' title="bbox 1867 2012 3438 2084; baseline -0.002 -17"><span class='ocrx_word' id='word_1_552' title='bbox 1867 2016 2006 2084; x_wconf 82' lang='lat' dir='ltr'><strong>(Act.</strong></span> <span class='ocrx_word' id='word_1_553' title='bbox 2035 2030 2089 2081; x_wconf 74' lang='grc' dir='ltr'>ι,</span> <span class='ocrx_word' id='word_1_554' title='bbox 2120 2015 2212 2079; x_wconf 72' lang='grc'><strong>54,</strong></span> <span class='ocrx_word' id='word_1_555' title='bbox 2254 2014 2364 2083; x_wconf 76' lang='grc'><strong>55).</strong></span> <span class='ocrx_word' id='word_1_556' title='bbox 2398 2014 2528 2070; x_wconf 88' lang='lat' dir='ltr'><strong>Item</strong></span> <span class='ocrx_word' id='word_1_557' title='bbox 2566 2014 2755 2069; x_wconf 89' lang='lat' dir='ltr'><strong>doctor</strong></span> <span class='ocrx_word' id='word_1_558' title='bbox 2783 2014 3022 2082; x_wconf 80' lang='lat' dir='ltr'><strong>gentium</strong></span> <span class='ocrx_word' id='word_1_559' title='bbox 3067 2014 3134 2066; x_wconf 92' lang='lat' dir='ltr'><strong>ad</strong></span> <span class='ocrx_word' id='word_1_560' title='bbox 3178 2012 3398 2067; x_wconf 86' lang='lat' dir='ltr'><strong>Galatas</strong></span> <span class='ocrx_word' id='word_1_561' title='bbox 3426 2030 3438 2064; x_wconf 94' lang='lat'>:</span> 
     </span>
    </p>
   </div>
   <div class='ocr_carea' id='block_1_80' title="bbox 1866 2100 3443 2174">
    <p class='ocr_par' dir='ltr' id='par_1_80' title="bbox 1866 2100 3443 2174">
     <span class='ocr_line' id='line_1_80' title="bbox 1866 2100 3443 2174; baseline -0.004 -15"><span class='ocrx_word' id='word_1_562' title='bbox 1866 2105 2006 2159; x_wconf 64' lang='lat' dir='ltr'><strong>Deus</strong></span> <span class='ocrx_word' id='word_1_563' title='bbox 2030 2120 2302 2174; x_wconf 79' lang='lat' dir='ltr'><strong>personam</strong></span> <span class='ocrx_word' id='word_1_564' title='bbox 2328 2121 2429 2157; x_wconf 85' lang='lat' dir='ltr'><strong>non</strong></span> <span class='ocrx_word' id='word_1_565' title='bbox 2451 2104 2674 2157; x_wconf 82' lang='lat' dir='ltr'><strong>hominis</strong></span> <span class='ocrx_word' id='word_1_566' title='bbox 2703 2104 2888 2171; x_wconf 79' lang='lat' dir='ltr'><strong>accipit</strong></span> <span class='ocrx_word' id='word_1_567' title='bbox 2912 2101 3051 2168; x_wconf 81' lang='lat' dir='ltr'><strong>(Gal.</strong></span> <span class='ocrx_word' id='word_1_568' title='bbox 3080 2117 3139 2165; x_wconf 87' lang='grc' dir='ltr'>ιι,</span> <span class='ocrx_word' id='word_1_569' title='bbox 3170 2101 3244 2170; x_wconf 88' lang='grc'><strong>6).</strong></span> <span class='ocrx_word' id='word_1_570' title='bbox 3272 2100 3443 2167; x_wconf 85' lang='lat' dir='ltr'><strong>Quem</strong></span> 
     </span>
    </p>
   </div>
   <div class='ocr_carea' id='block_1_81' title="bbox 1865 2192 3443 2263">
    <p class='ocr_par' dir='ltr' id='par_1_81' title="bbox 1865 2192 3443 2263">
     <span class='ocr_line' id='line_1_81' title="bbox 1865 2192 3443 2263; baseline -0.003 -13"><span class='ocrx_word' id='word_1_571' title='bbox 1865 2197 1990 2250; x_wconf 88' lang='lat' dir='ltr'><strong>dum</strong></span> <span class='ocrx_word' id='word_1_572' title='bbox 2020 2204 2205 2251; x_wconf 87' lang='lat' dir='ltr'><strong>contra</strong></span> <span class='ocrx_word' id='word_1_573' title='bbox 2252 2195 2572 2251; x_wconf 82' lang='lat' dir='ltr'><strong>catholicam</strong></span> <span class='ocrx_word' id='word_1_574' title='bbox 2597 2194 2877 2248; x_wconf 84' lang='lat' dir='ltr'><strong>veritatem</strong></span> <span class='ocrx_word' id='word_1_575' title='bbox 2909 2194 3193 2263; x_wconf 86' lang='lat' dir='ltr'><strong>scripsisse</strong></span> <span class='ocrx_word' id='word_1_576' title='bbox 3218 2192 3443 2256; x_wconf 85' lang='lat' dir='ltr'><strong>asseris,</strong></span> 
     </span>
    </p>
   </div>
   <div class='ocr_carea' id='block_1_82' title="bbox 1870 2274 3444 2356">
    <p class='ocr_par' dir='ltr' id='par_1_82' title="bbox 1870 2274 3444 2356">
     <span class='ocr_line' id='line_1_82' title="bbox 1870 2274 3444 2356; baseline -0.003 -15"><span class='ocrx_word' id='word_1_577' title='bbox 1870 2304 1976 2341; x_wconf 89' lang='lat' dir='ltr'><strong>non</strong></span> <span class='ocrx_word' id='word_1_578' title='bbox 2024 2289 2198 2356; x_wconf 89' lang='lat' dir='ltr'><strong>ipsum</strong></span> <span class='ocrx_word' id='word_1_579' title='bbox 2246 2287 2441 2352; x_wconf 90' lang='lat' dir='ltr'><strong>solum,</strong></span> <span class='ocrx_word' id='word_1_580' title='bbox 2474 2285 2567 2339; x_wconf 83' lang='lat' dir='ltr'><strong>sed</strong></span> <span class='ocrx_word' id='word_1_581' title='bbox 2609 2294 2662 2338; x_wconf 93' lang='lat' dir='ltr'><strong>et</strong></span> <span class='ocrx_word' id='word_1_582' title='bbox 2689 2274 2962 2337; x_wconf 76' lang='lat' dir='ltr'><strong>Romanos</strong></span> <span class='ocrx_word' id='word_1_583' title='bbox 2997 2284 3300 2353; x_wconf 86' lang='lat' dir='ltr'><strong>pontiﬁces,</strong></span> <span class='ocrx_word' id='word_1_584' title='bbox 3335 2283 3444 2336; x_wconf 80' lang='lat' dir='ltr'><strong>Ro-</strong></span> 
     </span>
    </p>
   </div>
   <div class='ocr_carea' id='block_1_83' title="bbox 1867 2373 3445 2444">
    <p class='ocr_par' dir='ltr' id='par_1_83' title="bbox 1867 2373 3445 2444">
     <span class='ocr_line' id='line_1_83' title="bbox 1867 2373 3445 2444; baseline -0.003 -13"><span class='ocrx_word' id='word_1_585' title='bbox 1867 2392 2081 2431; x_wconf 89' lang='lat' dir='ltr'><strong>manam</strong></span> <span class='ocrx_word' id='word_1_586' title='bbox 2116 2376 2412 2431; x_wconf 87' lang='lat' dir='ltr'><strong>Ecclesiam</strong></span> <span class='ocrx_word' id='word_1_587' title='bbox 2457 2375 2759 2444; x_wconf 90' lang='lat' dir='ltr'><strong>multosque</strong></span> <span class='ocrx_word' id='word_1_588' title='bbox 2787 2383 3002 2428; x_wconf 88' lang='lat' dir='ltr'><strong>sanctos</strong></span> <span class='ocrx_word' id='word_1_589' title='bbox 3032 2373 3222 2427; x_wconf 81' lang='lat' dir='ltr'><strong>Patres</strong></span> <span class='ocrx_word' id='word_1_590' title='bbox 3258 2374 3445 2437; x_wconf 52' lang='lat' dir='ltr'><strong>redir:</strong></span> 
     </span>
    </p>
   </div>
   <div class='ocr_carea' id='block_1_84' title="bbox 1863 2463 3442 2537">
    <p class='ocr_par' dir='ltr' id='par_1_84' title="bbox 1863 2463 3442 2537">
     <span class='ocr_line' id='line_1_84' title="bbox 1863 2463 3442 2537; baseline -0.002 -17"><span class='ocrx_word' id='word_1_591' title='bbox 1863 2465 2011 2537; x_wconf 87' lang='lat' dir='ltr'><strong>guis,</strong></span> <span class='ocrx_word' id='word_1_592' title='bbox 2069 2464 2411 2534; x_wconf 90' lang='lat' dir='ltr'><strong>incurrisque</strong></span> <span class='ocrx_word' id='word_1_593' title='bbox 2436 2465 2491 2518; x_wconf 92' lang='lat' dir='ltr'><strong>in</strong></span> <span class='ocrx_word' id='word_1_594' title='bbox 2538 2464 2669 2518; x_wconf 93' lang='lat' dir='ltr'><strong>illud</strong></span> <span class='ocrx_word' id='word_1_595' title='bbox 2718 2464 2865 2533; x_wconf 88' lang='lat' dir='ltr'><strong>quod</strong></span> <span class='ocrx_word' id='word_1_596' title='bbox 2910 2463 3051 2518; x_wconf 87' lang='lat' dir='ltr'><strong>beati</strong></span> <span class='ocrx_word' id='word_1_597' title='bbox 3092 2463 3367 2528; x_wconf 84' lang='lat' dir='ltr'><strong>doctores,</strong></span> <span class='ocrx_word' id='word_1_598' title='bbox 3396 2464 3442 2517; x_wconf 92' lang='lat' dir='ltr'><strong>si</strong></span> 
     </span>
    </p>
   </div>
   <div class='ocr_carea' id='block_1_85' title="bbox 1866 2553 3442 2619">
    <p class='ocr_par' dir='ltr' id='par_1_85' title="bbox 1866 2553 3442 2619">
     <span class='ocr_line' id='line_1_85' title="bbox 1866 2553 3442 2619; baseline -0.003 -8"><span class='ocrx_word' id='word_1_599' title='bbox 1866 2572 1971 2611; x_wconf 76' lang='lat' dir='ltr'><strong>non</strong></span> <span class='ocrx_word' id='word_1_600' title='bbox 2000 2556 2206 2612; x_wconf 87' lang='lat' dir='ltr'><strong>eisdem</strong></span> <span class='ocrx_word' id='word_1_601' title='bbox 2239 2557 2438 2619; x_wconf 83' lang='lat' dir='ltr'><strong>verbis,</strong></span> <span class='ocrx_word' id='word_1_602' title='bbox 2486 2555 2689 2609; x_wconf 88' lang='lat' dir='ltr'><strong>eisdem</strong></span> <span class='ocrx_word' id='word_1_603' title='bbox 2736 2564 2912 2609; x_wconf 89' lang='lat' dir='ltr'><strong>tamen</strong></span> <span class='ocrx_word' id='word_1_604' title='bbox 2947 2553 3231 2619; x_wconf 80' lang='lat' dir='ltr'><strong>sententiis</strong></span> <span class='ocrx_word' id='word_1_605' title='bbox 3255 2554 3442 2613; x_wconf 89' lang='lat' dir='ltr'><strong>multis</strong></span> 
     </span>
    </p>
   </div>
   <div class='ocr_carea' id='block_1_86' title="bbox 1865 2645 3436 2725">
    <p class='ocr_par' dir='ltr' id='par_1_86' title="bbox 1865 2645 3436 2725">
     <span class='ocr_line' id='line_1_86' title="bbox 1865 2645 3436 2725; baseline -0.002 -22"><span class='ocrx_word' id='word_1_606' title='bbox 1865 2650 1919 2703; x_wconf 91' lang='lat' dir='ltr'><strong>in</strong></span> <span class='ocrx_word' id='word_1_607' title='bbox 1964 2650 2099 2704; x_wconf 88' lang='lat' dir='ltr'><strong>locis</strong></span> <span class='ocrx_word' id='word_1_608' title='bbox 2154 2647 2494 2704; x_wconf 88' lang='lat' dir='ltr'><strong>concorditer</strong></span> <span class='ocrx_word' id='word_1_609' title='bbox 2542 2654 2914 2710; x_wconf 81' lang='lat' dir='ltr'><strong>astruxcrunt,</strong></span> <span class='ocrx_word' id='word_1_610' title='bbox 2953 2645 3265 2725; x_wconf 68' lang='lat' dir='ltr'><strong>haereticum</strong></span> <span class='ocrx_word' id='word_1_611' title='bbox 3317 2661 3436 2700; x_wconf 82' lang='lat' dir='ltr'><strong>esse</strong></span> 
     </span>
    </p>
   </div>
   <div class='ocr_carea' id='block_1_87' title="bbox 1864 2736 3445 2808">
    <p class='ocr_par' dir='ltr' id='par_1_87' title="bbox 1864 2736 3445 2808">
     <span class='ocr_line' id='line_1_87' title="bbox 1864 2736 3445 2808; baseline -0.006 -12"><span class='ocrx_word' id='word_1_612' title='bbox 1864 2755 2080 2796; x_wconf 90' lang='lat' dir='ltr'><strong>omnem</strong></span> <span class='ocrx_word' id='word_1_613' title='bbox 2111 2740 2384 2794; x_wconf 82' lang='lat' dir='ltr'><strong>hominem</strong></span> <span class='ocrx_word' id='word_1_614' title='bbox 2413 2739 2505 2808; x_wconf 91' lang='lat' dir='ltr'><strong>qui</strong></span> <span class='ocrx_word' id='word_1_615' title='bbox 2534 2754 2563 2792; x_wconf 90' lang='lat' dir='ltr'><strong>a</strong></span> <span class='ocrx_word' id='word_1_616' title='bbox 2593 2738 2837 2793; x_wconf 82' lang='lat' dir='ltr'><strong>Romana</strong></span> <span class='ocrx_word' id='word_1_617' title='bbox 2861 2744 2915 2790; x_wconf 89' lang='lat' dir='ltr'><strong>et</strong></span> <span class='ocrx_word' id='word_1_618' title='bbox 2940 2736 3229 2791; x_wconf 82' lang='lat' dir='ltr'><strong>universali</strong></span> <span class='ocrx_word' id='word_1_619' title='bbox 3260 2736 3445 2791; x_wconf 83' lang='lat' dir='ltr'><strong>Eccle-</strong></span> 
     </span>
    </p>
   </div>
   <div class='ocr_carea' id='block_1_88' title="bbox 1865 2827 3432 2897">
    <p class='ocr_par' dir='ltr' id='par_1_88' title="bbox 1865 2827 3432 2897">
     <span class='ocr_line' id='line_1_88' title="bbox 1865 2827 3432 2897; baseline -0.004 -10"><span class='ocrx_word' id='word_1_620' title='bbox 1865 2833 1967 2895; x_wconf 89' lang='lat' dir='ltr'><strong>sia,</strong></span> <span class='ocrx_word' id='word_1_621' title='bbox 2000 2832 2052 2885; x_wconf 92' lang='lat' dir='ltr'><strong>in</strong></span> <span class='ocrx_word' id='word_1_622' title='bbox 2082 2830 2204 2884; x_wconf 87' lang='lat' dir='ltr'><strong>ﬁdei</strong></span> <span class='ocrx_word' id='word_1_623' title='bbox 2234 2830 2501 2893; x_wconf 81' lang='lat' dir='ltr'><strong>doctrina,</strong></span> <span class='ocrx_word' id='word_1_624' title='bbox 2536 2829 2825 2884; x_wconf 86' lang='lat' dir='ltr'><strong>discordat.</strong></span> <span class='ocrx_word' id='word_1_625' title='bbox 2852 2828 3147 2897; x_wconf 83' lang='lat' dir='ltr'><strong>Evenitque</strong></span> <span class='ocrx_word' id='word_1_626' title='bbox 3173 2830 3262 2882; x_wconf 92' lang='lat' dir='ltr'><strong>tibi</strong></span> <span class='ocrx_word' id='word_1_627' title='bbox 3284 2827 3432 2895; x_wconf 90' lang='lat' dir='ltr'><strong>justo</strong></span> 
     </span>
    </p>
   </div>
   <div class='ocr_carea' id='block_1_89' title="bbox 1867 2919 3443 2991">
    <p class='ocr_par' dir='ltr' id='par_1_89' title="bbox 1867 2919 3443 2991">
     <span class='ocr_line' id='line_1_89' title="bbox 1867 2919 3443 2991; baseline -0.004 -13"><span class='ocrx_word' id='word_1_628' title='bbox 1867 2923 1959 2978; x_wconf 89' lang='lat' dir='ltr'><strong>Dei</strong></span> <span class='ocrx_word' id='word_1_629' title='bbox 1984 2922 2190 2991; x_wconf 89' lang='lat' dir='ltr'><strong>judicio</strong></span> <span class='ocrx_word' id='word_1_630' title='bbox 2213 2928 2274 2975; x_wconf 90' lang='lat' dir='ltr'><strong>ut</strong></span> <span class='ocrx_word' id='word_1_631' title='bbox 2313 2921 2405 2990; x_wconf 89' lang='lat' dir='ltr'><strong>qui</strong></span> <span class='ocrx_word' id='word_1_632' title='bbox 2441 2920 2572 2975; x_wconf 90' lang='lat' dir='ltr'><strong>alios</strong></span> <span class='ocrx_word' id='word_1_633' title='bbox 2601 2934 2721 2975; x_wconf 90' lang='lat' dir='ltr'><strong>csse</strong></span> <span class='ocrx_word' id='word_1_634' title='bbox 2753 2919 3036 2973; x_wconf 72' lang='lat' dir='ltr'><strong>hazrcticos</strong></span> <span class='ocrx_word' id='word_1_635' title='bbox 3065 2931 3308 2973; x_wconf 90' lang='lat' dir='ltr'><strong>astruere</strong></span> <span class='ocrx_word' id='word_1_636' title='bbox 3352 2934 3443 2973; x_wconf 44' lang='lat' dir='ltr'><strong>con</strong></span> 
     </span>
    </p>
   </div>
   <div class='ocr_carea' id='block_1_90' title="bbox 1867 3010 3442 3081">
    <p class='ocr_par' dir='ltr' id='par_1_90' title="bbox 1867 3010 3442 3081">
     <span class='ocr_line' id='line_1_90' title="bbox 1867 3010 3442 3081; baseline -0.003 -12"><span class='ocrx_word' id='word_1_637' title='bbox 1867 3016 2037 3079; x_wconf 89' lang='lat' dir='ltr'><strong>naris,</strong></span> <span class='ocrx_word' id='word_1_638' title='bbox 2070 3023 2124 3067; x_wconf 91' lang='lat' dir='ltr'><strong>tu</strong></span> <span class='ocrx_word' id='word_1_639' title='bbox 2159 3013 2274 3081; x_wconf 85' lang='lat' dir='ltr'><strong>ipse</strong></span> <span class='ocrx_word' id='word_1_640' title='bbox 2315 3013 2367 3069; x_wconf 92' lang='lat' dir='ltr'><strong>in</strong></span> <span class='ocrx_word' id='word_1_641' title='bbox 2390 3012 2637 3067; x_wconf 64' lang='lat' dir='ltr'><strong>haeresim</strong></span> <span class='ocrx_word' id='word_1_642' title='bbox 2679 3011 2980 3076; x_wconf 87' lang='lat' dir='ltr'><strong>devolutus,</strong></span> <span class='ocrx_word' id='word_1_643' title='bbox 3007 3026 3126 3065; x_wconf 85' lang='lat' dir='ltr'><strong>csse</strong></span> <span class='ocrx_word' id='word_1_644' title='bbox 3155 3010 3442 3065; x_wconf 71' lang='lat' dir='ltr'><strong>hrcreticns</strong></span> 
     </span>
    </p>
   </div>
   <div class='ocr_carea' id='block_1_91' title="bbox 1870 3103 2229 3159">
    <p class='ocr_par' dir='ltr' id='par_1_91' title="bbox 1870 3103 2229 3159">
     <span class='ocr_line' id='line_1_91' title="bbox 1870 3103 2229 3159; baseline -0.008 0"><span class='ocrx_word' id='word_1_645' title='bbox 1870 3103 2229 3159; x_wconf 86' lang='lat' dir='ltr'><strong>eonvincaris.</strong></span> 
     </span>
    </p>
   </div>
   <div class='ocr_carea' id='block_1_92' title="bbox 1794 3168 3449 3262">
    <p class='ocr_par' dir='ltr' id='par_1_92' title="bbox 1794 3168 3449 3262">
     <span class='ocr_line' id='line_1_92' title="bbox 1794 3168 3449 3262; baseline -0.004 -12"><span class='ocrx_word' id='word_1_646' title='bbox 1794 3168 1841 3229; x_wconf 65' lang='grc' dir='ltr'>Ο</span> <span class='ocrx_word' id='word_1_647' title='bbox 1945 3197 2178 3250; x_wconf 69' lang='lat' dir='ltr'><strong>Bessus.</strong></span> <span class='ocrx_word' id='word_1_648' title='bbox 2212 3214 2230 3245; x_wconf 77' lang='grc' dir='ltr'><strong>ι</strong></span> <span class='ocrx_word' id='word_1_649' title='bbox 2264 3193 2676 3248; x_wconf 85' lang='lat' dir='ltr'><strong>Anathematizo</strong></span> <span class='ocrx_word' id='word_1_650' title='bbox 2701 3208 2916 3248; x_wconf 90' lang='lat' dir='ltr'><strong>omnem</strong></span> <span class='ocrx_word' id='word_1_651' title='bbox 2954 3193 3226 3254; x_wconf 77' lang='lat' dir='ltr'><strong>haeresim.</strong></span> <span class='ocrx_word' id='word_1_652' title='bbox 3257 3191 3449 3262; x_wconf 62' lang='lat' dir='ltr'><strong>pratci-</strong></span> 
     </span>
    </p>
   </div>
   <div class='ocr_carea' id='block_1_93' title="bbox 1876 3285 3445 3357">
    <p class='ocr_par' dir='ltr' id='par_1_93' title="bbox 1876 3285 3445 3357">
     <span class='ocr_line' id='line_1_93' title="bbox 1876 3285 3445 3357; baseline -0.003 -18"><span class='ocrx_word' id='word_1_653' title='bbox 1876 3309 1894 3340; x_wconf 75' lang='lat' dir='ltr'><strong>l</strong></span> <span class='ocrx_word' id='word_1_654' title='bbox 1932 3300 2035 3357; x_wconf 88' lang='lat' dir='ltr'><strong>puc</strong></span> <span class='ocrx_word' id='word_1_655' title='bbox 2083 3301 2203 3342; x_wconf 80' lang='lat' dir='ltr'><strong>eam</strong></span> <span class='ocrx_word' id='word_1_656' title='bbox 2245 3300 2364 3354; x_wconf 62' lang='lat' dir='ltr'><strong>qua!</strong></span> <span class='ocrx_word' id='word_1_657' title='bbox 2402 3296 2648 3338; x_wconf 86' lang='lat' dir='ltr'><strong>astruere</strong></span> <span class='ocrx_word' id='word_1_658' title='bbox 2676 3293 2904 3339; x_wconf 88' lang='lat' dir='ltr'><strong>conatur</strong></span> <span class='ocrx_word' id='word_1_659' title='bbox 2938 3301 3128 3356; x_wconf 88' lang='lat' dir='ltr'><strong>panem</strong></span> <span class='ocrx_word' id='word_1_660' title='bbox 3157 3294 3212 3339; x_wconf 84' lang='lat' dir='ltr'><strong>et</strong></span> <span class='ocrx_word' id='word_1_661' title='bbox 3240 3285 3445 3350; x_wconf 88' lang='lat' dir='ltr'><strong>vinum,</strong></span> 
     </span>
    </p>
   </div>
   <div class='ocr_carea' id='block_1_94' title="bbox 1877 3376 3447 3448">
    <p class='ocr_par' dir='ltr' id='par_1_94' title="bbox 1877 3376 3447 3448">
     <span class='ocr_line' id='line_1_94' title="bbox 1877 3376 3447 3448; baseline -0.001 -18"><span class='ocrx_word' id='word_1_662' title='bbox 1877 3399 1895 3430; x_wconf 83' lang='grc'><strong><em>‹</em></strong></span> <span class='ocrx_word' id='word_1_663' title='bbox 1933 3394 2053 3448; x_wconf 72' lang='lat' dir='ltr'><strong>quze</strong></span> <span class='ocrx_word' id='word_1_664' title='bbox 2080 3379 2133 3432; x_wconf 90' lang='lat' dir='ltr'><strong>in</strong></span> <span class='ocrx_word' id='word_1_665' title='bbox 2164 3376 2322 3431; x_wconf 89' lang='lat' dir='ltr'><strong>altari</strong></span> <span class='ocrx_word' id='word_1_666' title='bbox 2372 3386 2663 3445; x_wconf 87' lang='lat' dir='ltr'><strong>ponuntur,</strong></span> <span class='ocrx_word' id='word_1_667' title='bbox 2703 3386 2825 3447; x_wconf 89' lang='lat' dir='ltr'><strong>post</strong></span> <span class='ocrx_word' id='word_1_668' title='bbox 2868 3378 3328 3432; x_wconf 83' lang='lat' dir='ltr'><strong>consecrationem</strong></span> <span class='ocrx_word' id='word_1_669' title='bbox 3355 3392 3447 3432; x_wconf 86' lang='lat' dir='ltr'><strong>so-</strong></span> 
     </span>
    </p>
   </div>
   <div class='ocr_carea' id='block_1_95' title="bbox 1879 3468 3447 3536">
    <p class='ocr_par' dir='ltr' id='par_1_95' title="bbox 1879 3468 3447 3536">
     <span class='ocr_line' id='line_1_95' title="bbox 1879 3468 3447 3536; baseline 0.001 -16"><span class='ocrx_word' id='word_1_670' title='bbox 1879 3489 1897 3520; x_wconf 72' lang='lat' dir='ltr'><strong>i</strong></span> <span class='ocrx_word' id='word_1_671' title='bbox 1938 3468 2209 3522; x_wconf 88' lang='lat' dir='ltr'><strong>lummodo</strong></span> <span class='ocrx_word' id='word_1_672' title='bbox 2255 3475 2592 3520; x_wconf 91' lang='lat' dir='ltr'><strong>sacramenta</strong></span> <span class='ocrx_word' id='word_1_673' title='bbox 2624 3480 2766 3529; x_wconf 89' lang='lat' dir='ltr'><strong>esse,</strong></span> <span class='ocrx_word' id='word_1_674' title='bbox 2811 3474 2865 3521; x_wconf 92' lang='lat' dir='ltr'><strong>et</strong></span> <span class='ocrx_word' id='word_1_675' title='bbox 2915 3481 3018 3521; x_wconf 91' lang='lat' dir='ltr'><strong>non</strong></span> <span class='ocrx_word' id='word_1_676' title='bbox 3046 3482 3230 3521; x_wconf 85' lang='lat' dir='ltr'><strong>verum</strong></span> <span class='ocrx_word' id='word_1_677' title='bbox 3252 3481 3447 3536; x_wconf 88' lang='lat' dir='ltr'><strong>corpus</strong></span> 
     </span>
    </p>
   </div>
   <div class='ocr_carea' id='block_1_96' title="bbox 1878 3555 2660 3623">
    <p class='ocr_par' dir='ltr' id='par_1_96' title="bbox 1878 3555 2660 3623">
     <span class='ocr_line' id='line_1_96' title="bbox 1878 3555 2660 3623; baseline -0.004 -13"><span class='ocrx_word' id='word_1_678' title='bbox 1878 3577 1896 3610; x_wconf 76' lang='grc' dir='ltr'><strong>ι</strong></span> <span class='ocrx_word' id='word_1_679' title='bbox 1940 3557 2141 3612; x_wconf 88' lang='lat' dir='ltr'><strong>Christi</strong></span> <span class='ocrx_word' id='word_1_680' title='bbox 2180 3563 2234 3610; x_wconf 91' lang='lat' dir='ltr'><strong>et</strong></span> <span class='ocrx_word' id='word_1_681' title='bbox 2272 3555 2608 3623; x_wconf 83' lang='lat' dir='ltr'><strong>sanguinem.</strong></span> <span class='ocrx_word' id='word_1_682' title='bbox 2642 3574 2660 3607; x_wconf 73' lang='grc' dir='ltr'><strong>ι</strong></span> 
     </span>
    </p>
   </div>
   <div class='ocr_carea' id='block_1_97' title="bbox 1943 3644 3447 3716">
    <p class='ocr_par' dir='ltr' id='par_1_97' title="bbox 1943 3644 3447 3716">
     <span class='ocr_line' id='line_1_97' title="bbox 1943 3644 3447 3716; baseline -0.001 -14"><span class='ocrx_word' id='word_1_683' title='bbox 1943 3648 2144 3702; x_wconf 63' lang='lat' dir='ltr'><strong>Laure.</strong></span> <span class='ocrx_word' id='word_1_684' title='bbox 2171 3645 2504 3716; x_wconf 86' lang='lat' dir='ltr'><strong>Principium</strong></span> <span class='ocrx_word' id='word_1_685' title='bbox 2555 3644 2712 3713; x_wconf 90' lang='lat' dir='ltr'><strong>hujus</strong></span> <span class='ocrx_word' id='word_1_686' title='bbox 2746 3645 2820 3699; x_wconf 91' lang='lat' dir='ltr'><strong>tui</strong></span> <span class='ocrx_word' id='word_1_687' title='bbox 2859 3644 3284 3714; x_wconf 89' lang='lat' dir='ltr'><strong>jnrisjurandum</strong></span> <span class='ocrx_word' id='word_1_688' title='bbox 3321 3662 3447 3716; x_wconf 81' lang='lat' dir='ltr'><strong>pro-</strong></span> 
     </span>
    </p>
   </div>
   <div class='ocr_carea' id='block_1_98' title="bbox 1872 3729 3443 3809">
    <p class='ocr_par' dir='ltr' id='par_1_98' title="bbox 1872 3729 3443 3809">
     <span class='ocr_line' id='line_1_98' title="bbox 1872 3729 3443 3809; baseline 0.001 -17"><span class='ocrx_word' id='word_1_689' title='bbox 1872 3729 2077 3809; x_wconf 80' lang='lat' dir='ltr'><strong>pterea.</strong></span> <span class='ocrx_word' id='word_1_690' title='bbox 2103 3745 2163 3791; x_wconf 92' lang='lat' dir='ltr'><strong>ut</strong></span> <span class='ocrx_word' id='word_1_691' title='bbox 2189 3738 2402 3806; x_wconf 83' lang='lat' dir='ltr'><strong>opinor,</strong></span> <span class='ocrx_word' id='word_1_692' title='bbox 2436 3737 2524 3793; x_wconf 89' lang='lat' dir='ltr'><strong>hic</strong></span> <span class='ocrx_word' id='word_1_693' title='bbox 2555 3751 2660 3790; x_wconf 91' lang='lat' dir='ltr'><strong>non</strong></span> <span class='ocrx_word' id='word_1_694' title='bbox 2689 3737 2984 3804; x_wconf 88' lang='lat' dir='ltr'><strong>inseruisti,</strong></span> <span class='ocrx_word' id='word_1_695' title='bbox 3019 3748 3076 3793; x_wconf 92' lang='lat' dir='ltr'><strong>ut</strong></span> <span class='ocrx_word' id='word_1_696' title='bbox 3115 3739 3343 3793; x_wconf 88' lang='lat' dir='ltr'><strong>lectores</strong></span> <span class='ocrx_word' id='word_1_697' title='bbox 3366 3740 3443 3793; x_wconf 92' lang='lat' dir='ltr'><strong>tui</strong></span> 
     </span>
    </p>
   </div>
   <div class='ocr_carea' id='block_1_99' title="bbox 1874 3828 3448 3899">
    <p class='ocr_par' dir='ltr' id='par_1_99' title="bbox 1874 3828 3448 3899">
     <span class='ocr_line' id='line_1_99' title="bbox 1874 3828 3448 3899; baseline 0.003 -20"><span class='ocrx_word' id='word_1_698' title='bbox 1874 3838 2127 3899; x_wconf 67' lang='lat' dir='ltr'><strong>putarent</strong></span> <span class='ocrx_word' id='word_1_699' title='bbox 2165 3830 2277 3883; x_wconf 82' lang='lat' dir='ltr'><strong>haec</strong></span> <span class='ocrx_word' id='word_1_700' title='bbox 2307 3828 2467 3882; x_wconf 87' lang='lat' dir='ltr'><strong>verba</strong></span> <span class='ocrx_word' id='word_1_701' title='bbox 2522 3843 2626 3882; x_wconf 92' lang='lat' dir='ltr'><strong>non</strong></span> <span class='ocrx_word' id='word_1_702' title='bbox 2671 3842 2791 3883; x_wconf 91' lang='lat' dir='ltr'><strong>esse</strong></span> <span class='ocrx_word' id='word_1_703' title='bbox 2844 3837 2958 3893; x_wconf 89' lang='lat' dir='ltr'><strong>tua,</strong></span> <span class='ocrx_word' id='word_1_704' title='bbox 2991 3830 3084 3884; x_wconf 89' lang='lat' dir='ltr'><strong>sed</strong></span> <span class='ocrx_word' id='word_1_705' title='bbox 3122 3829 3448 3884; x_wconf 90' lang='lat' dir='ltr'><strong>venerabilis</strong></span> 
     </span>
    </p>
   </div>
   <div class='ocr_carea' id='block_1_100' title="bbox 1874 3917 3450 3990">
    <p class='ocr_par' dir='ltr' id='par_1_100' title="bbox 1874 3917 3450 3990">
     <span class='ocr_line' id='line_1_100' title="bbox 1874 3917 3450 3990; baseline -0.003 -15"><span class='ocrx_word' id='word_1_706' title='bbox 1874 3919 2151 3975; x_wconf 81' lang='lat' dir='ltr'><strong>llumberti</strong></span> <span class='ocrx_word' id='word_1_707' title='bbox 2191 3920 2449 3990; x_wconf 85' lang='lat' dir='ltr'><strong>episcopi.</strong></span> <span class='ocrx_word' id='word_1_708' title='bbox 2499 3918 2609 3974; x_wconf 80' lang='lat' dir='ltr'><strong>Nec</strong></span> <span class='ocrx_word' id='word_1_709' title='bbox 2640 3920 2692 3973; x_wconf 88' lang='lat' dir='ltr'><strong>id</strong></span> <span class='ocrx_word' id='word_1_710' title='bbox 2726 3917 2939 3987; x_wconf 87' lang='lat' dir='ltr'><strong>injuria.</strong></span> <span class='ocrx_word' id='word_1_711' title='bbox 2970 3919 3101 3974; x_wconf 88' lang='lat' dir='ltr'><strong>Nam</strong></span> <span class='ocrx_word' id='word_1_712' title='bbox 3130 3919 3251 3987; x_wconf 88' lang='lat' dir='ltr'><strong>quia</strong></span> <span class='ocrx_word' id='word_1_713' title='bbox 3279 3920 3450 3973; x_wconf 73' lang='lat' dir='ltr'><strong>luere-</strong></span> 
     </span>
    </p>
   </div>
   <div class='ocr_carea' id='block_1_101' title="bbox 1872 4010 3450 4082">
    <p class='ocr_par' dir='ltr' id='par_1_101' title="bbox 1872 4010 3450 4082">
     <span class='ocr_line' id='line_1_101' title="bbox 1872 4010 3450 4082; baseline -0.001 -18"><span class='ocrx_word' id='word_1_714' title='bbox 1872 4013 1976 4068; x_wconf 85' lang='lat' dir='ltr'><strong>tica</strong></span> <span class='ocrx_word' id='word_1_715' title='bbox 2003 4027 2123 4068; x_wconf 91' lang='lat' dir='ltr'><strong>esse</strong></span> <span class='ocrx_word' id='word_1_716' title='bbox 2148 4012 2500 4082; x_wconf 81' lang='lat' dir='ltr'><strong>pertinaciter</strong></span> <span class='ocrx_word' id='word_1_717' title='bbox 2518 4011 2745 4081; x_wconf 90' lang='lat' dir='ltr'><strong>probare</strong></span> <span class='ocrx_word' id='word_1_718' title='bbox 2768 4011 3068 4073; x_wconf 89' lang='lat' dir='ltr'><strong>contendis,</strong></span> <span class='ocrx_word' id='word_1_719' title='bbox 3092 4010 3135 4065; x_wconf 90' lang='lat' dir='ltr'><strong>si</strong></span> <span class='ocrx_word' id='word_1_720' title='bbox 3162 4010 3450 4073; x_wconf 76' lang='lat' dir='ltr'><strong>manifeste</strong></span> 
     </span>
    </p>
   </div>
   <div class='ocr_carea' id='block_1_102' title="bbox 1875 4100 3449 4171">
    <p class='ocr_par' dir='ltr' id='par_1_102' title="bbox 1875 4100 3449 4171">
     <span class='ocr_line' id='line_1_102' title="bbox 1875 4100 3449 4171; baseline -0.002 -15"><span class='ocrx_word' id='word_1_721' title='bbox 1875 4114 1961 4157; x_wconf 89' lang='lat' dir='ltr'><strong>tua</strong></span> <span class='ocrx_word' id='word_1_722' title='bbox 1986 4103 2213 4167; x_wconf 85' lang='lat' dir='ltr'><strong>diceres,</strong></span> <span class='ocrx_word' id='word_1_723' title='bbox 2256 4103 2540 4157; x_wconf 85' lang='lat' dir='ltr'><strong>manifeste</strong></span> <span class='ocrx_word' id='word_1_724' title='bbox 2582 4110 2633 4155; x_wconf 88' lang='lat' dir='ltr'><strong>te</strong></span> <span class='ocrx_word' id='word_1_725' title='bbox 2663 4102 2835 4171; x_wconf 90' lang='lat' dir='ltr'><strong>ipsum</strong></span> <span class='ocrx_word' id='word_1_726' title='bbox 2860 4100 3169 4155; x_wconf 80' lang='lat' dir='ltr'><strong>haereticum</strong></span> <span class='ocrx_word' id='word_1_727' title='bbox 3198 4113 3449 4168; x_wconf 64' lang='lat' dir='ltr'><strong>compro-</strong></span> 
     </span>
    </p>
   </div>
   <div class='ocr_carea' id='block_1_103' title="bbox 1871 4192 3448 4271">
    <p class='ocr_par' dir='ltr' id='par_1_103' title="bbox 1871 4192 3448 4271">
     <span class='ocr_line' id='line_1_103' title="bbox 1871 4192 3448 4271; baseline -0.004 -20"><span class='ocrx_word' id='word_1_728' title='bbox 1871 4196 2049 4252; x_wconf 89' lang='lat' dir='ltr'><strong>bares.</strong></span> <span class='ocrx_word' id='word_1_729' title='bbox 2079 4195 2186 4251; x_wconf 91' lang='lat' dir='ltr'><strong>Sed</strong></span> <span class='ocrx_word' id='word_1_730' title='bbox 2227 4209 2297 4271; x_wconf 87' lang='lat' dir='ltr'><strong>ne</strong></span> <span class='ocrx_word' id='word_1_731' title='bbox 2342 4197 2462 4265; x_wconf 90' lang='lat' dir='ltr'><strong>quis</strong></span> <span class='ocrx_word' id='word_1_732' title='bbox 2493 4195 2706 4250; x_wconf 90' lang='lat' dir='ltr'><strong>nescius</strong></span> <span class='ocrx_word' id='word_1_733' title='bbox 2745 4194 2975 4248; x_wconf 82' lang='lat' dir='ltr'><strong>Romani</strong></span> <span class='ocrx_word' id='word_1_734' title='bbox 3007 4192 3218 4247; x_wconf 88' lang='lat' dir='ltr'><strong>concilii</strong></span> <span class='ocrx_word' id='word_1_735' title='bbox 3274 4192 3448 4245; x_wconf 73' lang='lat' dir='ltr'><strong>indis-</strong></span> 
     </span>
    </p>
   </div>
   <div class='ocr_carea' id='block_1_104' title="bbox 1873 4282 3447 4356">
    <p class='ocr_par' dir='ltr' id='par_1_104' title="bbox 1873 4282 3447 4356">
     <span class='ocr_line' id='line_1_104' title="bbox 1873 4282 3447 4356; baseline -0.004 -15"><span class='ocrx_word' id='word_1_736' title='bbox 1873 4298 2076 4341; x_wconf 87' lang='lat' dir='ltr'><strong>cretam</strong></span> <span class='ocrx_word' id='word_1_737' title='bbox 2130 4287 2197 4341; x_wconf 91' lang='lat' dir='ltr'><strong>de</strong></span> <span class='ocrx_word' id='word_1_738' title='bbox 2245 4291 2462 4356; x_wconf 87' lang='lat' dir='ltr'><strong>negotio</strong></span> <span class='ocrx_word' id='word_1_739' title='bbox 2528 4287 2665 4342; x_wconf 88' lang='lat' dir='ltr'><strong>ferat</strong></span> <span class='ocrx_word' id='word_1_740' title='bbox 2714 4285 3073 4347; x_wconf 85' lang='lat' dir='ltr'><strong>sententiam,</strong></span> <span class='ocrx_word' id='word_1_741' title='bbox 3124 4282 3447 4351; x_wconf 85' lang='lat' dir='ltr'><strong>principium</strong></span> 
     </span>
    </p>
   </div>
   <div class='ocr_carea' id='block_1_105' title="bbox 1873 4376 3268 4449">
    <p class='ocr_par' dir='ltr' id='par_1_105' title="bbox 1873 4376 3268 4449">
     <span class='ocr_line' id='line_1_105' title="bbox 1873 4376 3268 4449; baseline -0.004 -16"><span class='ocrx_word' id='word_1_742' title='bbox 1873 4380 1989 4449; x_wconf 85' lang='lat' dir='ltr'><strong>ejus</strong></span> <span class='ocrx_word' id='word_1_743' title='bbox 2018 4378 2251 4433; x_wconf 89' lang='lat' dir='ltr'><strong>medium</strong></span> <span class='ocrx_word' id='word_1_744' title='bbox 2284 4389 2447 4448; x_wconf 90' lang='lat' dir='ltr'><strong>atque</strong></span> <span class='ocrx_word' id='word_1_745' title='bbox 2478 4379 2636 4433; x_wconf 89' lang='lat' dir='ltr'><strong>ﬁnem</strong></span> <span class='ocrx_word' id='word_1_746' title='bbox 2669 4377 2828 4432; x_wconf 89' lang='lat' dir='ltr'><strong>simul</strong></span> <span class='ocrx_word' id='word_1_747' title='bbox 2863 4376 2950 4432; x_wconf 89' lang='lat' dir='ltr'><strong>hic</strong></span> <span class='ocrx_word' id='word_1_748' title='bbox 2979 4391 3268 4446; x_wconf 88' lang='lat' dir='ltr'><strong>apponam.</strong></span> 
     </span>
    </p>
   </div>
   <div class='ocr_carea' id='block_1_106' title="bbox 1949 4466 3453 4543">
    <p class='ocr_par' dir='ltr' id='par_1_106' title="bbox 1949 4466 3453 4543">
     <span class='ocr_line' id='line_1_106' title="bbox 1949 4466 3453 4543; baseline -0.005 -17"><span class='ocrx_word' id='word_1_749' title='bbox 1949 4490 1967 4520; x_wconf 77' lang='grc' dir='ltr'><strong>ι</strong></span> <span class='ocrx_word' id='word_1_750' title='bbox 2008 4472 2120 4543; x_wconf 84' lang='lat' dir='ltr'><strong>Ego</strong></span> <span class='ocrx_word' id='word_1_751' title='bbox 2174 4471 2556 4542; x_wconf 81' lang='lat' dir='ltr'><strong>Bercngarius,</strong></span> <span class='ocrx_word' id='word_1_752' title='bbox 2609 4471 2859 4540; x_wconf 81' lang='lat' dir='ltr'><strong>indignus</strong></span> <span class='ocrx_word' id='word_1_753' title='bbox 2906 4469 3165 4524; x_wconf 87' lang='lat' dir='ltr'><strong>diaconus</strong></span> <span class='ocrx_word' id='word_1_754' title='bbox 3196 4466 3453 4522; x_wconf 69' lang='lat' dir='ltr'><strong>Ecclesize</strong></span> 
     </span>
    </p>
   </div>
   <div class='ocr_carea' id='block_1_107' title="bbox 1883 4561 3453 4632">
    <p class='ocr_par' dir='ltr' id='par_1_107' title="bbox 1883 4561 3453 4632">
     <span class='ocr_line' id='line_1_107' title="bbox 1883 4561 3453 4632; baseline -0.002 -19"><span class='ocrx_word' id='word_1_755' title='bbox 1883 4580 1901 4613; x_wconf 76' lang='grc' dir='ltr'><strong>ι</strong></span> <span class='ocrx_word' id='word_1_756' title='bbox 1949 4561 2130 4615; x_wconf 87' lang='lat' dir='ltr'><strong>Sancti</strong></span> <span class='ocrx_word' id='word_1_757' title='bbox 2164 4561 2405 4616; x_wconf 83' lang='lat' dir='ltr'><strong>Mauricii</strong></span> <span class='ocrx_word' id='word_1_758' title='bbox 2453 4562 2874 4631; x_wconf 84' lang='lat' dir='ltr'><strong>Andegaveusis,</strong></span> <span class='ocrx_word' id='word_1_759' title='bbox 2915 4576 3242 4632; x_wconf 83' lang='lat' dir='ltr'><strong>cognoscens</strong></span> <span class='ocrx_word' id='word_1_760' title='bbox 3268 4574 3453 4614; x_wconf 86' lang='lat' dir='ltr'><strong>veram</strong></span> 
     </span>
    </p>
   </div>
   <div class='ocr_carea' id='block_1_108' title="bbox 1884 4650 3451 4723">
    <p class='ocr_par' dir='ltr' id='par_1_108' title="bbox 1884 4650 3451 4723">
     <span class='ocr_line' id='line_1_108' title="bbox 1884 4650 3451 4723; baseline -0.001 -19"><span class='ocrx_word' id='word_1_761' title='bbox 1884 4671 1901 4703; x_wconf 78' lang='grc' dir='ltr'><strong>ι</strong></span> <span class='ocrx_word' id='word_1_762' title='bbox 1947 4652 2268 4708; x_wconf 86' lang='lat' dir='ltr'><strong>catholicam</strong></span> <span class='ocrx_word' id='word_1_763' title='bbox 2318 4660 2374 4705; x_wconf 88' lang='lat' dir='ltr'><strong>et</strong></span> <span class='ocrx_word' id='word_1_764' title='bbox 2422 4652 2770 4723; x_wconf 83' lang='lat' dir='ltr'><strong>apostolicam</strong></span> <span class='ocrx_word' id='word_1_765' title='bbox 2828 4650 3009 4716; x_wconf 88' lang='lat' dir='ltr'><strong>ﬁdem,</strong></span> <span class='ocrx_word' id='word_1_766' title='bbox 3050 4650 3451 4705; x_wconf 83' lang='lat' dir='ltr'><strong>anathematizo</strong></span> 
     </span>
    </p>
   </div>
   <div class='ocr_carea' id='block_1_109' title="bbox 1883 4741 3451 4812">
    <p class='ocr_par' dir='ltr' id='par_1_109' title="bbox 1883 4741 3451 4812">
     <span class='ocr_line' id='line_1_109' title="bbox 1883 4741 3451 4812; baseline -0.001 -19"><span class='ocrx_word' id='word_1_767' title='bbox 1883 4761 1900 4793; x_wconf 74' lang='grc' dir='ltr'><strong>ι</strong></span> <span class='ocrx_word' id='word_1_768' title='bbox 1945 4757 2158 4796; x_wconf 86' lang='lat' dir='ltr'><strong>onmem</strong></span> <span class='ocrx_word' id='word_1_769' title='bbox 2200 4743 2470 4809; x_wconf 59' lang='lat' dir='ltr'><strong>haeresim,</strong></span> <span class='ocrx_word' id='word_1_770' title='bbox 2503 4742 2770 4812; x_wconf 69' lang='lat' dir='ltr'><strong>prmcipue</strong></span> <span class='ocrx_word' id='word_1_771' title='bbox 2796 4756 2917 4796; x_wconf 90' lang='lat' dir='ltr'><strong>eam</strong></span> <span class='ocrx_word' id='word_1_772' title='bbox 2956 4741 3021 4796; x_wconf 89' lang='lat' dir='ltr'><strong>de</strong></span> <span class='ocrx_word' id='word_1_773' title='bbox 3057 4757 3159 4809; x_wconf 87' lang='lat' dir='ltr'><strong>qua</strong></span> <span class='ocrx_word' id='word_1_774' title='bbox 3189 4741 3451 4796; x_wconf 82' lang='lat' dir='ltr'><strong>hactenus</strong></span> 
     </span>
    </p>
   </div>
   <div class='ocr_carea' id='block_1_110' title="bbox 1883 4836 3454 4904">
    <p class='ocr_par' dir='ltr' id='par_1_110' title="bbox 1883 4836 3454 4904">
     <span class='ocr_line' id='line_1_110' title="bbox 1883 4836 3454 4904; baseline -0.003 -17"><span class='ocrx_word' id='word_1_775' title='bbox 1883 4854 1900 4886; x_wconf 77' lang='grc' dir='ltr'><strong>ι</strong></span> <span class='ocrx_word' id='word_1_776' title='bbox 1945 4836 2234 4889; x_wconf 82' lang='lat' dir='ltr'><strong>infamatus</strong></span> <span class='ocrx_word' id='word_1_777' title='bbox 2274 4850 2424 4899; x_wconf 86' lang='lat' dir='ltr'><strong>sum,</strong></span> <span class='ocrx_word' id='word_1_778' title='bbox 2467 4849 2587 4904; x_wconf 69' lang='lat' dir='ltr'><strong>qtae</strong></span> <span class='ocrx_word' id='word_1_779' title='bbox 2628 4841 2874 4887; x_wconf 88' lang='lat' dir='ltr'><strong>astruere</strong></span> <span class='ocrx_word' id='word_1_780' title='bbox 2925 4842 3152 4887; x_wconf 89' lang='lat' dir='ltr'><strong>conatur</strong></span> <span class='ocrx_word' id='word_1_781' title='bbox 3178 4846 3368 4904; x_wconf 86' lang='lat' dir='ltr'><strong>panem</strong></span> <span class='ocrx_word' id='word_1_782' title='bbox 3398 4840 3454 4884; x_wconf 91' lang='lat' dir='ltr'><strong>ct</strong></span> 
     </span>
    </p>
   </div>
   <div class='ocr_carea' id='block_1_111' title="bbox 1883 4924 3445 4998">
    <p class='ocr_par' dir='ltr' id='par_1_111' title="bbox 1883 4924 3445 4998">
     <span class='ocr_line' id='line_1_111' title="bbox 1883 4924 3445 4998; baseline -0.004 -18"><span class='ocrx_word' id='word_1_783' title='bbox 1883 4948 1900 4980; x_wconf 74' lang='grc' dir='ltr'><strong>ι</strong></span> <span class='ocrx_word' id='word_1_784' title='bbox 1949 4930 2130 4983; x_wconf 77' lang='lat' dir='ltr'><strong>viuum</strong></span> <span class='ocrx_word' id='word_1_785' title='bbox 2165 4942 2283 4998; x_wconf 66' lang='lat' dir='ltr'><strong>quae</strong></span> <span class='ocrx_word' id='word_1_786' title='bbox 2329 4928 2381 4982; x_wconf 92' lang='lat' dir='ltr'><strong>in</strong></span> <span class='ocrx_word' id='word_1_787' title='bbox 2411 4926 2567 4981; x_wconf 86' lang='lat' dir='ltr'><strong>altari</strong></span> <span class='ocrx_word' id='word_1_788' title='bbox 2601 4935 2898 4995; x_wconf 88' lang='lat' dir='ltr'><strong>ponuntur,</strong></span> <span class='ocrx_word' id='word_1_789' title='bbox 2929 4934 3050 4993; x_wconf 89' lang='lat' dir='ltr'><strong>post</strong></span> <span class='ocrx_word' id='word_1_790' title='bbox 3081 4924 3445 4979; x_wconf 83' lang='lat' dir='ltr'><strong>consecratio-</strong></span> 
     </span>
    </p>
   </div>
   <div class='ocr_carea' id='block_1_112' title="bbox 1884 5020 3449 5080">
    <p class='ocr_par' dir='ltr' id='par_1_112' title="bbox 1884 5020 3449 5080">
     <span class='ocr_line' id='line_1_112' title="bbox 1884 5020 3449 5080; baseline -0.008 -5"><span class='ocrx_word' id='word_1_791' title='bbox 1884 5043 1901 5075; x_wconf 76' lang='grc' dir='ltr'><strong>ι</strong></span> <span class='ocrx_word' id='word_1_792' title='bbox 1946 5038 2066 5076; x_wconf 88' lang='lat' dir='ltr'><strong>nem</strong></span> <span class='ocrx_word' id='word_1_793' title='bbox 2118 5020 2453 5076; x_wconf 89' lang='lat' dir='ltr'><strong>solummodo</strong></span> <span class='ocrx_word' id='word_1_794' title='bbox 2511 5027 2934 5080; x_wconf 80' lang='lat' dir='ltr'><strong>sacramentum,</strong></span> <span class='ocrx_word' id='word_1_795' title='bbox 2993 5024 3049 5070; x_wconf 90' lang='lat' dir='ltr'><strong>et</strong></span> <span class='ocrx_word' id='word_1_796' title='bbox 3102 5031 3205 5068; x_wconf 90' lang='lat' dir='ltr'><strong>non</strong></span> <span class='ocrx_word' id='word_1_797' title='bbox 3244 5028 3449 5067; x_wconf 88' lang='lat' dir='ltr'><strong>.vcrum</strong></span> 
     </span>
    </p>
   </div>
   <div class='ocr_carea' id='block_1_113' title="bbox 1886 5105 3451 5183">
    <p class='ocr_par' dir='ltr' id='par_1_113' title="bbox 1886 5105 3451 5183">
     <span class='ocr_line' id='line_1_113' title="bbox 1886 5105 3451 5183; baseline -0.006 -19"><span class='ocrx_word' id='word_1_798' title='bbox 1886 5134 1903 5164; x_wconf 71' lang='grc' dir='ltr'><strong>ε</strong></span> <span class='ocrx_word' id='word_1_799' title='bbox 1950 5128 2144 5183; x_wconf 90' lang='lat' dir='ltr'><strong>corpus</strong></span> <span class='ocrx_word' id='word_1_800' title='bbox 2187 5120 2243 5167; x_wconf 91' lang='lat' dir='ltr'><strong>et</strong></span> <span class='ocrx_word' id='word_1_801' title='bbox 2291 5112 2606 5182; x_wconf 84' lang='lat' dir='ltr'><strong>sanguinem</strong></span> <span class='ocrx_word' id='word_1_802' title='bbox 2641 5110 2854 5165; x_wconf 91' lang='lat' dir='ltr'><strong>Domini</strong></span> <span class='ocrx_word' id='word_1_803' title='bbox 2904 5107 3071 5162; x_wconf 90' lang='lat' dir='ltr'><strong>nostri</strong></span> <span class='ocrx_word' id='word_1_804' title='bbox 3100 5105 3223 5160; x_wconf 83' lang='lat' dir='ltr'><strong>Jesu</strong></span> <span class='ocrx_word' id='word_1_805' title='bbox 3253 5105 3451 5159; x_wconf 89' lang='lat' dir='ltr'><strong>Christi</strong></span> 
     </span>
    </p>
   </div>
   <div class='ocr_carea' id='block_1_114' title="bbox 1889 5199 3457 5272">
    <p class='ocr_par' dir='ltr' id='par_1_114' title="bbox 1889 5199 3457 5272">
     <span class='ocr_line' id='line_1_114' title="bbox 1889 5199 3457 5272; baseline -0.004 -17"><span class='ocrx_word' id='word_1_806' title='bbox 1889 5224 1905 5255; x_wconf 80' lang='grc' dir='ltr'><strong>ι</strong></span> <span class='ocrx_word' id='word_1_807' title='bbox 1952 5219 2088 5263; x_wconf 87' lang='lat' dir='ltr'><strong>esse.</strong></span> <span class='ocrx_word' id='word_1_808' title='bbox 2140 5218 2439 5272; x_wconf 84' lang='lat' dir='ltr'><strong>necposse</strong></span> <span class='ocrx_word' id='word_1_809' title='bbox 2495 5202 2817 5258; x_wconf 89' lang='lat' dir='ltr'><strong>sensualiter</strong></span> <span class='ocrx_word' id='word_1_810' title='bbox 2856 5200 2913 5254; x_wconf 88' lang='lat' dir='ltr'><strong>in</strong></span> <span class='ocrx_word' id='word_1_811' title='bbox 2952 5199 3066 5253; x_wconf 91' lang='lat' dir='ltr'><strong>solo</strong></span> <span class='ocrx_word' id='word_1_812' title='bbox 3102 5204 3457 5252; x_wconf 87' lang='lat' dir='ltr'><strong>sacramento</strong></span> 
     </span>
    </p>
   </div>
   <div class='ocr_carea' id='block_1_115' title="bbox 1889 5285 3457 5353">
    <p class='ocr_par' dir='ltr' id='par_1_115' title="bbox 1889 5285 3457 5353">
     <span class='ocr_line' id='line_1_115' title="bbox 1889 5285 3457 5353; baseline -0.006 -5"><span class='ocrx_word' id='word_1_813' title='bbox 1889 5316 1907 5348; x_wconf 70' lang='grc' dir='ltr'><strong>ε</strong></span> <span class='ocrx_word' id='word_1_814' title='bbox 1957 5293 2201 5350; x_wconf 89' lang='lat' dir='ltr'><strong>manibus</strong></span> <span class='ocrx_word' id='word_1_815' title='bbox 2227 5295 2565 5349; x_wconf 88' lang='lat' dir='ltr'><strong>sacerdotum</strong></span> <span class='ocrx_word' id='word_1_816' title='bbox 2597 5292 2838 5353; x_wconf 85' lang='lat' dir='ltr'><strong>tractari,</strong></span> <span class='ocrx_word' id='word_1_817' title='bbox 2869 5292 2953 5345; x_wconf 86' lang='lat' dir='ltr'><strong>vel</strong></span> <span class='ocrx_word' id='word_1_818' title='bbox 2976 5288 3175 5351; x_wconf 75' lang='lat' dir='ltr'><strong>frangi,</strong></span> <span class='ocrx_word' id='word_1_819' title='bbox 3207 5295 3300 5340; x_wconf 88' lang='lat' dir='ltr'><strong>attt</strong></span> <span class='ocrx_word' id='word_1_820' title='bbox 3323 5285 3457 5339; x_wconf 83' lang='lat' dir='ltr'><strong>ﬁde-</strong></span> 
     </span>
    </p>
   </div>
   <div class='ocr_carea' id='block_1_116' title="bbox 1892 5384 3459 5442">
    <p class='ocr_par' dir='ltr' id='par_1_116' title="bbox 1892 5384 3459 5442">
     <span class='ocr_line' id='line_1_116' title="bbox 1892 5384 3459 5442; baseline -0.007 -2"><span class='ocrx_word' id='word_1_821' title='bbox 1892 5408 1907 5440; x_wconf 76' lang='grc' dir='ltr'><strong>ι</strong></span> <span class='ocrx_word' id='word_1_822' title='bbox 1958 5389 2083 5442; x_wconf 88' lang='lat' dir='ltr'><strong>lium</strong></span> <span class='ocrx_word' id='word_1_823' title='bbox 2121 5388 2372 5442; x_wconf 88' lang='lat' dir='ltr'><strong>dentibus</strong></span> <span class='ocrx_word' id='word_1_824' title='bbox 2429 5386 2607 5440; x_wconf 84' lang='lat' dir='ltr'><strong>atteri.</strong></span> <span class='ocrx_word' id='word_1_825' title='bbox 2663 5384 2953 5440; x_wconf 60' lang='lat' dir='ltr'><strong>Consentio</strong></span> <span class='ocrx_word' id='word_1_826' title='bbox 3010 5388 3189 5433; x_wconf 89' lang='lat' dir='ltr'><strong>autem</strong></span> <span class='ocrx_word' id='word_1_827' title='bbox 3252 5386 3459 5432; x_wconf 69' lang='lat' dir='ltr'><strong>sanctas</strong></span> 
     </span>
    </p>
   </div>
   <div class='ocr_carea' id='block_1_117' title="bbox 1889 5469 3449 5549">
    <p class='ocr_par' dir='ltr' id='par_1_117' title="bbox 1889 5469 3449 5549">
     <span class='ocr_line' id='line_1_117' title="bbox 1889 5469 3449 5549; baseline -0.007 -15"><span class='ocrx_word' id='word_1_828' title='bbox 1889 5502 1907 5534; x_wconf 78' lang='grc' dir='ltr'><strong>ι</strong></span> <span class='ocrx_word' id='word_1_829' title='bbox 1957 5484 2210 5535; x_wconf 69' lang='grc' dir='ltr'>Ιιιιιιιίιιιιι)</span> <span class='ocrx_word' id='word_1_830' title='bbox 2247 5490 2301 5536; x_wconf 88' lang='lat' dir='ltr'><strong>et</strong></span> <span class='ocrx_word' id='word_1_831' title='bbox 2326 5478 2635 5549; x_wconf 74' lang='lat' dir='ltr'><strong>apostolica:</strong></span> <span class='ocrx_word' id='word_1_832' title='bbox 2679 5476 2814 5541; x_wconf 88' lang='lat' dir='ltr'><strong>sedi,</strong></span> <span class='ocrx_word' id='word_1_833' title='bbox 2838 5485 2891 5528; x_wconf 91' lang='lat' dir='ltr'><strong>ct</strong></span> <span class='ocrx_word' id='word_1_834' title='bbox 2920 5487 3014 5527; x_wconf 90' lang='lat' dir='ltr'><strong>ore</strong></span> <span class='ocrx_word' id='word_1_835' title='bbox 3046 5479 3101 5526; x_wconf 89' lang='lat' dir='ltr'><strong>ct</strong></span> <span class='ocrx_word' id='word_1_836' title='bbox 3121 5469 3285 5524; x_wconf 84' lang='lat' dir='ltr'><strong>corde</strong></span> <span class='ocrx_word' id='word_1_837' title='bbox 3319 5484 3449 5538; x_wconf 88' lang='lat' dir='ltr'><strong>pro-</strong></span> 
     </span>
    </p>
   </div>
   <div class='ocr_carea' id='block_1_118' title="bbox 1889 5561 3451 5628">
    <p class='ocr_par' dir='ltr' id='par_1_118' title="bbox 1889 5561 3451 5628">
     <span class='ocr_line' id='line_1_118' title="bbox 1889 5561 3451 5628; baseline -0.008 -3"><span class='ocrx_word' id='word_1_838' title='bbox 1889 5595 1906 5625; x_wconf 84' lang='grc'><em>‹</em></span> <span class='ocrx_word' id='word_1_839' title='bbox 1955 5576 2108 5628; x_wconf 88' lang='lat' dir='ltr'><strong>ﬁteor</strong></span> <span class='ocrx_word' id='word_1_840' title='bbox 2129 5574 2195 5628; x_wconf 90' lang='lat' dir='ltr'><strong>de</strong></span> <span class='ocrx_word' id='word_1_841' title='bbox 2219 5570 2574 5627; x_wconf 83' lang='lat' dir='ltr'><strong>sacramentis</strong></span> <span class='ocrx_word' id='word_1_842' title='bbox 2590 5567 2881 5623; x_wconf 66' lang='lat' dir='ltr'><strong>Dominica:</strong></span> <span class='ocrx_word' id='word_1_843' title='bbox 2912 5580 3111 5620; x_wconf 71' lang='lat' dir='ltr'><strong>mensa:</strong></span> <span class='ocrx_word' id='word_1_844' title='bbox 3141 5578 3259 5618; x_wconf 89' lang='lat' dir='ltr'><strong>eam</strong></span> <span class='ocrx_word' id='word_1_845' title='bbox 3287 5561 3451 5615; x_wconf 89' lang='lat' dir='ltr'><strong>ﬁdem</strong></span> 
     </span>
    </p>
   </div>
   <div class='ocr_carea' id='block_1_119' title="bbox 1890 5654 3454 5735">
    <p class='ocr_par' dir='ltr' id='par_1_119' title="bbox 1890 5654 3454 5735">
     <span class='ocr_line' id='line_1_119' title="bbox 1890 5654 3454 5735; baseline -0.01 -16"><span class='ocrx_word' id='word_1_846' title='bbox 1890 5688 1905 5719; x_wconf 74' lang='grc' dir='ltr'><strong>ι</strong></span> <span class='ocrx_word' id='word_1_847' title='bbox 1954 5677 2136 5722; x_wconf 85' lang='lat' dir='ltr'><strong>tenere</strong></span> <span class='ocrx_word' id='word_1_848' title='bbox 2165 5680 2325 5735; x_wconf 88' lang='lat' dir='ltr'><strong>quam</strong></span> <span class='ocrx_word' id='word_1_849' title='bbox 2376 5662 2627 5715; x_wconf 91' lang='lat' dir='ltr'><strong>dominus</strong></span> <span class='ocrx_word' id='word_1_850' title='bbox 2665 5668 2719 5715; x_wconf 87' lang='lat' dir='ltr'><strong>et</strong></span> <span class='ocrx_word' id='word_1_851' title='bbox 2748 5657 3070 5714; x_wconf 83' lang='lat' dir='ltr'><strong>venerabilis</strong></span> <span class='ocrx_word' id='word_1_852' title='bbox 3108 5672 3247 5727; x_wconf 83' lang='lat' dir='ltr'><strong>papa</strong></span> <span class='ocrx_word' id='word_1_853' title='bbox 3295 5654 3454 5725; x_wconf 80' lang='lat' dir='ltr'><strong>Nim-</strong></span> 
     </span>
    </p>
   </div>
   <div class='ocr_carea' id='block_1_120' title="bbox 1891 5739 3453 5820">
    <p class='ocr_par' dir='ltr' id='par_1_120' title="bbox 1891 5739 3453 5820">
     <span class='ocr_line' id='line_1_120' title="bbox 1891 5739 3453 5820; baseline -0.004 -18"><span class='ocrx_word' id='word_1_854' title='bbox 1891 5774 1906 5802; x_wconf 76' lang='grc' dir='ltr'><strong>ι</strong></span> <span class='ocrx_word' id='word_1_855' title='bbox 1954 5753 2085 5819; x_wconf 82' lang='lat' dir='ltr'><strong>laus,</strong></span> <span class='ocrx_word' id='word_1_856' title='bbox 2124 5760 2178 5807; x_wconf 89' lang='lat' dir='ltr'><strong>et</strong></span> <span class='ocrx_word' id='word_1_857' title='bbox 2217 5753 2327 5806; x_wconf 66' lang='lat' dir='ltr'><strong>haec</strong></span> <span class='ocrx_word' id='word_1_858' title='bbox 2367 5756 2551 5805; x_wconf 87' lang='lat' dir='ltr'><strong>sancta</strong></span> <span class='ocrx_word' id='word_1_859' title='bbox 2610 5746 2843 5820; x_wconf 87' lang='lat' dir='ltr'><strong>synodus</strong></span> <span class='ocrx_word' id='word_1_860' title='bbox 2905 5745 3228 5802; x_wconf 87' lang='lat' dir='ltr'><strong>auctoritate</strong></span> <span class='ocrx_word' id='word_1_861' title='bbox 3292 5739 3453 5812; x_wconf 72' lang='lat'><strong>233</strong></span> 
     </span>
    </p>
   </div>
  </div>
