3864 6300
438 372 537 425 ιιι

1425 368 1484 422 Β.
1526 367 1914 426 LANFRANCI
1953 367 2300 424 CANTUAR.
2343 367 2664 424 ARCHIEP.

3592 366 3683 421 Mi

443 501 464 537 ι
511 477 816 551 evangelica
844 489 898 533 et
946 479 1238 550 apostolica
1275 482 1561 537 tenendam
1590 484 1829 548 tradidit,
1863 483 2019 538 mihi—
2050 491 2097 547 Α-
2122 483 2324 544 Galliae,
2356 483 2680 546 Germanite,
2724 489 2777 536 et
2805 483 2873 535 ad
2911 496 3240 551 quaecunque
3263 480 3383 537 loca
3421 483 3562 536 fama
3591 493 3686 538 tu:

446 595 464 626 ι
509 588 613 644 que
666 572 927 636 ﬁrmavit;
977 574 1183 627 scilicet
1241 590 1435 643 panem
1476 584 1531 628 et
1583 576 1766 630 vinum
1817 592 1935 645 quae
1965 577 2017 630 in

445 688 462 718 ι
510 664 668 720 altari
699 673 1001 734 ponuntur,
1050 675 1172 734 post
1217 667 1682 721 consecrationem
1713 682 1818 721 non
1846 667 2018 722 solum

445 779 460 810 ι
510 767 930 823 sacramentum,
956 759 1048 812 sed
1088 759 1251 813 etiam
1284 775 1468 813 verum
1499 775 1695 829 corpus
1723 769 1772 815 et
1798 763 2015 829 sangui-

446 871 463 897 σ
514 866 633 901 nem
669 850 877 902 Domini
924 850 1094 902 nostri
1135 848 1261 902 Jesu
1302 850 1500 904 Christi
1535 866 1676 915 esse,
1715 861 1764 904 et
1798 867 2021 906 sensua-

442 960 463 996 (
510 942 634 998 liter
663 957 767 997 non
798 941 969 996 solum
1007 953 1377 1008 sacramento,
1411 948 1504 998 sed
1548 945 1600 998 in
1631 945 1860 1000 veritate
1902 962 2019 999 ma-

443 1054 462 1084 ι
515 1034 671 1088 nibus
699 1033 1043 1088 sacerdotum
1075 1035 1319 1100 tractari,
1355 1034 1528 1104 frangi
1558 1034 1866 1090 etfnlelium
1897 1035 2023 1089 den-

445 1146 463 1178 ‹
513 1124 655 1182 tibus
713 1125 893 1188 atteri,
942 1124 1134 1193 jurans
1191 1141 1288 1196 per
1333 1136 1577 1182 sanctam
1609 1136 1665 1180 et
1704 1126 2020 1184 homousion

449 1239 460 1260 ι
511 1216 857 1278 Τιίιιίιειιιιιιι,
901 1225 950 1268 et
982 1231 1076 1284 per
1099 1217 1212 1270 hazc
1238 1227 1581 1271 sacrosancta
1610 1217 1810 1272 Christi
1844 1217 2023 1271 Evan-

447 1326 464 1354 α
508 1305 667 1376 gelia.
703 1306 808 1359 Eos
847 1321 978 1361 vero
1017 1307 1106 1376 qui
1152 1315 1339 1362 contra
1383 1307 1524 1362 hanc
1565 1307 1723 1362 ﬁdem
1754 1309 2021 1372 venerint,

448 1414 466 1444 ι
514 1410 636 1448 cum
665 1397 1006 1466 dogmatibus
1035 1405 1088 1450 et
1123 1399 1486 1452 sectatoribus
1521 1398 1634 1452 suis
1661 1406 1866 1452 aeterno
1890 1414 2024 1451 ana-

447 1507 465 1538 ι
515 1489 755 1542 themate
781 1489 974 1558 dignos
999 1503 1120 1542 esse
1179 1490 1490 1558 pronuntio.
1521 1489 1673 1555 Quod
1704 1490 1747 1544 si
1784 1505 1883 1560 ego
1913 1490 2025 1558 ipse

447 1598 466 1631 ι
511 1580 800 1651 aliquando
848 1581 1048 1650 aliquid
1077 1592 1267 1636 contra
1311 1583 1424 1637 haec
1463 1583 1665 1638 sentire
1709 1593 1800 1637 aut
1827 1584 2024 1652 prtedi-

447 1686 466 1719 ι
513 1686 639 1726 care
663 1672 1402 1741 praesumpsero,subjaceam
1419 1688 1688 1726 canonum
1723 1674 2022 1728 severitati.

446 1781 464 1811 ι
510 1762 675 1818 Lecto
713 1771 768 1818 et
819 1764 1059 1834 perlecto
1093 1774 1287 1834 sponte
1321 1765 1637 1834 subscripsi.
1685 1783 1704 1818 ο

509 1854 590 1908 Ad
622 1854 736 1909 lucc
762 1853 1011 1924 Gregorii
1058 1855 1272 1924 septimi
1304 1864 1544 1924 tempore
1585 1871 1706 1910 cum
1739 1855 1793 1909 in
1830 1855 2027 1925 templo
2060 1839 2104 1898 Β

442 1946 736 2002 Salvator-is
776 1948 955 2002 dehis
996 1964 1173 2002 sermo
1205 1949 1518 2012 haberetur,
1563 1947 1917 2016 quorumdam
1955 1949 2030 2001 tui

441 2039 699 2092 similium
731 2039 960 2108 stipatus
1007 2041 1242 2110 agmine,
1271 2042 1473 2096 erroris
1501 2041 1756 2110 magister
1779 2054 2032 2110 perseve-

445 2130 626 2182 rahas.
656 2129 791 2182 Tum
839 2130 1078 2184 caelestis
1121 2131 1299 2185 Patris
1330 2131 1535 2200 Spiritu
1583 2133 1636 2186 in
1681 2132 1921 2186 animum
1951 2132 2032 2186 iu-

451 2222 694 2277 stillante
768 2237 1062 2289 reversus,
1120 2233 1391 2294 speratam
1459 2226 1672 2279 veniam
1742 2224 2035 2295 apostolica

449 2315 794 2370 miseratione
841 2326 1166 2372 consecutus
1209 2332 1270 2372 es
1296 2357 1311 2384 ,
1363 2315 1553 2388 jurans
1599 2327 1654 2373 et
1694 2331 1757 2372 ea
1804 2332 1925 2388 qua:
1952 2331 2038 2372 se-

451 2416 713 2475 quunlur.

521 2516 542 2551 ι
589 2499 702 2570 Ego
745 2499 1107 2569 Berengarius
1138 2500 1301 2555 corde
1347 2501 1511 2556 credo
1541 2509 1594 2555 et
1623 2515 1721 2556 ore
1765 2502 2034 2556 conﬁteor

454 2608 472 2639 ι
522 2604 718 2659 panem
772 2599 827 2645 et
877 2591 1104 2656 vinum,
1135 2605 1253 2660 qua;
1298 2601 1573 2660 ponuntur
1616 2592 1669 2646 in
1718 2591 1895 2658 altari,
1943 2607 2041 2660 per

451 2699 474 2734 ι
521 2683 834 2754 mysterium
882 2697 1050 2736 sacrae
1094 2683 1356 2736 orationis
1404 2692 1458 2738 et
1509 2684 1672 2736 verba
1717 2683 1886 2736 nostri
1937 2683 2038 2736 Be-

451 2791 472 2826 c
520 2775 819 2845 demptoris
853 2773 1288 2830 substantialitcr
1330 2774 1572 2829 converti
1619 2773 1672 2826 in
1722 2789 1928 2837 veram,
1988 2781 2043 2825 et

459 2885 477 2916 ι
525 2867 842 2936 propriam,
889 2865 1296 2921 viviﬁcatricetn
1347 2880 1568 2919 carnem
1621 2873 1675 2920 et
1725 2867 2042 2935 sanguinem

455 2976 474 3006 ι
519 2957 645 3010 Jesu
696 2956 899 3010 Christi
947 2956 1159 3010 Domini
1201 2956 1392 3020 nostri,
1444 2963 1497 3010 et
1530 2964 1650 3025 post
1679 2956 2044 3013 consecratio-

455 3067 474 3098 ι
523 3061 644 3100 nem
695 3060 819 3100 esse
846 3060 1033 3100 verum
1067 3060 1265 3115 corpus
1297 3044 1518 3111 Christi,
1551 3047 1694 3115 quod
1726 3055 1914 3100 natum
1961 3055 2046 3101 est

456 3156 474 3188 ς
525 3138 590 3191 de
629 3136 870 3208 Virgine,
909 3145 964 3192 et
991 3136 1132 3207 quod
1163 3152 1260 3206 pro
1287 3136 1460 3192 salute
1508 3137 1692 3191 mundi
1719 3136 1959 3191 oblatum
1990 3137 2043 3192 in

458 3247 476 3279 ι
525 3242 690 3282 cruce
719 3227 992 3298 pependit,
1021 3236 1076 3282 et
1105 3227 1248 3297 quod
1280 3227 1430 3282 sedet
1463 3228 1530 3282 ad
1559 3227 1802 3282 dextram
1829 3226 2036 3292 Patris;

457 3342 474 3368 ι
523 3331 577 3374 et
617 3335 807 3374 verum
840 3319 1156 3388 sanguinem
1203 3319 1438 3383 Christi,
1470 3319 1561 3387 qui
1605 3319 1671 3372 de
1715 3318 1883 3374 latere
1925 3318 2041 3388 ejus

459 3431 476 3462 α
523 3411 724 3468 effusus
766 3421 868 3478 est,
906 3427 1012 3468 non
1051 3420 1262 3468 tantum
1304 3426 1399 3483 per
1431 3415 1644 3484 signum
1691 3423 1747 3469 et
1784 3414 2040 3467 virtutem

457 3520 477 3555 ι
522 3504 872 3569 sacramenti,
898 3503 990 3559 sed
1039 3503 1095 3558 in
1127 3504 1456 3574 pr0prietate
1490 3514 1698 3558 natura:
1736 3511 1790 3558 et
1817 3503 2044 3558 veritate

460 3611 482 3645 ι
525 3596 858 3660 substantiae,
894 3595 1035 3650 sicut
1067 3595 1120 3650 in
1165 3595 1267 3651 hoc
1311 3595 1460 3650 brevi
1492 3595 1817 3660 continetur,
1866 3602 1922 3648 et
1945 3609 2044 3664 ego

461 3705 478 3734 ι
525 3685 650 3756 legi,
676 3697 730 3741 et
753 3702 848 3742 vos
878 3687 1239 3743 intellexistis.
1265 3686 1356 3743 Sic
1377 3688 1560 3752 credo,
1579 3702 1680 3741 nec
1702 3695 1890 3740 contra
1906 3686 2044 3740 hanc

463 3797 481 3830 ι
529 3779 687 3833 ﬁdem
713 3779 940 3834 ulterius
985 3780 1186 3835 docebo
1215 3779 1333 3834 :sic
1377 3793 1464 3834 me
1513 3779 1656 3834 Deus
1705 3775 1941 3846 adiuvet,
1992 3785 2048 3832 et

464 3887 484 3922 ι
532 3871 646 3925 ha'c
674 3885 829 3925 sacra
862 3869 1171 3940 Evangelia.
1218 3887 1238 3922 ›

534 3962 725 4017 Postea
773 3961 1027 4032 prtecepit
1068 3961 1210 4016 idem
1261 3959 1502 4031 pontifex
1553 3957 1648 4013 tibi
1696 3956 2044 4030 Berengario,

461 4072 528 4111 et
560 4055 888 4110 auctoritate
929 4054 1022 4110 Dei
1053 4062 1108 4110 et
1137 4062 1453 4109 sanctorum
1487 4050 1849 4122 apostolorum
1897 4047 2039 4103 Petri

460 4162 517 4203 et
546 4148 720 4214 Pauli,
755 4158 813 4203 ut
843 4149 908 4203 de
938 4161 1165 4216 corpore
1196 4154 1249 4200 et
1275 4143 1535 4214 sanguine
1566 4140 1777 4196 Domini
1821 4139 2048 4193 ulterius

461 4258 587 4297 eum
641 4241 824 4313 aliquo
876 4241 1155 4311 disputare
1222 4252 1330 4292 non
1380 4247 1779 4307 praesumeres,
1825 4240 2050 4300 excepta

462 4351 624 4390 causa
663 4335 955 4391 reducendi
1000 4333 1069 4388 ad
1115 4333 1256 4387 hanc
1305 4330 1462 4386 ﬁdem
1511 4343 1606 4386 eos
1637 4327 1726 4398 qui
1758 4341 1855 4398 per
1901 4333 2049 4379 tuam

463 4427 767 4482 doctrinam
800 4429 868 4482 ab
894 4442 958 4481 ea
992 4431 1351 4481 recesserant.

2120 577 2402 645 pravitatis
2427 587 2584 630 antea
2618 575 2790 646 potuit
2827 576 3129 646 pervenire.
3165 575 3231 631 Ut
3261 576 3404 631 sicut
3447 575 3686 632 Ecclesia:

2121 667 2500 723 scandalizat):
2535 669 2685 737 prius
2709 667 2962 722 dolebant
2995 667 3062 721 de
3094 676 3143 722 te
3174 683 3202 721 a
3230 668 3460 722 veritate
3489 683 3684 733 averso,

2121 769 2280 826 atque
2308 758 2380 811 ita
2425 768 2613 828 postea
2645 759 2944 829 gauderent
2988 760 3297 829 gratiasque
3338 760 3454 814 Deo
3482 770 3688 830 agerent

2121 849 2189 904 de
2221 864 2437 904 reverso
2473 860 2638 920 atque
2668 866 2950 906 converso.
2983 850 3093 906 Cur
3139 867 3269 922 ergo
3307 851 3573 920 scriptum
3603 852 3690 907 hoc

2122 941 2292 1012 magis
2338 941 2630 996 ascribitur
2692 941 2990 997 llumberto
3041 943 3293 1013 episcopo
3346 959 3516 1012 quam
3565 944 3689 1006 tibi,

2122 1049 2284 1101 quam
2331 1031 2548 1087 Nicolao
2593 1033 2854 1103 pontiﬁci,
2894 1048 3056 1102 quam
3103 1031 3217 1101 ejus
3261 1035 3520 1096 concilio,
3551 1051 3691 1105 quam

2123 1123 2356 1193 denique
2384 1125 2636 1178 omnibus
2662 1125 2917 1179 Ecclesiis
2941 1140 3060 1194 quae
3091 1126 3142 1178 id
3188 1141 3310 1180 cum
3343 1127 3528 1179 debita
3565 1143 3692 1181 reve-

2125 1215 2294 1268 rentia
2325 1225 2698 1285 susceperunt,
2727 1225 2778 1270 et
2810 1230 2906 1284 pro
2935 1216 3290 1270 conversione
3321 1225 3414 1270 tua
3452 1215 3566 1270 Deo
3593 1232 3694 1286 gra-

2127 1307 2228 1361 tias
2287 1307 2630 1363 retulerunt?
2678 1308 2808 1373 Cur,
2861 1309 3102 1378 inquam,
3159 1309 3261 1362 nisi
3308 1309 3440 1377 quia
3503 1309 3697 1363 facilius

2124 1399 2418 1467 persuades
2463 1399 2725 1468 imperitis
2755 1399 2994 1470 potuisse
3021 1415 3186 1454 unum
3216 1399 3501 1454 hominem
3530 1415 3698 1454 errare

2123 1504 2286 1556 quam
2343 1498 2422 1543 tot
2473 1505 2774 1558 personas,
2830 1498 2907 1544 tot
2958 1488 3270 1545 Ecclesias?
3307 1489 3434 1543 Tibi
3488 1504 3618 1544 vero
3663 1491 3698 1543 si

2127 1579 2497 1648 ascripsisses,
2535 1597 2656 1635 cum
2693 1581 2866 1649 ipsum
2907 1581 3188 1635 destruere
3236 1578 3511 1644 moliaris,
3542 1577 3698 1647 periu-

2129 1684 2246 1722 rum
2282 1677 2332 1722 te
2363 1684 2484 1723 esse
2541 1681 2786 1725 astruere
2825 1669 3044 1724 videris.
3077 1667 3184 1723 Sed
3226 1666 3340 1737 jam
3370 1666 3611 1736 qualiter
3632 1681 3701 1722 re-

2131 1761 2349 1833 darguis
2375 1760 2676 1816 videamus.

2749 1871 2979 1930 CAPUT
3013 1871 3100 1926 lli.

2202 1983 2436 2041 Benene.
2479 2003 2500 2038 ι
2545 1985 2780 2056 Apparet
2825 1985 2950 2053 quia
2980 1983 3070 2038 lux
3107 1983 3162 2038 in
3195 1983 3444 2038 tenebris
3475 1983 3636 2049 lueet,
3659 1993 3704 2038 et

2139 2093 2156 2126 ι
2207 2077 2442 2130 tenebrae
2479 2091 2598 2130 eam
2632 2093 2738 2131 non
2773 2075 3319 2143 comprehenderunt.
3370 2094 3390 2128 ι

2205 2168 2406 2223 Lmen.
2447 2166 2562 2223 Hoc
2611 2167 2913 2222 rectissime
2965 2166 3019 2220 in
3071 2175 3122 2220 te
3168 2167 3478 2235 retorqueri
3524 2175 3701 2235 potest.

2135 2260 2305 2314 Lucet
2351 2272 2582 2327 namque
2610 2257 2697 2311 lux
2754 2257 2876 2312 ﬁdei
2927 2253 3256 2311 intenebris
3300 2256 3467 2324 hujus
3513 2258 3705 2320 mundi,

2135 2360 2400 2421 quantum
2440 2365 2537 2419 per
2574 2348 2850 2418 speculum
2893 2355 2949 2401 et
2987 2347 3239 2417 aenigma,
3265 2347 3547 2402 revelaute
3591 2347 3703 2412 Deo,

2139 2455 2422 2512 possumus
2451 2437 2730 2504 contueri;
2767 2451 2958 2492 verum
3010 2437 3152 2492 hanc
3197 2436 3375 2492 lucem
3427 2437 3702 2491 tenebrosa

2139 2546 2292 2585 mens
2320 2537 2409 2582 tua
2437 2527 2627 2597 nequit
2651 2527 3143 2597 comprehendere,
3179 2526 3453 2596 despectis
3494 2528 3708 2592 caeteris,

2139 2634 2333 2692 putans
2371 2635 2429 2674 se
2473 2620 2644 2675 solam
2675 2620 2972 2688 sapientem
3006 2633 3125 2672 esse
3149 2658 3164 2681 ,
3194 2633 3529 2672 evanescens
3556 2618 3613 2672 in
3636 2634 3708 2672 co-

2140 2711 2505 2782 gitationibus
2535 2712 2676 2775 suis,
2709 2709 2871 2764 stulta
2904 2710 3045 2764 facta
3072 2710 3214 2779 apud
3244 2709 3435 2763 Deum.

2211 2803 2446 2856 Benene.
2494 2818 2513 2852 ‹
2560 2800 2695 2866 Quia
2759 2799 3008 2855 veritatis
3053 2799 3344 2864 inimicus,
3389 2798 3521 2854 velit
3549 2800 3708 2866 nolit,

2148 2919 2165 2952 ι
2212 2899 2495 2952 veritatem
2521 2905 2749 2952 asserat.
2798 2915 2817 2948 ι

2214 2990 2415 3044 Lmen.
2455 2989 2652 3044 Parum
2697 2989 2898 3043 videris
2925 2988 3206 3044 attendere
3251 2988 3382 3054 quid
3404 2988 3575 3044 dicas.
3609 2997 3710 3043 tan-

2147 3096 2257 3142 tum
2289 3096 2346 3142 ut
2377 3099 2594 3142 servum
2628 3083 2721 3137 Dei
2754 3081 2920 3137 illatis
2938 3082 3245 3153 opprobriis
3273 3081 3325 3136 in
3354 3089 3712 3150 contemptum

2069 3203 2114 3266 ρ
2146 3181 2402 3234 adducas.

2210 3272 2550 3326 Assertorem
2565 3266 2800 3338 Veritas,
2830 3272 2937 3318 tam
2959 3263 3224 3318 volentem
3248 3277 3412 3332 quam
3437 3261 3711 3322 nolentem,

2142 3361 2421 3416 inimicum
2451 3359 2656 3428 pariter
2697 3353 2987 3409 constituis
3017 3353 3284 3408 veritatis.
3335 3351 3594 3420 Quisquis
3628 3365 3710 3402 au-

2145 3466 2250 3511 tem
2296 3454 2574 3508 veritatem
2624 3448 2841 3510 asserit,
2889 3454 2983 3499 aut
3028 3444 3216 3498 volens
3245 3482 3261 3508 ,
3308 3451 3402 3496 aut
3449 3441 3636 3496 nolens
3671 3438 3712 3491 id

2145 3548 2277 3617 agit.
2321 3543 2464 3598 Nihil
2492 3543 2634 3596 enim
2659 3538 2822 3594 medii
2851 3536 3049 3606 poterit
3076 3533 3325 3603 reperiri.
3349 3530 3539 3588 Omnis
3565 3530 3713 3600 igitur

2150 3646 2390 3691 assertor
2416 3630 2684 3695 veritatis,
2719 3638 2772 3684 te
2799 3637 3040 3689 auctore,
3074 3624 3327 3678 inimicus
3352 3632 3439 3676 est
3461 3620 3710 3676 veritatis.

2146 3728 2253 3783 Sed
2281 3726 2440 3781 absit.
2467 3725 2585 3794 Ipsa
2618 3734 2852 3790 namque
2896 3716 3105 3772 Veritas
3130 3723 3434 3768 assertores
3459 3727 3584 3766 suos
3613 3710 3713 3779 plu-

2145 3819 2341 3874 rimum
2371 3814 2591 3871 distanti
2636 3811 2853 3867 nomine
2900 3809 2954 3861 in
2984 3803 3276 3874 Evangelia
3301 3810 3481 3866 vocat,
3509 3801 3711 3855 dicens:

2146 3910 2272 3965 lam
2299 3924 2402 3962 non
2442 3907 2613 3960 dicam
2645 3919 2731 3956 vos
2772 3916 2967 3963 servos,
3013 3897 3101 3950 sed
3143 3896 3339 3948 amicos
3372 3910 3513 3948 meos
3550 3891 3713 3962 (Joaa.

2151 4015 2239 4063 xv,
2271 3997 2338 4052 15
2363 3998 2414 4068 );
2455 3996 2522 4050 Et
2547 3993 2670 4048 alibi
2707 4010 2724 4047 :
2767 3989 2868 4044 Vos
2898 3989 3053 4042 amici
3081 3987 3179 4040 mei
3204 3986 3352 4039 eritis
3396 3983 3583 4054 (lbid.,
3620 3982 3712 4047 Ν).

2157 4092 2373 4148 Falsum
2403 4097 2488 4144 est
2515 4102 2644 4157 ergo
2671 4091 2998 4139 assertorem
3024 4077 3293 4141 veritatis,
3327 4085 3438 4130 tam
3469 4075 3714 4129 volentem

2149 4198 2312 4254 quam
2357 4181 2657 4240 nolentem,
2697 4175 2973 4229 inimicum
3003 4170 3336 4226 constituere
3364 4167 3625 4222 veritatis.

2218 4273 2453 4326 Benene.
2484 4287 2501 4320 ι
2547 4267 2706 4334 Quia,
2737 4264 2878 4319 sicut
2908 4260 3146 4325 Goliath,
3173 4257 3392 4330 proprio
3423 4256 3718 4328 Burgundus

2156 4382 2176 4416 ι
2203 4376 2336 4419 ense
2359 4361 2637 4431 depereat.
2686 4376 2706 4410 ι

2222 4456 2429 4510 ΒΑΜ-ιι.
2470 4451 2570 4507 Tui
2605 4449 2772 4506 moris
2798 4455 2884 4503 est
2923 4445 3059 4501 alios
3089 4443 3417 4513 deprimere,
3448 4449 3502 4496 te
3526 4439 3715 4500 efferre,

540 4517 674 4619 Cum
706 4526 883 4622 autern
917 4517 1018 4570 sub
1045 4514 1285 4622 .Nicolao
1326 4513 1568 4622 venisses
1599 4511 2054 4622 Romamit‘retus
2084 4568 2129 4622 Β
2159 4557 2210 4602 ιθ
2233 4546 2461 4617 jactare,
2508 4541 2576 4596 de
2623 4550 2676 4596 te
2725 4552 2918 4608 magna
2947 4511 3174 4591 senum;
3224 4529 3387 4602 23‘
3417 4530 3495 4585 Te
3522 4527 3713 4597 quidem

470 4609 536 4662 iis
564 4609 655 4678 qui
685 4608 802 4679 plus
833 4607 1092 4680 impensis
1128 4622 1157 4660 a
1185 4615 1238 4660 te
1267 4603 1546 4661 beneﬁciis
1577 4617 1738 4674 quam
1784 4601 1993 4656 ratione
2019 4613 2050 4653 a

473 4710 525 4754 te
552 4700 733 4753 audita
763 4715 918 4769 opem
954 4698 1050 4752 tibi
1096 4696 1480 4767 promiserant,
1515 4709 1622 4747 non
1671 4707 1835 4746 ausus
1863 4689 2051 4743 defen-

471 4808 595 4847 sare
656 4793 798 4861 quod
862 4800 1018 4845 antea
1091 4803 1384 4852 senseras,
1432 4785 1711 4856 postulasti
1778 4782 2053 4837 Nitolaum

473 4883 780 4953 pontiﬁcem
806 4882 1028 4953 ejusque
1051 4881 1363 4946 concilium,
1394 4889 1662 4949 quatenus
1707 4877 1864 4932 ﬁdem
1896 4893 2056 4945 quant

475 4977 647 5032 teneri
675 4985 950 5045 oporteret
979 4975 1156 5030 verbis
1185 4973 1278 5027 tibi
1301 4973 1558 5036 traderet,
1583 4970 1848 5039 scriptura
1878 4969 2060 5022 ﬁrma-

473 5078 576 5126 ret.
644 5070 890 5141 lnjuncta
940 5078 1025 5126 est
1076 5065 1234 5137 hujus
1304 5065 1379 5120 rei
1433 5080 1563 5120 cura
1612 5063 1908 5118 Humberto
1953 5060 2066 5132 epi-

474 5179 660 5219 SCODO.

546 5180 569 5218 ο
608 5180 660 5218 o.

546 5180 733 5326 lfaque
776 5254 941 5309 verba
983 5253 1102 5308 ﬁdei
1132 5250 1378 5321 superius
1409 5248 1796 5318 comprehensa
1823 5243 2061 5313 scripsit,

476 5365 699 5405 assensu
735 5348 977 5403 omnium
1023 5345 1092 5400 ad
1139 5343 1424 5413 legendum
1469 5350 1525 5396 et
1568 5337 1931 5397 conﬁtendum
1965 5335 2062 5390 tibi

479 5439 721 5495 tradidit.
751 5438 830 5493 Tu
859 5453 989 5497 vero
1024 5435 1378 5506 acquiescens
1405 5432 1684 5502 accepisti.
1712 5429 1911 5500 legisti.
1937 5443 2065 5483 con-

482 5533 655 5586 fessus
702 5541 754 5587 te
786 5532 859 5605 ita
899 5526 1503 5597 crederejurejurando
1549 5519 1907 5586 confirmasti,
1955 5528 2069 5574 tan-

483 5628 605 5678 dem
635 5640 794 5678 manu
825 5625 1041 5694 prOpria
1079 5620 1468 5690 subscripsisti.

557 5719 808 5775 Nicolaus
846 5736 1002 5790 papa,
1039 5719 1276 5788 gaudens
1305 5719 1369 5772 de
1400 5715 1753 5772 conversione
1801 5722 1912 5775 tua,
1949 5708 2066 5777 jus-

482 5814 772 5886 iurandum
825 5823 975 5867 tuum
1023 5813 1278 5882 scriptum
1327 5810 1467 5867 misit
1525 5824 1617 5880 per
1667 5806 1825 5862 urbes
1877 5802 2062 5866 ιιίιΙίίιε,

2159 4637 2345 4704 David,
2374 4633 2725 4690 Humbertum
2746 4643 2876 4684 vero
2895 4623 3113 4682 Goliath
3139 4622 3397 4694 appellas.
3430 4621 3498 4675 Et
3523 4619 3715 4689 quidem

2161 4730 2360 4785 rectius
2389 4737 2438 4782 te
2461 4724 2798 4780 nominasses
2827 4717 3040 4774 Goliath
3062 4755 3078 4781 ,
3109 4713 3235 4784 quia
3282 4713 3449 4767 homo
3478 4721 3714 4778 arrogan—

2161 4822 2404 4878 tissimus
2433 4833 2514 4882 es,
2558 4825 2613 4868 et
2644 4829 2707 4870 ea
2738 4811 2928 4875 sentis,
2962 4807 3155 4862 scribis
3197 4815 3252 4859 et
3284 4803 3523 4874 loqueris
3547 4798 3717 4870 quibus

2164 4928 2218 4971 tu
2274 4917 2389 4986 ipse
2434 4912 2581 4968 velut
2630 4924 2759 4965 ense
2811 4904 3030 4977 proprio
3078 4898 3373 4970 juguleris;
3421 4897 3562 4951 illum
3605 4904 3718 4943 vero

2165 5009 2356 5072 David,
2384 5006 2476 5075 qui
2505 5002 2778 5058 humiliter
2813 4997 2964 5060 vixit,
3012 4992 3288 5049 lmmiliter
3324 4989 3526 5053 docuit,
3565 4997 3714 5038 mem-

2167 5107 2322 5160 brqu
2369 5097 2657 5160 Ecclesiae,
2711 5106 2956 5164 pugnans
2997 5104 3096 5159 pro
3138 5083 3383 5140 Ecclesia
3410 5121 3427 5145 ,
3467 5086 3718 5134 assumens

2165 5207 2377 5254 scutum
2410 5193 2535 5248 ﬁdei
2573 5198 2628 5246 et
2654 5187 2891 5258 gladium
2937 5183 3187 5254 spiritus,
3217 5178 3360 5249 quod
3408 5184 3492 5231 est
3520 5169 3715 5224 verbum

2165 5288 2260 5344 Dei
2293 5286 2510 5358 (Ep/tes.
2542 5297 2620 5348 vt,
2651 5279 2764 5348 l7).
2887 5331 2890 5335 .

2775 5387 3003 5447 CAPUT
3039 5383 3129 5442 IV.

2239 5517 2474 5572 Benene.
2522 5529 2542 5563 ι
2585 5508 2714 5564 Erat
2767 5514 2946 5559 autem
2983 5496 3304 5570 Burgundus
3354 5495 3409 5550 in
3455 5482 3715 5581 senteutia.

2177 5631 2192 5663 ε
2241 5593 2349 5664 imo
2377 5602 2626 5660 vecordia
2676 5597 2844 5666 vulgi,
2894 5589 3169 5649 Paschasii
3222 5594 3386 5657 atque
3432 5578 3716 5639 Lanfranci.

2178 5728 2191 5754 ι
2241 5703 2460 5758 minime
2490 5708 2775 5768 superesse
2823 5692 2876 5745 in
2927 5684 3084 5742 altari
3116 5691 3235 5754 post
3280 5670 3714 5738 consecratimtcm

2179 5820 2193 5850 ι
2243 5792 2600 5853 substantiam
2632 5785 2789 5859 panis
2818 5793 2977 5852 atque
3005 5777 3132 5834 vini.
3184 5794 3211 5858 »ι

3817 88 3819 216 l

3827 918 3831 1003 ἵ
