3864 6300
113 327 207 385 ηδ

1020 324 1219 381 LIBER
1250 312 1348 381 [DE
1387 322 1710 382 CORPORIS
1749 324 1840 381 ET
1880 324 2226 384 SANGUINE
2249 327 2512 385 DOMINI.

3283 332 3392 394 ιιι

172 454 365 509 ιιιιιηι.
412 449 701 520 Tempore
735 450 909 505 sancti
958 448 1155 504 Leonis
1195 465 1347 520 papae
1370 490 1385 514 ,
1423 448 1598 505 delata
1628 456 1713 502 est
1740 451 1787 509 Α
1820 447 2079 502 reseravi.
2107 448 2469 518 Digrediendo
2513 450 2634 505 haec
2684 450 2804 507 idco
2835 453 2967 521 dixi,
3015 456 3139 525 quia
3170 458 3397 515 dixisti:

113 548 318 608 bzei'csis
346 558 442 602 tua
470 544 544 598 ad
576 542 930 612 apostolicam
971 544 1174 598 sedem.
1210 540 1312 609 Qui
1344 557 1468 598 cum
1500 540 1708 612 synodo

112 639 436 714 prmsideret,
475 653 547 693 ac
604 637 871 694 resideret
919 650 1102 692 secum
1152 651 1260 691 non
1303 649 1471 705 parva
1526 632 1710 703 multi-

113 732 230 788 tudo
274 730 698 800 episcoporum,
743 729 1022 793 abbatum,
1067 727 1377 797 diversique
1423 726 1631 783 ordinis
1676 740 1707 780 a

116 822 328 879 diversis
371 820 709 890 regionibus
757 818 1128 889 religiosarum
1174 832 1552 889 personarum,
1586 816 1705 887 jus.

115 930 217 970 sum
238 921 323 968 est
351 912 409 967 in
439 911 703 967 omnium
728 910 1005 965 audientia
1053 908 1268 964 recitari
1310 923 1447 979 quas
1476 908 1605 963 mihi
1634 907 1702 963 de

115 1020 324 1076 corpore
371 1011 429 1059 et
461 1002 749 1074 sanguine
800 1001 1017 1057 Domini
1068 1000 1281 1056 litteras
1331 998 1703 1055 transmisisti.

114 1095 333 1153 Portitor
354 1093 569 1165 quippe
600 1109 790 1148 earum
808 1092 1019 1165 legatus
1049 1100 1194 1158 tuus,
1221 1106 1309 1147 me
1333 1091 1388 1147 in
1418 1089 1705 1147 Nortman-

115 1188 195 1243 nia
217 1204 320 1244 non
368 1195 633 1256 reperto,
680 1184 904 1241 tradidit
950 1198 1044 1240 eas
1089 1183 1412 1255 quibusdam
1456 1183 1700 1249 clericis;

113 1295 232 1349 quas
257 1294 379 1334 cum
421 1278 722 1350 legissent,
752 1288 807 1333 et
836 1286 1025 1334 contra
1071 1277 1479 1333 nsitatissimam
1522 1276 1705 1332 Eccie«

116 1376 195 1431 sia:
232 1373 390 1431 ﬁdem
420 1374 974 1439 animadvertissent,
1021 1372 1138 1428 zelo
1190 1372 1284 1427 Dei
1333 1371 1551 1428 accensi
1584 1370 1704 1440 qui-

119 1466 321 1521 busdam
374 1465 447 1520 ad
509 1464 809 1536 legendum
860 1479 955 1519 eas
997 1472 1405 1535 porrexerunt,
1454 1462 1703 1532 plurimis

117 1548 625 1613 earumsententias
658 1544 841 1610 verbis
874 1562 1262 1625 exposuerunt.
1287 1553 1475 1623 Itaque
1501 1553 1700 1608 factum

118 1654 189 1702 est
216 1654 412 1702 utnon
440 1645 701 1702 deterior
729 1632 797 1702 de
844 1656 897 1701 te
941 1639 1103 1716 quam
1152 1646 1220 1700 de
1268 1660 1353 1699 me
1383 1644 1547 1699 fuerit
1579 1654 1699 1699 orta

119 1737 345 1807 suspicio,
397 1737 470 1792 ad
521 1753 696 1807 quem
744 1736 998 1793 videlicet
1046 1737 1183 1792 tales
1217 1737 1428 1792 litteras
1462 1736 1700 1792 destina-

1816 538 1948 592 Erat
1972 546 2156 594 autem
2186 539 2509 611 Burgundus
2537 542 2589 596 in
2616 544 2884 599 sententia
2910 547 3075 617 vulgi,
3095 547 3395 617 Paschasii,

1815 636 1979 698 atque
2006 629 2316 685 Lanfranci.
2357 630 2490 685 Nam
2530 649 2653 688 cum
2700 635 2963 692 catholica
2989 638 3229 697 Ecclesia
3256 643 3401 698 divr-

1812 720 2053 775 daturin
2083 721 2385 778 clericalem
2415 724 2662 781 ordinem
2707 736 2869 798 atque
2912 729 3189 798 laicalem,
3239 733 3398 788 cleri-

1812 806 1946 868 calis
1968 829 2101 870 vero
2148 816 2287 870 ordo
2333 817 2597 872 consistat
2651 818 2704 874 in
2746 820 3014 891 episcopis
3059 837 3123 878 ac
3175 824 3400 896 reliquis

1812 904 2012 961 Christi
2040 908 2435 975 sacerdotibus,
2460 910 2690 983 aliisque
2711 913 3050 970 diversarum
3074 916 3397 990 dignitatum

1810 999 2197 1056 ecclesiasticis
2222 1002 2503 1071 personis,
2547 1004 2648 1060 hos
2696 1014 2877 1061 autem
2929 1024 3155 1072 omnes,
3202 1021 3403 1080 praeter

1811 1090 2173 1159 paucissimos
2196 1093 2597 1161 schismaticos,
2631 1096 2772 1153 hanc
2803 1097 2962 1152 ﬁdem
2995 1109 3180 1155 tencrc
3220 1103 3401 1156 mani-

1810 1182 2163 1239 festissimum
2208 1185 2314 1251 sit,
2348 1187 2555 1243 rectius
2584 1187 2855 1244 dixisses:
2888 1189 3021 1246 Erat
3052 1200 3231 1246 autem
3262 1192 3399 1246 Bur-

1808 1274 2020 1345 gundus
2075 1275 2129 1331 in
2182 1277 2450 1332 sententia
2501 1278 2784 1335 catholica:
2817 1279 3072 1336 Ecclesiae
3103 1321 3120 1347 ,
3160 1282 3253 1337 sed
3290 1296 3399 1337 non

1809 1365 1863 1420 in
1891 1382 2032 1435 mea,
2065 1382 2419 1438 meorumque
2463 1369 2803 1439 sequacium,
2834 1370 2927 1441 qui
2975 1371 3265 1428 maluimus
3294 1388 3399 1427 nos

1808 1454 1876 1510 ab
1911 1471 1974 1510 ea
2019 1462 2250 1527 superbe
2279 1473 2556 1528 separare,
2601 1468 2654 1514 et
2684 1470 2872 1515 contra
2898 1461 2969 1516 ad
3003 1470 3244 1517 nostram
3271 1478 3399 1533 per-

1809 1545 2004 1602 niciem
2065 1549 2301 1612 schisma
2373 1549 2556 1607 facere
2602 1567 2764 1622 quam
2811 1552 3092 1609 humiliter
3150 1555 3398 1611 membra

1806 1636 1923 1707 ejus
1952 1653 2093 1705 esse,
2144 1647 2199 1695 et
2233 1655 2577 1697 communem
2624 1659 2749 1697 cum
2793 1657 2856 1698 ea
2902 1645 3061 1699 ﬁdem
3108 1646 3398 1703 salubriter

1809 1726 2065 1783 retinere.
2112 1728 2226 1785 Hoc
2259 1746 2450 1787 revera
2492 1733 2745 1799 dixrsses,
2798 1734 2844 1788 si
2897 1744 3109 1790 amator
3144 1738 3395 1794 veritatis

121 1803 263 1895 mis,
284 1803 621 1899 putamith
647 1829 829 1885 mulus
862 1844 948 1885 me
973 1828 1157 1885 fovere
1194 1844 1259 1885 ac
1304 1829 1488 1886 favere
1516 1845 1636 1900 qum
1669 1844 1700 1883 ιι
1735 1803 1778 1863 Β
1811 1828 2068 1875 servator
2093 1830 2149 1875 et
2191 1822 2417 1893 iustitia:
2468 1826 2796 1891 exstitisses,
2841 1827 2910 1895 si,
2956 1828 3166 1899 abiecto
3216 1831 3395 1888 inanis

123 1931 167 1976 te
188 1921 526 1987 dicerentur,
575 1920 668 1977 vel
697 1922 874 1992 gratia
908 1936 1014 1992 qua
1067 1930 1121 1977 te
1149 1920 1452 1993 diligerent,
1483 1920 1568 1975 vel
1598 1919 1704 1975 ﬁde

123 2029 211 2083 qua
235 2028 419 2071 revera
451 2015 532 2070 ita
564 2029 697 2069 esse
728 2030 837 2071 non
880 2006 1196 2070 dubitanter
1226 2024 1487 2070 tenerem.
1535 2013 1703 2085 Igitur

122 2119 228 2159 cum
268 2119 299 2159 a
342 2107 590 2176 quodam
642 2106 899 2162 Remensi
952 2106 1151 2162 clerico
1196 2107 1423 2162 Romam
1463 2106 1704 2177 perlatas

127 2196 355 2269 recitator
379 2198 626 2270 legeret,
667 2183 946 2256 intellecto
991 2199 1136 2269 quod
1165 2197 1431 2255 Joannem
1475 2197 1700 2254 Scotum

126 2287 384 2345 cxtolleres
412 2329 428 2356 ,
477 2274 846 2367 Paschasium
893 2290 1201 2357 damnares,
1275 2289 1582 2346 communis
1633 2288 1703 2346 de

130 2377 428 2451 eucharistia
479 2381 619 2438 ﬁdei
650 2383 877 2438 adversa
925 2382 1179 2449 sentires,
1228 2380 1569 2453 promulgata
1616 2388 1701 2436 est

129 2466 174 2521 in
202 2477 248 2523 te
269 2469 638 2529 damnationis
663 2474 959 2539 sententia,
986 2473 1211 2545 privans
1238 2481 1292 2529 te
1317 2472 1701 2529 communione

133 2569 306 2618 sancta
330 2562 624 2631 Ecclesiae,
653 2579 819 2637 quam
848 2574 902 2620 tu
930 2566 1148 2643 privare
1176 2574 1365 2622 sancta
1393 2564 1512 2635 ejus
1549 2581 1702 2623 com-

133 2655 358 2713 munione
378 2660 699 2732 satagebas.
736 2658 867 2715 Post
896 2660 1012 2715 haec
1055 2659 1314 2731 praecepit
1342 2674 1482 2731 papa
1511 2668 1572 2714 ut
1597 2674 1702 2731 ego

137 2761 404 2819 surgerent,
431 2753 600 2821 pravi
645 2751 885 2809 rumoris
924 2768 956 2807 a
1001 2767 1090 2808 me
1118 2750 1389 2808 maculam
1416 2752 1700 2823 absterge-

136 2854 272 2908 rent,
323 2842 483 2900 ﬁdem
546 2860 738 2913 meam
792 2860 1154 2916 exponerem,
1213 2844 1512 2915 expositam
1577 2844 1705 2915 plus

139 2932 282 2989 sacris
336 2937 760 2993 auctoritatibus
805 2951 970 3008 quam
1019 2937 1357 3008 argumentis
1383 2938 1693 3007 probarem.

137 3023 294 3095 itaque
339 3030 578 3097 surrexi,
643 3031 789 3101 quod
840 3029 986 3085 sensi
1043 3030 1178 3096 dixi,
1230 3030 1376 3100 quod
1401 3028 1514 3084 dixi
1571 3043 1698 3098 pro-

140 3108 270 3179 bavi,
323 3120 464 3187 quod
529 3120 765 3191 probavi
837 3121 1093 3178 omnibus
1139 3120 1391 3191 placuit,
1438 3120 1571 3175 nulli
1612 3120 1698 3176 di-

139 3202 338 3271 splicuit.
363 3207 576 3267 Dehine
620 3210 897 3267 declarata
943 3218 1028 3266 est
1051 3211 1291 3284 synodus
1316 3209 1694 3278 Vercellensis,

141 3308 239 3362 qua
255 3286 499 3368 proximo
526 3303 840 3373 Septembri
869 3304 1063 3360 eodem
1090 3303 1417 3375 praesidente
1438 3302 1709 3375 pontiﬁce

141 3396 209 3443 est
232 3391 486 3450 celebrata
516 3395 803 3453 Vercellis.
850 3395 935 3451 Ad
980 3410 1141 3467 quam
1178 3406 1406 3452 vocatus
1449 3410 1555 3450 non
1598 3407 1695 3448 ve-

144 3477 284 3545 nisti;
315 3497 410 3555 ego
448 3500 590 3543 vero
615 3474 885 3557 praecepto
913 3502 981 3542 ac
1025 3486 1279 3557 precibus
1319 3485 1526 3556 praefati
1559 3500 1696 3554 pon-

144 3567 275 3627 tiﬁcis
308 3588 472 3645 usque
528 3580 602 3632 ad
650 3579 823 3649 ipsam
872 3578 1139 3650 synodum
1192 3592 1380 3633 secum
1436 3576 1695 3631 remansi.

147 3655 196 3712 ιιι
216 3676 327 3731 qua,
368 3667 422 3722 in
452 3670 734 3745 audientia
759 3669 1003 3725 omnium
1040 3670 1136 3742 qui
1181 3670 1249 3725 de
1275 3669 1508 3725 diversis
1536 3666 1698 3738 hujus

148 3754 299 3808 mundi
338 3759 585 3826 partibus
637 3760 766 3816 illuc
817 3770 1224 3827 convenerant,
1272 3760 1498 3817 Joannis
1546 3760 1697 3817 Scoti

147 3837 258 3897 liber
280 3844 350 3902 De
388 3852 717 3909 eucharistia
769 3853 942 3910 lectus
985 3861 1095 3920 est,
1122 3868 1188 3908 ac
1216 3853 1524 3917 damnatus,
1573 3868 1697 3908 sen-

149 3932 286 3988 tentia
315 3944 395 3993 tua
422 3942 669 4013 exposita
697 3957 762 3998 ac
788 3944 1065 4008 damnata,
1098 3942 1233 3999 ﬁdes
1279 3953 1481 3998 sanctae
1509 3942 1694 3998 Eccle-

149 4019 241 4090 εἰῶ,
259 4041 404 4097 quam
428 4050 529 4106 ego
580 4045 740 4092 teneo
766 4043 824 4091 et
864 4037 1150 4092 tenendam
1189 4044 1398 4101 astruo,
1426 4037 1610 4092 audita
1641 4047 1698 4093 et

152 4122 368 4177 concordi
403 4128 649 4183 omnium
688 4143 922 4191 assensu
967 4128 1308 4184 conﬁrmata.
1357 4127 1471 4184 Duo
1513 4128 1705 4199 clerici

152 4206 226 4272 (tui
250 4207 437 4283 legatos
464 4228 589 4274 tuos
635 4232 696 4273 sc
740 4234 862 4275 esse
898 4218 1174 4285 dixerunt,
1219 4217 1465 4274 volentes
1510 4225 1564 4273 te
1602 4216 1697 4272 de-

158 4295 363 4370 lenderc,
388 4308 439 4363 in
464 4310 643 4380 primo
688 4311 871 4365 statim
897 4311 1047 4367 aditu
1097 4309 1413 4366 defecerunt
1455 4317 1509 4363 et
1550 4308 1694 4378 capti

156 4398 271 4445 sunt.
296 4394 371 4452 Ab
402 4398 500 4457 hac
531 4403 803 4457 sententia
854 4416 1131 4471 nunquam
1177 4400 1431 4457 discessit
1476 4409 1695 4455 sanctus

159 4473 245 4534 Leo
268 4482 316 4538 in
342 4491 587 4549 omnibus
610 4491 854 4549 conciliis
881 4492 1014 4557 suis,
1045 4507 1141 4547 seu
1169 4492 1366 4561 quibus
1396 4495 1511 4559 ipse
1536 4504 1689 4544 suam

159 4578 453 4638 Matiam
488 4568 765 4648 exhibuit,
794 4598 887 4639 seu
929 4598 1052 4654 quae
1080 4598 1175 4655 per
1216 4582 1426 4654 legatos
1473 4596 1603 4637 suos
1631 4580 1687 4638 in

162 4659 347 4724 diversis
388 4677 677 4744 provinciis
730 4676 1047 4747 congregari
1098 4676 1347 4731 instituit.
1404 4676 1535 4745 Quae
1570 4689 1692 4730 sen-

163 4758 295 4815 tentia
319 4780 414 4821 non
436 4769 621 4843 etl‘ugit
662 4785 1031 4827 successorem
1069 4785 1283 4840 quoque
1317 4784 1473 4824 suum
1517 4767 1691 4824 felicis

164 4856 391 4912 memoriae
412 4874 602 4935 papam
629 4862 923 4919 Victorem.
952 4862 1062 4919 Sed
1098 4862 1357 4934 quidquid
1385 4862 1453 4917 de
1488 4861 1594 4918 hac
1632 4874 1692 4916 re

164 4949 237 5026 ξειι
261 4952 448 5008 ueteris
474 4956 590 5026 ipse
610 4955 818 5021 statuit,
843 4955 1074 5011 statnive
1096 4954 1376 5025 praecepit,
1400 4954 1501 5010 hoc
1521 4954 1690 5010 etiam

164 5024 245 5084 iste
276 5049 359 5093 sua
385 5024 540 5114 atque
564 5045 808 5101 omnium
855 5045 1208 5101 conciliorum
1254 5059 1482 5102 suorum
1503 5055 1690 5105 auctus

168 5116 296 5206 litate
312 5126 554 5193 ﬁrmavit.
580 5136 823 5206 Denique
863 5135 920 5190 in
964 5134 1203 5192 concilio
1247 5134 1571 5203 Turonensi,
1599 5136 1687 5191 cui

167 5205 303 5275 ipsius
343 5220 621 5284 interfuere
663 5205 1029 5297 acipraefuere
1071 5226 1258 5298 legati,
1291 5228 1417 5283 data
1460 5236 1546 5284 est
1590 5226 1687 5283 tibi

169 5298 283 5388 optio
303 5306 602 5374 defendendi
651 5326 860 5388 partem
904 5324 1073 5373 tuam.
1120 5316 1292 5384 Quam
1336 5331 1461 5372 cum
1501 5316 1682 5373 defen-

169 5385 357 5455 dendam
395 5385 666 5481 suscipere
712 5426 818 5468 non
867 5411 1133 5477 auderes,
1171 5408 1454 5467 confessus
1500 5426 1688 5467 coram

172 5484 374 5572 finiamus
401 5511 750 5563 communem
772 5501 1030 5557 Ecclesiae
1069 5502 1227 5558 ﬁdem
1266 5502 1484 5572 jurasti,
1508 5503 1577 5557 ab
1602 5502 1688 5557 illa

173 5567 277 5665 'f‘m
299 5589 346 5638 te
365 5587 430 5646 ita
456 5596 785 5653 crediturum
829 5598 971 5654 sicut
1006 5596 1059 5651 in
1089 5567 1333 5650 Rontano
1359 5596 1588 5650 concilio
1636 5606 1689 5652 te

174 5670 341 5767 {mssa
362 5690 434 5735 est
453 5688 697 5758 superius
738 5688 1207 5758 comprehensum.
1253 5688 1422 5743 Porro
1448 5686 1578 5767 quid
1618 5688 1688 5743 de

178 5747 253 5812 hac
278 5775 326 5821 re
351 5747 573 5848 tempore
619 5778 823 5839 Nicolai
864 5747 1084 5852 gestuin
1123 5779 1213 5851 sit,
1258 5762 1503 5841 breviter
1524 5793 1686 5849 supra

1303 5903 1326 5928 ο

1807 1908 1993 1981 glorize
2033 1914 2295 1982 appetitu,
2346 1925 2568 1987 peccata
2622 1925 2714 1972 tua
2745 1918 2991 1975 conﬁteri
3039 1936 3203 1991 quam
3256 1910 3413 1979 tueri.

1806 2001 2114 2060 maluisses.
3255 1997 3259 2001 ’

1874 2091 2027 2160 Quod
2060 2110 2189 2152 vero
2231 2100 2558 2155 sententiam
2587 2117 2689 2172 qua
2720 2118 2914 2175 panem
2944 2104 2997 2159 in
3024 2119 3208 2161 veram
3231 2104 3394 2162 Chri-

1802 2186 1872 2240 sti
1913 2202 2155 2255 carnem,
2203 2198 2259 2245 et
2287 2191 2471 2247 vinum
2516 2195 2568 2249 in
2600 2211 2785 2251 verum
2829 2196 3034 2253 Christi
3077 2200 3399 2271 sanguinem

1803 2277 2052 2332 converti
2091 2278 2385 2349 credimus,
2414 2285 2723 2355 vecordiam
2760 2287 3049 2355 nominas;
3085 2289 3152 2344 de
3193 2289 3297 2345 hac
3336 2305 3402 2346 re

1802 2369 2160 2437 opportunius
2207 2372 2308 2427 tibi
2359 2376 2719 2445 respondebo,
2748 2394 2876 2435 cum
2902 2380 3063 2435 ﬁdem
3102 2381 3264 2447 hanc,
3295 2398 3395 2437 au-

1802 2467 1957 2516 ctore
1985 2461 2119 2528 Deo,
2146 2463 2348 2520 divinis
2375 2468 2793 2527 auctoritatibus
2822 2481 2876 2527 et
2901 2472 3207 2529 manifestis
3226 2475 3400 2531 ratio-

1803 2552 1964 2633 nibus
1989 2570 2176 2611 veram
2218 2573 2341 2614 esse
2384 2570 2785 2620 monstravero.
2832 2564 3003 2621 Porro
3033 2575 3217 2621 autem
3248 2568 3396 2638 quod

1801 2632 1956 2711 dicis,
2010 2644 2144 2701 Erat
2192 2656 2373 2703 autem
2419 2649 2744 2721 Burgundus
2792 2651 2846 2708 in
2899 2655 3168 2711 sententia
3217 2632 3399 2726 vulgi,

1800 2732 2103 2805 Pascltasii,
2154 2746 2319 2809 atque
2355 2739 2670 2808 Lanfranci,
2724 2758 2812 2799 me
2856 2745 3020 2800 etiam
3066 2761 3191 2801 cum
3237 2747 3396 2817 vulgo
3451 2811 3456 2815 η

1801 2827 2056 2897 deputas,
2087 2831 2450 2887 certissimum
2481 2833 2643 2905 235
2671 2835 2875 2892 habeto
2907 2845 2986 2903 tu,
3020 2837 3399 2894 indubitanter

1801 2921 2032 2977 credant
2069 2923 2229 2979 amici
2271 2925 2420 2993 mei,
2466 2936 2628 2997 atque
2669 2927 2916 2985 Ecclesia
2960 2929 3188 2996 Christi,
3237 2930 3399 3000 quasi

1799 3013 1966 3066 etiam
1997 3004 2209 3071 deesset
2241 3016 2373 3071 mihi
2410 3019 2729 3083 auctoritas,
2775 3028 2938 3090 atque
2986 3021 3148 3086 ratio,
3194 3022 3400 3091 quibus

1801 3102 1961 3158 ﬁdem
1992 3120 2167 3160 meam
2193 3107 2331 3162 tueri
2353 3123 2569 3178 possem
2598 3126 2611 3162 :
2643 3110 2858 3167 mallem
2884 3121 3063 3167 tamen
3087 3127 3210 3168 cum
3232 3112 3400 3183 vulgo

1797 3207 1919 3247 esse
1946 3195 2184 3251 rusticus
2226 3203 2282 3251 et
2311 3198 2479 3253 idiota
2508 3200 2810 3257 catholicus
2845 3218 3007 3273 quam
3051 3213 3229 3259 tecum
3270 3204 3385 3259 exi-

1796 3294 1943 3340 stere
1966 3286 2188 3343 curialis
2216 3296 2379 3359 atque
2405 3290 2615 3347 facetus
2643 3293 2950 3351 hmreticus.
2982 3295 3088 3351 Sed
3132 3298 3176 3352 si
3208 3297 3393 3353 Domi-

1797 3392 1901 3432 nus
1930 3378 2073 3434 Deus
2100 3387 2154 3435 te
2182 3388 2346 3450 atque
2392 3396 2479 3438 me
2523 3383 2576 3438 in
2627 3385 2905 3441 audientia
2952 3389 3125 3443 sancti
3174 3389 3391 3443 concilii

1794 3467 2115 3537 dignaretur
2142 3470 2495 3543 conjungere,
2534 3473 2602 3529 de
2631 3476 2832 3545 pietate
2862 3478 2981 3548 ejus
3008 3479 3225 3535 conﬁdo
3255 3480 3384 3550 quia

1796 3568 2040 3615 mutares
2058 3561 2246 3630 verba,
2276 3572 2519 3620 mutares
2556 3569 2903 3623 sententiam.

1866 3648 2101 3707 Benene.
2161 3670 2180 3705 ι
2240 3651 2417 3721 Quam
2464 3658 2793 3713 sententiam
2845 3660 3222 3731 superioribus
3268 3664 3387 3721 suis

1802 3757 1820 3792 ι
1856 3741 2038 3798 verbis
2061 3742 2150 3800 ille
2182 3745 2297 3818 ipse
2325 3746 2546 3816 dejecit,
2572 3766 2674 3807 nec
2705 3756 2959 3810 attendit.
2994 3770 3031 3809 ιν

1865 3834 2067 3890 Lmrn.
2112 3837 2245 3892 Dum
2278 3839 2582 3896 insatiabili
2631 3844 2757 3900 odio
2784 3844 2936 3899 illum
2970 3847 3297 3920 insequeris,
3332 3860 3387 3907 te

1796 3925 1971 3995 ipsum
2010 3929 2242 3999 turpiter
2263 3929 2529 3986 infamare
2557 3933 2785 3991 minime
2806 3937 3106 3994 erubescis.
3124 3938 3390 4012 Quisquis

1795 4018 1940 4071 enim
1977 4020 2255 4075 contraria
2281 4021 2454 4091 jurat,
2488 4039 2717 4081 necesse
2763 4036 2846 4082 est
2875 4027 2929 4082 in
2962 4027 3230 4086 alterutro
3261 4047 3388 4102 pcr-

1788 4101 1921 4173 jurii
1949 4106 2160 4162 crimen
2186 4108 2450 4165 incurrat.
2477 4111 2643 4184 Ergo,
2657 4126 2782 4169 cum
2804 4117 2973 4171 verba
2998 4101 3383 4187 adjurandum

1797 4198 1894 4253 tibi
1926 4200 2127 4255 tradita
2168 4201 2314 4257 inter
2352 4219 2414 4258 se
2448 4208 2723 4262 contraria
2774 4223 2896 4264 esse
2920 4220 3157 4277 astruas,
3210 4213 3386 4266 mani-

1795 4288 1933 4344 festa
1966 4306 2096 4346 voce
2124 4291 2400 4362 perjurum
2425 4303 2479 4349 te
2507 4311 2631 4352 esse
2667 4288 3009 4369 impudenter
3053 4300 3377 4370 proclamas.

1793 4385 1838 4441 O
1861 4385 2047 4442 infelix
2070 4387 2265 4443 homo!
2305 4404 2339 4444 ο
2360 4389 2672 4447 miserrima
2698 4395 2911 4450 anima!
2956 4412 3056 4451 cur
3087 4406 3138 4453 te
3157 4398 3387 4455 credere

1790 4484 2033 4554 jurabas,
2062 4499 2182 4554 quae
2213 4494 2498 4557 tantopere
2545 4487 2687 4545 inter
2726 4505 2787 4546 se
2818 4488 3085 4548 dissidere
3116 4492 3385 4566 intellige-

1792 4579 1928 4635 bas?
1971 4595 2152 4635 nonne
2184 4582 2499 4651 praestabat,
2527 4584 2572 4640 si
2629 4600 2816 4641 veram
2868 4586 3049 4661 ﬁdem
3083 4598 3136 4645 te
3180 4590 3387 4646 habere

1796 4674 2048 4743 putabas,
2063 4674 2230 4729 vitam
2260 4677 2490 4733 honesta
2516 4687 2692 4735 morte
2708 4679 2868 4737 ﬁnire
2892 4698 3054 4754 quam
3080 4684 3383 4755 periurium

1800 4764 2002 4830 facere,
2030 4768 2317 4841 perﬁdiam
2340 4767 2550 4837 iurare,
2599 4771 2764 4828 ﬁdem
2792 4772 3078 4844 abjurare?
3104 4776 3209 4831 Sed
3238 4776 3383 4832 absit

1799 4866 1857 4912 nt
1894 4859 2167 4933 scriptura
2194 4859 2372 4915 saneti
2420 4861 2639 4917 concilii
2667 4863 2848 4937 aliqua
2906 4866 3046 4922 inter
3076 4882 3136 4923 se
3160 4876 3383 4922 contra.

1801 4950 2010 5006 metatis
2028 4950 2373 5021 oppositione
2395 4951 2676 5027 dissideat,
2692 4955 2761 5020 si,
2780 4967 2990 5013 remoto
3014 4956 3382 5011 calumniandi

1794 5042 1999 5107 studio,
2027 5042 2259 5114 diligens
2310 5041 2481 5099 lector
2508 5045 2574 5101 ad
2621 5045 3032 5118 intelligendum
3060 5063 3248 5105 curam
3280 5047 3386 5103 im-

1795 5133 2023 5205 pendat!
2059 5132 2126 5189 Et
2150 5137 2255 5190 boc
2281 5137 2556 5193 posterius
2578 5139 2804 5207 patebit.

2418 5226 2647 5284 CAPUT
2691 5230 2753 5283 V.

1864 5314 2101 5373 Benene.
2129 5333 2149 5369 ι
2179 5316 2281 5386 Qui
2305 5319 2451 5375 enim
2483 5319 2654 5376 dicit:
2692 5320 2856 5375 Panis
2882 5330 2939 5377 et
2980 5319 3162 5375 vinum
3191 5318 3386 5377 altaris

1798 5426 1819 5461 ι
1852 5411 2193 5468 solummodo
2221 5424 2560 5469 sacramenta
2589 5425 2749 5479 sunt;
2797 5415 2879 5469 vel
2916 5416 3069 5486 panis
3114 5425 3172 5472 et
3190 5418 3382 5473 vinum

1796 5526 1814 5555 ο
1855 5504 2045 5560 altaris
2087 5505 2427 5561 solummodo
2455 5516 2587 5561 sunt
2626 5522 2814 5562 verum
2848 5508 3051 5563 Christi
3084 5525 3282 5580 corpus
3318 5521 3381 5567 et

1796 5616 1813 5649 ι
1852 5598 2094 5668 sanguis,
2114 5598 2556 5655 modisomnibus
2574 5613 2769 5669 panem
2794 5609 2850 5656 et
2877 5601 3059 5656 vinum
3090 5617 3383 5673 superesse

1797 5704 1815 5738 ι
1854 5688 2157 5742 constituit.
2181 5707 2199 5738 ι

1863 5779 2063 5834 ιηικιτιι.
2111 5778 2253 5836 Nihil
2283 5780 2478 5837 horum
2506 5779 2750 5841 Romana
2775 5782 3023 5860 synodus
3046 5780 3379 5840 credendum
