3938 6288
432 314 537 367 435

1371 378 1375 385 ,
1424 316 1466 370 n
1526 314 1909 372 ruminat
1949 313 2295 373 caurum.
2337 314 2648 371 ARClllEP.

3575 313 3677 369 ιιι

429 441 547 489 esse
579 422 840 486 decrevit,
895 436 995 476 nec
1045 420 1372 478 llumbcrtus
1402 426 1687 495 episcopus
1727 429 1792 479 ad
1839 424 2001 479 conft-
2036 426 2080 483 Α
2114 444 2129 474 ι
2170 425 2357 478 altaris
2384 425 2719 478 solummodo
2746 429 2828 479 est
2862 431 3283 489 sacramentum,
3337 423 3423 479 vel
3460 442 3474 476 :
3522 421 3683 479 Panis

433 514 652 572 tendum
693 511 777 565 vel
824 510 1117 578 iurandum
1175 513 1365 567 horum
1397 514 1491 568 tibi
1525 515 1727 584 aliquid
1745 514 2004 567 -tradio|it.

431 599 588 680 Prior
617 602 834 672 quidem
864 603 1161 667 sententia,
1201 619 1296 672 per
1320 619 1482 674 quam
1504 605 1703 658 dicitur
1731 619 1745 658 :
1769 604 1933 658 Panis
1956 613 2010 657 et

429 703 615 758 vinum
641 703 832 757 altaris
855 702 1198 761 solummodo
1225 710 1587 757 sacramenta’
1612 712 1760 767 sunt,
1795 710 1881 755 tua
1903 712 2007 766 est,

432 778 753 870 tuorumque
776 796 1112 866 sequacium.
1130 794 1407 849 PoSterior
1426 810 1556 850 vero
1582 810 1702 864 qua:
1725 795 2007 849 enuntiat:

438 886 605 942 Panis
628 896 683 942 et
706 886 890 940 vinum
930 885 1118 940 altaris
1139 884 1477 940 solummodo
1499 894 1623 939 sunt
1646 899 1832 939 verum
1855 884 2012 939 Chri-

434 978 504 1041 sti
543 991 743 1046 corpus
771 984 823 1031 et
848 976 1089 1043 sanguis,
1123 975 1321 1030 nullius
1352 975 1630 1030 hominum
1660 983 1760 1031 est.
1794 974 1927 1029 Nam
1959 984 2013 1029 et

435 1082 490 1122 ιιι
530 1071 815 1123 veritatem
844 1069 1027 1122 carnis
1054 1083 1117 1122 ac
1164 1069 1444 1136 sanguinis
1478 1083 1662 1138 negas,
1693 1077 1747 1123 et
1777 1066 2013 1123 Ecclesia

433 1158 664 1224 Christi,
686 1157 765 1213 sic
788 1172 983 1228 panem
1015 1158 1065 1210 in
1097 1158 1541 1222 carnem,vinum
1570 1158 1740 1213 credit
1767 1158 2012 1212 converti

436 1249 490 1302 in
518 1250 859 1317 sanguinem,
893 1256 952 1302 ut
982 1256 1158 1302 tamen
1188 1247 1483 1303 salubriter
1512 1249 1697 1304 credat
1718 1258 1773 1303 et
1800 1248 2012 1304 veraci-

436 1350 519 1394 ter
563 1348 918 1411 recognoscat
971 1348 1373 1394 sacramentum
1429 1355 1549 1394 esse
1576 1340 1865 1395 Dominicae
1890 1355 2015 1409 pas-

434 1430 626 1503 sionis,
657 1429 851 1483 divinze
880 1428 1302 1498 propitiationis,
1354 1430 1660 1485 concordiae
1689 1438 1741 1483 et
1771 1432 2015 1497 unitatis,

437 1528 708 1587 postremo
732 1528 1028 1590 assumpta:
1055 1522 1120 1574 de
1152 1521 1371 1591 Virgine
1421 1522 1604 1575 carnis
1633 1537 1695 1576 ac
1739 1523 2019 1593 sanguinis

443 1607 655 1677 singula
683 1609 795 1663 suis
823 1608 1203 1678 distinctisqne
1231 1609 1426 1675 modis,
1459 1610 1525 1664 de
1558 1611 1754 1680 quibus
1780 1626 1879 1666 suo
1900 1612 2021 1668 loco

438 1713 501 1753 ac
529 1707 770 1768 tempore
792 1698 1096 1753 evidentius
1124 1699 1441 1755 disseretur.
1476 1699 1533 1753 In
1566 1701 1854 1771 praesentia
1900 1710 2019 1755 tan-

441 1798 552 1842 tum
584 1788 792 1858 suscepi
836 1789 1126 1844 ostendere
1172 1791 1334 1844 verba
1368 1790 1592 1846 Romani
1638 1792 1873 1860 concilii,
1900 1808 2019 1862 qua:

451 1887 504 1935 te
525 1888 868 1934 servaturum
891 1878 1241 1949 jurejurando
1270 1880 1516 1947 firmasti,
1551 1882 1694 1937 nulla
1727 1872 1754 1937 a
1782 1898 1840 1939 se
1887 1884 2021 1938 invi-

442 1981 558 2021 cem
607 1968 998 2022 contrarietate
1054 1967 1295 2024 differre.
1348 1971 1715 2042 Arguentibus
1770 1973 1915 2027 enim
1968 1984 2021 2029 te

443 2058 637 2117 amicis
669 2073 730 2113 ac
762 2059 1088 2115 necessariis
1139 2062 1244 2115 tuis
1299 2062 1442 2131 quod
1490 2071 1584 2118 aut
1619 2079 1723 2119 non
1758 2067 2021 2120 servanda

440 2149 621 2229 jurare
671 2165 775 2203 non
804 2149 1076 2218 debueris,
1130 2161 1222 2207 aut
1255 2152 1438 2222 jurata
1488 2171 1729 2218 servare,
1760 2156 2023 2212 infamare

445 2240 588 2294 soles
615 2238 897 2294 Nicolaum
930 2240 1242 2310 pontificem
1284 2243 1632 2315 reliquosque
1681 2244 1873 2300 Patres
1917 2244 2025 2299 Ro-

442 2330 1132 2395 miniconcilii,videlicet
1178 2334 1343 2404 quod,
1392 2334 1649 2390 docentes
1676 2352 1741 2391 ac
1790 2336 2025 2392 scientes

442 2412 733 2485 contraria,
763 2422 837 2476 ttti
891 2422 1111 2478 fuerunt
1157 2440 1323 2480 causa
1353 2426 1599 2496 perjurii.
1638 2426 1692 2481 Id
1726 2443 1941 2498 quoque
1968 2428 2022 2483 in

444 2510 548 2563 hoc
581 2510 860 2579 opusculo,
916 2513 1059 2581 quod
1105 2514 1495 2570 destruendum
1537 2517 1766 2587 suSCepi,
1830 2516 2026 2587 ubique

451 2598 565 2653 fere
587 2598 803 2654 laboras
825 2600 1067 2667 efﬁcere;
1092 2611 1378 2672 propterea
1401 2602 1725 2659 conferenda
1754 2614 1877 2658 sunt
1902 2621 2026 2660 ver-

450 2690 514 2742 ba
549 2702 636 2745 tua
668 2692 850 2745 verbis
874 2706 1087 2745 eorum.

516 2779 770 2835 Nicolans
833 2796 1003 2852 papa,
1061 2783 1402 2853 comperiens
1462 2792 1520 2840 te
1576 2784 1776 2841 docere
1832 2800 2026 2856 panem

448 2869 741 2940 vinumque
774 2871 981 2937 altaris,
1011 2882 1133 2943 post
1166 2874 1655 2941 consecrationem,
1707 2875 1826 2930 sine
1854 2884 2026 2929 mate-

458 2960 579 3014 riali
610 2962 913 3017 mutatione
938 2963 990 3017 in
1025 2963 1267 3032 pristinis
1290 2965 1547 3021 essentiis
1572 2979 1877 3030 remanere,
1895 2980 2026 3020 con-

452 3065 606 3107 cessa
650 3052 771 3119 tibi,
821 3053 961 3109 sicut
991 3054 1241 3125 superius
1287 3054 1491 3110 dictum
1533 3064 1635 3120 est,
1668 3055 2025 3125 respondendi

454 3142 700 3207 licentia,
730 3158 852 3197 cum
883 3158 987 3197 non
1012 3146 1242 3199 auderes
1268 3160 1365 3214 pro
1391 3153 1495 3200 tuae
1521 3144 1694 3216 partis
1714 3144 2029 3198 defensione

456 3234 659 3303 aliquid
694 3235 1045 3303 respondere,
1083 3236 1282 3306 pietate
1330 3247 1511 3292 motus
1564 3236 1631 3289 ad
1686 3249 1874 3305 preces
1915 3245 2030 3290 tuas

458 3326 716 3396 prmcepit
745 3326 884 3380 tradi
912 3327 1238 3397 scripturam
1268 3329 1365 3384 tibi
1388 3342 1551 3399 quam
1579 3327 1826 3396 superius
1850 3320 2029 3398 posui.

458 3413 588 3483 Ejus
606 3416 930 3487 principium
962 3420 1063 3485 hoc
1087 3428 1204 3474 erat
1233 3438 1246 3473 :

533 3525 553 3559 ι
586 3507 697 3579 Ego
717 3509 1080 3579 Berengarius
1126 3510 1590 3566 anathematizato
1614 3525 1735 3567 eam
1759 3509 2031 3578 haeresim,

465 3620 481 3650 ι
520 3600 585 3655 de
628 3616 733 3669 qua
775 3601 1036 3663 hactenus
1086 3602 1381 3657 infamatus
1424 3618 1566 3669 sum,
1622 3617 1743 3672 quae
1783 3612 2033 3664 astruere

466 3702 487 3743 t
526 3705 753 3748 conazur
783 3710 975 3764 panem
1003 3705 1057 3749 et
1078 3696 1283 3761 vinum,
1312 3711 1432 3767 quae
1461 3696 1513 3751 in
1558 3696 1715 3750 altari
1743 3706 2032 3767 ponuntur,

468 3808 487 3836 ε
525 3796 651 3855 post
684 3776 1167 3851 consecrationem,
1219 3787 1558 3841 solummodo
1614 3798 2037 3855 sacramentum,

470 3897 487 3927 ι
527 3887 583 3931 et
612 3893 715 3932 non
742 3893 926 3933 verum
955 3895 1150 3948 corpus
1176 3888 1232 3933 et
1262 3879 1582 3950 sanguinem
1614 3879 1826 3935 Domini
1867 3882 2038 3937 nostri

470 3989 487 4018 ι
527 3967 655 4024 Jesu
686 3970 887 4026 Christi
911 3986 1052 4026 esse.
1093 3990 1111 4023 ι

541 4059 859 4116 Rectissime
890 4062 941 4117 id
972 4061 1213 4131 quidem,
1246 4071 1301 4115 et
1329 4076 1442 4131 Ipse
1489 4064 1768 4134 praecepit,
1813 4073 1871 4120 et
1916 4080 2040 4136 syn-

467 4153 566 4207 dus
596 4156 847 4219 assensit,
876 4164 929 4209 et
960 4163 1015 4209 tu
1042 4166 1333 4211 exsecutus
1357 4170 1435 4220 es,
1477 4156 1518 4210 si
1557 4154 1759 4211 labium
1798 4157 2040 4213 dolosum

468 4245 521 4297 in
555 4245 718 4301 corde
747 4254 802 4301 et
845 4245 1005 4301 corde
1050 4245 1263 4302 locutus
1291 4263 1399 4301 non
1444 4247 1658 4314 fuisses,
1687 4250 1732 4303 si
1764 4250 1829 4303 ad
1857 4251 2043 4319 pristi-

469 4352 597 4392 num
629 4338 886 4393 vomitum
917 4347 971 4393 et
1003 4340 1069 4393 ad
1092 4338 1433 4395 volutabrum
1463 4339 1561 4397 luti
1606 4340 1896 4395 infeliciter
1922 4357 2042 4411 per-

2116 531 2133 562 ι
2175 512 2364 567 altaris
2386 512 2722 569 solummodo
2742 524 2825 569 est
2844 530 3027 569 verum
3042 530 3234 585 corpus
3248 514 3451 570 Christi
3465 529 3679 584 ,panem

2117 620 2134 651 ι
2175 601 2227 655 in
2272 602 2431 667 altari
2487 618 2608 658 esse
2659 620 2764 659 non
2811 613 2988 676 negat,
3025 622 3223 677 panem
3261 615 3315 662 et
3342 606 3534 661 vinum
3569 590 3684 663 θέω

2117 711 2136 743 ι
2174 693 2463 749 confirmat
2494 695 2546 749 in
2572 711 2757 750 mensa
2789 698 3086 752 Dominica.
3131 718 3151 751 ι

2184 784 2348 855 236
2379 785 2577 840 ΒΑΜ-ιι.
2616 786 2812 842 Verum
2849 789 3183 853 adnecteres,
3210 788 3255 844 si
3297 788 3524 858 ignarus
3553 788 3686 843 veri-

2114 874 2242 929 tatis
2290 875 2526 945 priorem
2576 878 2962 947 propositionis
2995 889 3203 948 partem
3258 880 3547 949 quisquam
3579 874 3682 933 sta-

2119 974 2309 1031 tueret,
2342 966 2447 1021 nisi
2494 965 2631 1024 forte
2686 969 2915 1040 ﬁgurato
2950 969 3237 1025 locutionis
3283 970 3444 1025 modo
3471 969 3684 1024 verbum

2116 1059 2243 1114 illud
2288 1059 2577 1129 proferret.
2628 1060 2874 1117 Solemus
2915 1062 3059 1116 enim
3116 1063 3324 1131 aliquas
3362 1079 3451 1117 res
3484 1062 3685 1116 illarum

2120 1165 2325 1215 rerum,
2350 1166 2415 1205 ex
2449 1151 2645 1221 quibus
2689 1151 3015 1218 efﬁciuntur,
3048 1151 3361 1206 nominibus
3400 1151 3685 1221 appellare,

2117 1236 2389 1313 quamvis,
2421 1244 2472 1297 in
2496 1244 2655 1299 aliam
2681 1252 2930 1299 naturam
2962 1245 3264 1308 translatae,
3291 1243 3402 1314 jam
3435 1261 3542 1299 non
3565 1260 3687 1314 pos-

2119 1336 2226 1389 sint
2247 1352 2367 1390 esse
2393 1336 2519 1390 illud
2542 1338 2682 1407 quod
2707 1346 2833 1392 sunt
2856 1353 2942 1392 res
2973 1337 3076 1391 illae
3093 1353 3155 1391 ex
3180 1337 3380 1406 quibus
3397 1320 3690 1407 prebantur

2118 1425 2343 1480 effectae.
2379 1425 2530 1481 Sicut
2560 1427 2751 1481 beatus
2777 1426 3111 1498 Augustinus
3141 1429 3216 1499 (in
3245 1426 3381 1497 psal.
3410 1425 3611 1495 cxnvn)
3639 1426 3688 1480 in

2120 1526 2366 1571 extremo
2396 1517 2727 1587 psalmorum
2763 1518 3165 1589 explanationis
3210 1532 3395 1588 opere,
3432 1522 3467 1567 ι
3489 1515 3693 1570 cristal-

2122 1607 2230 1661 lum
2264 1627 2281 1658 )
2309 1618 2465 1662 vocat
2502 1627 2521 1659 ι
2561 1609 2739 1663 nivem
2789 1609 3081 1663 multorum
3134 1621 3403 1662 annorum
3450 1606 3689 1659 duratam

2124 1700 2386 1761 tempore,
2413 1709 2467 1752 et
2492 1699 2633 1756 serie
2660 1700 2999 1765 satcnlorum,
3036 1718 3053 1752 ι
3080 1714 3201 1753 cum
3239 1698 3334 1751 nix
3378 1697 3450 1751 sit
3495 1694 3688 1763 liquida

2051 1768 2095 1827 Β
2125 1801 2180 1845 et
2205 1792 2445 1856 humida,
2464 1790 2688 1845 cristalli
2711 1806 2841 1845 vero
2869 1799 3059 1844 natura
3083 1789 3283 1845 existat
3308 1786 3439 1842 dura
3464 1795 3517 1842 et
3534 1786 3688 1841 sicca.

2121 1882 2199 1936 Ac
2225 1898 2321 1952 per
2344 1883 2447 1936 hoc
2478 1897 2599 1935 eum
2630 1888 2739 1935 tam
2762 1881 2991 1935 diversae
3016 1888 3222 1933 natura)
3249 1878 3358 1932 sint
3384 1877 3436 1930 in
3461 1876 3693 1945 utrisque

2124 1989 2230 2026 non
2265 1983 2412 2027 recte
2443 1974 2565 2043 quis
2596 1971 2895 2027 cristallum
2928 1972 3107 2024 nivctn
3139 1967 3437 2033 vocaverit,
3486 1967 3585 2022 nisi
3632 1981 3695 2021 eo

2124 2063 2413 2117 locutionis
2467 2062 2626 2117 modo
2677 2076 2786 2131 quo
2849 2076 2934 2115 res
2993 2058 3181 2116 effecta
3242 2058 3510 2114 materiali
3567 2058 3694 2113 solet

2126 2154 2343 2209 nomine
2370 2153 2650 2224 appellari.
2679 2152 2746 2206 Et
2777 2151 3005 2206 Creator
3027 2166 3094 2205 ex
3146 2161 3291 2205 terra
3320 2158 3505 2205 creato
3531 2148 3694 2218 primo

2127 2245 2329 2299 homini
2362 2245 2414 2299 in
2458 2242 2655 2298 Genesi
2704 2241 2871 2297 dicit:
2903 2239 3061 2295 Terra
3084 2257 3160 2305 es,
3191 2249 3241 2294 et
3280 2241 3337 2293 in
3372 2249 3566 2293 terram
3602 2235 3692 2289 ibi:

2129 2333 2281 2405 (Cen.
2335 2351 2415 2397 ιιι,
2450 2334 2560 2403 l9).
2620 2332 2784 2400 Quasi
2836 2333 3085 2388 diceret:
3124 2330 3259 2400 Quia
3312 2330 3489 2385 factus
3535 2342 3591 2383 es
3635 2342 3693 2381 ex

2129 2434 2302 2493 lt'rt‘a,
2342 2425 2668 2495 quandoque
2707 2422 2801 2479 lies
2841 2432 3020 2487 terra,
3066 2429 3121 2477 et
3168 2420 3462 2477 reverteris
3494 2418 3549 2474 in
3598 2425 3695 2472 ter-

2130 2530 2266 2571 rain.

2198 2606 2599 2665 Verumtamen,
2630 2613 2691 2659 ut
2710 2603 2842 2669 dixi,
2870 2603 2968 2659 has
2990 2604 3293 2660 sententias
3322 2614 3487 2658 nemo
3514 2599 3692 2656 catho-

2130 2698 2265 2751 licus
2319 2697 2535 2765 recipit,
2585 2695 2897 2751 Christiana
2935 2710 3029 2751 eas
3063 2695 3254 2766 religio
3299 2708 3408 2748 non
3448 2691 3693 2747 admittit.

2129 2788 2264 2843 Nam
2318 2789 2552 2858 priorem
2612 2796 2755 2842 tuam
2803 2802 2925 2841 esse
2974 2794 3205 2849 tantum,
3261 2793 3475 2854 tuteque
3528 2791 3693 2846 secto,

2131 2893 2288 2932 nemo
2314 2875 2403 2947 qui
2429 2877 2685 2947 ambigat.
2725 2876 3088 2931 Posteriorem
3118 2891 3248 2931 vero
3277 2889 3455 2946 neque
3479 2882 3535 2928 tu
3567 2874 3700 2929 reei-

2132 2968 2231 3036 pis,
2258 2968 2348 3037 qui
2376 2966 2559 3021 carnis
2588 2981 2651 3021 ac
2685 2967 2970 3035 sanguinis
3018 2977 3243 3037 negator
3287 2965 3508 3028 existis,
3541 2978 3700 3033 neque

2134 3075 2256 3122 nus,
2289 3059 2380 3130 qui
2409 3060 2488 3114 sic
2515 3068 2808 3128 utrumque
2849 3058 3084 3114 fatemur
3116 3067 3177 3112 ut
3206 3068 3385 3112 tamen
3419 3057 3697 3112 multarum

2134 3158 2188 3204 et
2206 3148 2541 3204 excelsarum
2567 3162 2748 3202 rerum
2803 3147 3031 3218 figuram
3063 3163 3127 3203 ac
3167 3156 3563 3203 sacramentum
3591 3160 3698 3200 esse

2134 3238 2355 3293 minime
2382 3238 2732 3309 ahncgemus.
2764 3237 2938 3292 Porro
2979 3236 3297 3303 similitudo,
3329 3252 3493 3307 quam
3523 3236 3589 3291 de
3608 3235 3698 3289 Do-

2135 3336 2281 3390 mino
2302 3334 2428 3389 .lesu
2464 3333 2683 3389 Christo
2727 3342 2783 3387 et
2823 3332 3002 3403 lapide
3058 3332 3305 3403 angulari
3361 3330 3612 3400 posuisti,
3649 3337 3696 3382 te

2138 3426 2383 3496 impedit,
2416 3441 2516 3481 nos
2546 3426 2782 3495 expedit.
2810 3425 2968 3481 Sicut
2998 3426 3141 3479 enim
3167 3425 3257 3496 qui
3288 3425 3421 3480 dicit
3450 3438 3467 3479 :
3499 3441 3518 3475 ι
3550 3421 3699 3478 Chri-

2136 3527 2251 3572 stus
2282 3526 2365 3572 est
2388 3516 2524 3587 lapis
2544 3516 2842 3586 angularis,
2877 3534 2896 3568 ι
2924 3532 3031 3570 non
3056 3530 3250 3570 revera
3275 3513 3550 3570 Christum
3576 3513 3698 3582 lapi-

2138 3614 2258 3669 dem
2294 3626 2414 3666 esse
2453 3610 2760 3675 constituit,
2818 3610 2913 3664 sed
2946 3617 3168 3678 propter
3197 3607 3435 3676 aliquam
3463 3604 3694 3660 similitu-

2138 3702 2345 3767 dinem,
2378 3716 2539 3772 quam
2568 3700 2634 3754 ad
2680 3715 2739 3755 se
2791 3700 3021 3754 invicem
3057 3705 3274 3768 gerunt,
3300 3698 3349 3753 ei
3379 3712 3574 3752 nomen
3609 3696 3699 3749 im-

2139 3803 2371 3865 ponunt;
2427 3794 2618 3849 eodem
2679 3791 2837 3847 modo
2887 3806 3010 3845 curn
3050 3790 3233 3845 divina
3284 3789 3482 3859 pagina
3522 3800 3700 3857 corpus

2142 3884 2353 3939 Domini
2383 3898 2576 3953 panem
2609 3891 2789 3945 vocat,
2815 3891 3031 3936 sacrata
3078 3895 3143 3935 ac
3176 3868 3404 3949 mystica
3450 3878 3701 3932 locutione

2143 3974 2195 4027 id
2224 3973 2357 4043 agit,
2401 3985 2519 4036 seu,
2559 3972 2815 4041 quoniam
2867 3986 2932 4023 ex
2986 3984 3129 4040 pane
3169 3967 3461 4024 coniicitur
3497 3964 3701 4035 ejusqLe

2147 4063 2437 4119 nonnullas
2495 4062 2696 4117 retinet
2747 4061 3072 4131 qualitates;
3133 4074 3253 4127 seu,
3314 4059 3442 4129 quia
3483 4057 3698 4112 animam

2147 4159 2768 4229 incomprehensibiliter
2801 4158 3077 4227 pascendo
3113 4157 3275 4211 satiat
3304 4157 3463 4225 eique
3509 4162 3701 4208 aeterna

2144 4252 2270 4304 vitm
2317 4251 2676 4304 substantiam
2727 4249 3137 4313 subministrat;
3188 4246 3292 4311 vel,
3350 4247 3494 4317 quod
3526 4256 3700 4312 corpus

2147 4349 2228 4393 est
2259 4337 2380 4392 Filii
2416 4336 2529 4404 Dei,
2561 4339 2652 4408 qui
2694 4347 2776 4395 est
2805 4338 2959 4407 panis
3002 4336 3338 4406 angelorum,
3376 4345 3425 4390 et
3455 4335 3513 4388 in
3534 4348 3697 4403 quem.

466 4428 622 4494 jnrtts
649 4437 833 4496 postea
863 4446 969 4485 non
1016 4430 1269 4486 redisses.
1302 4430 1595 4486 Sacrorum
1621 4446 1853 4501 namque
1883 4446 2046 4485 eano—
2076 4448 2123 4508 υ
2152 4432 2292 4485 sicut
2329 4431 2406 4485 ait
2456 4431 2707 4501 princeps
2751 4430 3143 4500 apostolorum,
3198 4429 3498 4483 desiderant
3542 4423 3698 4493 angeli

473 4532 599 4577 imm
631 4526 951 4580 auctoritate
1000 4525 1338 4595 instruimur,
1386 4538 1447 4584 ut
1506 4544 1688 4594 nemo,
1742 4529 1811 4581 ab
1854 4527 2044 4583 ltrcresi

474 4626 769 4679 revertens,
798 4617 1181 4673 ecclesiastica:
1207 4620 1607 4675 communionis
1628 4618 1902 4689 particeps
1930 4633 2049 4673 esse

472 4704 839 4770 permittatur,
861 4708 1211 4777 quoadusque
1254 4725 1570 4781 perversum
1614 4710 1806 4779 dogma
1836 4709 2049 4761 vinculo

478 4796 842 4850 anathetnatis
891 4798 1148 4853 damnare
1188 4800 1563 4869 compellatur.
1624 4799 1825 4852 Verum
1874 4799 1927 4851 in
1969 4799 2051 4853 his

483 4886 682 4952 verbis,
731 4903 833 4943 nec
888 4890 1050 4944 verba
1106 4900 1197 4944 tua
1228 4892 1478 4960 superius
1502 4889 1696 4958 posita,
1736 4904 1836 4945 nec
1864 4904 2050 4944 eorum

483 4980 782 5036 sententis
805 4982 1089 5051 quisquam
1117 4983 1314 5052 poterit
1358 4982 1620 5037 invenire.
1650 4979 1802 5036 Unde
1831 4994 2053 5052 apparet

477 5086 856 5139 'pcrversorem
915 5087 980 5128 ac
1026 5076 1405 5129 subversorem
1464 5083 1518 5128 te
1565 5088 1687 5128 esse
1747 5073 2051 5127 divinarum

483 5160 807 5227 litterarum,
837 5172 892 5217 et
912 5179 978 5217 ex
1004 5163 1311 5231 depravatis
1340 5164 1589 5234 fictisque
1633 5165 1926 5220 sententiis
1971 5179 2055 5219 cr-

488 5252 625 5306 roris
671 5253 896 5308 nebulas
945 5268 1201 5322 spargere
1251 5255 1542 5324 imperitis,
1593 5255 1897 5326 falsumque
1935 5271 2055 5311 esse

486 5343 626 5409 quod
652 5358 718 5397 ex
745 5343 878 5395 falso
904 5342 1166 5412 principio
1191 5346 1493 5400 constiterit
1520 5362 1799 5403 emanare.

1090 5433 1317 5492 CAPUT
1358 5437 1442 5492 VI.

562 5525 795 5577 Benene.
831 5541 850 5571 ι
880 5520 1031 5577 Sicut
1056 5526 1199 5581 enim
1230 5530 1319 5598 qui
1352 5530 1483 5586 dicit
1515 5548 1528 5586 :
1557 5530 1773 5586 Chistus
1800 5538 1881 5586 est
1911 5543 2058 5585 sum-

496 5637 511 5661 ι
554 5629 672 5667 nus
699 5613 973 5682 angula'ris
1002 5615 1153 5685 lapis,
1212 5622 1485 5678 Christum
1539 5640 1645 5677 non
1676 5624 1873 5689 aufert,
1904 5623 2059 5677 Chi"-

494 5728 511 5758 ι
554 5718 695 5761 stum
729 5720 847 5779 esse
870 5717 1415 5781 omtmtoconstituil;
1467 5719 1534 5773 ita
1575 5718 1665 5788 qui
1696 5718 1823 5774 dicit
1853 5734 1864 5769 :
1899 5717 2059 5772 Panis

2151 4522 2441 4592 prospicere
2495 4521 2547 4593 (1
2583 4519 2732 4575 Pelr.
2780 4538 2819 4586 ι,
2864 4520 2953 4590 2);
3004 4535 3122 4585 seu,
3175 4520 3357 4589 aliquo
3406 4517 3514 4572 alio
3561 4514 3703 4569 modo

2149 4615 2241 4681 qui
2268 4630 2295 4667 a
2320 4613 2651 4669 doctioribus
2680 4612 3069 4684 comprehendi
3123 4619 3320 4681 potest,
3356 4626 3386 4666 a
3412 4609 3567 4666 nobis
3607 4619 3701 4661 non

2152 4714 2349 4774 potest.

2749 4794 2975 4851 CAPUT
3015 4794 3125 4850 VII.

2227 4887 2457 4941 BEBENG.
2496 4904 2516 4938 ι
2551 4885 2666 4940 Non
2716 4887 2862 4941 enim
2892 4898 3145 4942 constare
3196 4884 3399 4956 poterit
3447 4878 3704 4937 allirmatio

2161 5000 2178 5031 ‹
2215 4980 2410 5045 omnis,
2435 4989 2587 5049 parte
2616 4979 2874 5045 subruta;
2924 4988 2978 5033 et
3039 4981 3161 5045 hoc,
3208 4979 3349 5034 sicut
3378 4977 3513 5031 dicit
3538 4974 3707 5029 beatus

2163 5090 2179 5121 ι
2217 5070 2549 5140 Augustinus
2577 5070 2629 5123 in
2662 5069 2799 5124 libro
2847 5069 2924 5123 De
2955 5070 3201 5125 doctrina
3232 5068 3578 5124 Christiana:
3609 5081 3625 5113 ι
3659 5061 3707 5113 In

2163 5181 2181 5214 ι
2221 5164 2335 5232 ipsa
2361 5162 2683 5217 mternitatis
2709 5162 2966 5227 veritate,
2998 5176 3119 5231 qua:
3166 5160 3311 5215 Deus
3338 5169 3446 5225 est,
3499 5154 3706 5211 indisso-

2163 5275 2180 5306 ‹
2218 5253 2457 5309 lubiliter
2481 5258 2713 5308 constat.
2745 5271 2763 5304 ι

2179 5358 2183 5366 '
2228 5346 2424 5399 Lmrn.
2461 5345 2685 5400 Relictis
2710 5344 2880 5399 sacris
2913 5341 3345 5405 auctoritatibus,
3394 5340 3461 5394 ad
3489 5334 3702 5393 dialecti-

2159 5451 2275 5491 cam
2306 5435 2616 5506 confugium
2668 5434 2821 5490 facis.
2855 5434 2924 5488 Et
2974 5435 3192 5503 quidem
3222 5431 3288 5486 de
3316 5427 3572 5500 mysterio
3594 5420 3700 5477 fidei

2160 5530 2444 5585 auditurus
2473 5544 2537 5583 ac
2566 5542 2926 5597 responsurus
2950 5525 3165 5597 quaead
3208 5537 3321 5578 rem
3352 5522 3573 5577 debeant
3593 5520 3697 5583 per-

2164 5624 2355 5687 tinere,
2380 5621 2593 5677 mallem
2621 5619 2805 5675 audire
2831 5635 2894 5674 ac
2921 5617 3245 5689 respondere
3278 5627 3459 5670 sacras
3486 5604 3695 5667 auctori-

2165 5723 2304 5769 tates
2327 5729 2484 5783 quam
2517 5710 2826 5769 dialecticas
2850 5712 3106 5766 rationes.
3164 5706 3361 5763 Verum
3395 5711 3572 5761 contra
3601 5698 3703 5752 huic
