3864 6300
139 320 218 377 tn
992 307 1190 363 LIBER
1232 309 1319 359 nr;
1357 303 1681 360 CUItPOtLE
1720 301 1805 356 ΕΤ
1849 300 2197 356 sanemus
2237 291 2486 355 Dein-Nl.

3247 299 3354 356 H8

142 447 324 506 quoque
337 405 512 485 nostri
541 428 646 483 erit
665 427 826 482 studii
876 424 1216 494 respondere,
1249 437 1317 475 ne
1347 420 1514 491 ipsius
1537 419 1671 472 artis
1701 425 1748 483 Α
1777 423 2040 478 mentum,
2076 413 2157 467 vel
2184 413 2338 482 panis
2359 425 2412 466 et
2434 413 2620 467 vinum
2647 415 2833 470 altaris
2871 415 3205 471 solummodo
3227 393 3355 498 sunt

143 524 294 594 inopia
321 514 404 575 me
429 530 584 594 putes
613 524 668 572 tn
709 519 813 572 hac
853 516 947 570 tibi
991 522 1144 584 parte
1174 511 1405 590 deesse;
1439 508 1672 563 fortasse

140 610 366 683 iactantia
410 607 730 684 quibusdam
775 605 1068 669 videbitur,
1106 610 1162 656 et
1189 599 1538 656 ostentationi
1565 614 1674 653 ma-

141 705 208 772 gis
247 687 396 771 quam
450 697 763 753 necessitati
816 691 1179 766 deputabitur.
1214 691 1320 746 Sed
1370 691 1518 762 testis
1544 687 1674 741 mihi

147 795 264 846 Deus
282 799 378 855 est,
429 799 484 843 et
509 787 840 842 conscientia
871 799 1010 852 mea,
1044 784 1168 853 quia
1199 782 1254 836 in
1284 788 1514 836 tractatu
1545 778 1676 833 divi-

139 897 306 943 narum
324 880 648 944 litterarum,
673 893 772 932 nec
800 890 1126 946 proponere,
1157 888 1256 928 nec
1279 871 1346 946 ad
1373 871 1675 942 propositas

140 959 431 1042 respondere
458 976 707 1040 cuperem
745 967 1057 1024 dialecticas
1089 957 1413 1036 quiestiones
1469 961 1554 1016 vel
1587 976 1678 1016 ea-

138 1081 234 1118 rum
260 1062 570 1118 solutiones.
603 1060 716 1115 Etsi
735 1061 950 1129 quando
977 1057 1202 1132 materia
1224 1055 1528 1126 disputandi
1554 1051 1677 1108 talis

137 1165 203 1208 est
227 1163 280 1207 ut
305 1152 392 1226 [f.,
424 1149 548 1224 per]
573 1149 734 1220 hujus
758 1151 893 1204 artis
915 1149 1127 1224 regulas
1149 1147 1324 1203 valeat
1346 1144 1676 1201 enucleatius

137 1242 386 1314 explicari,
437 1241 492 1296 in
525 1251 782 1310 quantum
840 1255 1075 1316 possum,
1104 1254 1201 1309 per
1239 1234 1675 1311 aequipollentias

133 1343 530 1404 pr0posttionum
581 1341 700 1402 tego
751 1340 946 1396 artem,
995 1345 1064 1384 ne
1113 1329 1304 1397 videar
1346 1341 1518 1396 magis
1560 1333 1678 1380 arte

135 1440 268 1494 quam
318 1425 549 1478 veritate
605 1429 1024 1490 sanctorumque
1080 1419 1303 1472 Patrum
1355 1415 1679 1482 auctoritate

135 1514 391 1577 conﬁdere,
419 1514 670 1584 quamvis
685 1515 878 1569 beatus
900 1511 1256 1581 Augustinus,
1280 1509 1334 1562 in
1357 1507 1677 1577 quibusdam

135 1605 227 1662 suis
246 1606 477 1674 scriptis,
500 1613 555 1660 et
578 1605 813 1658 maxime
856 1603 909 1658 in
957 1603 1096 1658 libro
1139 1601 1216 1656 De
1245 1600 1490 1656 doctrina
1523 1599 1676 1653 Chri-

135 1696 306 1760 stiana,
335 1694 476 1750 hanc
517 1683 858 1765 disciplinam
912 1693 1243 1764 amplissime
1279 1691 1484 1757 laudet,
1521 1699 1574 1746 et
1611 1689 1678 1745 ad

1733 541 1736 544 -
1775 523 1959 562 verum
1995 506 2195 575 Christi
2223 521 2418 574 corpus
2445 516 2498 558 et
2531 507 2773 575 sanguis,
2800 515 3087 576 utrumque
3119 505 3353 562 allirma-

1778 593 1852 652 tio
1880 605 1981 652 est.
2029 595 2121 651 llis
2180 596 2384 650 duabus
2427 594 2847 665 particularibns
2904 598 3354 666 praecedentibus,

1775 688 2046 760 poterisne
2094 687 2410 758 regulariter
2438 671 2778 751 concludere,
2825 695 2979 756 parte
3013 675 3261 754 subruta,
3291 704 3356 742 ea

1770 797 1882 847 non
1910 795 2067 850 posse
2091 779 2374 834 constare?
2401 777 2579 833 Absit!
2625 779 2679 834 ln
2727 779 2870 832 nulla
2896 779 3094 849 quippe
3136 780 3357 851 syllogi-

1776 887 2016 926 smorum
2047 871 2234 942 figura,
2255 868 2682 941 prmccdcntibus
2713 871 2919 926 duabus
2947 870 3360 944 particularibus

1777 972 2172 1032 consequenter
2198 961 2425 1017 infertur
2446 961 2718 1017 conclusio
2740 962 2865 1016 ulla.
2892 963 3028 1018 Male
3052 963 3211 1031 igitur
3239 977 3359 1016 eam

1777 1039 2082 1111 collocasti.
2101 1054 2233 1109 lllud
2255 1069 2382 1109 vero
2402 1053 2768 1124 perfnnttorie
2790 1070 2894 1108 non
2919 1063 3002 1109 est
3029 1064 3358 1124 pratereun-

1779 1148 1902 1202 dum
1928 1146 2071 1216 quod
2109 1146 2344 1216 praefata:
2391 1148 2773 1221 proposrttonis
2825 1155 2927 1200 tua:
2975 1145 3259 1202 veritatem
3309 1147 3362 1218 in

1778 1237 1894 1308 ipsa
1919 1236 2239 1291 aeternitatis
2261 1236 2509 1304 veritate,
2548 1250 2666 1307 qua:
2717 1235 2859 1291 Deus
2885 1245 2990 1302 est,
3017 1236 3364 1292 indissolubi.

1777 1324 1903 1380 liter
1947 1335 2197 1381 constare
2243 1325 2598 1396 perhibuisti,
2658 1325 2820 1398 idque
2857 1325 3001 1381 beati
3053 1325 3362 1396 Augustini,

1780 1417 1856 1472 De
1903 1417 2146 1472 doctrina
2199 1418 2544 1484 Christiana,
2586 1418 2915 1474 auctoritate
2981 1417 3234 1473 ﬁrmasti.
3292 1418 3361 1472 Et

1779 1510 1992 1582 quidem
2008 1511 2303 1582 propositio
2323 1511 2436 1580 ipsa
2460 1525 2585 1565 vera
2598 1519 2700 1586 est,
2716 1524 2964 1581 veraeque
2979 1510 3365 1580 propositionis

1778 1603 1886 1656 vim
1903 1616 2001 1657 suo
2014 1602 2132 1658 loco
2145 1602 2316 1672 posita
2329 1603 2618 1667 obtineret;
2633 1602 2725 1657 sed
2739 1614 2792 1656 tu
2808 1602 3006 1657 maleet
3019 1601 3366 1658 ineﬂicaciter

1779 1708 1901 1748 eam
1923 1695 2170 1764 posu'sti.
2189 1692 2297 1749 Nec
2308 1691 2425 1762 ejus
2444 1693 2612 1764 magis
2625 1708 2786 1764 quam
2803 1695 3042 1749 omnium
3059 1702 3166 1748 tam
3179 1710 3363 1749 rerum

133 1783 286 1838 omnia
313 1799 428 1853 qua:
468 1782 523 1837 in
570 1771 743 1839 sacris
787 1769 982 1839 litteris
1023 1783 1356 1863 vestigantur
1382 1779 1672 1852 plurimum
1709 1778 1750 1837 Β
1779 1799 1939 1854 quam
1983 1783 2212 1864 aliarum
2241 1785 2666 1856 propositionum
2701 1785 2929 1850 veritas,
2983 1784 3124 1854 apud
3157 1786 3360 1854 verita-

134 1875 286 1931 valere
307 1875 608 1932 conﬁrmet.

191 1964 414 2036 Denique
443 1955 637 2022 contra
686 1966 1018 2022 Felicianum
1053 1967 1368 2044 haereticum
1415 1966 1679 2040 Arianum

133 2051 427 2111 contendens
449 2055 592 2128 (cap.
621 2057 704 2125 ι),
739 2047 810 2113 ita
843 2059 944 2114 hac
971 2069 1087 2114 arte
1117 2074 1240 2114 eum
1280 2058 1568 2123 conclusit,
1617 2066 1678 2130 ut

135 2146 230 2215 ipse
246 2145 544 2212 hereticus,
581 2164 688 2202 non
716 2148 900 2204 valens
949 2148 1091 2204 ferre
1121 2149 1363 2205 locorum
1409 2165 1475 2204 ac
1517 2148 1680 2219 syllo-

139 2235 400 2307 gismorum
429 2239 725 2310 implicitas
747 2250 906 2312 atque
933 2241 1271 2312 implicantes
1290 2241 1674 2308 connexiones,

133 2325 319 2396 publica
346 2345 477 2386 voce
497 2331 828 2387 exclamaret
869 2332 1054 2387 dicens
1081 2351 1093 2386 :
1129 2350 1149 2384 ι
1185 2330 1532 2386 Aristotelica
1563 2344 1678 2383 me-

133 2432 231 2471 cum
258 2419 550 2475 subtilitate
572 2421 875 2486 contendis,
905 2429 958 2476 et
979 2421 1163 2476 omnia
1183 2436 1302 2490 quae
1327 2435 1355 2474 a
1386 2435 1472 2474 me
1493 2418 1680 2473 dicun-

133 2517 220 2574 tur,
240 2510 500 2579 ,torrentis
546 2527 720 2580 more,
765 2513 1091 2584 praecipitas.
1135 2533 1155 2567 ι
1208 2513 1377 2584 Igitur
1433 2511 1680 2580 superius

134 2597 298 2655 volens
345 2611 596 2657 astruere
654 2617 849 2672 panem
920 2603 1212 2673 vinumque
1283 2603 1473 2657 altaris
1539 2602 1682 2656 inter

132 2691 422 2746 sacrandum
453 2694 818 2748 essentialiter
861 2710 969 2749 non
1020 2695 1243 2762 mutari,
1275 2695 1381 2752 duo
1431 2695 1678 2766 quaedam

133 2793 212 2845 pro
233 2792 672 2851 argumentorum
702 2783 835 2838 locis
865 2785 1228 2854 assumpsisti,
1255 2800 1484 2854 quorum
1512 2799 1678 2838 unum

129 2869 477 2923 taitumniodo
528 2883 650 2925 esse
691 2882 860 2935 tuum,
894 2870 1120 2926 altermu
1159 2871 1356 2928 nullius
1402 2872 1678 2927 hominum

131 2957 404 3015 manifestis
433 2960 734 3016 rationibus
763 2963 1078 3033 approbavi.
1124 2963 1181 3019 ln
1229 2981 1335 3034 qua
1384 2980 1443 3020 re
1482 2980 1679 3036 magno

132 3048 373 3104 viliorem
394 3051 707 3118 praedictam
757 3053 1002 3108 eﬂ‘ecisti.
1039 3051 1173 3107 Nam
1197 3056 1338 3124 quod
1368 3063 1518 3108 tuum
1539 3065 1678 3122 erat,

125 3137 330 3202 quaestio
353 3148 491 3192 erat.
523 3139 601 3194 Ex
631 3155 696 3194 eo
725 3141 922 3212 quippe
953 3123 1245 3212 quatrimus
1290 3143 1343 3197 id
1374 3144 1680 3214 opprimere
1709 3123 1754 3184 C

128 3242 261 3295 mque
294 3239 537 3284 evertere
580 3231 821 3286 omnium
855 3241 1298 3304 argumentorum
1330 3234 1491 3301 mole,
1518 3245 1678 3304 atque

127 3318 331 3388 impulsu
356 3321 672 3393 satagimus.
697 3323 868 3378 Porro
896 3323 1037 3378 nulla
1085 3325 1313 3394 quaestio
1362 3325 1513 3381 locus
1557 3341 1679 3382 esse

127 3412 639 3482 poterit'argumenti.
668 3413 985 3483 Argumenti
1019 3415 1216 3486 quippe
1249 3415 1424 3471 locum
1456 3433 1678 3473 necesse

125 3505 211 3561 est,
243 3506 334 3552 aut
379 3513 482 3569 per
501 3514 561 3555 se
589 3515 710 3555 esse
761 3511 993 3568 certum,
1051 3514 1146 3558 aut
1176 3513 1340 3559 certis
1379 3505 1679 3560 rationibus

127 3591 479 3655 approbatum.
513 3589 667 3659 Quod
692 3609 820 3664 ergo
860 3597 1232 3652 tantummodo
1261 3605 1409 3652 tuum
1439 3607 1576 3662 erat,
1611 3599 1676 3653 ad

126 3679 432 3742 probandam
459 3697 578 3738 rem
605 3684 822 3741 dubiam
855 3688 1056 3743 assumi
1101 3689 1324 3745 minime
1369 3691 1673 3760 oportebat.

130 3770 385 3844 Reliquum
410 3791 543 3831 vero
567 3777 710 3847 quod
733 3779 930 3836 nullius
953 3773 1229 3837 hominum
1261 3799 1380 3839 esse
1407 3787 1675 3851 consistit,

128 3876 184 3914 ne
207 3862 254 3918 id
279 3866 501 3935 quidem
530 3869 706 3923 dubia:
732 3871 809 3925 rei
847 3870 1003 3925 fidem
1051 3872 1232 3928 facere
1260 3875 1438 3944 aliqua
1469 3877 1678 3932 ratione

127 3955 361 4018 oportuit.
411 3953 544 4022 Quis
581 3957 726 4012 enim
757 3969 1111 4016 certumesse
1165 3971 1258 4016 aut
1309 3975 1517 4019 certum
1562 3967 1676 4021 ficii

129 4055 264 4108 posse
287 4045 583 4102 arbitretur
609 4049 752 4118 quod
783 4063 971 4106 omnes
1001 4063 1220 4122 negant,
1255 4054 1429 4110 nullus
1456 4053 1702 4112 contio?

129 4135 229 4188 ιιιτῖ
252 4136 420 4208 lgitu'r’
443 4154 513 4194 ne
535 4141 586 4194 id
613 4142 829 4211 quidem
855 4145 920 4198 ad
949 4156 1322 4214 argumentum
1346 4151 1484 4204 sumi
1517 4129 1701 4205 ratio-a

123 4223 194 4280 nis
219 4226 328 4284 fuit.
377 4229 518 4288 Male
569 4247 700 4304 ergo
762 4246 1051 4306 utrumque
1097 4241 1342 4309 posuisti.
1401 4243 1494 4299 llis
1555 4223 1707 4298 luo-i

123 4315 207 4372 bus
230 4321 594 4380 vitiosissimis
632 4329 910 4398 principiis
955 4339 1116 4384 totam
1153 4338 1677 4404 argumentationem

125 4414 248 4465 luam
273 4412 880 4487 identidemrepeteudo
910 4422 975 4474 ad
1004 4421 1341 4496 finem237
1359 4443 1527 4496 usque
1551 4444 1671 4482 con
1695 4415 1699 4420 ’

125 4502 258 4557 texis.
287 4507 360 4562 Ac
399 4516 686 4578 propterea
721 4525 943 4568 necesse
974 4524 1058 4569 est
1103 4518 1380 4584 vitiosum,
1422 4536 1519 4575 nec
1547 4539 1703 4596 con-_

122 4592 396 4694 cedendum
425 4615 548 4656 esse
588 4602 850 4674 quidquid
896 4621 963 4660 ex
990 4608 1222 4676 vitiosis,
1271 4627 1370 4668 nec
1404 4615 1676 4670 concessis

124 4687 376 4756 principiis
404 4693 716 4748 constiterit
744 4711 1021 4753 emanare.

179 4776 354 4836 Adhuc
386 4781 498 4838 alio
526 4787 844 4856 argumento
881 4792 1110 4860 probare
1153 4796 1434 4852 contendis
1482 4813 1674 4868 panem

124 4864 386 4943 vinumque
449 4886 574 4946 post
627 4883 1090 4939 consecrationem
1167 4887 1218 4942 in
1293 4864 1711 4964 principalibus:

124 4970 416 5024 permanere
440 4971 694 5026 essentiis
715 5013 729 5036 ,
762 4973 947 5030 dicens
987 4994 999 5030 :
1046 4997 1062 5028 ι
1089 4975 1203 5034 Non
1248 4983 1398 5054 enim.
1428 5001 1680 5044 cons-mre

130 5064 146 5098 ι
174 5059 358 5150 poterit
381 5057 877 5131 alﬁrmatioOmuis,
911 5081 1064 5138 parte
1091 5074 1333 5128 subruta.
1374 5075 1499 5143 )‘Ad
1529 5076 1680 5148 cujus

129 5149 192 5194 1⁵θί
233 5149 598 5212 probationem
644 5170 750 5209 non
801 5162 1038 5228 oportuit
1077 5162 1259 5218 inferri
1302 5157 1678 5235 particularem

127 5238 459 5326 negatidnem,
487 5257 592 5314 qua
621 5249 686 5302 de
709 5254 964 5318 praesenti
993 5257 1289 5324 quaestione
1315 5259 1446 5328 nihil
1477 5261 1682 5330 colligi-

128 5331 221 5420 ιιιιξἶ
249 5334 338 5385 sed
365 5336 725 5395 'univers'alem
757 5354 933 5412 potius
955 5387 969 5410 ,
1007 5363 1110 5417 per
1146 5366 1304 5420 quam
1346 5353 1679 5420 enuntiatur,

129 5418 248 5516 trulla
277 5423 557 5485 afﬁrmatio
585 5427 836 5492 constare
862 5440 1059 5507 poterit
1081 5418 1233 5510 parte
1277 5437 1521 5498 subruta.
1545 5418 1678 5516 Age,

127 5510 248 5566 enim
267 5519 606 5585 particularis
641 5525 710 5581 sit
731 5530 946 5600 negatio
973 5540 1081 5598 tua,
1111 5550 1214 5589 non
1247 5536 1422 5590 omnis
1447 5510 1678 5592 afﬁrma-

131 5600 191 5654 tio
214 5619 454 5700 constare
468 5617 664 5684 'pdterit
691 5625 846 5688 parte
882 5625 1138 5681 subruta'
1174 5644 1362 5684 rursus
1385 5633 1682 5700 assumptio
1711 5611 1715 5614 ’

135 5700 248 5751 tua:
277 5699 432 5762 Panis
469 5718 518 5764 ct
544 5711 724 5766 vinum
752 5714 938 5775 altaris
968 5719 1305 5779 solummodo
1337 5732 1460 5778 sunt
1503 5699 1682 5780 sacra-
1710 5703 1714 5709 ⁸

1709 4467 1753 4524 Ι)

1783 1885 1890 1932 tem
1939 1878 2118 1930 omnia
2171 1874 2397 1932 scientis
2444 1892 2509 1932 ac
2565 1877 2902 1946 prazscientis
2951 1877 3043 1932 Dei
3089 1877 3364 1932 aeternali-

1783 1976 1864 2021 tcr
1882 1973 2118 2032 constat,
2169 1965 2262 2035 qui
2289 1975 2345 2021 et
2369 1980 2456 2021 res
2481 1965 2622 2039 ipsas
2651 1965 2706 2037 in
2746 1965 3136 2040 principalibus
3180 1983 3245 2022 ac
3274 1981 3363 2022 se-

1781 2060 1973 2114 cundis
2039 2041 2294 2116 essentiis
2345 2059 2626 2125 condidit,
2686 2074 2922 2129 easque.
2955 2069 3064 2114 tam
3113 2076 3363 2116 verarum

1780 2166 1942 2220 quam
1974 2149 2233 2205 falsarum
2263 2151 2684 2221 propositionum
2709 2167 2902 2206 causas
2925 2166 3045 2207 esse
3069 2153 3359 2220 disposuit.

1785 2242 2194 2307 Verumtamen,
2220 2243 2272 2296 in
2299 2257 2462 2311 opere
2503 2242 2580 2297 De
2616 2241 2862 2296 doctrina
2893 2242 3232 2308 Christiana,
3264 2257 3364 2298 nec

1783 2333 1940 2404 hujus
1962 2333 2364 2410 propositionis,
2391 2347 2490 2387 nec
2533 2332 2764 2404 alicujus
2791 2333 2908 2403 ejus
2931 2334 3125 2388 similis
3165 2335 3364 2390 beatus

1783 2425 2115 2495 Augustinus
2145 2424 2326 2494 aliquo
2376 2424 2432 2478 in
2463 2423 2582 2479 loco
2620 2425 2950 2480 mentionem
3011 2425 3172 2492 fecit;
3218 2427 3367 2496 quod

1782 2515 1938 2570 facile
1959 2517 2138 2586 quivis
2168 2516 2308 2572 scire
2330 2516 2562 2586 poterit,
2590 2516 2636 2571 si
2658 2526 2812 2571 curet
2844 2517 3016 2586 ipsum
3063 2518 3258 2574 librum
3292 2520 3368 2573 lc-

1781 2623 1926 2684 gere,
1955 2607 1998 2662 si
2030 2621 2305 2678 nunquam
2335 2608 2488 2678 legit;
2519 2607 2599 2662 vel
2639 2607 2902 2678 relegere,
2926 2609 2967 2664 si
2993 2610 3224 2667 fortasse
3248 2610 3366 2681 jam

1781 2700 1927 2772 legit.
1960 2701 2017 2755 ln
2069 2714 2174 2770 qua
2211 2716 2269 2755 re
2321 2701 2672 2755 vehementer
2717 2700 2886 2756 miror
2927 2703 3044 2758 sive
3091 2718 3372 2769 errorem,-

1783 2788 1894 2844 sire
1923 2789 2208 2844 stultitiam
2239 2798 2404 2849 tuam.
2457 2789 2712 2844 Errorem
2767 2790 3008 2858 quidem,
3062 2793 3106 2847 si
3159 2791 3366 2862 prol'nta

1785 2882 2096 2938 testimonia
2128 2883 2181 2938 in
2229 2883 2404 2938 sacris
2453 2883 2732 2938 codicibus
2778 2892 2872 2937 aut
2917 2884 3077 2938 aliter
3106 2900 3245 2950 esse,
3274 2898 3372 2941 aut

1780 2975 1997 3045 penitus
2027 2990 2133 3030 non
2161 2991 2279 3031 esse
2309 2978 2556 3047 ignoras;
2582 2979 2868 3034 stultitiam
2891 2995 3040 3045 vero,
3067 2981 3108 3035 si
3149 2987 3225 3034 ita
3259 2996 3374 3035 enim

1787 3075 1932 3121 teros
1957 3051 2219 3121 vecordes
2255 3067 2538 3124 existimas
2578 3078 2635 3122 ut
2665 3067 2825 3124 dictis
2874 3069 2978 3123 tuis
3007 3080 3198 3126 contra
3228 3069 3369 3123 anti~

1783 3172 1944 3226 quam
1976 3157 2227 3211 Ecclesia:
2260 3157 2419 3212 fidem
2445 3161 2692 3228 protinus
2733 3161 2974 3225 credant,
3000 3175 3172 3230 eaque
3219 3162 3374 3216 Velut
3427 3201 3433 3207 ε

1782 3258 2128 3304 sacrosancta
2159 3249 2459 3320 indiscussa
2491 3261 2840 3321 prmtereant.

2374 3363 2604 3421 CAPUT
2633 3365 2765 3420 VIII.

1853 3473 2086 3530 Benene.
2122 3495 2139 3528 ι
2177 3476 2272 3530 Est
2303 3484 2482 3530 autem
2536 3477 2858 3541 afﬁrmatio;
2910 3479 3206 3535 notissimis
3239 3485 3368 3551 par-

1787 3583 1804 3615 ‹
1844 3565 1986 3620 tibus
2011 3567 2124 3620 suis
2162 3577 2420 3621 constans
2447 3609 2462 3634 ,
2512 3568 2809 3638 praedicante
2847 3579 2901 3625 et
2955 3570 3218 3640 subjecto,
3248 3557 3376 3641 qtth

1787 3672 1806 3705 ς
1837 3656 1910 3709 ita
1937 3658 2182 3712 enuntiat
2209 3677 2222 3711 :
2261 3657 2421 3712 Panis
2449 3668 2501 3714 et
2528 3662 2734 3726 vinum,
2760 3663 2951 3732 qmein
2981 3663 3136 3718 altari
3156 3647 3369 3731 ponito;

1787 3763 1806 3796 ι
1844 3754 1962 3812 tur,
2003 3758 2133 3802 sunt
2188 3749 2527 3806 solummodo
2582 3737 2957 3820 sacramenta;
3015 3753 3368 3809 nihilominus

1788 3855 1806 3888 ι
1842 3853 1964 3907 quae
1989 3839 2062 3894 ita
2088 3842 2328 3896 enuntiat
2367 3861 2378 3896 :
2403 3842 2565 3898 Panis
2586 3852 2640 3900 et
2659 3845 2843 3899 vinum
2870 3886 2886 3912 ,
2931 3859 3052 3916 quze
3079 3831 3383 3917 ponuntur“

1787 3947 1805 3980 ι
1836 3928 1888 3983 in
1929 3931 2128 3996 altari,
2169 3944 2293 4003 post
2333 3937 2797 3991 consecrationem
2851 3937 3192 3992 solummodo
3239 3946 3367 3992 stunt

1787 4038 1804 4069 ι
1843 4034 2026 4075 rerum
2049 4021 2249 4078 Christi
2279 4039 2477 4095 corpus
2508 4037 2562 4081 et
2589 4027 2832 4098 sanguis.
2869 4044 2888 4079 ι
3381 4013 3386 4036 ³

1857 4132 2052 4188 LANFR.
2070 4135 2272 4191 Eadem
2304 4145 2354 4193 te
2377 4148 2620 4208 repetere
2649 4140 2869 4196 minime
2890 4141 3075 4210 pudet;
3103 4147 3361 4210 propter:

1783 4235 1844 4276 ea
1881 4237 1998 4291 qua:
2036 4225 2193 4292 paulo
2225 4238 2350 4280 ante
2378 4228 2529 4296 posui
2567 4243 2657 4299 me
2694 4229 2860 4282 etiam
2899 4229 3162 4299 replicare
3199 4243 3360 4299 opor-
3383 4281 3391 4302 ,ι

1786 4319 1883 4365 tet.
1915 4311 2158 4368 Priorem
2216 4317 2542 4370 sententiam
2599 4319 2973 4374 tantummodo
3017 4334 3138 4374 esse
3190 4328 3388 4385 tuam,.

1781 4404 2136 4472 posteriorem
2155 4420 2281 4460 vero
2309 4406 2504 4464 nullius
2519 4409 2792 4466 hominum
2809 4411 3058 4481 superius
3071 4425 3191 4466 esse
3213 4411 3353 4477 dixi,
3385 4401 3388 4403 ’

1781 4508 1834 4553 et
1859 4499 1932 4553 ita
1961 4514 2079 4555 esse
2100 4500 2436 4558 documentis
2462 4504 2785 4560 clarioribus
2807 4505 3122 4576 approbavi.
3151 4505 3287 4564 Nam
3304 4517 3360 4563 et

1781 4593 1834 4649 tu
1852 4609 2069 4650 carnem
2085 4609 2147 4650 ac
2159 4597 2472 4664 sanguinem
2490 4616 2675 4671 negas,
2691 4601 2740 4655 in
2756 4601 2874 4660 salo
2890 4610 3233 4660 sacramento
3249 4618 3362 4662 rem
3390 4651 3398 4670 π.
3463 4583 3469 4590 ’

1781 4694 1947 4741 tutam
1962 4688 2296 4744 constituens
2311 4707 2324 4756 ;
2341 4700 2394 4745 et
2408 4708 2504 4746 ms
2516 4708 2672 4748 sacra
2691 4703 2919 4749 uentum
2938 4694 3192 4760 fatemur,
3207 4704 3262 4750 et
3277 4704 3362 4749 ta—
3389 4723 3394 4728 -

1781 4783 1903 4835 men
1926 4781 2205 4852 utriusque
2230 4784 2508 4839 veritatem
2525 4784 2752 4842 ﬁdeliter
2765 4804 2826 4843 ac
2841 4788 3110 4843 veraciter
3135 4787 3360 4844 confite-

1781 4885 1922 4926 mur.
1953 4871 2106 4940 Quod
2147 4888 2275 4930 vero
2319 4875 2597 4931 dialectica
2647 4877 2808 4932 verba
2839 4919 2854 4944 ,
2909 4876 3348 4940 afﬁrmationem,
3441 4941 3444 4944 g

1782 4963 2154 5035 praedicatum,
2197 4964 2846 5040 subjectum,caeteraque
2873 4969 2926 5025 in
2959 4969 3104 5024 hunc
3135 4970 3356 5024 modum

1786 5063 2038 5116 tractatui
2070 5073 2232 5119 tantm
2259 5065 2333 5119 rei
2376 5064 2592 5134 laboras
2645 5067 2918 5133 inserere,
2957 5075 3176 5136 propter
3225 5065 3361 5120 nihil

1784 5155 1928 5211 aliud
1959 5157 2159 5212 videris
2189 5157 2240 5212 i.l
2267 5157 2448 5216 facere
2503 5159 2606 5215 nisi
2652 5162 2846 5216 uthac
2891 5160 3179 5215 occasione
3219 5158 3363 5228 peri-

1786 5259 1898 5302 tum
1929 5258 1978 5304 te
2001 5249 2306 5320 disputandi
2347 5251 2612 5323 imperitis
2655 5252 2835 5310 valeas
2861 5251 3108 5308 suadere.
3141 5250 3275 5306 Nam
3306 5259 3363 5304 et

1786 5351 1861 5404 tn,
1896 5342 2014 5397 sine
2038 5341 2122 5398 his
2148 5344 2476 5408 nominibus,
2504 5344 2647 5415 quod
2685 5345 2893 5400 moliris
2931 5359 3036 5400 non
3077 5343 3364 5414 imparitcr
3393 5379 3402 5400 -.

1785 5449 1969 5504 posses
1998 5450 2273 5503 asserere;
2301 5445 2353 5492 et
2383 5452 2482 5494 nos
2511 5453 2630 5507 quae
2654 5452 2683 5491 a
2727 5451 2778 5494 te
2830 5438 3140 5492 dicerentur
3187 5437 3364 5492 sacris
3395 5487 3400 5494 .

1786 5525 2119 5581 solummodo
2151 5543 2431 5597 possemus
2455 5528 2778 5583 testimoniis
2809 5527 3044 5583 abolere.

1855 5638 2090 5694 Bsncsc.
2135 5660 2152 5692 ι
2187 5640 2515 5712 Susceperat
2559 5650 2738 5712 autem
2786 5641 3108 5714 Burgundus
3163 5658 3362 5714 negare

1793 5751 1809 5783 ι
1850 5748 2040 5801 panem
2076 5742 2128 5788 et
2153 5734 2335 5790 vinum
2392 5734 2444 5790 in
2477 5749 2660 5790 mensa
2721 5736 3000 5794 Dominica
3056 5753 3360 5809 superesse.
