  <div class='ocr_page' id='page_1' title='image "/cluster/home/n/w/nwhite01/storage/ocr_20150623/150/hvd.32044015473788/213.png"; bbox 0 0 3938 6288; ppageno 0'>
   <div class='ocr_carea' id='block_1_1' title="bbox 504 261 616 318">
    <p class='ocr_par' dir='ltr' id='par_1_1' title="bbox 504 261 616 318">
     <span class='ocr_line' id='line_1_1' title="bbox 504 261 616 318; baseline 0.027 -3"><span class='ocrx_word' id='word_1_1' title='bbox 504 261 616 318; x_wconf 73' lang='grc' dir='ltr'><strong>ιιο</strong></span> 
     </span>
    </p>
   </div>
   <div class='ocr_carea' id='block_1_2' title="bbox 1482 243 2721 307">
    <p class='ocr_par' dir='ltr' id='par_1_2' title="bbox 1482 243 2721 307">
     <span class='ocr_line' id='line_1_2' title="bbox 1482 243 2721 307; baseline -0.006 0"><span class='ocrx_word' id='word_1_2' title='bbox 1482 248 1548 307; x_wconf 76' lang='grc' dir='ltr'><strong>Β.</strong></span> <span class='ocrx_word' id='word_1_3' title='bbox 1588 249 1977 307; x_wconf 75' lang='lat' dir='ltr'><strong>LANFRANCI</strong></span> <span class='ocrx_word' id='word_1_4' title='bbox 2013 244 2363 304; x_wconf 80' lang='lat' dir='ltr'><strong>CANTUAR.</strong></span> <span class='ocrx_word' id='word_1_5' title='bbox 2403 243 2721 301; x_wconf 79' lang='lat' dir='ltr'><strong>ARCHIEP.</strong></span> 
     </span>
    </p>
   </div>
   <div class='ocr_carea' id='block_1_3' title="bbox 3654 250 3755 314">
    <p class='ocr_par' dir='ltr' id='par_1_3' title="bbox 3654 250 3755 314">
     <span class='ocr_line' id='line_1_3' title="bbox 3654 250 3755 314; baseline 0.01 -1"><span class='ocrx_word' id='word_1_6' title='bbox 3654 250 3755 314; x_wconf 55' lang='grc' dir='ltr'><strong>ἂν)</strong></span> 
     </span>
    </p>
   </div>
   <div class='ocr_carea' id='block_1_4' title="bbox 505 359 3729 442">
    <p class='ocr_par' dir='ltr' id='par_1_4' title="bbox 505 359 3729 442">
     <span class='ocr_line' id='line_1_4' title="bbox 505 359 3729 442; baseline -0.002 -13"><span class='ocrx_word' id='word_1_7' title='bbox 505 399 527 433; x_wconf 70' lang='grc' dir='ltr'>ι</span> <span class='ocrx_word' id='word_1_8' title='bbox 554 379 668 433; x_wconf 89' lang='lat' dir='ltr'><strong>Hoc</strong></span> <span class='ocrx_word' id='word_1_9' title='bbox 694 374 913 429; x_wconf 88' lang='lat' dir='ltr'><strong>minime</strong></span> <span class='ocrx_word' id='word_1_10' title='bbox 943 378 1102 442; x_wconf 84' lang='lat' dir='ltr'><strong>negat</strong></span> <span class='ocrx_word' id='word_1_11' title='bbox 1120 410 1137 437; x_wconf 95' lang='lat'><strong>,</strong></span> <span class='ocrx_word' id='word_1_12' title='bbox 1170 371 1278 425; x_wconf 91' lang='lat' dir='ltr'><strong>imo</strong></span> <span class='ocrx_word' id='word_1_13' title='bbox 1323 371 1546 426; x_wconf 86' lang='lat' dir='ltr'><strong>omnino</strong></span> <span class='ocrx_word' id='word_1_14' title='bbox 1566 385 1760 442; x_wconf 90' lang='lat' dir='ltr'><strong>panem</strong></span> <span class='ocrx_word' id='word_1_15' title='bbox 1806 377 1861 426; x_wconf 90' lang='lat' dir='ltr'><strong>et</strong></span> <span class='ocrx_word' id='word_1_16' title='bbox 1892 369 2078 423; x_wconf 84' lang='lat' dir='ltr'><strong>vinum</strong></span> <span class='ocrx_word' id='word_1_17' title='bbox 2107 369 2155 429; x_wconf 78' lang='grc' dir='ltr'><strong>Α</strong></span> <span class='ocrx_word' id='word_1_18' title='bbox 2183 365 2301 414; x_wconf 89' lang='lat' dir='ltr'><strong>erat</strong></span> <span class='ocrx_word' id='word_1_19' title='bbox 2323 399 2340 425; x_wconf 92' lang='lat'><strong>,</strong></span> <span class='ocrx_word' id='word_1_20' title='bbox 2368 359 2473 414; x_wconf 87' lang='lat' dir='ltr'><strong>hoc</strong></span> <span class='ocrx_word' id='word_1_21' title='bbox 2497 374 2626 414; x_wconf 92' lang='lat' dir='ltr'><strong>vero</strong></span> <span class='ocrx_word' id='word_1_22' title='bbox 2648 359 2736 413; x_wconf 85' lang='lat' dir='ltr'><strong>lux</strong></span> <span class='ocrx_word' id='word_1_23' title='bbox 2766 367 2822 415; x_wconf 91' lang='lat' dir='ltr'><strong>et</strong></span> <span class='ocrx_word' id='word_1_24' title='bbox 2848 360 3083 427; x_wconf 84' lang='lat' dir='ltr'><strong>veritas;</strong></span> <span class='ocrx_word' id='word_1_25' title='bbox 3115 361 3247 418; x_wconf 85' lang='lat' dir='ltr'><strong>illud</strong></span> <span class='ocrx_word' id='word_1_26' title='bbox 3269 365 3482 433; x_wconf 77' lang='lat' dir='ltr'><strong>ecmlo,</strong></span> <span class='ocrx_word' id='word_1_27' title='bbox 3510 365 3616 421; x_wconf 88' lang='lat' dir='ltr'><strong>hoc</strong></span> <span class='ocrx_word' id='word_1_28' title='bbox 3641 383 3729 426; x_wconf 81' lang='lat' dir='ltr'><strong>eor</strong></span> 
     </span>
    </p>
   </div>
   <div class='ocr_carea' id='block_1_5' title="bbox 504 463 1059 522">
    <p class='ocr_par' dir='ltr' id='par_1_5' title="bbox 504 463 1059 522">
     <span class='ocr_line' id='line_1_5' title="bbox 504 463 1059 522; baseline -0.011 -2"><span class='ocrx_word' id='word_1_29' title='bbox 504 487 524 520; x_wconf 73' lang='grc' dir='ltr'>ι</span> <span class='ocrx_word' id='word_1_30' title='bbox 557 482 679 522; x_wconf 90' lang='lat' dir='ltr'><strong>esse</strong></span> <span class='ocrx_word' id='word_1_31' title='bbox 706 463 1017 520; x_wconf 78' lang='lat' dir='ltr'><strong>confirmat.</strong></span> <span class='ocrx_word' id='word_1_32' title='bbox 1040 481 1059 513; x_wconf 74' lang='grc' dir='ltr'>ι</span> 
     </span>
    </p>
   </div>
   <div class='ocr_carea' id='block_1_6' title="bbox 490 548 2079 620">
    <p class='ocr_par' dir='ltr' id='par_1_6' title="bbox 490 548 2079 620">
     <span class='ocr_line' id='line_1_6' title="bbox 490 548 2079 620; baseline -0.006 -8"><span class='ocrx_word' id='word_1_33' title='bbox 490 556 495 559; x_wconf 46' lang='grc'><em>⁴</em></span> <span class='ocrx_word' id='word_1_34' title='bbox 563 556 771 611; x_wconf 64' lang='lat' dir='ltr'><strong>Lustra.</strong></span> <span class='ocrx_word' id='word_1_35' title='bbox 802 553 1100 608; x_wconf 72' lang='lat' dir='ltr'><strong>Membrum</strong></span> <span class='ocrx_word' id='word_1_36' title='bbox 1127 550 1384 608; x_wconf 67' lang='lat' dir='ltr'><strong>Ecclesia:</strong></span> <span class='ocrx_word' id='word_1_37' title='bbox 1409 549 1478 603; x_wconf 90' lang='lat' dir='ltr'><strong>ab</strong></span> <span class='ocrx_word' id='word_1_38' title='bbox 1501 548 1739 605; x_wconf 79' lang='lat' dir='ltr'><strong>Ecclesia</strong></span> <span class='ocrx_word' id='word_1_39' title='bbox 1768 550 2079 620; x_wconf 87' lang='lat' dir='ltr'><strong>discrepare</strong></span> 
     </span>
    </p>
   </div>
   <div class='ocr_carea' id='block_1_7' title="bbox 494 628 2076 707">
    <p class='ocr_par' dir='ltr' id='par_1_7' title="bbox 494 628 2076 707">
     <span class='ocr_line' id='line_1_7' title="bbox 494 628 2076 707; baseline -0.004 -6"><span class='ocrx_word' id='word_1_40' title='bbox 494 663 603 702; x_wconf 88' lang='lat' dir='ltr'><strong>non</strong></span> <span class='ocrx_word' id='word_1_41' title='bbox 627 644 831 701; x_wconf 78' lang='lat' dir='ltr'><strong>debuit.</strong></span> <span class='ocrx_word' id='word_1_42' title='bbox 857 628 1161 700; x_wconf 86' lang='lat' dir='ltr'><strong>Conlitetur</strong></span> <span class='ocrx_word' id='word_1_43' title='bbox 1189 642 1334 696; x_wconf 89' lang='lat' dir='ltr'><strong>enim</strong></span> <span class='ocrx_word' id='word_1_44' title='bbox 1364 640 1628 707; x_wconf 85' lang='lat' dir='ltr'><strong>Ecclesia,</strong></span> <span class='ocrx_word' id='word_1_45' title='bbox 1669 650 1781 697; x_wconf 92' lang='lat' dir='ltr'><strong>toto</strong></span> <span class='ocrx_word' id='word_1_46' title='bbox 1810 651 2076 697; x_wconf 88' lang='lat' dir='ltr'><strong>terrarum</strong></span> 
     </span>
    </p>
   </div>
   <div class='ocr_carea' id='block_1_8' title="bbox 486 730 2075 803">
    <p class='ocr_par' dir='ltr' id='par_1_8' title="bbox 486 730 2075 803">
     <span class='ocr_line' id='line_1_8' title="bbox 486 730 2075 803; baseline -0.004 -14"><span class='ocrx_word' id='word_1_47' title='bbox 486 737 626 791; x_wconf 79' lang='lat' dir='ltr'><strong>&#39;orbe</strong></span> <span class='ocrx_word' id='word_1_48' title='bbox 648 732 1072 803; x_wconf 71' lang='lat' dir='ltr'><strong>dill&#39;usa,&#39;panem</strong></span> <span class='ocrx_word' id='word_1_49' title='bbox 1098 738 1153 785; x_wconf 92' lang='lat' dir='ltr'><strong>et</strong></span> <span class='ocrx_word' id='word_1_50' title='bbox 1177 730 1362 784; x_wconf 92' lang='lat' dir='ltr'><strong>vinum</strong></span> <span class='ocrx_word' id='word_1_51' title='bbox 1392 730 1458 784; x_wconf 92' lang='lat' dir='ltr'><strong>ad</strong></span> <span class='ocrx_word' id='word_1_52' title='bbox 1482 731 1806 784; x_wconf 87' lang='lat' dir='ltr'><strong>sacrandum</strong></span> <span class='ocrx_word' id='word_1_53' title='bbox 1850 731 2075 800; x_wconf 83' lang='lat' dir='ltr'><strong>proponi</strong></span> 
     </span>
    </p>
   </div>
   <div class='ocr_carea' id='block_1_9' title="bbox 496 820 2076 896">
    <p class='ocr_par' dir='ltr' id='par_1_9' title="bbox 496 820 2076 896">
     <span class='ocr_line' id='line_1_9' title="bbox 496 820 2076 896; baseline -0.003 -17"><span class='ocrx_word' id='word_1_54' title='bbox 496 825 550 880; x_wconf 90' lang='lat' dir='ltr'><strong>in</strong></span> <span class='ocrx_word' id='word_1_55' title='bbox 573 824 753 889; x_wconf 90' lang='lat' dir='ltr'><strong>altari,</strong></span> <span class='ocrx_word' id='word_1_56' title='bbox 777 825 897 889; x_wconf 90' lang='lat' dir='ltr'><strong>sed,</strong></span> <span class='ocrx_word' id='word_1_57' title='bbox 923 823 1065 877; x_wconf 91' lang='lat' dir='ltr'><strong>inter</strong></span> <span class='ocrx_word' id='word_1_58' title='bbox 1084 820 1430 883; x_wconf 88' lang='lat' dir='ltr'><strong>sacrandum,</strong></span> <span class='ocrx_word' id='word_1_59' title='bbox 1454 820 2076 896; x_wconf 83' lang='lat' dir='ltr'><strong>incontpreltensibilitcr</strong></span> 
     </span>
    </p>
   </div>
   <div class='ocr_carea' id='block_1_10' title="bbox 490 913 2075 982">
    <p class='ocr_par' dir='ltr' id='par_1_10' title="bbox 490 913 2075 982">
     <span class='ocr_line' id='line_1_10' title="bbox 490 913 2075 982; baseline -0.003 -10"><span class='ocrx_word' id='word_1_60' title='bbox 490 929 548 972; x_wconf 89' lang='lat' dir='ltr'><strong>et</strong></span> <span class='ocrx_word' id='word_1_61' title='bbox 571 916 914 973; x_wconf 81' lang='lat' dir='ltr'><strong>inefl‘abiliter</strong></span> <span class='ocrx_word' id='word_1_62' title='bbox 928 916 981 969; x_wconf 94' lang='lat' dir='ltr'><strong>in</strong></span> <span class='ocrx_word' id='word_1_63' title='bbox 996 913 1352 969; x_wconf 77' lang='lat' dir='ltr'><strong>substantiam</strong></span> <span class='ocrx_word' id='word_1_64' title='bbox 1374 914 1557 967; x_wconf 89' lang='lat' dir='ltr'><strong>carnis</strong></span> <span class='ocrx_word' id='word_1_65' title='bbox 1568 922 1622 968; x_wconf 91' lang='lat' dir='ltr'><strong>et</strong></span> <span class='ocrx_word' id='word_1_66' title='bbox 1634 913 1916 982; x_wconf 79' lang='lat' dir='ltr'><strong>sanguinis</strong></span> <span class='ocrx_word' id='word_1_67' title='bbox 1929 928 2075 967; x_wconf 84' lang='lat' dir='ltr'><strong>cont-</strong></span> 
     </span>
    </p>
   </div>
   <div class='ocr_carea' id='block_1_11' title="bbox 491 1003 2075 1074">
    <p class='ocr_par' dir='ltr' id='par_1_11' title="bbox 491 1003 2075 1074">
     <span class='ocr_line' id='line_1_11' title="bbox 491 1003 2075 1074; baseline -0.001 -13"><span class='ocrx_word' id='word_1_68' title='bbox 491 1007 711 1062; x_wconf 88' lang='lat' dir='ltr'><strong>mutari.</strong></span> <span class='ocrx_word' id='word_1_69' title='bbox 727 1006 900 1074; x_wconf 85' lang='lat' dir='ltr'><strong>Quod,</strong></span> <span class='ocrx_word' id='word_1_70' title='bbox 917 1021 1015 1060; x_wconf 93' lang='lat' dir='ltr'><strong>suo</strong></span> <span class='ocrx_word' id='word_1_71' title='bbox 1035 1004 1153 1059; x_wconf 92' lang='lat' dir='ltr'><strong>loco</strong></span> <span class='ocrx_word' id='word_1_72' title='bbox 1164 1003 1464 1074; x_wconf 88' lang='lat' dir='ltr'><strong>opitulante</strong></span> <span class='ocrx_word' id='word_1_73' title='bbox 1485 1019 1550 1058; x_wconf 89' lang='lat' dir='ltr'><strong>eo</strong></span> <span class='ocrx_word' id='word_1_74' title='bbox 1572 1004 1637 1059; x_wconf 91' lang='lat' dir='ltr'><strong>de</strong></span> <span class='ocrx_word' id='word_1_75' title='bbox 1651 1003 1803 1073; x_wconf 90' lang='lat' dir='ltr'><strong>cujus</strong></span> <span class='ocrx_word' id='word_1_76' title='bbox 1821 1006 2075 1061; x_wconf 85' lang='lat' dir='ltr'><strong>sacratis-</strong></span> 
     </span>
    </p>
   </div>
   <div class='ocr_carea' id='block_1_12' title="bbox 493 1086 2072 1168">
    <p class='ocr_par' dir='ltr' id='par_1_12' title="bbox 493 1086 2072 1168">
     <span class='ocr_line' id='line_1_12' title="bbox 493 1086 2072 1168; baseline -0.001 -17"><span class='ocrx_word' id='word_1_77' title='bbox 493 1098 634 1152; x_wconf 90' lang='lat' dir='ltr'><strong>simo</strong></span> <span class='ocrx_word' id='word_1_78' title='bbox 657 1086 884 1168; x_wconf 80' lang='lat' dir='ltr'><strong>corpore</strong></span> <span class='ocrx_word' id='word_1_79' title='bbox 899 1096 1193 1166; x_wconf 88' lang='lat' dir='ltr'><strong>loquimur,</strong></span> <span class='ocrx_word' id='word_1_80' title='bbox 1221 1094 1453 1149; x_wconf 82' lang='lat' dir='ltr'><strong>diversis</strong></span> <span class='ocrx_word' id='word_1_81' title='bbox 1488 1095 1826 1150; x_wconf 87' lang='lat' dir='ltr'><strong>diversorum</strong></span> <span class='ocrx_word' id='word_1_82' title='bbox 1851 1095 2072 1151; x_wconf 85' lang='lat' dir='ltr'><strong>Patrum</strong></span> 
     </span>
    </p>
   </div>
   <div class='ocr_carea' id='block_1_13' title="bbox 488 1185 2075 1257">
    <p class='ocr_par' dir='ltr' id='par_1_13' title="bbox 488 1185 2075 1257">
     <span class='ocr_line' id='line_1_13' title="bbox 488 1185 2075 1257; baseline 0.001 -17"><span class='ocrx_word' id='word_1_83' title='bbox 488 1187 815 1242; x_wconf 84' lang='lat' dir='ltr'><strong>testimoniis</strong></span> <span class='ocrx_word' id='word_1_84' title='bbox 842 1187 913 1241; x_wconf 90' lang='lat' dir='ltr'><strong>ita</strong></span> <span class='ocrx_word' id='word_1_85' title='bbox 940 1201 1060 1242; x_wconf 90' lang='lat' dir='ltr'><strong>esse</strong></span> <span class='ocrx_word' id='word_1_86' title='bbox 1080 1201 1181 1242; x_wconf 91' lang='lat' dir='ltr'><strong>nec</strong></span> <span class='ocrx_word' id='word_1_87' title='bbox 1204 1185 1365 1241; x_wconf 88' lang='lat' dir='ltr'><strong>aliter</strong></span> <span class='ocrx_word' id='word_1_88' title='bbox 1390 1201 1549 1257; x_wconf 86' lang='lat' dir='ltr'><strong>posse</strong></span> <span class='ocrx_word' id='word_1_89' title='bbox 1575 1202 1696 1242; x_wconf 90' lang='lat' dir='ltr'><strong>esse</strong></span> <span class='ocrx_word' id='word_1_90' title='bbox 1747 1189 2075 1242; x_wconf 84' lang='lat' dir='ltr'><strong>monstrabi—</strong></span> 
     </span>
    </p>
   </div>
   <div class='ocr_carea' id='block_1_14' title="bbox 490 1277 2075 1348">
    <p class='ocr_par' dir='ltr' id='par_1_14' title="bbox 490 1277 2075 1348">
     <span class='ocr_line' id='line_1_14' title="bbox 490 1277 2075 1348; baseline 0.003 -18"><span class='ocrx_word' id='word_1_91' title='bbox 490 1286 597 1331; x_wconf 86' lang='lat' dir='ltr'><strong>tur.</strong></span> <span class='ocrx_word' id='word_1_92' title='bbox 626 1277 740 1331; x_wconf 91' lang='lat' dir='ltr'><strong>Non</strong></span> <span class='ocrx_word' id='word_1_93' title='bbox 772 1287 951 1332; x_wconf 90' lang='lat' dir='ltr'><strong>tamen</strong></span> <span class='ocrx_word' id='word_1_94' title='bbox 979 1290 1172 1347; x_wconf 87' lang='lat' dir='ltr'><strong>partem</strong></span> <span class='ocrx_word' id='word_1_95' title='bbox 1218 1286 1416 1348; x_wconf 84' lang='lat' dir='ltr'><strong>negat,</strong></span> <span class='ocrx_word' id='word_1_96' title='bbox 1470 1277 1579 1331; x_wconf 90' lang='lat' dir='ltr'><strong>imo</strong></span> <span class='ocrx_word' id='word_1_97' title='bbox 1633 1278 1939 1332; x_wconf 76' lang='lat' dir='ltr'><strong>confirmat.</strong></span> <span class='ocrx_word' id='word_1_98' title='bbox 1968 1278 2075 1334; x_wconf 89' lang='lat' dir='ltr'><strong>Sed</strong></span> 
     </span>
    </p>
   </div>
   <div class='ocr_carea' id='block_1_15' title="bbox 485 1368 2070 1439">
    <p class='ocr_par' dir='ltr' id='par_1_15' title="bbox 485 1368 2070 1439">
     <span class='ocr_line' id='line_1_15' title="bbox 485 1368 2070 1439; baseline 0.001 -16"><span class='ocrx_word' id='word_1_99' title='bbox 485 1383 680 1439; x_wconf 89' lang='lat' dir='ltr'><strong>panem</strong></span> <span class='ocrx_word' id='word_1_100' title='bbox 710 1370 802 1439; x_wconf 86' lang='lat' dir='ltr'><strong>qui</strong></span> <span class='ocrx_word' id='word_1_101' title='bbox 826 1368 891 1424; x_wconf 87' lang='lat' dir='ltr'><strong>de</strong></span> <span class='ocrx_word' id='word_1_102' title='bbox 916 1368 1053 1425; x_wconf 73' lang='lat' dir='ltr'><strong>crelo</strong></span> <span class='ocrx_word' id='word_1_103' title='bbox 1102 1368 1383 1424; x_wconf 84' lang='lat' dir='ltr'><strong>descendit</strong></span> <span class='ocrx_word' id='word_1_104' title='bbox 1412 1379 1467 1424; x_wconf 88' lang='lat' dir='ltr'><strong>et</strong></span> <span class='ocrx_word' id='word_1_105' title='bbox 1517 1370 1611 1423; x_wconf 88' lang='lat' dir='ltr'><strong>dat</strong></span> <span class='ocrx_word' id='word_1_106' title='bbox 1636 1370 1801 1424; x_wconf 91' lang='lat' dir='ltr'><strong>vitam</strong></span> <span class='ocrx_word' id='word_1_107' title='bbox 1849 1371 2070 1436; x_wconf 90' lang='lat' dir='ltr'><strong>mundo,</strong></span> 
     </span>
    </p>
   </div>
   <div class='ocr_carea' id='block_1_16' title="bbox 486 1458 2074 1530">
    <p class='ocr_par' dir='ltr' id='par_1_16' title="bbox 486 1458 2074 1530">
     <span class='ocr_line' id='line_1_16' title="bbox 486 1458 2074 1530; baseline 0.002 -19"><span class='ocrx_word' id='word_1_108' title='bbox 486 1473 683 1528; x_wconf 89' lang='lat' dir='ltr'><strong>panem</strong></span> <span class='ocrx_word' id='word_1_109' title='bbox 712 1473 874 1528; x_wconf 84' lang='lat' dir='ltr'><strong>quem</strong></span> <span class='ocrx_word' id='word_1_110' title='bbox 922 1458 1245 1514; x_wconf 89' lang='lat' dir='ltr'><strong>Ambrosius</strong></span> <span class='ocrx_word' id='word_1_111' title='bbox 1270 1466 1327 1514; x_wconf 91' lang='lat' dir='ltr'><strong>et</strong></span> <span class='ocrx_word' id='word_1_112' title='bbox 1351 1458 1682 1530; x_wconf 81' lang='lat' dir='ltr'><strong>Augustinus</strong></span> <span class='ocrx_word' id='word_1_113' title='bbox 1712 1459 1917 1516; x_wconf 86' lang='lat' dir='ltr'><strong>eisdem</strong></span> <span class='ocrx_word' id='word_1_114' title='bbox 1949 1476 2074 1515; x_wconf 90' lang='lat' dir='ltr'><strong>ver-</strong></span> 
     </span>
    </p>
   </div>
   <div class='ocr_carea' id='block_1_17' title="bbox 485 1546 2072 1622">
    <p class='ocr_par' dir='ltr' id='par_1_17' title="bbox 485 1546 2072 1622">
     <span class='ocr_line' id='line_1_17' title="bbox 485 1546 2072 1622; baseline 0.002 -19"><span class='ocrx_word' id='word_1_115' title='bbox 485 1549 569 1605; x_wconf 93' lang='lat' dir='ltr'><strong>bis</strong></span> <span class='ocrx_word' id='word_1_116' title='bbox 604 1559 799 1604; x_wconf 92' lang='lat' dir='ltr'><strong>vocant</strong></span> <span class='ocrx_word' id='word_1_117' title='bbox 828 1549 1137 1620; x_wconf 80' lang='lat' dir='ltr'><strong>epiousion,</strong></span> <span class='ocrx_word' id='word_1_118' title='bbox 1167 1549 1219 1603; x_wconf 88' lang='lat' dir='ltr'><strong>id</strong></span> <span class='ocrx_word' id='word_1_119' title='bbox 1241 1558 1324 1606; x_wconf 90' lang='lat' dir='ltr'><strong>est</strong></span> <span class='ocrx_word' id='word_1_120' title='bbox 1346 1550 1918 1620; x_wconf 76' lang='lat' dir='ltr'><strong>supersubstantialem,</strong></span> <span class='ocrx_word' id='word_1_121' title='bbox 1948 1546 2072 1622; x_wconf 84' lang='lat' dir='ltr'><strong>quia</strong></span> 
     </span>
    </p>
   </div>
   <div class='ocr_carea' id='block_1_18' title="bbox 485 1626 2074 1707">
    <p class='ocr_par' dir='ltr' id='par_1_18' title="bbox 485 1626 2074 1707">
     <span class='ocr_line' id='line_1_18' title="bbox 485 1626 2074 1707; baseline 0.001 -14"><span class='ocrx_word' id='word_1_122' title='bbox 485 1653 617 1694; x_wconf 91' lang='lat' dir='ltr'><strong>caro</strong></span> <span class='ocrx_word' id='word_1_123' title='bbox 646 1638 847 1694; x_wconf 87' lang='lat' dir='ltr'><strong>Christi</strong></span> <span class='ocrx_word' id='word_1_124' title='bbox 878 1639 1127 1693; x_wconf 91' lang='lat' dir='ltr'><strong>omnibus</strong></span> <span class='ocrx_word' id='word_1_125' title='bbox 1173 1637 1370 1693; x_wconf 88' lang='lat' dir='ltr'><strong>creatis</strong></span> <span class='ocrx_word' id='word_1_126' title='bbox 1398 1637 1721 1693; x_wconf 90' lang='lat' dir='ltr'><strong>substantiis</strong></span> <span class='ocrx_word' id='word_1_127' title='bbox 1749 1638 1919 1707; x_wconf 81' lang='lat' dir='ltr'><strong>major</strong></span> <span class='ocrx_word' id='word_1_128' title='bbox 1959 1626 2074 1695; x_wconf 56' lang='lat' dir='ltr'><strong>exi-4</strong></span> 
     </span>
    </p>
   </div>
   <div class='ocr_carea' id='block_1_19' title="bbox 2183 448 3751 518">
    <p class='ocr_par' dir='ltr' id='par_1_19' title="bbox 2183 448 3751 518">
     <span class='ocr_line' id='line_1_19' title="bbox 2183 448 3751 518; baseline 0.008 -16"><span class='ocrx_word' id='word_1_129' title='bbox 2183 463 2286 518; x_wconf 88' lang='lat' dir='ltr'><strong>pus</strong></span> <span class='ocrx_word' id='word_1_130' title='bbox 2318 448 2529 504; x_wconf 89' lang='lat' dir='ltr'><strong>Domini</strong></span> <span class='ocrx_word' id='word_1_131' title='bbox 2567 448 2848 515; x_wconf 63' lang='lat' dir='ltr'><strong>calorum,</strong></span> <span class='ocrx_word' id='word_1_132' title='bbox 2901 466 2969 505; x_wconf 93' lang='lat' dir='ltr'><strong>ne</strong></span> <span class='ocrx_word' id='word_1_133' title='bbox 3022 461 3227 508; x_wconf 84' lang='lat' dir='ltr'><strong>tantam</strong></span> <span class='ocrx_word' id='word_1_134' title='bbox 3267 453 3662 512; x_wconf 82' lang='lat' dir='ltr'><strong>elementorum</strong></span> <span class='ocrx_word' id='word_1_135' title='bbox 3707 462 3751 516; x_wconf 82' lang='lat' dir='ltr'><strong>iu</strong></span> 
     </span>
    </p>
   </div>
   <div class='ocr_carea' id='block_1_20' title="bbox 2181 542 3753 605">
    <p class='ocr_par' dir='ltr' id='par_1_20' title="bbox 2181 542 3753 605">
     <span class='ocr_line' id='line_1_20' title="bbox 2181 542 3753 605; baseline 0.008 -13"><span class='ocrx_word' id='word_1_136' title='bbox 2181 546 2457 593; x_wconf 82' lang='lat' dir='ltr'><strong>tantarum</strong></span> <span class='ocrx_word' id='word_1_137' title='bbox 2489 553 2669 594; x_wconf 91' lang='lat' dir='ltr'><strong>rerum</strong></span> <span class='ocrx_word' id='word_1_138' title='bbox 2720 542 3131 598; x_wconf 84' lang='lat' dir='ltr'><strong>conversionem</strong></span> <span class='ocrx_word' id='word_1_139' title='bbox 3179 558 3334 599; x_wconf 88' lang='lat' dir='ltr'><strong>mens</strong></span> <span class='ocrx_word' id='word_1_140' title='bbox 3364 547 3596 601; x_wconf 83' lang='lat' dir='ltr'><strong>credere</strong></span> <span class='ocrx_word' id='word_1_141' title='bbox 3621 549 3753 605; x_wconf 85' lang='lat' dir='ltr'><strong>refu-</strong></span> 
     </span>
    </p>
   </div>
   <div class='ocr_carea' id='block_1_21' title="bbox 2179 625 3755 707">
    <p class='ocr_par' dir='ltr' id='par_1_21' title="bbox 2179 625 3755 707">
     <span class='ocr_line' id='line_1_21' title="bbox 2179 625 3755 707; baseline 0.008 -26"><span class='ocrx_word' id='word_1_142' title='bbox 2179 634 2351 698; x_wconf 82' lang='lat' dir='ltr'><strong>geret,</strong></span> <span class='ocrx_word' id='word_1_143' title='bbox 2380 625 2674 694; x_wconf 89' lang='lat' dir='ltr'><strong>subjunxit,</strong></span> <span class='ocrx_word' id='word_1_144' title='bbox 2705 628 2890 685; x_wconf 89' lang='lat' dir='ltr'><strong>dicens</strong></span> <span class='ocrx_word' id='word_1_145' title='bbox 2942 628 3083 701; x_wconf 91' lang='lat' dir='ltr'><strong>(cap.</strong></span> <span class='ocrx_word' id='word_1_146' title='bbox 3137 630 3236 702; x_wconf 86' lang='lat'><strong>9):</strong></span> <span class='ocrx_word' id='word_1_147' title='bbox 3281 649 3300 683; x_wconf 79' lang='lat' dir='ltr'><strong>t</strong></span> <span class='ocrx_word' id='word_1_148' title='bbox 3337 632 3571 698; x_wconf 75' lang='lat' dir='ltr'><strong>Quantis</strong></span> <span class='ocrx_word' id='word_1_149' title='bbox 3608 635 3755 707; x_wconf 80' lang='lat' dir='ltr'><strong>igitur</strong></span> 
     </span>
    </p>
   </div>
   <div class='ocr_carea' id='block_1_22' title="bbox 2180 715 3755 793">
    <p class='ocr_par' dir='ltr' id='par_1_22' title="bbox 2180 715 3755 793">
     <span class='ocr_line' id='line_1_22' title="bbox 2180 715 3755 793; baseline 0.008 -24"><span class='ocrx_word' id='word_1_150' title='bbox 2180 715 2381 771; x_wconf 91' lang='lat' dir='ltr'><strong>utimur</strong></span> <span class='ocrx_word' id='word_1_151' title='bbox 2418 716 2710 788; x_wconf 80' lang='lat' dir='ltr'><strong>exemplis,</strong></span> <span class='ocrx_word' id='word_1_152' title='bbox 2737 718 3030 789; x_wconf 88' lang='lat' dir='ltr'><strong>probemus</strong></span> <span class='ocrx_word' id='word_1_153' title='bbox 3058 721 3161 777; x_wconf 89' lang='lat' dir='ltr'><strong>hoc</strong></span> <span class='ocrx_word' id='word_1_154' title='bbox 3210 736 3316 778; x_wconf 93' lang='lat' dir='ltr'><strong>non</strong></span> <span class='ocrx_word' id='word_1_155' title='bbox 3343 735 3467 779; x_wconf 88' lang='lat' dir='ltr'><strong>esse</strong></span> <span class='ocrx_word' id='word_1_156' title='bbox 3501 727 3643 793; x_wconf 89' lang='lat' dir='ltr'><strong>quod</strong></span> <span class='ocrx_word' id='word_1_157' title='bbox 3674 744 3755 785; x_wconf 84' lang='lat' dir='ltr'><strong>na-</strong></span> 
     </span>
    </p>
   </div>
   <div class='ocr_carea' id='block_1_23' title="bbox 2180 804 3751 881">
    <p class='ocr_par' dir='ltr' id='par_1_23' title="bbox 2180 804 3751 881">
     <span class='ocr_line' id='line_1_23' title="bbox 2180 804 3751 881; baseline 0.008 -23"><span class='ocrx_word' id='word_1_158' title='bbox 2180 813 2300 859; x_wconf 84' lang='lat' dir='ltr'><strong>tura</strong></span> <span class='ocrx_word' id='word_1_159' title='bbox 2336 805 2633 873; x_wconf 78' lang='lat' dir='ltr'><strong>formavit,</strong></span> <span class='ocrx_word' id='word_1_160' title='bbox 2694 804 2793 864; x_wconf 89' lang='lat' dir='ltr'><strong>sed</strong></span> <span class='ocrx_word' id='word_1_161' title='bbox 2844 810 2989 878; x_wconf 90' lang='lat' dir='ltr'><strong>quod</strong></span> <span class='ocrx_word' id='word_1_162' title='bbox 3042 811 3349 868; x_wconf 87' lang='lat' dir='ltr'><strong>benedictio</strong></span> <span class='ocrx_word' id='word_1_163' title='bbox 3403 818 3751 881; x_wconf 83' lang='lat' dir='ltr'><strong>consecravit,</strong></span> 
     </span>
    </p>
   </div>
   <div class='ocr_carea' id='block_1_24' title="bbox 2179 894 3752 972">
    <p class='ocr_par' dir='ltr' id='par_1_24' title="bbox 2179 894 3752 972">
     <span class='ocr_line' id='line_1_24' title="bbox 2179 894 3752 972; baseline 0.007 -24"><span class='ocrx_word' id='word_1_164' title='bbox 2179 894 2551 969; x_wconf 88' lang='lat' dir='ltr'><strong>tnajoremquc</strong></span> <span class='ocrx_word' id='word_1_165' title='bbox 2589 898 2696 959; x_wconf 85' lang='lat' dir='ltr'><strong>vim</strong></span> <span class='ocrx_word' id='word_1_166' title='bbox 2733 913 2854 953; x_wconf 90' lang='lat' dir='ltr'><strong>esse</strong></span> <span class='ocrx_word' id='word_1_167' title='bbox 2882 898 3281 956; x_wconf 88' lang='lat' dir='ltr'><strong>benedictionis</strong></span> <span class='ocrx_word' id='word_1_168' title='bbox 3304 918 3469 972; x_wconf 89' lang='lat' dir='ltr'><strong>quam</strong></span> <span class='ocrx_word' id='word_1_169' title='bbox 3540 913 3752 971; x_wconf 68' lang='lat' dir='ltr'><strong>naturae,</strong></span> 
     </span>
    </p>
   </div>
   <div class='ocr_carea' id='block_1_25' title="bbox 2176 988 3752 1062">
    <p class='ocr_par' dir='ltr' id='par_1_25' title="bbox 2176 988 3752 1062">
     <span class='ocr_line' id='line_1_25' title="bbox 2176 988 3752 1062; baseline 0.011 -25"><span class='ocrx_word' id='word_1_170' title='bbox 2176 989 2302 1056; x_wconf 90' lang='lat' dir='ltr'><strong>quia</strong></span> <span class='ocrx_word' id='word_1_171' title='bbox 2331 988 2705 1043; x_wconf 84' lang='lat' dir='ltr'><strong>benedictione</strong></span> <span class='ocrx_word' id='word_1_172' title='bbox 2734 990 2897 1043; x_wconf 89' lang='lat' dir='ltr'><strong>etiam</strong></span> <span class='ocrx_word' id='word_1_173' title='bbox 2928 1000 3123 1046; x_wconf 88' lang='lat' dir='ltr'><strong>natura</strong></span> <span class='ocrx_word' id='word_1_174' title='bbox 3158 996 3274 1062; x_wconf 87' lang='lat' dir='ltr'><strong>ipsa</strong></span> <span class='ocrx_word' id='word_1_175' title='bbox 3311 1004 3582 1050; x_wconf 88' lang='lat' dir='ltr'><strong>mutatur.</strong></span> <span class='ocrx_word' id='word_1_176' title='bbox 3613 1015 3630 1048; x_wconf 74' lang='grc' dir='ltr'><strong>ο</strong></span> <span class='ocrx_word' id='word_1_177' title='bbox 3659 997 3752 1053; x_wconf 85' lang='lat' dir='ltr'><strong>Pa-</strong></span> 
     </span>
    </p>
   </div>
   <div class='ocr_carea' id='block_1_26' title="bbox 2176 1077 3751 1157">
    <p class='ocr_par' dir='ltr' id='par_1_26' title="bbox 2176 1077 3751 1157">
     <span class='ocr_line' id='line_1_26' title="bbox 2176 1077 3751 1157; baseline 0.009 -27"><span class='ocrx_word' id='word_1_178' title='bbox 2176 1090 2301 1131; x_wconf 90' lang='lat' dir='ltr'><strong>nem</strong></span> <span class='ocrx_word' id='word_1_179' title='bbox 2334 1077 2627 1147; x_wconf 88' lang='lat' dir='ltr'><strong>vinumque</strong></span> <span class='ocrx_word' id='word_1_180' title='bbox 2654 1093 2685 1132; x_wconf 90' lang='lat' dir='ltr'><strong>a</strong></span> <span class='ocrx_word' id='word_1_181' title='bbox 2728 1090 2923 1134; x_wconf 88' lang='lat' dir='ltr'><strong>natura</strong></span> <span class='ocrx_word' id='word_1_182' title='bbox 2958 1080 3183 1137; x_wconf 85' lang='lat' dir='ltr'><strong>formari</strong></span> <span class='ocrx_word' id='word_1_183' title='bbox 3232 1084 3413 1139; x_wconf 89' lang='lat' dir='ltr'><strong>nullus</strong></span> <span class='ocrx_word' id='word_1_184' title='bbox 3447 1085 3543 1157; x_wconf 85' lang='lat' dir='ltr'><strong>qui</strong></span> <span class='ocrx_word' id='word_1_185' title='bbox 3594 1088 3751 1144; x_wconf 82' lang='lat' dir='ltr'><strong>ambi-</strong></span> 
     </span>
    </p>
   </div>
   <div class='ocr_carea' id='block_1_27' title="bbox 2178 1162 3750 1242">
    <p class='ocr_par' dir='ltr' id='par_1_27' title="bbox 2178 1162 3750 1242">
     <span class='ocr_line' id='line_1_27' title="bbox 2178 1162 3750 1242; baseline 0.008 -22"><span class='ocrx_word' id='word_1_186' title='bbox 2178 1176 2287 1235; x_wconf 89' lang='lat' dir='ltr'><strong>gat,</strong></span> <span class='ocrx_word' id='word_1_187' title='bbox 2318 1162 2491 1222; x_wconf 88' lang='lat' dir='ltr'><strong>nemo</strong></span> <span class='ocrx_word' id='word_1_188' title='bbox 2515 1169 2607 1239; x_wconf 87' lang='lat' dir='ltr'><strong>qui</strong></span> <span class='ocrx_word' id='word_1_189' title='bbox 2645 1171 2874 1224; x_wconf 83' lang='lat' dir='ltr'><strong>nesciat.</strong></span> <span class='ocrx_word' id='word_1_190' title='bbox 2909 1171 2984 1225; x_wconf 91' lang='lat' dir='ltr'><strong>De</strong></span> <span class='ocrx_word' id='word_1_191' title='bbox 3042 1187 3272 1242; x_wconf 91' lang='lat' dir='ltr'><strong>quorum</strong></span> <span class='ocrx_word' id='word_1_192' title='bbox 3307 1190 3438 1230; x_wconf 88' lang='lat' dir='ltr'><strong>vera</strong></span> <span class='ocrx_word' id='word_1_193' title='bbox 3481 1176 3541 1231; x_wconf 93' lang='lat' dir='ltr'><strong>in</strong></span> <span class='ocrx_word' id='word_1_194' title='bbox 3578 1191 3750 1233; x_wconf 85' lang='lat' dir='ltr'><strong>verum</strong></span> 
     </span>
    </p>
   </div>
   <div class='ocr_carea' id='block_1_28' title="bbox 2175 1257 3749 1335">
    <p class='ocr_par' dir='ltr' id='par_1_28' title="bbox 2175 1257 3749 1335">
     <span class='ocr_line' id='line_1_28' title="bbox 2175 1257 3749 1335; baseline 0.005 -21"><span class='ocrx_word' id='word_1_195' title='bbox 2175 1274 2372 1329; x_wconf 88' lang='lat' dir='ltr'><strong>corpus</strong></span> <span class='ocrx_word' id='word_1_196' title='bbox 2404 1260 2614 1315; x_wconf 87' lang='lat' dir='ltr'><strong>Domini</strong></span> <span class='ocrx_word' id='word_1_197' title='bbox 2656 1262 3013 1317; x_wconf 87' lang='lat' dir='ltr'><strong>conversione</strong></span> <span class='ocrx_word' id='word_1_198' title='bbox 3064 1279 3170 1319; x_wconf 92' lang='lat' dir='ltr'><strong>non</strong></span> <span class='ocrx_word' id='word_1_199' title='bbox 3214 1273 3469 1335; x_wconf 87' lang='lat' dir='ltr'><strong>oportere</strong></span> <span class='ocrx_word' id='word_1_200' title='bbox 3527 1257 3749 1323; x_wconf 86' lang='lat' dir='ltr'><strong>dubitari</strong></span> 
     </span>
    </p>
   </div>
   <div class='ocr_carea' id='block_1_29' title="bbox 2176 1344 3747 1427">
    <p class='ocr_par' dir='ltr' id='par_1_29' title="bbox 2176 1344 3747 1427">
     <span class='ocr_line' id='line_1_29' title="bbox 2176 1344 3747 1427; baseline 0.007 -24"><span class='ocrx_word' id='word_1_201' title='bbox 2176 1349 2479 1406; x_wconf 77' lang='lat' dir='ltr'><strong>manifestis</strong></span> <span class='ocrx_word' id='word_1_202' title='bbox 2520 1352 2760 1406; x_wconf 90' lang='lat' dir='ltr'><strong>ostendit</strong></span> <span class='ocrx_word' id='word_1_203' title='bbox 2811 1344 3075 1424; x_wconf 73' lang='lat' dir='ltr'><strong>exemplis</strong></span> <span class='ocrx_word' id='word_1_204' title='bbox 3118 1356 3375 1426; x_wconf 89' lang='lat' dir='ltr'><strong>congruis</strong></span> <span class='ocrx_word' id='word_1_205' title='bbox 3432 1371 3533 1427; x_wconf 87' lang='lat' dir='ltr'><strong>per</strong></span> <span class='ocrx_word' id='word_1_206' title='bbox 3563 1357 3747 1414; x_wconf 77' lang='lat' dir='ltr'><strong>similia</strong></span> 
     </span>
    </p>
   </div>
   <div class='ocr_carea' id='block_1_30' title="bbox 2174 1441 3749 1516">
    <p class='ocr_par' dir='ltr' id='par_1_30' title="bbox 2174 1441 3749 1516">
     <span class='ocr_line' id='line_1_30' title="bbox 2174 1441 3749 1516; baseline 0.005 -22"><span class='ocrx_word' id='word_1_207' title='bbox 2174 1441 2371 1496; x_wconf 86' lang='lat' dir='ltr'><strong>asserit</strong></span> <span class='ocrx_word' id='word_1_208' title='bbox 2414 1443 2776 1513; x_wconf 77' lang='lat' dir='ltr'><strong>argumentis,</strong></span> <span class='ocrx_word' id='word_1_209' title='bbox 2823 1459 3055 1500; x_wconf 88' lang='lat' dir='ltr'><strong>narrans</strong></span> <span class='ocrx_word' id='word_1_210' title='bbox 3105 1444 3373 1515; x_wconf 83' lang='lat' dir='ltr'><strong>imprimis</strong></span> <span class='ocrx_word' id='word_1_211' title='bbox 3423 1444 3601 1516; x_wconf 82' lang='lat' dir='ltr'><strong>Moysi</strong></span> <span class='ocrx_word' id='word_1_212' title='bbox 3648 1448 3749 1502; x_wconf 88' lang='lat' dir='ltr'><strong>vir-</strong></span> 
     </span>
    </p>
   </div>
   <div class='ocr_carea' id='block_1_31' title="bbox 2175 1533 3752 1607">
    <p class='ocr_par' dir='ltr' id='par_1_31' title="bbox 2175 1533 3752 1607">
     <span class='ocr_line' id='line_1_31' title="bbox 2175 1533 3752 1607; baseline 0.004 -22"><span class='ocrx_word' id='word_1_213' title='bbox 2175 1548 2296 1603; x_wconf 79' lang='lat' dir='ltr'><strong>gam</strong></span> <span class='ocrx_word' id='word_1_214' title='bbox 2330 1533 2382 1587; x_wconf 94' lang='lat' dir='ltr'><strong>in</strong></span> <span class='ocrx_word' id='word_1_215' title='bbox 2420 1543 2726 1603; x_wconf 87' lang='lat' dir='ltr'><strong>serpentem</strong></span> <span class='ocrx_word' id='word_1_216' title='bbox 2752 1550 2985 1599; x_wconf 85' lang='lat' dir='ltr'><strong>versam,</strong></span> <span class='ocrx_word' id='word_1_217' title='bbox 3018 1535 3210 1590; x_wconf 89' lang='lat' dir='ltr'><strong>deinde</strong></span> <span class='ocrx_word' id='word_1_218' title='bbox 3238 1548 3550 1607; x_wconf 86' lang='lat' dir='ltr'><strong>serpentem</strong></span> <span class='ocrx_word' id='word_1_219' title='bbox 3581 1538 3633 1593; x_wconf 93' lang='lat' dir='ltr'><strong>in</strong></span> <span class='ocrx_word' id='word_1_220' title='bbox 3654 1541 3752 1593; x_wconf 74' lang='lat' dir='ltr'><strong>vir-</strong></span> 
     </span>
    </p>
   </div>
   <div class='ocr_carea' id='block_1_32' title="bbox 2174 1626 3751 1706">
    <p class='ocr_par' dir='ltr' id='par_1_32' title="bbox 2174 1626 3751 1706">
     <span class='ocr_line' id='line_1_32' title="bbox 2174 1626 3751 1706; baseline 0.006 -29"><span class='ocrx_word' id='word_1_221' title='bbox 2174 1641 2323 1696; x_wconf 85' lang='lat' dir='ltr'><strong>gam,</strong></span> <span class='ocrx_word' id='word_1_222' title='bbox 2354 1635 2539 1693; x_wconf 79' lang='lat' dir='ltr'><strong>postea</strong></span> <span class='ocrx_word' id='word_1_223' title='bbox 2572 1641 2744 1694; x_wconf 81' lang='lat' dir='ltr'><strong>aquas</strong></span> <span class='ocrx_word' id='word_1_224' title='bbox 2782 1627 2834 1706; x_wconf 87' lang='lat' dir='ltr'><strong>in</strong></span> <span class='ocrx_word' id='word_1_225' title='bbox 2884 1626 3203 1699; x_wconf 83' lang='lat' dir='ltr'><strong>sanguinem</strong></span> <span class='ocrx_word' id='word_1_226' title='bbox 3257 1637 3524 1697; x_wconf 88' lang='lat' dir='ltr'><strong>mutatas,</strong></span> <span class='ocrx_word' id='word_1_227' title='bbox 3570 1629 3751 1688; x_wconf 85' lang='lat' dir='ltr'><strong>dehinc</strong></span> 
     </span>
    </p>
   </div>
   <div class='ocr_carea' id='block_1_33' title="bbox 486 1709 2066 1800">
    <p class='ocr_par' dir='ltr' id='par_1_33' title="bbox 486 1728 2066 1800">
     <span class='ocr_line' id='line_1_33' title="bbox 486 1728 2066 1800; baseline 0.001 -17"><span class='ocrx_word' id='word_1_228' title='bbox 486 1729 602 1794; x_wconf 75' lang='lat' dir='ltr'><strong>siit,</strong></span> <span class='ocrx_word' id='word_1_229' title='bbox 627 1744 817 1783; x_wconf 90' lang='lat' dir='ltr'><strong>omnes</strong></span> <span class='ocrx_word' id='word_1_230' title='bbox 837 1736 1118 1783; x_wconf 90' lang='lat' dir='ltr'><strong>creaturas</strong></span> <span class='ocrx_word' id='word_1_231' title='bbox 1150 1728 1606 1783; x_wconf 87' lang='lat' dir='ltr'><strong>excellentissima</strong></span> <span class='ocrx_word' id='word_1_232' title='bbox 1653 1729 1914 1799; x_wconf 78' lang='lat' dir='ltr'><strong>dignitate</strong></span> <span class='ocrx_word' id='word_1_233' title='bbox 1930 1745 2066 1800; x_wconf 79' lang='lat' dir='ltr'><strong>pra:-</strong></span> 
     </span>
    </p>
   </div>
   <div class='ocr_carea' id='block_1_34' title="bbox 2171 1709 3750 1800">
    <p class='ocr_par' dir='ltr' id='par_1_34' title="bbox 2174 1709 3750 1789">
     <span class='ocr_line' id='line_1_34' title="bbox 2174 1709 3750 1789; baseline 0.006 -21"><span class='ocrx_word' id='word_1_234' title='bbox 2174 1720 2496 1783; x_wconf 84' lang='lat' dir='ltr'><strong>sangninem</strong></span> <span class='ocrx_word' id='word_1_235' title='bbox 2539 1730 2812 1771; x_wconf 89' lang='lat' dir='ltr'><strong>remeasse</strong></span> <span class='ocrx_word' id='word_1_236' title='bbox 2862 1709 2935 1770; x_wconf 33' lang='lat' dir='ltr'><strong>in&quot;</strong></span> <span class='ocrx_word' id='word_1_237' title='bbox 2964 1732 3153 1787; x_wconf 81' lang='lat' dir='ltr'><strong>aquas.</strong></span> <span class='ocrx_word' id='word_1_238' title='bbox 3209 1716 3480 1789; x_wconf 81' lang='lat' dir='ltr'><strong>Pluraque</strong></span> <span class='ocrx_word' id='word_1_239' title='bbox 3517 1719 3574 1776; x_wconf 85' lang='lat' dir='ltr'><strong>in</strong></span> <span class='ocrx_word' id='word_1_240' title='bbox 3620 1722 3750 1777; x_wconf 84' lang='lat' dir='ltr'><strong>hunc</strong></span> 
     </span>
    </p>
   </div>
   <div class='ocr_carea' id='block_1_35' title="bbox 486 1816 2069 1888">
    <p class='ocr_par' dir='ltr' id='par_1_35' title="bbox 486 1816 2069 1888">
     <span class='ocr_line' id='line_1_35' title="bbox 486 1816 2069 1888; baseline -0.001 -14"><span class='ocrx_word' id='word_1_241' title='bbox 486 1819 653 1874; x_wconf 88' lang='lat' dir='ltr'><strong>cellit.</strong></span> <span class='ocrx_word' id='word_1_242' title='bbox 683 1817 882 1873; x_wconf 80' lang='lat' dir='ltr'><strong>Vinum</strong></span> <span class='ocrx_word' id='word_1_243' title='bbox 919 1833 1133 1888; x_wconf 90' lang='lat' dir='ltr'><strong>quoque</strong></span> <span class='ocrx_word' id='word_1_244' title='bbox 1182 1833 1287 1872; x_wconf 92' lang='lat' dir='ltr'><strong>non</strong></span> <span class='ocrx_word' id='word_1_245' title='bbox 1312 1816 1711 1888; x_wconf 88' lang='lat' dir='ltr'><strong>qualecunque,</strong></span> <span class='ocrx_word' id='word_1_246' title='bbox 1772 1819 1869 1873; x_wconf 90' lang='lat' dir='ltr'><strong>sed</strong></span> <span class='ocrx_word' id='word_1_247' title='bbox 1925 1819 2069 1887; x_wconf 90' lang='lat' dir='ltr'><strong>quod</strong></span> 
     </span>
    </p>
   </div>
   <div class='ocr_carea' id='block_1_36' title="bbox 486 1907 2069 1978">
    <p class='ocr_par' dir='ltr' id='par_1_36' title="bbox 486 1907 2069 1978">
     <span class='ocr_line' id='line_1_36' title="bbox 486 1907 2069 1978; baseline 0.001 -15"><span class='ocrx_word' id='word_1_248' title='bbox 486 1908 793 1975; x_wconf 83' lang='lat' dir='ltr'><strong>hominum,</strong></span> <span class='ocrx_word' id='word_1_249' title='bbox 824 1924 929 1962; x_wconf 92' lang='lat' dir='ltr'><strong>non</strong></span> <span class='ocrx_word' id='word_1_250' title='bbox 960 1907 1181 1978; x_wconf 88' lang='lat' dir='ltr'><strong>quidem</strong></span> <span class='ocrx_word' id='word_1_251' title='bbox 1212 1908 1482 1974; x_wconf 91' lang='lat' dir='ltr'><strong>omnium,</strong></span> <span class='ocrx_word' id='word_1_252' title='bbox 1510 1909 1605 1963; x_wconf 91' lang='lat' dir='ltr'><strong>sed</strong></span> <span class='ocrx_word' id='word_1_253' title='bbox 1655 1922 1937 1963; x_wconf 81' lang='lat' dir='ltr'><strong>servorum</strong></span> <span class='ocrx_word' id='word_1_254' title='bbox 1974 1909 2069 1965; x_wconf 85' lang='lat' dir='ltr'><strong>Dei</strong></span> 
     </span>
    </p>
   </div>
   <div class='ocr_carea' id='block_1_37' title="bbox 484 1995 2067 2069">
    <p class='ocr_par' dir='ltr' id='par_1_37' title="bbox 484 1995 2067 2069">
     <span class='ocr_line' id='line_1_37' title="bbox 484 1995 2067 2069; baseline 0.001 -16"><span class='ocrx_word' id='word_1_255' title='bbox 484 1998 652 2053; x_wconf 72' lang='lat' dir='ltr'><strong>corda</strong></span> <span class='ocrx_word' id='word_1_256' title='bbox 684 1997 941 2063; x_wconf 74' lang='lat' dir='ltr'><strong>laetificat,</strong></span> <span class='ocrx_word' id='word_1_257' title='bbox 992 1996 1135 2067; x_wconf 85' lang='lat' dir='ltr'><strong>quod</strong></span> <span class='ocrx_word' id='word_1_258' title='bbox 1170 1995 1385 2052; x_wconf 90' lang='lat' dir='ltr'><strong>animas</strong></span> <span class='ocrx_word' id='word_1_259' title='bbox 1415 1996 1649 2054; x_wconf 86' lang='lat' dir='ltr'><strong>inebriat</strong></span> <span class='ocrx_word' id='word_1_260' title='bbox 1680 2038 1696 2064; x_wconf 92' lang='lat'><strong>,</strong></span> <span class='ocrx_word' id='word_1_261' title='bbox 1727 2007 1783 2053; x_wconf 90' lang='lat' dir='ltr'><strong>et</strong></span> <span class='ocrx_word' id='word_1_262' title='bbox 1808 2013 1838 2052; x_wconf 91' lang='lat' dir='ltr'><strong>a</strong></span> <span class='ocrx_word' id='word_1_263' title='bbox 1868 2013 2067 2069; x_wconf 87' lang='lat' dir='ltr'><strong>pecca-</strong></span> 
     </span>
    </p>
   </div>
   <div class='ocr_carea' id='block_1_38' title="bbox 490 2087 797 2157">
    <p class='ocr_par' dir='ltr' id='par_1_38' title="bbox 490 2087 797 2157">
     <span class='ocr_line' id='line_1_38' title="bbox 490 2087 797 2157; baseline -0.003 -17"><span class='ocrx_word' id='word_1_264' title='bbox 490 2087 560 2140; x_wconf 86' lang='lat' dir='ltr'><strong>tis</strong></span> <span class='ocrx_word' id='word_1_265' title='bbox 587 2096 797 2157; x_wconf 82' lang='lat' dir='ltr'><strong>purgat.</strong></span> 
     </span>
    </p>
   </div>
   <div class='ocr_carea' id='block_1_39' title="bbox 558 2175 2071 2248">
    <p class='ocr_par' dir='ltr' id='par_1_39' title="bbox 558 2175 2071 2248">
     <span class='ocr_line' id='line_1_39' title="bbox 558 2175 2071 2248; baseline 0.001 -19"><span class='ocrx_word' id='word_1_266' title='bbox 558 2177 791 2231; x_wconf 70' lang='lat' dir='ltr'><strong>Densus.</strong></span> <span class='ocrx_word' id='word_1_267' title='bbox 825 2194 841 2226; x_wconf 76' lang='grc' dir='ltr'>ι</span> <span class='ocrx_word' id='word_1_268' title='bbox 875 2175 1009 2229; x_wconf 92' lang='lat' dir='ltr'><strong>Dum</strong></span> <span class='ocrx_word' id='word_1_269' title='bbox 1043 2175 1116 2230; x_wconf 90' lang='lat' dir='ltr'><strong>ita</strong></span> <span class='ocrx_word' id='word_1_270' title='bbox 1141 2176 1427 2231; x_wconf 88' lang='lat' dir='ltr'><strong>enuntiat:</strong></span> <span class='ocrx_word' id='word_1_271' title='bbox 1460 2176 1623 2232; x_wconf 91' lang='lat' dir='ltr'><strong>Panis</strong></span> <span class='ocrx_word' id='word_1_272' title='bbox 1656 2184 1710 2231; x_wconf 90' lang='lat' dir='ltr'><strong>et</strong></span> <span class='ocrx_word' id='word_1_273' title='bbox 1734 2177 1919 2232; x_wconf 87' lang='lat' dir='ltr'><strong>vinum</strong></span> <span class='ocrx_word' id='word_1_274' title='bbox 1951 2193 2071 2248; x_wconf 71' lang='lat' dir='ltr'><strong>quae</strong></span> 
     </span>
    </p>
   </div>
   <div class='ocr_carea' id='block_1_40' title="bbox 492 2270 2071 2344">
    <p class='ocr_par' dir='ltr' id='par_1_40' title="bbox 492 2270 2071 2344">
     <span class='ocr_line' id='line_1_40' title="bbox 492 2270 2071 2344; baseline 0.003 -22"><span class='ocrx_word' id='word_1_275' title='bbox 492 2291 509 2322; x_wconf 80' lang='grc' dir='ltr'>ι</span> <span class='ocrx_word' id='word_1_276' title='bbox 548 2281 825 2341; x_wconf 81' lang='lat' dir='ltr'><strong>ponuntur</strong></span> <span class='ocrx_word' id='word_1_277' title='bbox 868 2271 922 2326; x_wconf 89' lang='lat' dir='ltr'><strong>in</strong></span> <span class='ocrx_word' id='word_1_278' title='bbox 968 2270 1171 2336; x_wconf 88' lang='lat' dir='ltr'><strong>altari,</strong></span> <span class='ocrx_word' id='word_1_279' title='bbox 1213 2282 1337 2343; x_wconf 90' lang='lat' dir='ltr'><strong>post</strong></span> <span class='ocrx_word' id='word_1_280' title='bbox 1388 2273 1855 2327; x_wconf 85' lang='lat' dir='ltr'><strong>consecrationem</strong></span> <span class='ocrx_word' id='word_1_281' title='bbox 1905 2272 2071 2344; x_wconf 67' lang='lat'><strong>238</strong></span> 
     </span>
    </p>
   </div>
   <div class='ocr_carea' id='block_1_41' title="bbox 490 2365 2066 2439">
    <p class='ocr_par' dir='ltr' id='par_1_41' title="bbox 490 2365 2066 2439">
     <span class='ocr_line' id='line_1_41' title="bbox 490 2365 2066 2439; baseline 0.003 -22"><span class='ocrx_word' id='word_1_282' title='bbox 490 2382 510 2417; x_wconf 75' lang='grc' dir='ltr'><strong><em>ο</em></strong></span> <span class='ocrx_word' id='word_1_283' title='bbox 554 2365 894 2421; x_wconf 87' lang='lat' dir='ltr'><strong>solummodo</strong></span> <span class='ocrx_word' id='word_1_284' title='bbox 956 2376 1083 2421; x_wconf 90' lang='lat' dir='ltr'><strong>sunt</strong></span> <span class='ocrx_word' id='word_1_285' title='bbox 1112 2381 1301 2422; x_wconf 83' lang='lat' dir='ltr'><strong>verum</strong></span> <span class='ocrx_word' id='word_1_286' title='bbox 1342 2365 1547 2423; x_wconf 87' lang='lat' dir='ltr'><strong>Christi</strong></span> <span class='ocrx_word' id='word_1_287' title='bbox 1597 2382 1795 2439; x_wconf 91' lang='lat' dir='ltr'><strong>corpus</strong></span> <span class='ocrx_word' id='word_1_288' title='bbox 1834 2377 1889 2424; x_wconf 92' lang='lat' dir='ltr'><strong>et</strong></span> <span class='ocrx_word' id='word_1_289' title='bbox 1940 2384 2066 2423; x_wconf 85' lang='lat' dir='ltr'><strong>san-</strong></span> 
     </span>
    </p>
   </div>
   <div class='ocr_carea' id='block_1_42' title="bbox 488 2455 728 2526">
    <p class='ocr_par' dir='ltr' id='par_1_42' title="bbox 488 2455 728 2526">
     <span class='ocr_line' id='line_1_42' title="bbox 488 2455 728 2526; baseline 0.004 -19"><span class='ocrx_word' id='word_1_290' title='bbox 488 2472 509 2507; x_wconf 72' lang='grc' dir='ltr'>ι</span> <span class='ocrx_word' id='word_1_291' title='bbox 547 2455 687 2526; x_wconf 69' lang='lat' dir='ltr'><strong>guis.</strong></span> <span class='ocrx_word' id='word_1_292' title='bbox 708 2473 728 2508; x_wconf 71' lang='grc' dir='ltr'>ι</span> 
     </span>
    </p>
   </div>
   <div class='ocr_carea' id='block_1_43' title="bbox 560 2548 2071 2623">
    <p class='ocr_par' dir='ltr' id='par_1_43' title="bbox 560 2548 2071 2623">
     <span class='ocr_line' id='line_1_43' title="bbox 560 2548 2071 2623; baseline 0.001 -19"><span class='ocrx_word' id='word_1_293' title='bbox 560 2550 761 2605; x_wconf 64' lang='lat' dir='ltr'><strong>Lsarn.</strong></span> <span class='ocrx_word' id='word_1_294' title='bbox 789 2550 932 2605; x_wconf 82' lang='lat' dir='ltr'><strong>Dixit</strong></span> <span class='ocrx_word' id='word_1_295' title='bbox 956 2550 1175 2620; x_wconf 90' lang='lat' dir='ltr'><strong>quidam</strong></span> <span class='ocrx_word' id='word_1_296' title='bbox 1203 2548 1406 2621; x_wconf 90' lang='lat' dir='ltr'><strong>Spiritu</strong></span> <span class='ocrx_word' id='word_1_297' title='bbox 1437 2549 1530 2605; x_wconf 92' lang='lat' dir='ltr'><strong>Dei</strong></span> <span class='ocrx_word' id='word_1_298' title='bbox 1566 2549 1758 2618; x_wconf 90' lang='lat' dir='ltr'><strong>plenus</strong></span> <span class='ocrx_word' id='word_1_299' title='bbox 1782 2569 1795 2606; x_wconf 89' lang='lat'><strong>:</strong></span> <span class='ocrx_word' id='word_1_300' title='bbox 1831 2550 1904 2607; x_wconf 77' lang='lat' dir='ltr'><strong>Os</strong></span> <span class='ocrx_word' id='word_1_301' title='bbox 1930 2552 2071 2623; x_wconf 84' lang='lat' dir='ltr'><strong>quod</strong></span> 
     </span>
    </p>
   </div>
   <div class='ocr_carea' id='block_1_44' title="bbox 484 2638 2069 2712">
    <p class='ocr_par' dir='ltr' id='par_1_44' title="bbox 484 2638 2069 2712">
     <span class='ocr_line' id='line_1_44' title="bbox 484 2638 2069 2712; baseline 0.002 -18"><span class='ocrx_word' id='word_1_302' title='bbox 484 2640 736 2694; x_wconf 75' lang='lat' dir='ltr'><strong>mentitur</strong></span> <span class='ocrx_word' id='word_1_303' title='bbox 763 2640 953 2693; x_wconf 83' lang='lat' dir='ltr'><strong>occidit</strong></span> <span class='ocrx_word' id='word_1_304' title='bbox 983 2640 1214 2693; x_wconf 85' lang='lat' dir='ltr'><strong>animam</strong></span> <span class='ocrx_word' id='word_1_305' title='bbox 1248 2638 1399 2710; x_wconf 85' lang='lat' dir='ltr'><strong>(Sap.</strong></span> <span class='ocrx_word' id='word_1_306' title='bbox 1434 2656 1476 2705; x_wconf 80' lang='grc' dir='ltr'><strong>ι,</strong></span> <span class='ocrx_word' id='word_1_307' title='bbox 1508 2640 1588 2712; x_wconf 69' lang='grc'><strong>2).</strong></span> <span class='ocrx_word' id='word_1_308' title='bbox 1642 2640 1793 2696; x_wconf 86' lang='lat' dir='ltr'><strong>llanc</strong></span> <span class='ocrx_word' id='word_1_309' title='bbox 1826 2642 2069 2697; x_wconf 83' lang='lat' dir='ltr'><strong>timidam</strong></span> 
     </span>
    </p>
   </div>
   <div class='ocr_carea' id='block_1_45' title="bbox 483 2730 2068 2797">
    <p class='ocr_par' dir='ltr' id='par_1_45' title="bbox 483 2730 2068 2797">
     <span class='ocr_line' id='line_1_45' title="bbox 483 2730 2068 2797; baseline 0.003 -12"><span class='ocrx_word' id='word_1_310' title='bbox 483 2732 806 2785; x_wconf 81' lang='lat' dir='ltr'><strong>sententiam</strong></span> <span class='ocrx_word' id='word_1_311' title='bbox 835 2732 879 2786; x_wconf 93' lang='lat' dir='ltr'><strong>si</strong></span> <span class='ocrx_word' id='word_1_312' title='bbox 907 2731 1125 2786; x_wconf 88' lang='lat' dir='ltr'><strong>timeres</strong></span> <span class='ocrx_word' id='word_1_313' title='bbox 1149 2772 1164 2797; x_wconf 93' lang='lat'><strong>,</strong></span> <span class='ocrx_word' id='word_1_314' title='bbox 1193 2730 1390 2786; x_wconf 79' lang='lat' dir='ltr'><strong>falsam</strong></span> <span class='ocrx_word' id='word_1_315' title='bbox 1420 2747 1580 2788; x_wconf 89' lang='lat' dir='ltr'><strong>servo</strong></span> <span class='ocrx_word' id='word_1_316' title='bbox 1607 2733 1703 2789; x_wconf 91' lang='lat' dir='ltr'><strong>Dei</strong></span> <span class='ocrx_word' id='word_1_317' title='bbox 1740 2735 2068 2789; x_wconf 85' lang='lat' dir='ltr'><strong>calumniam</strong></span> 
     </span>
    </p>
   </div>
   <div class='ocr_carea' id='block_1_46' title="bbox 483 2820 2067 2892">
    <p class='ocr_par' dir='ltr' id='par_1_46' title="bbox 483 2820 2067 2892">
     <span class='ocr_line' id='line_1_46' title="bbox 483 2820 2067 2892; baseline 0.004 -18"><span class='ocrx_word' id='word_1_318' title='bbox 483 2834 590 2875; x_wconf 87' lang='lat' dir='ltr'><strong>non</strong></span> <span class='ocrx_word' id='word_1_319' title='bbox 635 2820 964 2891; x_wconf 88' lang='lat' dir='ltr'><strong>imponeres.</strong></span> <span class='ocrx_word' id='word_1_320' title='bbox 995 2820 1202 2876; x_wconf 66' lang='lat' dir='ltr'><strong>Caetera</strong></span> <span class='ocrx_word' id='word_1_321' title='bbox 1250 2837 1492 2892; x_wconf 89' lang='lat' dir='ltr'><strong>namque</strong></span> <span class='ocrx_word' id='word_1_322' title='bbox 1539 2823 1699 2888; x_wconf 88' lang='lat' dir='ltr'><strong>dixit,</strong></span> <span class='ocrx_word' id='word_1_323' title='bbox 1751 2826 2067 2880; x_wconf 77' lang='lat' dir='ltr'><strong>adverbium</strong></span> 
     </span>
    </p>
   </div>
   <div class='ocr_carea' id='block_1_47' title="bbox 485 2911 2069 2987">
    <p class='ocr_par' dir='ltr' id='par_1_47' title="bbox 485 2911 2069 2987">
     <span class='ocr_line' id='line_1_47' title="bbox 485 2911 2069 2987; baseline 0.006 -23"><span class='ocrx_word' id='word_1_324' title='bbox 485 2911 818 2966; x_wconf 71' lang='lat' dir='ltr'><strong>solummodo</strong></span> <span class='ocrx_word' id='word_1_325' title='bbox 846 2926 1195 2984; x_wconf 83' lang='lat' dir='ltr'><strong>nequaquam</strong></span> <span class='ocrx_word' id='word_1_326' title='bbox 1239 2914 1439 2982; x_wconf 90' lang='lat' dir='ltr'><strong>posuit.</strong></span> <span class='ocrx_word' id='word_1_327' title='bbox 1488 2914 1758 2985; x_wconf 85' lang='lat' dir='ltr'><strong>Quidquid</strong></span> <span class='ocrx_word' id='word_1_328' title='bbox 1810 2917 1974 2987; x_wconf 78' lang='lat' dir='ltr'><strong>igitur</strong></span> <span class='ocrx_word' id='word_1_329' title='bbox 2000 2932 2069 2974; x_wconf 81' lang='lat' dir='ltr'><strong>ex</strong></span> 
     </span>
    </p>
   </div>
   <div class='ocr_carea' id='block_1_48' title="bbox 474 3004 2060 3078">
    <p class='ocr_par' dir='ltr' id='par_1_48' title="bbox 474 3004 2060 3078">
     <span class='ocr_line' id='line_1_48' title="bbox 474 3004 2060 3078; baseline 0.003 -20"><span class='ocrx_word' id='word_1_330' title='bbox 474 3004 775 3058; x_wconf 82' lang='lat' dir='ltr'><strong>mendacio</strong></span> <span class='ocrx_word' id='word_1_331' title='bbox 803 3014 854 3058; x_wconf 93' lang='lat' dir='ltr'><strong>te</strong></span> <span class='ocrx_word' id='word_1_332' title='bbox 883 3004 1221 3059; x_wconf 88' lang='lat' dir='ltr'><strong>mendaciter</strong></span> <span class='ocrx_word' id='word_1_333' title='bbox 1255 3013 1535 3059; x_wconf 90' lang='lat' dir='ltr'><strong>astrttente</strong></span> <span class='ocrx_word' id='word_1_334' title='bbox 1557 3005 1850 3077; x_wconf 86' lang='lat' dir='ltr'><strong>colligitur,</strong></span> <span class='ocrx_word' id='word_1_335' title='bbox 1907 3009 2060 3078; x_wconf 54' lang='lat' dir='ltr'><strong>quid.</strong></span> 
     </span>
    </p>
   </div>
   <div class='ocr_carea' id='block_1_49' title="bbox 482 3093 2071 3167">
    <p class='ocr_par' dir='ltr' id='par_1_49' title="bbox 482 3093 2071 3167">
     <span class='ocr_line' id='line_1_49' title="bbox 482 3093 2071 3167; baseline 0.004 -19"><span class='ocrx_word' id='word_1_336' title='bbox 482 3093 613 3161; x_wconf 86' lang='lat' dir='ltr'><strong>quid</strong></span> <span class='ocrx_word' id='word_1_337' title='bbox 647 3093 897 3159; x_wconf 87' lang='lat' dir='ltr'><strong>infertur,</strong></span> <span class='ocrx_word' id='word_1_338' title='bbox 916 3095 1227 3149; x_wconf 85' lang='lat' dir='ltr'><strong>necessario</strong></span> <span class='ocrx_word' id='word_1_339' title='bbox 1252 3104 1421 3150; x_wconf 82' lang='lat' dir='ltr'><strong>totum</strong></span> <span class='ocrx_word' id='word_1_340' title='bbox 1449 3096 1792 3167; x_wconf 85' lang='lat' dir='ltr'><strong>dispargitur,</strong></span> <span class='ocrx_word' id='word_1_341' title='bbox 1831 3098 2071 3154; x_wconf 74' lang='lat' dir='ltr'><strong>infirma-</strong></span> 
     </span>
    </p>
   </div>
   <div class='ocr_carea' id='block_1_50' title="bbox 486 3186 2068 3261">
    <p class='ocr_par' dir='ltr' id='par_1_50' title="bbox 486 3186 2068 3261">
     <span class='ocr_line' id='line_1_50' title="bbox 486 3186 2068 3261; baseline 0.005 -23"><span class='ocrx_word' id='word_1_342' title='bbox 486 3194 595 3251; x_wconf 90' lang='lat' dir='ltr'><strong>tur,</strong></span> <span class='ocrx_word' id='word_1_343' title='bbox 623 3194 889 3239; x_wconf 86' lang='lat' dir='ltr'><strong>cassatur.</strong></span> <span class='ocrx_word' id='word_1_344' title='bbox 919 3186 993 3239; x_wconf 90' lang='lat' dir='ltr'><strong>De</strong></span> <span class='ocrx_word' id='word_1_345' title='bbox 1022 3201 1130 3255; x_wconf 90' lang='lat' dir='ltr'><strong>quo</strong></span> <span class='ocrx_word' id='word_1_346' title='bbox 1158 3188 1284 3256; x_wconf 87' lang='lat' dir='ltr'><strong>quia</strong></span> <span class='ocrx_word' id='word_1_347' title='bbox 1318 3186 1371 3240; x_wconf 90' lang='lat' dir='ltr'><strong>in</strong></span> <span class='ocrx_word' id='word_1_348' title='bbox 1406 3188 1772 3242; x_wconf 77' lang='lat' dir='ltr'><strong>anterior-ibus</strong></span> <span class='ocrx_word' id='word_1_349' title='bbox 1796 3190 1927 3245; x_wconf 83' lang='lat' dir='ltr'><strong>satis</strong></span> <span class='ocrx_word' id='word_1_350' title='bbox 1959 3192 2068 3261; x_wconf 87' lang='lat' dir='ltr'><strong>egi,</strong></span> 
     </span>
    </p>
   </div>
   <div class='ocr_carea' id='block_1_51' title="bbox 496 3272 1991 3349">
    <p class='ocr_par' dir='ltr' id='par_1_51' title="bbox 496 3272 1991 3349">
     <span class='ocr_line' id='line_1_51' title="bbox 496 3272 1991 3349; baseline 0.005 -22"><span class='ocrx_word' id='word_1_351' title='bbox 496 3272 649 3344; x_wconf 92' lang='lat' dir='ltr'><strong>plura</strong></span> <span class='ocrx_word' id='word_1_352' title='bbox 702 3274 791 3330; x_wconf 83' lang='lat' dir='ltr'><strong>hic</strong></span> <span class='ocrx_word' id='word_1_353' title='bbox 820 3274 999 3331; x_wconf 89' lang='lat' dir='ltr'><strong>dicere</strong></span> <span class='ocrx_word' id='word_1_354' title='bbox 1046 3277 1371 3331; x_wconf 90' lang='lat' dir='ltr'><strong>transiturus</strong></span> <span class='ocrx_word' id='word_1_355' title='bbox 1431 3278 1497 3332; x_wconf 90' lang='lat' dir='ltr'><strong>ad</strong></span> <span class='ocrx_word' id='word_1_356' title='bbox 1546 3276 1651 3333; x_wconf 89' lang='lat' dir='ltr'><strong>alia</strong></span> <span class='ocrx_word' id='word_1_357' title='bbox 1686 3282 1991 3349; x_wconf 86' lang='lat' dir='ltr'><strong>supersedi.</strong></span> 
     </span>
    </p>
   </div>
   <div class='ocr_carea' id='block_1_52' title="bbox 1132 3366 1425 3424">
    <p class='ocr_par' dir='ltr' id='par_1_52' title="bbox 1132 3366 1425 3424">
     <span class='ocr_line' id='line_1_52' title="bbox 1132 3366 1425 3424; baseline 0.01 -3"><span class='ocrx_word' id='word_1_358' title='bbox 1132 3366 1284 3422; x_wconf 86' lang='lat' dir='ltr'><strong>CAP.</strong></span> <span class='ocrx_word' id='word_1_359' title='bbox 1334 3368 1425 3424; x_wconf 77' lang='lat' dir='ltr'><strong>IX.</strong></span> 
     </span>
    </p>
   </div>
   <div class='ocr_carea' id='block_1_53' title="bbox 563 3455 2068 3533">
    <p class='ocr_par' dir='ltr' id='par_1_53' title="bbox 563 3455 2068 3533">
     <span class='ocr_line' id='line_1_53' title="bbox 563 3455 2068 3533; baseline 0.006 -23"><span class='ocrx_word' id='word_1_360' title='bbox 563 3455 800 3512; x_wconf 74' lang='lat' dir='ltr'><strong>Bsnsao.</strong></span> <span class='ocrx_word' id='word_1_361' title='bbox 841 3475 860 3509; x_wconf 69' lang='grc' dir='ltr'><em>ς</em></span> <span class='ocrx_word' id='word_1_362' title='bbox 891 3456 996 3513; x_wconf 90' lang='lat' dir='ltr'><strong>Per</strong></span> <span class='ocrx_word' id='word_1_363' title='bbox 1022 3460 1486 3514; x_wconf 91' lang='lat' dir='ltr'><strong>consecrationem</strong></span> <span class='ocrx_word' id='word_1_364' title='bbox 1515 3460 1705 3517; x_wconf 85' lang='lat' dir='ltr'><strong>altaris</strong></span> <span class='ocrx_word' id='word_1_365' title='bbox 1734 3458 1871 3518; x_wconf 85' lang='lat' dir='ltr'><strong>fiunt</strong></span> <span class='ocrx_word' id='word_1_366' title='bbox 1910 3462 2068 3533; x_wconf 88' lang='lat' dir='ltr'><strong>panis</strong></span> 
     </span>
    </p>
   </div>
   <div class='ocr_carea' id='block_1_54' title="bbox 490 3549 2069 3623">
    <p class='ocr_par' dir='ltr' id='par_1_54' title="bbox 490 3549 2069 3623">
     <span class='ocr_line' id='line_1_54' title="bbox 490 3549 2069 3623; baseline 0.006 -22"><span class='ocrx_word' id='word_1_367' title='bbox 490 3566 510 3601; x_wconf 74' lang='grc' dir='ltr'><strong><em>ι</em></strong></span> <span class='ocrx_word' id='word_1_368' title='bbox 541 3559 595 3604; x_wconf 90' lang='lat' dir='ltr'><strong>et</strong></span> <span class='ocrx_word' id='word_1_369' title='bbox 620 3549 801 3603; x_wconf 88' lang='lat' dir='ltr'><strong>vinum</strong></span> <span class='ocrx_word' id='word_1_370' title='bbox 826 3560 1223 3605; x_wconf 90' lang='lat' dir='ltr'><strong>sacramentum</strong></span> <span class='ocrx_word' id='word_1_371' title='bbox 1270 3551 1571 3623; x_wconf 88' lang='lat' dir='ltr'><strong>religionis,</strong></span> <span class='ocrx_word' id='word_1_372' title='bbox 1603 3570 1711 3608; x_wconf 91' lang='lat' dir='ltr'><strong>non</strong></span> <span class='ocrx_word' id='word_1_373' title='bbox 1737 3565 1795 3609; x_wconf 91' lang='lat' dir='ltr'><strong>ut</strong></span> <span class='ocrx_word' id='word_1_374' title='bbox 1819 3555 2069 3611; x_wconf 80' lang='lat' dir='ltr'><strong>desinant</strong></span> 
     </span>
    </p>
   </div>
   <div class='ocr_carea' id='block_1_55' title="bbox 497 3639 2071 3711">
    <p class='ocr_par' dir='ltr' id='par_1_55' title="bbox 497 3639 2071 3711">
     <span class='ocr_line' id='line_1_55' title="bbox 497 3639 2071 3711; baseline 0.008 -22"><span class='ocrx_word' id='word_1_375' title='bbox 497 3655 515 3687; x_wconf 73' lang='grc' dir='ltr'>ι</span> <span class='ocrx_word' id='word_1_376' title='bbox 538 3651 659 3691; x_wconf 92' lang='lat' dir='ltr'><strong>esse</strong></span> <span class='ocrx_word' id='word_1_377' title='bbox 685 3654 804 3708; x_wconf 73' lang='lat' dir='ltr'><strong>qua:</strong></span> <span class='ocrx_word' id='word_1_378' title='bbox 829 3649 1009 3705; x_wconf 89' lang='lat' dir='ltr'><strong>erant,</strong></span> <span class='ocrx_word' id='word_1_379' title='bbox 1041 3639 1133 3695; x_wconf 83' lang='lat' dir='ltr'><strong>sed</strong></span> <span class='ocrx_word' id='word_1_380' title='bbox 1166 3648 1223 3694; x_wconf 83' lang='grc' dir='ltr'>ιιι</span> <span class='ocrx_word' id='word_1_381' title='bbox 1249 3640 1356 3695; x_wconf 90' lang='lat' dir='ltr'><strong>sint</strong></span> <span class='ocrx_word' id='word_1_382' title='bbox 1383 3657 1503 3711; x_wconf 79' lang='lat' dir='ltr'><strong>qua:</strong></span> <span class='ocrx_word' id='word_1_383' title='bbox 1534 3653 1715 3709; x_wconf 88' lang='lat' dir='ltr'><strong>erant,</strong></span> <span class='ocrx_word' id='word_1_384' title='bbox 1745 3646 1881 3699; x_wconf 87' lang='lat' dir='ltr'><strong>etin</strong></span> <span class='ocrx_word' id='word_1_385' title='bbox 1919 3645 2071 3702; x_wconf 82' lang='lat' dir='ltr'><strong>aliud</strong></span> 
     </span>
    </p>
   </div>
   <div class='ocr_carea' id='block_1_56' title="bbox 490 3732 2067 3794">
    <p class='ocr_par' dir='ltr' id='par_1_56' title="bbox 490 3732 2067 3794">
     <span class='ocr_line' id='line_1_56' title="bbox 490 3732 2067 3794; baseline 0.009 -14"><span class='ocrx_word' id='word_1_386' title='bbox 490 3745 511 3779; x_wconf 69' lang='grc' dir='ltr'>ι</span> <span class='ocrx_word' id='word_1_387' title='bbox 543 3738 947 3785; x_wconf 87' lang='lat' dir='ltr'><strong>commutentur</strong></span> <span class='ocrx_word' id='word_1_388' title='bbox 1028 3732 1170 3787; x_wconf 90' lang='lat' dir='ltr'><strong>ouod</strong></span> <span class='ocrx_word' id='word_1_389' title='bbox 1214 3732 1344 3789; x_wconf 87' lang='lat' dir='ltr'><strong>dicit</strong></span> <span class='ocrx_word' id='word_1_390' title='bbox 1401 3735 1597 3791; x_wconf 83' lang='lat' dir='ltr'><strong>beatus</strong></span> <span class='ocrx_word' id='word_1_391' title='bbox 1644 3736 1969 3793; x_wconf 59' lang='lat' dir='ltr'><strong>Ambracius</strong></span> <span class='ocrx_word' id='word_1_392' title='bbox 2010 3738 2067 3794; x_wconf 87' lang='lat' dir='ltr'><strong>in</strong></span> 
     </span>
    </p>
   </div>
   <div class='ocr_carea' id='block_1_57' title="bbox 487 3818 1245 3880">
    <p class='ocr_par' dir='ltr' id='par_1_57' title="bbox 487 3818 1245 3880">
     <span class='ocr_line' id='line_1_57' title="bbox 487 3818 1245 3880; baseline 0.008 -7"><span class='ocrx_word' id='word_1_393' title='bbox 487 3837 505 3872; x_wconf 80' lang='grc' dir='ltr'>ι</span> <span class='ocrx_word' id='word_1_394' title='bbox 543 3818 680 3876; x_wconf 89' lang='lat' dir='ltr'><strong>libro</strong></span> <span class='ocrx_word' id='word_1_395' title='bbox 707 3820 783 3875; x_wconf 89' lang='lat' dir='ltr'><strong>De</strong></span> <span class='ocrx_word' id='word_1_396' title='bbox 813 3832 1191 3880; x_wconf 79' lang='lat' dir='ltr'><strong>sacramentis.</strong></span> <span class='ocrx_word' id='word_1_397' title='bbox 1223 3844 1245 3879; x_wconf 69' lang='grc' dir='ltr'><strong><em>ι</em></strong></span> 
     </span>
    </p>
   </div>
   <div class='ocr_carea' id='block_1_58' title="bbox 552 3900 2066 3989">
    <p class='ocr_par' dir='ltr' id='par_1_58' title="bbox 552 3900 2066 3989">
     <span class='ocr_line' id='line_1_58' title="bbox 552 3900 2066 3989; baseline 0.008 -24"><span class='ocrx_word' id='word_1_398' title='bbox 552 3909 755 3965; x_wconf 60' lang='lat' dir='ltr'><strong>Laure.</strong></span> <span class='ocrx_word' id='word_1_399' title='bbox 771 3911 814 3968; x_wconf 92' lang='grc' dir='ltr'>Ο</span> <span class='ocrx_word' id='word_1_400' title='bbox 830 3900 1424 3973; x_wconf 74' lang='lat' dir='ltr'><strong>mentemameutemlo</strong></span> <span class='ocrx_word' id='word_1_401' title='bbox 1437 3917 1708 3973; x_wconf 83' lang='lat' dir='ltr'><strong>hominem</strong></span> <span class='ocrx_word' id='word_1_402' title='bbox 1723 3919 2066 3989; x_wconf 91' lang='lat' dir='ltr'><strong>impudenter</strong></span> 
     </span>
    </p>
   </div>
   <div class='ocr_carea' id='block_1_59' title="bbox 482 4007 2064 4087">
    <p class='ocr_par' dir='ltr' id='par_1_59' title="bbox 482 4007 2064 4087">
     <span class='ocr_line' id='line_1_59' title="bbox 482 4007 2064 4087; baseline 0.008 -27"><span class='ocrx_word' id='word_1_403' title='bbox 482 4007 862 4063; x_wconf 81' lang='lat' dir='ltr'><strong>mentientem!</strong></span> <span class='ocrx_word' id='word_1_404' title='bbox 887 4026 921 4065; x_wconf 92' lang='grc' dir='ltr'>ο</span> <span class='ocrx_word' id='word_1_405' title='bbox 936 4009 1265 4087; x_wconf 77' lang='lat' dir='ltr'><strong>puniendam</strong></span> <span class='ocrx_word' id='word_1_406' title='bbox 1286 4014 1675 4069; x_wconf 85' lang='lat' dir='ltr'><strong>temeritatem!</strong></span> <span class='ocrx_word' id='word_1_407' title='bbox 1718 4015 2064 4072; x_wconf 90' lang='lat' dir='ltr'><strong>Ambrosium</strong></span> 
     </span>
    </p>
   </div>
   <div class='ocr_carea' id='block_1_60' title="bbox 482 4096 2063 4172">
    <p class='ocr_par' dir='ltr' id='par_1_60' title="bbox 482 4096 2063 4172">
     <span class='ocr_line' id='line_1_60' title="bbox 482 4096 2063 4172; baseline 0.008 -24"><span class='ocrx_word' id='word_1_408' title='bbox 482 4103 679 4151; x_wconf 76' lang='lat' dir='ltr'><strong>testem</strong></span> <span class='ocrx_word' id='word_1_409' title='bbox 705 4096 887 4152; x_wconf 81' lang='lat' dir='ltr'><strong>accire</strong></span> <span class='ocrx_word' id='word_1_410' title='bbox 905 4100 1208 4169; x_wconf 65' lang='lat' dir='ltr'><strong>praesumis,</strong></span> <span class='ocrx_word' id='word_1_411' title='bbox 1236 4103 1377 4172; x_wconf 91' lang='lat' dir='ltr'><strong>quod</strong></span> <span class='ocrx_word' id='word_1_412' title='bbox 1408 4103 1564 4172; x_wconf 85' lang='lat' dir='ltr'><strong>panis</strong></span> <span class='ocrx_word' id='word_1_413' title='bbox 1602 4112 1657 4158; x_wconf 90' lang='lat' dir='ltr'><strong>et</strong></span> <span class='ocrx_word' id='word_1_414' title='bbox 1686 4104 1868 4160; x_wconf 88' lang='lat' dir='ltr'><strong>vinum</strong></span> <span class='ocrx_word' id='word_1_415' title='bbox 1921 4108 2063 4162; x_wconf 88' lang='lat' dir='ltr'><strong>alta-</strong></span> 
     </span>
    </p>
   </div>
   <div class='ocr_carea' id='block_1_61' title="bbox 481 4187 2063 4271">
    <p class='ocr_par' dir='ltr' id='par_1_61' title="bbox 481 4187 2063 4271">
     <span class='ocr_line' id='line_1_61' title="bbox 481 4187 2063 4271; baseline 0.01 -29"><span class='ocrx_word' id='word_1_416' title='bbox 481 4187 563 4242; x_wconf 63' lang='grc' dir='ltr'><strong>ιί</strong></span> <span class='ocrx_word' id='word_1_417' title='bbox 599 4200 697 4258; x_wconf 76' lang='lat' dir='ltr'><strong>per</strong></span> <span class='ocrx_word' id='word_1_418' title='bbox 748 4193 1211 4247; x_wconf 86' lang='lat' dir='ltr'><strong>consecrationem</strong></span> <span class='ocrx_word' id='word_1_419' title='bbox 1264 4210 1374 4249; x_wconf 87' lang='lat' dir='ltr'><strong>non</strong></span> <span class='ocrx_word' id='word_1_420' title='bbox 1455 4195 1708 4251; x_wconf 88' lang='lat' dir='ltr'><strong>desinunt</strong></span> <span class='ocrx_word' id='word_1_421' title='bbox 1751 4213 1872 4254; x_wconf 90' lang='lat' dir='ltr'><strong>esse</strong></span> <span class='ocrx_word' id='word_1_422' title='bbox 1921 4204 2063 4271; x_wconf 88' lang='lat' dir='ltr'><strong>quod</strong></span> 
     </span>
    </p>
   </div>
   <div class='ocr_carea' id='block_1_62' title="bbox 478 4276 2061 4360">
    <p class='ocr_par' dir='ltr' id='par_1_62' title="bbox 478 4276 2061 4360">
     <span class='ocr_line' id='line_1_62' title="bbox 478 4276 2061 4360; baseline 0.012 -28"><span class='ocrx_word' id='word_1_423' title='bbox 478 4289 654 4348; x_wconf 88' lang='lat' dir='ltr'><strong>erant,</strong></span> <span class='ocrx_word' id='word_1_424' title='bbox 683 4283 777 4337; x_wconf 88' lang='lat' dir='ltr'><strong>sed</strong></span> <span class='ocrx_word' id='word_1_425' title='bbox 827 4294 1226 4342; x_wconf 89' lang='lat' dir='ltr'><strong>commutantur</strong></span> <span class='ocrx_word' id='word_1_426' title='bbox 1265 4285 1319 4341; x_wconf 89' lang='lat' dir='ltr'><strong>lu</strong></span> <span class='ocrx_word' id='word_1_427' title='bbox 1370 4286 1514 4343; x_wconf 88' lang='lat' dir='ltr'><strong>aliud</strong></span> <span class='ocrx_word' id='word_1_428' title='bbox 1552 4290 1694 4360; x_wconf 84' lang='lat' dir='ltr'><strong>quod</strong></span> <span class='ocrx_word' id='word_1_429' title='bbox 1720 4306 1826 4347; x_wconf 93' lang='lat' dir='ltr'><strong>non</strong></span> <span class='ocrx_word' id='word_1_430' title='bbox 1884 4276 2061 4351; x_wconf 71' lang='lat' dir='ltr'><strong>erant.</strong></span> 
     </span>
    </p>
   </div>
   <div class='ocr_carea' id='block_1_63' title="bbox 2174 1805 3749 1884">
    <p class='ocr_par' dir='ltr' id='par_1_63' title="bbox 2174 1805 3749 1884">
     <span class='ocr_line' id='line_1_63' title="bbox 2174 1805 3749 1884; baseline 0.004 -24"><span class='ocrx_word' id='word_1_431' title='bbox 2174 1807 2412 1860; x_wconf 89' lang='lat' dir='ltr'><strong>modum.</strong></span> <span class='ocrx_word' id='word_1_432' title='bbox 2434 1805 2518 1860; x_wconf 88' lang='lat' dir='ltr'><strong>Ad</strong></span> <span class='ocrx_word' id='word_1_433' title='bbox 2549 1806 2795 1863; x_wconf 88' lang='lat' dir='ltr'><strong>ultimum</strong></span> <span class='ocrx_word' id='word_1_434' title='bbox 2823 1810 3102 1878; x_wconf 69' lang='lat' dir='ltr'><strong>praemisso</strong></span> <span class='ocrx_word' id='word_1_435' title='bbox 3132 1808 3222 1864; x_wconf 93' lang='lat' dir='ltr'><strong>illo</strong></span> <span class='ocrx_word' id='word_1_436' title='bbox 3253 1826 3451 1881; x_wconf 87' lang='lat' dir='ltr'><strong>magno</strong></span> <span class='ocrx_word' id='word_1_437' title='bbox 3487 1828 3553 1868; x_wconf 89' lang='lat' dir='ltr'><strong>ac</strong></span> <span class='ocrx_word' id='word_1_438' title='bbox 3579 1813 3749 1884; x_wconf 83' lang='lat' dir='ltr'><strong>singu-</strong></span> 
     </span>
    </p>
   </div>
   <div class='ocr_carea' id='block_1_64' title="bbox 2173 1895 3750 1971">
    <p class='ocr_par' dir='ltr' id='par_1_64' title="bbox 2173 1895 3750 1971">
     <span class='ocr_line' id='line_1_64' title="bbox 2173 1895 3750 1971; baseline 0.007 -23"><span class='ocrx_word' id='word_1_439' title='bbox 2173 1895 2271 1950; x_wconf 90' lang='lat' dir='ltr'><strong>lari</strong></span> <span class='ocrx_word' id='word_1_440' title='bbox 2319 1896 2580 1953; x_wconf 87' lang='lat' dir='ltr'><strong>miraculo</strong></span> <span class='ocrx_word' id='word_1_441' title='bbox 2618 1898 2684 1953; x_wconf 91' lang='lat' dir='ltr'><strong>de</strong></span> <span class='ocrx_word' id='word_1_442' title='bbox 2712 1907 2869 1969; x_wconf 91' lang='lat' dir='ltr'><strong>partu</strong></span> <span class='ocrx_word' id='word_1_443' title='bbox 2922 1899 3160 1971; x_wconf 74' lang='lat' dir='ltr'><strong>Virginis</strong></span> <span class='ocrx_word' id='word_1_444' title='bbox 3182 1940 3198 1967; x_wconf 90' lang='lat'><strong>,</strong></span> <span class='ocrx_word' id='word_1_445' title='bbox 3229 1900 3449 1971; x_wconf 89' lang='lat' dir='ltr'><strong>inquit:</strong></span> <span class='ocrx_word' id='word_1_446' title='bbox 3515 1920 3534 1954; x_wconf 82' lang='lat' dir='ltr'><strong>r</strong></span> <span class='ocrx_word' id='word_1_447' title='bbox 3570 1902 3636 1956; x_wconf 86' lang='lat' dir='ltr'><strong>Et</strong></span> <span class='ocrx_word' id='word_1_448' title='bbox 3658 1905 3750 1959; x_wconf 85' lang='lat' dir='ltr'><strong>hoc</strong></span> 
     </span>
    </p>
   </div>
   <div class='ocr_carea' id='block_1_65' title="bbox 2172 1990 3748 2064">
    <p class='ocr_par' dir='ltr' id='par_1_65' title="bbox 2172 1990 3748 2064">
     <span class='ocr_line' id='line_1_65' title="bbox 2172 1990 3748 2064; baseline 0.006 -22"><span class='ocrx_word' id='word_1_449' title='bbox 2172 1990 2315 2059; x_wconf 84' lang='lat' dir='ltr'><strong>quod</strong></span> <span class='ocrx_word' id='word_1_450' title='bbox 2386 1991 2706 2047; x_wconf 75' lang='lat' dir='ltr'><strong>conficimus</strong></span> <span class='ocrx_word' id='word_1_451' title='bbox 2761 2006 2957 2061; x_wconf 89' lang='lat' dir='ltr'><strong>corpus</strong></span> <span class='ocrx_word' id='word_1_452' title='bbox 3005 2008 3073 2047; x_wconf 82' lang='lat' dir='ltr'><strong>ex</strong></span> <span class='ocrx_word' id='word_1_453' title='bbox 3108 1991 3329 2064; x_wconf 77' lang='lat' dir='ltr'><strong>Virgine</strong></span> <span class='ocrx_word' id='word_1_454' title='bbox 3370 2003 3473 2050; x_wconf 89' lang='lat' dir='ltr'><strong>est.</strong></span> <span class='ocrx_word' id='word_1_455' title='bbox 3516 2013 3534 2047; x_wconf 75' lang='grc' dir='ltr'><strong><em>ι</em></strong></span> <span class='ocrx_word' id='word_1_456' title='bbox 3564 1993 3635 2050; x_wconf 84' lang='lat' dir='ltr'><strong>Et</strong></span> <span class='ocrx_word' id='word_1_457' title='bbox 3689 2013 3748 2052; x_wconf 86' lang='lat' dir='ltr'><strong>ne</strong></span> 
     </span>
    </p>
   </div>
   <div class='ocr_carea' id='block_1_66' title="bbox 2172 2082 3747 2155">
    <p class='ocr_par' dir='ltr' id='par_1_66' title="bbox 2172 2082 3747 2155">
     <span class='ocr_line' id='line_1_66' title="bbox 2172 2082 3747 2155; baseline 0.004 -21"><span class='ocrx_word' id='word_1_458' title='bbox 2172 2089 2425 2134; x_wconf 88' lang='lat' dir='ltr'><strong>naturam</strong></span> <span class='ocrx_word' id='word_1_459' title='bbox 2491 2082 2748 2149; x_wconf 73' lang='lat' dir='ltr'><strong>potentia:</strong></span> <span class='ocrx_word' id='word_1_460' title='bbox 2803 2083 2999 2137; x_wconf 62' lang='lat' dir='ltr'><strong>divina!</strong></span> <span class='ocrx_word' id='word_1_461' title='bbox 3043 2098 3424 2154; x_wconf 75' lang='lat' dir='ltr'><strong>praeponeres,</strong></span> <span class='ocrx_word' id='word_1_462' title='bbox 3454 2085 3613 2155; x_wconf 84' lang='lat' dir='ltr'><strong>quasi</strong></span> <span class='ocrx_word' id='word_1_463' title='bbox 3652 2101 3747 2142; x_wconf 87' lang='lat' dir='ltr'><strong>uon</strong></span> 
     </span>
    </p>
   </div>
   <div class='ocr_carea' id='block_1_67' title="bbox 2171 2164 3748 2243">
    <p class='ocr_par' dir='ltr' id='par_1_67' title="bbox 2171 2164 3748 2243">
     <span class='ocr_line' id='line_1_67' title="bbox 2171 2164 3748 2243; baseline 0.003 -17"><span class='ocrx_word' id='word_1_464' title='bbox 2171 2173 2339 2243; x_wconf 89' lang='lat' dir='ltr'><strong>possit</strong></span> <span class='ocrx_word' id='word_1_465' title='bbox 2362 2164 2503 2226; x_wconf 84' lang='lat' dir='ltr'><strong>Deus</strong></span> <span class='ocrx_word' id='word_1_466' title='bbox 2531 2172 2816 2243; x_wconf 83' lang='lat' dir='ltr'><strong>cujuslibet</strong></span> <span class='ocrx_word' id='word_1_467' title='bbox 2848 2175 2923 2227; x_wconf 89' lang='lat' dir='ltr'><strong>rei</strong></span> <span class='ocrx_word' id='word_1_468' title='bbox 2954 2184 3165 2228; x_wconf 83' lang='lat' dir='ltr'><strong>mutare</strong></span> <span class='ocrx_word' id='word_1_469' title='bbox 3194 2186 3446 2229; x_wconf 86' lang='lat' dir='ltr'><strong>naturam</strong></span> <span class='ocrx_word' id='word_1_470' title='bbox 3465 2214 3483 2242; x_wconf 92' lang='lat'><strong>,</strong></span> <span class='ocrx_word' id='word_1_471' title='bbox 3524 2177 3748 2231; x_wconf 85' lang='lat' dir='ltr'><strong>occurrit</strong></span> 
     </span>
    </p>
   </div>
   <div class='ocr_carea' id='block_1_68' title="bbox 2171 2260 3746 2337">
    <p class='ocr_par' dir='ltr' id='par_1_68' title="bbox 2171 2260 3746 2337">
     <span class='ocr_line' id='line_1_68' title="bbox 2171 2260 3746 2337; baseline 0.003 -20"><span class='ocrx_word' id='word_1_472' title='bbox 2171 2263 2357 2317; x_wconf 86' lang='lat' dir='ltr'><strong>dicens</strong></span> <span class='ocrx_word' id='word_1_473' title='bbox 2382 2280 2449 2337; x_wconf 74' lang='lat' dir='ltr'><strong>:_t</strong></span> <span class='ocrx_word' id='word_1_474' title='bbox 2489 2260 2628 2329; x_wconf 85' lang='lat' dir='ltr'><strong>Quid</strong></span> <span class='ocrx_word' id='word_1_475' title='bbox 2657 2263 2743 2317; x_wconf 81' lang='lat' dir='ltr'><strong>hic</strong></span> <span class='ocrx_word' id='word_1_476' title='bbox 2760 2263 2957 2334; x_wconf 83' lang='lat' dir='ltr'><strong>quaeris</strong></span> <span class='ocrx_word' id='word_1_477' title='bbox 2976 2272 3179 2318; x_wconf 68' lang='lat' dir='ltr'><strong>natura:</strong></span> <span class='ocrx_word' id='word_1_478' title='bbox 3193 2265 3440 2319; x_wconf 81' lang='lat' dir='ltr'><strong>ordinem</strong></span> <span class='ocrx_word' id='word_1_479' title='bbox 3473 2265 3528 2319; x_wconf 91' lang='lat' dir='ltr'><strong>in</strong></span> <span class='ocrx_word' id='word_1_480' title='bbox 3550 2265 3746 2321; x_wconf 82' lang='lat' dir='ltr'><strong>Christi</strong></span> 
     </span>
    </p>
   </div>
   <div class='ocr_carea' id='block_1_69' title="bbox 2170 2356 3747 2426">
    <p class='ocr_par' dir='ltr' id='par_1_69' title="bbox 2170 2356 3747 2426">
     <span class='ocr_line' id='line_1_69' title="bbox 2170 2356 3747 2426; baseline 0.001 -17"><span class='ocrx_word' id='word_1_481' title='bbox 2170 2368 2422 2424; x_wconf 88' lang='lat' dir='ltr'><strong>corpore,</strong></span> <span class='ocrx_word' id='word_1_482' title='bbox 2440 2369 2563 2409; x_wconf 90' lang='lat' dir='ltr'><strong>cum</strong></span> <span class='ocrx_word' id='word_1_483' title='bbox 2583 2364 2778 2423; x_wconf 75' lang='lat' dir='ltr'><strong>prmter</strong></span> <span class='ocrx_word' id='word_1_484' title='bbox 2792 2363 3043 2410; x_wconf 87' lang='lat' dir='ltr'><strong>naturam</strong></span> <span class='ocrx_word' id='word_1_485' title='bbox 3072 2356 3144 2411; x_wconf 88' lang='lat' dir='ltr'><strong>sit</strong></span> <span class='ocrx_word' id='word_1_486' title='bbox 3174 2356 3289 2426; x_wconf 85' lang='lat' dir='ltr'><strong>ipse</strong></span> <span class='ocrx_word' id='word_1_487' title='bbox 3320 2356 3580 2411; x_wconf 87' lang='lat' dir='ltr'><strong>Dominus</strong></span> <span class='ocrx_word' id='word_1_488' title='bbox 3602 2356 3747 2412; x_wconf 54' lang='lat' dir='ltr'><strong>Iesus</strong></span> 
     </span>
    </p>
   </div>
   <div class='ocr_carea' id='block_1_70' title="bbox 2172 2446 3747 2519">
    <p class='ocr_par' dir='ltr' id='par_1_70' title="bbox 2172 2446 3747 2519">
     <span class='ocr_line' id='line_1_70' title="bbox 2172 2446 3747 2519; baseline 0.001 -18"><span class='ocrx_word' id='word_1_489' title='bbox 2172 2456 2358 2516; x_wconf 88' lang='lat' dir='ltr'><strong>partus</strong></span> <span class='ocrx_word' id='word_1_490' title='bbox 2368 2461 2434 2501; x_wconf 85' lang='lat' dir='ltr'><strong>ex</strong></span> <span class='ocrx_word' id='word_1_491' title='bbox 2456 2446 2700 2517; x_wconf 73' lang='lat' dir='ltr'><strong>Virgine?</strong></span> <span class='ocrx_word' id='word_1_492' title='bbox 2723 2467 2741 2500; x_wconf 76' lang='grc' dir='ltr'><strong><em>ι</em></strong></span> <span class='ocrx_word' id='word_1_493' title='bbox 2759 2446 2983 2502; x_wconf 88' lang='lat' dir='ltr'><strong>Sextum</strong></span> <span class='ocrx_word' id='word_1_494' title='bbox 3004 2449 3217 2519; x_wconf 71' lang='lat' dir='ltr'><strong>quoque</strong></span> <span class='ocrx_word' id='word_1_495' title='bbox 3234 2447 3309 2504; x_wconf 89' lang='lat' dir='ltr'><strong>De</strong></span> <span class='ocrx_word' id='word_1_496' title='bbox 3322 2450 3678 2505; x_wconf 88' lang='lat' dir='ltr'><strong>sacramentis</strong></span> <span class='ocrx_word' id='word_1_497' title='bbox 3692 2450 3747 2502; x_wconf 80' lang='lat' dir='ltr'><strong>li-</strong></span> 
     </span>
    </p>
   </div>
   <div class='ocr_carea' id='block_1_71' title="bbox 2171 2538 3745 2609">
    <p class='ocr_par' dir='ltr' id='par_1_71' title="bbox 2171 2538 3745 2609">
     <span class='ocr_line' id='line_1_71' title="bbox 2171 2538 3745 2609; baseline 0.003 -18"><span class='ocrx_word' id='word_1_498' title='bbox 2171 2538 2351 2603; x_wconf 91' lang='lat' dir='ltr'><strong>brum,</strong></span> <span class='ocrx_word' id='word_1_499' title='bbox 2374 2538 2429 2593; x_wconf 91' lang='lat' dir='ltr'><strong>in</strong></span> <span class='ocrx_word' id='word_1_500' title='bbox 2446 2553 2553 2609; x_wconf 88' lang='lat' dir='ltr'><strong>quo</strong></span> <span class='ocrx_word' id='word_1_501' title='bbox 2570 2552 2734 2608; x_wconf 88' lang='lat' dir='ltr'><strong>opere</strong></span> <span class='ocrx_word' id='word_1_502' title='bbox 2753 2539 3041 2609; x_wconf 64' lang='lat' dir='ltr'><strong>praefatum</strong></span> <span class='ocrx_word' id='word_1_503' title='bbox 3060 2540 3399 2595; x_wconf 85' lang='lat' dir='ltr'><strong>mendacium</strong></span> <span class='ocrx_word' id='word_1_504' title='bbox 3417 2554 3540 2596; x_wconf 89' lang='lat' dir='ltr'><strong>eum</strong></span> <span class='ocrx_word' id='word_1_505' title='bbox 3553 2540 3745 2596; x_wconf 88' lang='lat' dir='ltr'><strong>dixisse</strong></span> 
     </span>
    </p>
   </div>
   <div class='ocr_carea' id='block_1_72' title="bbox 2172 2628 3743 2702">
    <p class='ocr_par' dir='ltr' id='par_1_72' title="bbox 2172 2628 3743 2702">
     <span class='ocr_line' id='line_1_72' title="bbox 2172 2628 3743 2702; baseline 0.001 -18"><span class='ocrx_word' id='word_1_506' title='bbox 2172 2628 2820 2695; x_wconf 70' lang='lat' dir='ltr'><strong>utendaciteraﬂirmasti,</strong></span> <span class='ocrx_word' id='word_1_507' title='bbox 2839 2629 2916 2685; x_wconf 85' lang='lat' dir='ltr'><strong>sic</strong></span> <span class='ocrx_word' id='word_1_508' title='bbox 2931 2630 3118 2702; x_wconf 90' lang='lat' dir='ltr'><strong>incipit</strong></span> <span class='ocrx_word' id='word_1_509' title='bbox 3142 2644 3157 2685; x_wconf 88' lang='lat'><strong>:</strong></span> <span class='ocrx_word' id='word_1_510' title='bbox 3188 2650 3205 2683; x_wconf 89' lang='grc'><em>‹</em></span> <span class='ocrx_word' id='word_1_511' title='bbox 3229 2630 3554 2688; x_wconf 86' lang='lat' dir='ltr'><strong>Sicutverns</strong></span> <span class='ocrx_word' id='word_1_512' title='bbox 3566 2642 3649 2687; x_wconf 90' lang='lat' dir='ltr'><strong>est</strong></span> <span class='ocrx_word' id='word_1_513' title='bbox 3662 2633 3743 2687; x_wconf 90' lang='lat' dir='ltr'><strong>Dei</strong></span> 
     </span>
    </p>
   </div>
   <div class='ocr_carea' id='block_1_73' title="bbox 2171 2718 3744 2795">
    <p class='ocr_par' dir='ltr' id='par_1_73' title="bbox 2171 2718 3744 2795">
     <span class='ocr_line' id='line_1_73' title="bbox 2171 2718 3744 2795; baseline 0 -18"><span class='ocrx_word' id='word_1_514' title='bbox 2171 2723 2340 2779; x_wconf 82' lang='lat' dir='ltr'><strong>Filius</strong></span> <span class='ocrx_word' id='word_1_515' title='bbox 2368 2718 2628 2779; x_wconf 86' lang='lat' dir='ltr'><strong>Dominus</strong></span> <span class='ocrx_word' id='word_1_516' title='bbox 2650 2734 2840 2778; x_wconf 86' lang='lat' dir='ltr'><strong>noster</strong></span> <span class='ocrx_word' id='word_1_517' title='bbox 2867 2722 3025 2778; x_wconf 88' lang='lat' dir='ltr'><strong>Jesus</strong></span> <span class='ocrx_word' id='word_1_518' title='bbox 3072 2722 3323 2792; x_wconf 85' lang='lat' dir='ltr'><strong>Christus</strong></span> <span class='ocrx_word' id='word_1_519' title='bbox 3340 2764 3357 2787; x_wconf 90' lang='lat'><strong>,</strong></span> <span class='ocrx_word' id='word_1_520' title='bbox 3382 2739 3493 2779; x_wconf 91' lang='lat' dir='ltr'><strong>non</strong></span> <span class='ocrx_word' id='word_1_521' title='bbox 3519 2739 3744 2795; x_wconf 81' lang='lat' dir='ltr'><strong>pergra-</strong></span> 
     </span>
    </p>
   </div>
   <div class='ocr_carea' id='block_1_74' title="bbox 2172 2815 3745 2886">
    <p class='ocr_par' dir='ltr' id='par_1_74' title="bbox 2172 2815 3745 2886">
     <span class='ocr_line' id='line_1_74' title="bbox 2172 2815 3745 2886; baseline 0.001 -16"><span class='ocrx_word' id='word_1_522' title='bbox 2172 2826 2301 2871; x_wconf 86' lang='lat' dir='ltr'><strong>ttam</strong></span> <span class='ocrx_word' id='word_1_523' title='bbox 2331 2816 2783 2886; x_wconf 84' lang='lat' dir='ltr'><strong>quemadmodum</strong></span> <span class='ocrx_word' id='word_1_524' title='bbox 2813 2827 2992 2870; x_wconf 62' lang='lat' dir='ltr'><strong>caeteri</strong></span> <span class='ocrx_word' id='word_1_525' title='bbox 3050 2815 3333 2882; x_wconf 88' lang='lat' dir='ltr'><strong>homines,</strong></span> <span class='ocrx_word' id='word_1_526' title='bbox 3388 2830 3488 2871; x_wconf 81' lang='lat' dir='ltr'><strong>seu</strong></span> <span class='ocrx_word' id='word_1_527' title='bbox 3529 2830 3621 2886; x_wconf 90' lang='lat' dir='ltr'><strong>per</strong></span> <span class='ocrx_word' id='word_1_528' title='bbox 3650 2832 3745 2871; x_wconf 85' lang='lat' dir='ltr'><strong>na-</strong></span> 
     </span>
    </p>
   </div>
   <div class='ocr_carea' id='block_1_75' title="bbox 2172 2907 3747 2980">
    <p class='ocr_par' dir='ltr' id='par_1_75' title="bbox 2172 2907 3747 2980">
     <span class='ocr_line' id='line_1_75' title="bbox 2172 2907 3747 2980; baseline 0.001 -20"><span class='ocrx_word' id='word_1_529' title='bbox 2172 2914 2374 2971; x_wconf 87' lang='lat' dir='ltr'><strong>turam,</strong></span> <span class='ocrx_word' id='word_1_530' title='bbox 2416 2907 2489 2960; x_wconf 89' lang='lat' dir='ltr'><strong>ita</strong></span> <span class='ocrx_word' id='word_1_531' title='bbox 2518 2923 2645 2962; x_wconf 89' lang='lat' dir='ltr'><strong>vera</strong></span> <span class='ocrx_word' id='word_1_532' title='bbox 2677 2923 2807 2963; x_wconf 90' lang='lat' dir='ltr'><strong>caro</strong></span> <span class='ocrx_word' id='word_1_533' title='bbox 2835 2907 2951 2980; x_wconf 89' lang='lat' dir='ltr'><strong>ejus</strong></span> <span class='ocrx_word' id='word_1_534' title='bbox 2972 2916 3090 2974; x_wconf 88' lang='lat' dir='ltr'><strong>est,</strong></span> <span class='ocrx_word' id='word_1_535' title='bbox 3118 2923 3281 2978; x_wconf 90' lang='lat' dir='ltr'><strong>quam</strong></span> <span class='ocrx_word' id='word_1_536' title='bbox 3317 2908 3610 2978; x_wconf 82' lang='lat' dir='ltr'><strong>accipimus</strong></span> <span class='ocrx_word' id='word_1_537' title='bbox 3633 2948 3657 2974; x_wconf 89' lang='lat'><strong>,</strong></span> <span class='ocrx_word' id='word_1_538' title='bbox 3698 2918 3747 2965; x_wconf 88' lang='lat' dir='ltr'><strong>et</strong></span> 
     </span>
    </p>
   </div>
   <div class='ocr_carea' id='block_1_76' title="bbox 2176 2996 3745 3072">
    <p class='ocr_par' dir='ltr' id='par_1_76' title="bbox 2176 2996 3745 3072">
     <span class='ocr_line' id='line_1_76' title="bbox 2176 2996 3745 3072; baseline -0.001 -18"><span class='ocrx_word' id='word_1_539' title='bbox 2176 3015 2341 3054; x_wconf 79' lang='lat' dir='ltr'><strong>verus</strong></span> <span class='ocrx_word' id='word_1_540' title='bbox 2369 2996 2486 3067; x_wconf 90' lang='lat' dir='ltr'><strong>ejus</strong></span> <span class='ocrx_word' id='word_1_541' title='bbox 2515 3002 2737 3071; x_wconf 87' lang='lat' dir='ltr'><strong>sanguis</strong></span> <span class='ocrx_word' id='word_1_542' title='bbox 2757 3010 2843 3056; x_wconf 87' lang='lat' dir='ltr'><strong>est</strong></span> <span class='ocrx_word' id='word_1_543' title='bbox 2863 3016 3024 3070; x_wconf 87' lang='lat' dir='ltr'><strong>quent</strong></span> <span class='ocrx_word' id='word_1_544' title='bbox 3071 3010 3345 3072; x_wconf 87' lang='lat' dir='ltr'><strong>potamus.</strong></span> <span class='ocrx_word' id='word_1_545' title='bbox 3377 3020 3396 3053; x_wconf 71' lang='grc' dir='ltr'><strong><em>ι</em></strong></span> <span class='ocrx_word' id='word_1_546' title='bbox 3427 2999 3745 3059; x_wconf 80' lang='lat' dir='ltr'><strong>Paucissiuta</strong></span> 
     </span>
    </p>
   </div>
   <div class='ocr_carea' id='block_1_77' title="bbox 2178 3090 3745 3147">
    <p class='ocr_par' dir='ltr' id='par_1_77' title="bbox 2178 3090 3745 3147">
     <span class='ocr_line' id='line_1_77' title="bbox 2178 3090 3745 3147; baseline 0 -2"><span class='ocrx_word' id='word_1_547' title='bbox 2178 3092 2243 3145; x_wconf 72' lang='lat' dir='ltr'><strong>de</strong></span> <span class='ocrx_word' id='word_1_548' title='bbox 2275 3090 2459 3145; x_wconf 89' lang='lat' dir='ltr'><strong>multis</strong></span> <span class='ocrx_word' id='word_1_549' title='bbox 2508 3106 2594 3145; x_wconf 90' lang='lat' dir='ltr'><strong>me</strong></span> <span class='ocrx_word' id='word_1_550' title='bbox 2630 3090 2832 3146; x_wconf 83' lang='lat' dir='ltr'><strong>dixisse</strong></span> <span class='ocrx_word' id='word_1_551' title='bbox 2877 3091 3110 3146; x_wconf 84' lang='lat' dir='ltr'><strong>suﬂiciat</strong></span> <span class='ocrx_word' id='word_1_552' title='bbox 3169 3100 3227 3145; x_wconf 91' lang='lat' dir='ltr'><strong>ut</strong></span> <span class='ocrx_word' id='word_1_553' title='bbox 3253 3090 3485 3146; x_wconf 84' lang='lat' dir='ltr'><strong>lectores</strong></span> <span class='ocrx_word' id='word_1_554' title='bbox 3546 3099 3745 3147; x_wconf 80' lang='lat' dir='ltr'><strong>tuarum</strong></span> 
     </span>
    </p>
   </div>
   <div class='ocr_carea' id='block_1_78' title="bbox 2171 3170 3746 3254">
    <p class='ocr_par' dir='ltr' id='par_1_78' title="bbox 2171 3170 3746 3254">
     <span class='ocr_line' id='line_1_78' title="bbox 2171 3170 3746 3254; baseline 0.001 -18"><span class='ocrx_word' id='word_1_555' title='bbox 2171 3192 2334 3252; x_wconf 91' lang='lat' dir='ltr'><strong>atque</strong></span> <span class='ocrx_word' id='word_1_556' title='bbox 2396 3197 2639 3237; x_wconf 90' lang='lat' dir='ltr'><strong>mearum</strong></span> <span class='ocrx_word' id='word_1_557' title='bbox 2688 3183 3084 3239; x_wconf 88' lang='lat' dir='ltr'><strong>sententiarum</strong></span> <span class='ocrx_word' id='word_1_558' title='bbox 3136 3170 3521 3253; x_wconf 82' lang='lat' dir='ltr'><strong>perspicaciter</strong></span> <span class='ocrx_word' id='word_1_559' title='bbox 3591 3197 3746 3254; x_wconf 77' lang='lat' dir='ltr'><strong>agno-</strong></span> 
     </span>
    </p>
   </div>
   <div class='ocr_carea' id='block_1_79' title="bbox 2170 3273 3745 3345">
    <p class='ocr_par' dir='ltr' id='par_1_79' title="bbox 2170 3273 3745 3345">
     <span class='ocr_line' id='line_1_79' title="bbox 2170 3273 3745 3345; baseline 0.001 -17"><span class='ocrx_word' id='word_1_560' title='bbox 2170 3283 2326 3328; x_wconf 89' lang='lat' dir='ltr'><strong>scant</strong></span> <span class='ocrx_word' id='word_1_561' title='bbox 2382 3288 2493 3345; x_wconf 85' lang='lat' dir='ltr'><strong>qua</strong></span> <span class='ocrx_word' id='word_1_562' title='bbox 2538 3273 2730 3330; x_wconf 86' lang='lat' dir='ltr'><strong>fraude</strong></span> <span class='ocrx_word' id='word_1_563' title='bbox 2777 3274 2955 3345; x_wconf 81' lang='lat' dir='ltr'><strong>fingis</strong></span> <span class='ocrx_word' id='word_1_564' title='bbox 3002 3292 3112 3330; x_wconf 87' lang='lat' dir='ltr'><strong>non</strong></span> <span class='ocrx_word' id='word_1_565' title='bbox 3180 3276 3445 3342; x_wconf 84' lang='lat' dir='ltr'><strong>inventa;</strong></span> <span class='ocrx_word' id='word_1_566' title='bbox 3486 3290 3592 3345; x_wconf 80' lang='lat' dir='ltr'><strong>qua</strong></span> <span class='ocrx_word' id='word_1_567' title='bbox 3661 3290 3745 3329; x_wconf 78' lang='lat' dir='ltr'><strong>as-</strong></span> 
     </span>
    </p>
   </div>
   <div class='ocr_carea' id='block_1_80' title="bbox 2173 3364 3745 3438">
    <p class='ocr_par' dir='ltr' id='par_1_80' title="bbox 2173 3364 3745 3438">
     <span class='ocr_line' id='line_1_80' title="bbox 2173 3364 3745 3438; baseline 0.002 -20"><span class='ocrx_word' id='word_1_568' title='bbox 2173 3364 2310 3418; x_wconf 90' lang='lat' dir='ltr'><strong>tutia</strong></span> <span class='ocrx_word' id='word_1_569' title='bbox 2357 3365 2624 3433; x_wconf 87' lang='lat' dir='ltr'><strong>depravas</strong></span> <span class='ocrx_word' id='word_1_570' title='bbox 2660 3365 2881 3421; x_wconf 88' lang='lat' dir='ltr'><strong>inventa</strong></span> <span class='ocrx_word' id='word_1_571' title='bbox 2963 3381 3074 3437; x_wconf 87' lang='lat' dir='ltr'><strong>qua</strong></span> <span class='ocrx_word' id='word_1_572' title='bbox 3146 3366 3455 3438; x_wconf 80' lang='lat' dir='ltr'><strong>pervicacia</strong></span> <span class='ocrx_word' id='word_1_573' title='bbox 3517 3367 3575 3423; x_wconf 82' lang='lat' dir='ltr'><strong>in</strong></span> <span class='ocrx_word' id='word_1_574' title='bbox 3608 3366 3745 3423; x_wconf 78' lang='lat' dir='ltr'><strong>aliud</strong></span> 
     </span>
    </p>
   </div>
   <div class='ocr_carea' id='block_1_81' title="bbox 2170 3452 3741 3528">
    <p class='ocr_par' dir='ltr' id='par_1_81' title="bbox 2170 3452 3741 3528">
     <span class='ocr_line' id='line_1_81' title="bbox 2170 3452 3741 3528; baseline 0.001 -20"><span class='ocrx_word' id='word_1_575' title='bbox 2170 3452 2497 3523; x_wconf 84' lang='lat' dir='ltr'><strong>detorquere</strong></span> <span class='ocrx_word' id='word_1_576' title='bbox 2517 3456 2738 3510; x_wconf 84' lang='lat' dir='ltr'><strong>conaris</strong></span> <span class='ocrx_word' id='word_1_577' title='bbox 2767 3470 3107 3527; x_wconf 62' lang='lat' dir='ltr'><strong>quacunque</strong></span> <span class='ocrx_word' id='word_1_578' title='bbox 3130 3456 3395 3528; x_wconf 81' lang='lat' dir='ltr'><strong>relinquis</strong></span> <span class='ocrx_word' id='word_1_579' title='bbox 3436 3455 3626 3513; x_wconf 68' lang='lat' dir='ltr'><strong>illaesa.</strong></span> <span class='ocrx_word' id='word_1_580' title='bbox 3652 3454 3741 3512; x_wconf 86' lang='lat' dir='ltr'><strong>Cui</strong></span> 
     </span>
    </p>
   </div>
   <div class='ocr_carea' id='block_1_82' title="bbox 2170 3543 3744 3620">
    <p class='ocr_par' dir='ltr' id='par_1_82' title="bbox 2170 3543 3744 3620">
     <span class='ocr_line' id='line_1_82' title="bbox 2170 3543 3744 3620; baseline 0.001 -20"><span class='ocrx_word' id='word_1_581' title='bbox 2170 3545 2426 3614; x_wconf 70' lang='lat' dir='ltr'><strong>nequitiae</strong></span> <span class='ocrx_word' id='word_1_582' title='bbox 2454 3545 2601 3601; x_wconf 87' lang='lat' dir='ltr'><strong>nulla</strong></span> <span class='ocrx_word' id='word_1_583' title='bbox 2635 3543 2755 3603; x_wconf 90' lang='lat' dir='ltr'><strong>fere</strong></span> <span class='ocrx_word' id='word_1_584' title='bbox 2784 3547 3164 3604; x_wconf 80' lang='lat' dir='ltr'><strong>haereticorum</strong></span> <span class='ocrx_word' id='word_1_585' title='bbox 3187 3548 3431 3620; x_wconf 79' lang='lat' dir='ltr'><strong>pravitas</strong></span> <span class='ocrx_word' id='word_1_586' title='bbox 3454 3561 3488 3603; x_wconf 84' lang='lat' dir='ltr'><strong>a</strong></span> <span class='ocrx_word' id='word_1_587' title='bbox 3516 3557 3744 3618; x_wconf 83' lang='lat' dir='ltr'><strong>tempore</strong></span> 
     </span>
    </p>
   </div>
   <div class='ocr_carea' id='block_1_83' title="bbox 2169 3635 3740 3710">
    <p class='ocr_par' dir='ltr' id='par_1_83' title="bbox 2169 3635 3740 3710">
     <span class='ocr_line' id='line_1_83' title="bbox 2169 3635 3740 3710; baseline 0 -18"><span class='ocrx_word' id='word_1_588' title='bbox 2169 3635 2395 3692; x_wconf 83' lang='lat' dir='ltr'><strong>Luciani</strong></span> <span class='ocrx_word' id='word_1_589' title='bbox 2424 3646 2477 3692; x_wconf 92' lang='lat' dir='ltr'><strong>et</strong></span> <span class='ocrx_word' id='word_1_590' title='bbox 2500 3637 2682 3693; x_wconf 84' lang='lat' dir='ltr'><strong>lsicbii</strong></span> <span class='ocrx_word' id='word_1_591' title='bbox 2710 3638 2904 3694; x_wconf 82' lang='lat' dir='ltr'><strong>similis</strong></span> <span class='ocrx_word' id='word_1_592' title='bbox 2953 3639 3186 3707; x_wconf 81' lang='lat' dir='ltr'><strong>exstitit,</strong></span> <span class='ocrx_word' id='word_1_593' title='bbox 3236 3654 3472 3710; x_wconf 88' lang='lat' dir='ltr'><strong>quorum</strong></span> <span class='ocrx_word' id='word_1_594' title='bbox 3524 3647 3740 3708; x_wconf 81' lang='lat' dir='ltr'><strong>uterque</strong></span> 
     </span>
    </p>
   </div>
   <div class='ocr_carea' id='block_1_84' title="bbox 2168 3720 3738 3801">
    <p class='ocr_par' dir='ltr' id='par_1_84' title="bbox 2168 3720 3738 3801">
     <span class='ocr_line' id='line_1_84' title="bbox 2168 3720 3738 3801; baseline 0.001 -20"><span class='ocrx_word' id='word_1_595' title='bbox 2168 3727 2533 3799; x_wconf 86' lang='lat' dir='ltr'><strong>propheticas,</strong></span> <span class='ocrx_word' id='word_1_596' title='bbox 2558 3737 2614 3784; x_wconf 91' lang='lat' dir='ltr'><strong>et</strong></span> <span class='ocrx_word' id='word_1_597' title='bbox 2643 3728 2982 3801; x_wconf 88' lang='lat' dir='ltr'><strong>evangelicas</strong></span> <span class='ocrx_word' id='word_1_598' title='bbox 3033 3740 3198 3800; x_wconf 86' lang='lat' dir='ltr'><strong>atque</strong></span> <span class='ocrx_word' id='word_1_599' title='bbox 3232 3720 3563 3801; x_wconf 77' lang='lat' dir='ltr'><strong>apostolicus</strong></span> <span class='ocrx_word' id='word_1_600' title='bbox 3596 3727 3738 3785; x_wconf 85' lang='lat' dir='ltr'><strong>Scri-</strong></span> 
     </span>
    </p>
   </div>
   <div class='ocr_carea' id='block_1_85' title="bbox 2169 3820 3740 3894">
    <p class='ocr_par' dir='ltr' id='par_1_85' title="bbox 2169 3820 3740 3894">
     <span class='ocr_line' id='line_1_85' title="bbox 2169 3820 3740 3894; baseline -0.001 -16"><span class='ocrx_word' id='word_1_601' title='bbox 2169 3831 2357 3893; x_wconf 86' lang='lat' dir='ltr'><strong>pturas</strong></span> <span class='ocrx_word' id='word_1_602' title='bbox 2380 3821 2449 3877; x_wconf 89' lang='lat' dir='ltr'><strong>ad</strong></span> <span class='ocrx_word' id='word_1_603' title='bbox 2487 3838 2598 3878; x_wconf 79' lang='lat' dir='ltr'><strong>sua:</strong></span> <span class='ocrx_word' id='word_1_604' title='bbox 2621 3837 2798 3877; x_wconf 79' lang='lat' dir='ltr'><strong>causa:</strong></span> <span class='ocrx_word' id='word_1_605' title='bbox 2825 3823 3169 3879; x_wconf 91' lang='lat' dir='ltr'><strong>commodum</strong></span> <span class='ocrx_word' id='word_1_606' title='bbox 3209 3823 3547 3894; x_wconf 81' lang='lat' dir='ltr'><strong>depravavit.</strong></span> <span class='ocrx_word' id='word_1_607' title='bbox 3595 3820 3740 3889; x_wconf 67' lang='lat' dir='ltr'><strong>Quat-</strong></span> 
     </span>
    </p>
   </div>
   <div class='ocr_carea' id='block_1_86' title="bbox 2167 3913 3735 3985">
    <p class='ocr_par' dir='ltr' id='par_1_86' title="bbox 2167 3913 3735 3985">
     <span class='ocr_line' id='line_1_86' title="bbox 2167 3913 3735 3985; baseline 0.001 -18"><span class='ocrx_word' id='word_1_608' title='bbox 2167 3930 2275 3985; x_wconf 90' lang='lat' dir='ltr'><strong>que</strong></span> <span class='ocrx_word' id='word_1_609' title='bbox 2297 3913 2507 3970; x_wconf 85' lang='lat' dir='ltr'><strong>heresis</strong></span> <span class='ocrx_word' id='word_1_610' title='bbox 2552 3930 2740 3970; x_wconf 85' lang='lat' dir='ltr'><strong>sacras</strong></span> <span class='ocrx_word' id='word_1_611' title='bbox 2788 3915 3007 3985; x_wconf 90' lang='lat' dir='ltr'><strong>quidem</strong></span> <span class='ocrx_word' id='word_1_612' title='bbox 3044 3916 3253 3974; x_wconf 89' lang='lat' dir='ltr'><strong>litteras</strong></span> <span class='ocrx_word' id='word_1_613' title='bbox 3286 3914 3428 3971; x_wconf 88' lang='lat' dir='ltr'><strong>male</strong></span> <span class='ocrx_word' id='word_1_614' title='bbox 3468 3914 3735 3977; x_wconf 80' lang='lat' dir='ltr'><strong>intellexit,</strong></span> 
     </span>
    </p>
   </div>
   <div class='ocr_carea' id='block_1_87' title="bbox 2166 4004 3741 4062">
    <p class='ocr_par' dir='ltr' id='par_1_87' title="bbox 2166 4004 3741 4062">
     <span class='ocr_line' id='line_1_87' title="bbox 2166 4004 3741 4062; baseline -0.001 -2"><span class='ocrx_word' id='word_1_615' title='bbox 2166 4006 2261 4061; x_wconf 90' lang='lat' dir='ltr'><strong>sed</strong></span> <span class='ocrx_word' id='word_1_616' title='bbox 2289 4013 2467 4061; x_wconf 86' lang='lat' dir='ltr'><strong>tamen</strong></span> <span class='ocrx_word' id='word_1_617' title='bbox 2496 4006 2614 4061; x_wconf 92' lang='lat' dir='ltr'><strong>sine</strong></span> <span class='ocrx_word' id='word_1_618' title='bbox 2639 4004 2746 4061; x_wconf 91' lang='lat' dir='ltr'><strong>ulla</strong></span> <span class='ocrx_word' id='word_1_619' title='bbox 2781 4006 3063 4062; x_wconf 89' lang='lat' dir='ltr'><strong>eversione</strong></span> <span class='ocrx_word' id='word_1_620' title='bbox 3114 4022 3211 4061; x_wconf 87' lang='lat' dir='ltr'><strong>suo</strong></span> <span class='ocrx_word' id='word_1_621' title='bbox 3236 4020 3330 4061; x_wconf 90' lang='lat' dir='ltr'><strong>eas</strong></span> <span class='ocrx_word' id='word_1_622' title='bbox 3359 4014 3508 4061; x_wconf 90' lang='lat' dir='ltr'><strong>statu</strong></span> <span class='ocrx_word' id='word_1_623' title='bbox 3534 4016 3741 4060; x_wconf 72' lang='lat' dir='ltr'><strong>manete</strong></span> 
     </span>
    </p>
   </div>
   <div class='ocr_carea' id='block_1_88' title="bbox 2166 4084 3739 4166">
    <p class='ocr_par' dir='ltr' id='par_1_88' title="bbox 2166 4084 3739 4166">
     <span class='ocr_line' id='line_1_88' title="bbox 2166 4084 3739 4166; baseline -0.001 -17"><span class='ocrx_word' id='word_1_624' title='bbox 2166 4095 2431 4166; x_wconf 87' lang='lat' dir='ltr'><strong>permisit.</strong></span> <span class='ocrx_word' id='word_1_625' title='bbox 2471 4094 2528 4151; x_wconf 92' lang='lat' dir='ltr'><strong>ln</strong></span> <span class='ocrx_word' id='word_1_626' title='bbox 2579 4084 2776 4166; x_wconf 85' lang='lat' dir='ltr'><strong>quarto</strong></span> <span class='ocrx_word' id='word_1_627' title='bbox 2806 4110 2936 4150; x_wconf 89' lang='lat' dir='ltr'><strong>vero</strong></span> <span class='ocrx_word' id='word_1_628' title='bbox 2984 4095 3051 4150; x_wconf 90' lang='lat' dir='ltr'><strong>de</strong></span> <span class='ocrx_word' id='word_1_629' title='bbox 3108 4098 3739 4153; x_wconf 74' lang='lat' dir='ltr'><strong>saerameutissermoue</strong></span> 
     </span>
    </p>
   </div>
   <div class='ocr_carea' id='block_1_89' title="bbox 2165 4188 3736 4260">
    <p class='ocr_par' dir='ltr' id='par_1_89' title="bbox 2165 4188 3736 4260">
     <span class='ocr_line' id='line_1_89' title="bbox 2165 4188 3736 4260; baseline -0.001 -16"><span class='ocrx_word' id='word_1_630' title='bbox 2165 4205 2289 4245; x_wconf 89' lang='lat' dir='ltr'><strong>cum</strong></span> <span class='ocrx_word' id='word_1_631' title='bbox 2310 4188 2567 4260; x_wconf 69' lang='lat' dir='ltr'><strong>prtefatus</strong></span> <span class='ocrx_word' id='word_1_632' title='bbox 2591 4191 2782 4245; x_wconf 87' lang='lat' dir='ltr'><strong>doctor</strong></span> <span class='ocrx_word' id='word_1_633' title='bbox 2826 4197 3100 4260; x_wconf 86' lang='lat' dir='ltr'><strong>satageret</strong></span> <span class='ocrx_word' id='word_1_634' title='bbox 3122 4191 3428 4260; x_wconf 84' lang='lat' dir='ltr'><strong>approbare</strong></span> <span class='ocrx_word' id='word_1_635' title='bbox 3484 4205 3589 4244; x_wconf 87' lang='lat' dir='ltr'><strong>non</strong></span> <span class='ocrx_word' id='word_1_636' title='bbox 3623 4200 3736 4244; x_wconf 80' lang='lat' dir='ltr'><strong>esse</strong></span> 
     </span>
    </p>
   </div>
   <div class='ocr_carea' id='block_1_90' title="bbox 2167 4277 3737 4352">
    <p class='ocr_par' dir='ltr' id='par_1_90' title="bbox 2167 4277 3737 4352">
     <span class='ocr_line' id='line_1_90' title="bbox 2167 4277 3737 4352; baseline -0.002 -17"><span class='ocrx_word' id='word_1_637' title='bbox 2167 4281 2497 4347; x_wconf 87' lang='lat' dir='ltr'><strong>mirandum,</strong></span> <span class='ocrx_word' id='word_1_638' title='bbox 2543 4280 2590 4336; x_wconf 90' lang='lat' dir='ltr'><strong>si</strong></span> <span class='ocrx_word' id='word_1_639' title='bbox 2630 4296 2693 4336; x_wconf 90' lang='lat' dir='ltr'><strong>ea</strong></span> <span class='ocrx_word' id='word_1_640' title='bbox 2728 4296 2850 4351; x_wconf 77' lang='lat' dir='ltr'><strong>qua:</strong></span> <span class='ocrx_word' id='word_1_641' title='bbox 2879 4293 3006 4337; x_wconf 88' lang='lat' dir='ltr'><strong>sunt</strong></span> <span class='ocrx_word' id='word_1_642' title='bbox 3050 4281 3235 4337; x_wconf 87' lang='lat' dir='ltr'><strong>divina</strong></span> <span class='ocrx_word' id='word_1_643' title='bbox 3255 4281 3501 4352; x_wconf 87' lang='lat' dir='ltr'><strong>potentia</strong></span> <span class='ocrx_word' id='word_1_644' title='bbox 3529 4280 3583 4336; x_wconf 93' lang='lat' dir='ltr'><strong>in</strong></span> <span class='ocrx_word' id='word_1_645' title='bbox 3604 4277 3737 4335; x_wconf 80' lang='lat' dir='ltr'><strong>aliud</strong></span> 
     </span>
    </p>
   </div>
   <div class='ocr_carea' id='block_1_91' title="bbox 478 4369 2066 4466">
    <p class='ocr_par' dir='ltr' id='par_1_91' title="bbox 478 4369 2061 4456">
     <span class='ocr_line' id='line_1_91' title="bbox 478 4369 2061 4456; baseline 0.011 -31"><span class='ocrx_word' id='word_1_646' title='bbox 478 4369 548 4426; x_wconf 84' lang='lat' dir='ltr'><strong>Et</strong></span> <span class='ocrx_word' id='word_1_647' title='bbox 574 4371 791 4441; x_wconf 89' lang='lat' dir='ltr'><strong>quidem</strong></span> <span class='ocrx_word' id='word_1_648' title='bbox 814 4376 858 4428; x_wconf 91' lang='lat' dir='ltr'><strong>si</strong></span> <span class='ocrx_word' id='word_1_649' title='bbox 894 4377 962 4429; x_wconf 87' lang='lat' dir='ltr'><strong>de</strong></span> <span class='ocrx_word' id='word_1_650' title='bbox 1008 4377 1368 4433; x_wconf 85' lang='lat' dir='ltr'><strong>sacramentis</strong></span> <span class='ocrx_word' id='word_1_651' title='bbox 1405 4394 1500 4434; x_wconf 89' lang='lat' dir='ltr'><strong>seu</strong></span> <span class='ocrx_word' id='word_1_652' title='bbox 1532 4384 1742 4443; x_wconf 69' lang='lat' dir='ltr'><strong>caneris</strong></span> <span class='ocrx_word' id='word_1_653' title='bbox 1772 4386 1840 4441; x_wconf 89' lang='lat' dir='ltr'><strong>de</strong></span> <span class='ocrx_word' id='word_1_654' title='bbox 1865 4388 2061 4456; x_wconf 86' lang='lat' dir='ltr'><strong>quibus</strong></span> 
     </span>
    </p>
   </div>
   <div class='ocr_carea' id='block_1_92' title="bbox 2171 4369 3736 4466">
    <p class='ocr_par' dir='ltr' id='par_1_92' title="bbox 2171 4374 3736 4446">
     <span class='ocr_line' id='line_1_92' title="bbox 2171 4374 3736 4446; baseline 0.001 -20"><span class='ocrx_word' id='word_1_655' title='bbox 2171 4380 2449 4429; x_wconf 89' lang='lat' dir='ltr'><strong>transeant</strong></span> <span class='ocrx_word' id='word_1_656' title='bbox 2479 4413 2494 4439; x_wconf 94' lang='lat'><strong>,</strong></span> <span class='ocrx_word' id='word_1_657' title='bbox 2526 4385 2815 4444; x_wconf 88' lang='lat' dir='ltr'><strong>propterea</strong></span> <span class='ocrx_word' id='word_1_658' title='bbox 2833 4376 2977 4445; x_wconf 91' lang='lat' dir='ltr'><strong>quod</strong></span> <span class='ocrx_word' id='word_1_659' title='bbox 3005 4375 3119 4446; x_wconf 91' lang='lat' dir='ltr'><strong>ipsa</strong></span> <span class='ocrx_word' id='word_1_660' title='bbox 3150 4374 3608 4446; x_wconf 79' lang='lat' dir='ltr'><strong>quoquejubeute</strong></span> <span class='ocrx_word' id='word_1_661' title='bbox 3633 4387 3736 4429; x_wconf 83' lang='lat' dir='ltr'><strong>om-</strong></span> 
     </span>
    </p>
   </div>
   <div class='ocr_carea' id='block_1_93' title="bbox 478 4462 2068 4549">
    <p class='ocr_par' dir='ltr' id='par_1_93' title="bbox 478 4462 2068 4549">
     <span class='ocr_line' id='line_1_93' title="bbox 478 4462 2068 4549; baseline 0.012 -33"><span class='ocrx_word' id='word_1_662' title='bbox 478 4462 801 4520; x_wconf 87' lang='lat' dir='ltr'><strong>Atnbrosius</strong></span> <span class='ocrx_word' id='word_1_663' title='bbox 823 4466 1040 4537; x_wconf 84' lang='lat' dir='ltr'><strong>scripsit</strong></span> <span class='ocrx_word' id='word_1_664' title='bbox 1075 4483 1265 4523; x_wconf 91' lang='lat' dir='ltr'><strong>omnes</strong></span> <span class='ocrx_word' id='word_1_665' title='bbox 1289 4471 1532 4527; x_wconf 80' lang='lat' dir='ltr'><strong>revolvas</strong></span> <span class='ocrx_word' id='word_1_666' title='bbox 1582 4474 1750 4533; x_wconf 89' lang='lat' dir='ltr'><strong>libros</strong></span> <span class='ocrx_word' id='word_1_667' title='bbox 1772 4494 1908 4549; x_wconf 88' lang='lat' dir='ltr'><strong>quos</strong></span> <span class='ocrx_word' id='word_1_668' title='bbox 1966 4480 2068 4534; x_wconf 80' lang='lat' dir='ltr'><strong>Ec-</strong></span> 
     </span>
    </p>
   </div>
   <div class='ocr_carea' id='block_1_94' title="bbox 480 4552 2068 4634">
    <p class='ocr_par' dir='ltr' id='par_1_94' title="bbox 480 4552 2068 4634">
     <span class='ocr_line' id='line_1_94' title="bbox 480 4552 2068 4634; baseline 0.013 -29"><span class='ocrx_word' id='word_1_669' title='bbox 480 4552 646 4608; x_wconf 85' lang='lat' dir='ltr'><strong>clesia</strong></span> <span class='ocrx_word' id='word_1_670' title='bbox 683 4554 735 4609; x_wconf 94' lang='lat' dir='ltr'><strong>in</strong></span> <span class='ocrx_word' id='word_1_671' title='bbox 763 4572 861 4610; x_wconf 89' lang='lat' dir='ltr'><strong>usu</strong></span> <span class='ocrx_word' id='word_1_672' title='bbox 897 4572 1043 4613; x_wconf 87' lang='lat' dir='ltr'><strong>nunc</strong></span> <span class='ocrx_word' id='word_1_673' title='bbox 1068 4557 1253 4624; x_wconf 87' lang='lat' dir='ltr'><strong>habet,</strong></span> <span class='ocrx_word' id='word_1_674' title='bbox 1287 4559 1391 4617; x_wconf 87' lang='lat' dir='ltr'><strong>tale</strong></span> <span class='ocrx_word' id='word_1_675' title='bbox 1436 4561 1640 4634; x_wconf 87' lang='lat' dir='ltr'><strong>aliquid</strong></span> <span class='ocrx_word' id='word_1_676' title='bbox 1670 4567 1738 4621; x_wconf 92' lang='lat' dir='ltr'><strong>ab</strong></span> <span class='ocrx_word' id='word_1_677' title='bbox 1778 4568 2068 4626; x_wconf 82' lang='lat' dir='ltr'><strong>Ambrosio</strong></span> 
     </span>
    </p>
   </div>
   <div class='ocr_carea' id='block_1_95' title="bbox 479 4642 2066 4728">
    <p class='ocr_par' dir='ltr' id='par_1_95' title="bbox 479 4642 2066 4728">
     <span class='ocr_line' id='line_1_95' title="bbox 479 4642 2066 4728; baseline 0.012 -32"><span class='ocrx_word' id='word_1_678' title='bbox 479 4642 703 4706; x_wconf 86' lang='lat' dir='ltr'><strong>dictum.</strong></span> <span class='ocrx_word' id='word_1_679' title='bbox 740 4647 1028 4718; x_wconf 88' lang='lat' dir='ltr'><strong>taliterque</strong></span> <span class='ocrx_word' id='word_1_680' title='bbox 1057 4649 1360 4719; x_wconf 90' lang='lat' dir='ltr'><strong>expositum</strong></span> <span class='ocrx_word' id='word_1_681' title='bbox 1388 4669 1649 4725; x_wconf 87' lang='lat' dir='ltr'><strong>nusquam</strong></span> <span class='ocrx_word' id='word_1_682' title='bbox 1680 4658 1920 4728; x_wconf 89' lang='lat' dir='ltr'><strong>reperire</strong></span> <span class='ocrx_word' id='word_1_683' title='bbox 1968 4676 2066 4715; x_wconf 87' lang='lat' dir='ltr'><strong>va-</strong></span> 
     </span>
    </p>
   </div>
   <div class='ocr_carea' id='block_1_96' title="bbox 480 4733 2066 4817">
    <p class='ocr_par' dir='ltr' id='par_1_96' title="bbox 480 4733 2066 4817">
     <span class='ocr_line' id='line_1_96' title="bbox 480 4733 2066 4817; baseline 0.01 -30"><span class='ocrx_word' id='word_1_684' title='bbox 480 4733 635 4790; x_wconf 88' lang='lat' dir='ltr'><strong>lebis.</strong></span> <span class='ocrx_word' id='word_1_685' title='bbox 654 4734 807 4803; x_wconf 90' lang='lat' dir='ltr'><strong>Quod</strong></span> <span class='ocrx_word' id='word_1_686' title='bbox 835 4739 882 4793; x_wconf 91' lang='lat' dir='ltr'><strong>si</strong></span> <span class='ocrx_word' id='word_1_687' title='bbox 909 4739 1156 4803; x_wconf 88' lang='lat' dir='ltr'><strong>dixisset,</strong></span> <span class='ocrx_word' id='word_1_688' title='bbox 1185 4741 1612 4811; x_wconf 71' lang='lat' dir='ltr'><strong>praaclarissima:</strong></span> <span class='ocrx_word' id='word_1_689' title='bbox 1633 4744 1791 4800; x_wconf 81' lang='lat' dir='ltr'><strong>famae</strong></span> <span class='ocrx_word' id='word_1_690' title='bbox 1811 4762 1923 4802; x_wconf 80' lang='lat' dir='ltr'><strong>sua:</strong></span> <span class='ocrx_word' id='word_1_691' title='bbox 1946 4747 2066 4817; x_wconf 86' lang='lat' dir='ltr'><strong>plu-</strong></span> 
     </span>
    </p>
   </div>
   <div class='ocr_carea' id='block_1_97' title="bbox 480 4828 2066 4908">
    <p class='ocr_par' dir='ltr' id='par_1_97' title="bbox 480 4828 2066 4908">
     <span class='ocr_line' id='line_1_97' title="bbox 480 4828 2066 4908; baseline 0.011 -26"><span class='ocrx_word' id='word_1_692' title='bbox 480 4828 677 4884; x_wconf 87' lang='lat' dir='ltr'><strong>rimum</strong></span> <span class='ocrx_word' id='word_1_693' title='bbox 690 4832 1032 4900; x_wconf 86' lang='lat' dir='ltr'><strong>detraxisset,</strong></span> <span class='ocrx_word' id='word_1_694' title='bbox 1048 4835 1147 4890; x_wconf 92' lang='lat' dir='ltr'><strong>sibi</strong></span> <span class='ocrx_word' id='word_1_695' title='bbox 1166 4835 1264 4905; x_wconf 89' lang='lat' dir='ltr'><strong>ipsi</strong></span> <span class='ocrx_word' id='word_1_696' title='bbox 1279 4840 1587 4893; x_wconf 88' lang='lat' dir='ltr'><strong>contrarius</strong></span> <span class='ocrx_word' id='word_1_697' title='bbox 1608 4839 1927 4908; x_wconf 82' lang='lat' dir='ltr'><strong>exstitisset,</strong></span> <span class='ocrx_word' id='word_1_698' title='bbox 1952 4860 2066 4900; x_wconf 88' lang='lat' dir='ltr'><strong>rem</strong></span> 
     </span>
    </p>
   </div>
   <div class='ocr_carea' id='block_1_98' title="bbox 389 4921 2067 5003">
    <p class='ocr_par' dir='ltr' id='par_1_98' title="bbox 389 4921 2067 5003">
     <span class='ocr_line' id='line_1_98' title="bbox 389 4921 2067 5003; baseline 0.011 -28"><span class='ocrx_word' id='word_1_699' title='bbox 389 4949 393 4952; x_wconf 82' lang='lat'><strong><em>~</em></strong></span> <span class='ocrx_word' id='word_1_700' title='bbox 484 4921 859 4981; x_wconf 83' lang='lat' dir='ltr'><strong>incredibilem</strong></span> <span class='ocrx_word' id='word_1_701' title='bbox 911 4928 1236 4984; x_wconf 86' lang='lat' dir='ltr'><strong>credendam</strong></span> <span class='ocrx_word' id='word_1_702' title='bbox 1304 4945 1423 4986; x_wconf 89' lang='lat' dir='ltr'><strong>esse</strong></span> <span class='ocrx_word' id='word_1_703' title='bbox 1482 4932 1873 4988; x_wconf 90' lang='lat' dir='ltr'><strong>constituisset.</strong></span> <span class='ocrx_word' id='word_1_704' title='bbox 1936 4934 2067 5003; x_wconf 83' lang='lat' dir='ltr'><strong>Quis</strong></span> 
     </span>
    </p>
   </div>
   <div class='ocr_carea' id='block_1_99' title="bbox 480 5014 2065 5089">
    <p class='ocr_par' dir='ltr' id='par_1_99' title="bbox 480 5014 2065 5089">
     <span class='ocr_line' id='line_1_99' title="bbox 480 5014 2065 5089; baseline 0.011 -23"><span class='ocrx_word' id='word_1_705' title='bbox 480 5014 626 5068; x_wconf 90' lang='lat' dir='ltr'><strong>enim</strong></span> <span class='ocrx_word' id='word_1_706' title='bbox 653 5029 873 5086; x_wconf 91' lang='lat' dir='ltr'><strong>compos</strong></span> <span class='ocrx_word' id='word_1_707' title='bbox 901 5016 983 5071; x_wconf 89' lang='lat' dir='ltr'><strong>sui</strong></span> <span class='ocrx_word' id='word_1_708' title='bbox 1012 5019 1197 5073; x_wconf 91' lang='lat' dir='ltr'><strong>credat</strong></span> <span class='ocrx_word' id='word_1_709' title='bbox 1250 5035 1363 5075; x_wconf 90' lang='lat' dir='ltr'><strong>rem</strong></span> <span class='ocrx_word' id='word_1_710' title='bbox 1415 5021 1652 5089; x_wconf 89' lang='lat' dir='ltr'><strong>aliquam</strong></span> <span class='ocrx_word' id='word_1_711' title='bbox 1707 5026 1951 5080; x_wconf 90' lang='lat' dir='ltr'><strong>converti</strong></span> <span class='ocrx_word' id='word_1_712' title='bbox 2010 5027 2065 5084; x_wconf 86' lang='lat' dir='ltr'><strong>in</strong></span> 
     </span>
    </p>
   </div>
   <div class='ocr_carea' id='block_1_100' title="bbox 482 5106 2066 5187">
    <p class='ocr_par' dir='ltr' id='par_1_100' title="bbox 482 5106 2066 5187">
     <span class='ocr_line' id='line_1_100' title="bbox 482 5106 2066 5187; baseline 0.009 -27"><span class='ocrx_word' id='word_1_713' title='bbox 482 5106 787 5172; x_wconf 91' lang='lat' dir='ltr'><strong>aliam,nec</strong></span> <span class='ocrx_word' id='word_1_714' title='bbox 819 5119 995 5164; x_wconf 89' lang='lat' dir='ltr'><strong>tamen</strong></span> <span class='ocrx_word' id='word_1_715' title='bbox 1048 5111 1100 5163; x_wconf 92' lang='lat' dir='ltr'><strong>in</strong></span> <span class='ocrx_word' id='word_1_716' title='bbox 1153 5125 1216 5164; x_wconf 90' lang='lat' dir='ltr'><strong>ea</strong></span> <span class='ocrx_word' id='word_1_717' title='bbox 1249 5120 1403 5180; x_wconf 89' lang='lat' dir='ltr'><strong>parte</strong></span> <span class='ocrx_word' id='word_1_718' title='bbox 1450 5112 1701 5169; x_wconf 90' lang='lat' dir='ltr'><strong>desinere</strong></span> <span class='ocrx_word' id='word_1_719' title='bbox 1753 5129 1874 5171; x_wconf 89' lang='lat' dir='ltr'><strong>esse</strong></span> <span class='ocrx_word' id='word_1_720' title='bbox 1920 5120 2066 5187; x_wconf 90' lang='lat' dir='ltr'><strong>quod</strong></span> 
     </span>
    </p>
   </div>
   <div class='ocr_carea' id='block_1_101' title="bbox 480 5197 2062 5273">
    <p class='ocr_par' dir='ltr' id='par_1_101' title="bbox 480 5197 2062 5273">
     <span class='ocr_line' id='line_1_101' title="bbox 480 5197 2062 5273; baseline 0.008 -23"><span class='ocrx_word' id='word_1_721' title='bbox 480 5198 632 5250; x_wconf 82' lang='lat' dir='ltr'><strong>erat?</strong></span> <span class='ocrx_word' id='word_1_722' title='bbox 656 5197 764 5253; x_wconf 90' lang='lat' dir='ltr'><strong>Sed</strong></span> <span class='ocrx_word' id='word_1_723' title='bbox 794 5199 992 5253; x_wconf 87' lang='lat' dir='ltr'><strong>veritas</strong></span> <span class='ocrx_word' id='word_1_724' title='bbox 1027 5200 1165 5267; x_wconf 82' lang='lat' dir='ltr'><strong>ipsa,</strong></span> <span class='ocrx_word' id='word_1_725' title='bbox 1193 5214 1312 5268; x_wconf 69' lang='lat' dir='ltr'><strong>quae</strong></span> <span class='ocrx_word' id='word_1_726' title='bbox 1340 5200 1482 5255; x_wconf 91' lang='lat' dir='ltr'><strong>Deus</strong></span> <span class='ocrx_word' id='word_1_727' title='bbox 1530 5211 1633 5268; x_wconf 91' lang='lat' dir='ltr'><strong>est,</strong></span> <span class='ocrx_word' id='word_1_728' title='bbox 1682 5204 1869 5273; x_wconf 90' lang='lat' dir='ltr'><strong>procul</strong></span> <span class='ocrx_word' id='word_1_729' title='bbox 1918 5221 2062 5261; x_wconf 86' lang='lat' dir='ltr'><strong>scm-</strong></span> 
     </span>
    </p>
   </div>
   <div class='ocr_carea' id='block_1_102' title="bbox 480 5288 2063 5355">
    <p class='ocr_par' dir='ltr' id='par_1_102' title="bbox 480 5288 2063 5355">
     <span class='ocr_line' id='line_1_102' title="bbox 480 5288 2063 5355; baseline 0.011 -17"><span class='ocrx_word' id='word_1_730' title='bbox 480 5300 580 5354; x_wconf 89' lang='lat' dir='ltr'><strong>per</strong></span> <span class='ocrx_word' id='word_1_731' title='bbox 607 5297 818 5343; x_wconf 85' lang='lat' dir='ltr'><strong>avertat</strong></span> <span class='ocrx_word' id='word_1_732' title='bbox 841 5297 901 5341; x_wconf 89' lang='lat' dir='ltr'><strong>ut</strong></span> <span class='ocrx_word' id='word_1_733' title='bbox 928 5288 1080 5342; x_wconf 89' lang='lat' dir='ltr'><strong>testis</strong></span> <span class='ocrx_word' id='word_1_734' title='bbox 1108 5289 1352 5345; x_wconf 85' lang='lat' dir='ltr'><strong>veritatis</strong></span> <span class='ocrx_word' id='word_1_735' title='bbox 1381 5300 1568 5346; x_wconf 87' lang='lat' dir='ltr'><strong>contra</strong></span> <span class='ocrx_word' id='word_1_736' title='bbox 1598 5294 1884 5350; x_wconf 88' lang='lat' dir='ltr'><strong>veritatem</strong></span> <span class='ocrx_word' id='word_1_737' title='bbox 1913 5300 2063 5355; x_wconf 74' lang='lat' dir='ltr'><strong>testis</strong></span> 
     </span>
    </p>
   </div>
   <div class='ocr_carea' id='block_1_103' title="bbox 482 5374 2064 5455">
    <p class='ocr_par' dir='ltr' id='par_1_103' title="bbox 482 5374 2064 5455">
     <span class='ocr_line' id='line_1_103' title="bbox 482 5374 2064 5455; baseline 0.012 -28"><span class='ocrx_word' id='word_1_738' title='bbox 482 5374 702 5430; x_wconf 90' lang='lat' dir='ltr'><strong>existat.</strong></span> <span class='ocrx_word' id='word_1_739' title='bbox 736 5377 933 5445; x_wconf 84' lang='lat' dir='ltr'><strong>Accipe</strong></span> <span class='ocrx_word' id='word_1_740' title='bbox 954 5377 1134 5446; x_wconf 87' lang='lat' dir='ltr'><strong>potius</strong></span> <span class='ocrx_word' id='word_1_741' title='bbox 1161 5378 1289 5447; x_wconf 89' lang='lat' dir='ltr'><strong>quid</strong></span> <span class='ocrx_word' id='word_1_742' title='bbox 1320 5379 1370 5433; x_wconf 94' lang='lat' dir='ltr'><strong>in</strong></span> <span class='ocrx_word' id='word_1_743' title='bbox 1402 5379 1537 5435; x_wconf 90' lang='lat' dir='ltr'><strong>libro</strong></span> <span class='ocrx_word' id='word_1_744' title='bbox 1564 5381 1638 5438; x_wconf 90' lang='lat' dir='ltr'><strong>De</strong></span> <span class='ocrx_word' id='word_1_745' title='bbox 1654 5386 1929 5455; x_wconf 88' lang='lat' dir='ltr'><strong>mysteriis</strong></span> <span class='ocrx_word' id='word_1_746' title='bbox 1951 5388 2064 5446; x_wconf 86' lang='lat' dir='ltr'><strong>sive</strong></span> 
     </span>
    </p>
   </div>
   <div class='ocr_carea' id='block_1_104' title="bbox 484 5467 2060 5543">
    <p class='ocr_par' dir='ltr' id='par_1_104' title="bbox 484 5467 2060 5543">
     <span class='ocr_line' id='line_1_104' title="bbox 484 5467 2060 5543; baseline 0.008 -22"><span class='ocrx_word' id='word_1_747' title='bbox 484 5467 760 5522; x_wconf 84' lang='lat' dir='ltr'><strong>initiandis</strong></span> <span class='ocrx_word' id='word_1_748' title='bbox 789 5467 955 5522; x_wconf 89' lang='lat' dir='ltr'><strong>dicat.</strong></span> <span class='ocrx_word' id='word_1_749' title='bbox 988 5467 1183 5524; x_wconf 85' lang='lat' dir='ltr'><strong>Volens</strong></span> <span class='ocrx_word' id='word_1_750' title='bbox 1225 5470 1370 5525; x_wconf 91' lang='lat' dir='ltr'><strong>enim</strong></span> <span class='ocrx_word' id='word_1_751' title='bbox 1404 5470 1829 5543; x_wconf 87' lang='lat' dir='ltr'><strong>discrepantiam</strong></span> <span class='ocrx_word' id='word_1_752' title='bbox 1878 5488 2060 5533; x_wconf 83' lang='lat' dir='ltr'><strong>osten-</strong></span> 
     </span>
    </p>
   </div>
   <div class='ocr_carea' id='block_1_105' title="bbox 417 5555 2061 5623">
    <p class='ocr_par' dir='ltr' id='par_1_105' title="bbox 417 5555 2061 5623">
     <span class='ocr_line' id='line_1_105' title="bbox 417 5555 2061 5623; baseline 0.008 -13"><span class='ocrx_word' id='word_1_753' title='bbox 417 5555 432 5569; x_wconf 80' lang='grc'><strong><em>⁸</em></strong></span> <span class='ocrx_word' id='word_1_754' title='bbox 487 5556 621 5613; x_wconf 89' lang='lat' dir='ltr'><strong>dere</strong></span> <span class='ocrx_word' id='word_1_755' title='bbox 646 5557 787 5611; x_wconf 85' lang='lat' dir='ltr'><strong>inter</strong></span> <span class='ocrx_word' id='word_1_756' title='bbox 811 5571 1005 5613; x_wconf 87' lang='lat' dir='ltr'><strong>manna</strong></span> <span class='ocrx_word' id='word_1_757' title='bbox 1029 5556 1335 5615; x_wconf 65' lang='lat' dir='ltr'><strong>Judmorttm</strong></span> <span class='ocrx_word' id='word_1_758' title='bbox 1366 5571 1421 5617; x_wconf 91' lang='lat' dir='ltr'><strong>et</strong></span> <span class='ocrx_word' id='word_1_759' title='bbox 1442 5563 1769 5621; x_wconf 79' lang='lat' dir='ltr'><strong>sacrificium</strong></span> <span class='ocrx_word' id='word_1_760' title='bbox 1792 5564 2061 5623; x_wconf 86' lang='lat' dir='ltr'><strong>Christia-</strong></span> 
     </span>
    </p>
   </div>
   <div class='ocr_carea' id='block_1_106' title="bbox 486 5650 2056 5732">
    <p class='ocr_par' dir='ltr' id='par_1_106' title="bbox 486 5650 2056 5732">
     <span class='ocr_line' id='line_1_106' title="bbox 486 5650 2056 5732; baseline 0.008 -31"><span class='ocrx_word' id='word_1_761' title='bbox 486 5662 707 5717; x_wconf 84' lang='lat' dir='ltr'><strong>norum,</strong></span> <span class='ocrx_word' id='word_1_762' title='bbox 729 5664 823 5719; x_wconf 87' lang='lat' dir='ltr'><strong>per</strong></span> <span class='ocrx_word' id='word_1_763' title='bbox 849 5650 951 5707; x_wconf 86' lang='lat' dir='ltr'><strong>hoc</strong></span> <span class='ocrx_word' id='word_1_764' title='bbox 975 5650 1224 5708; x_wconf 65' lang='lat' dir='ltr'><strong>videlicet</strong></span> <span class='ocrx_word' id='word_1_765' title='bbox 1252 5654 1379 5725; x_wconf 89' lang='lat' dir='ltr'><strong>quia</strong></span> <span class='ocrx_word' id='word_1_766' title='bbox 1402 5654 1534 5710; x_wconf 89' lang='lat' dir='ltr'><strong>illud</strong></span> <span class='ocrx_word' id='word_1_767' title='bbox 1562 5656 1754 5713; x_wconf 87' lang='lat' dir='ltr'><strong>umbra</strong></span> <span class='ocrx_word' id='word_1_768' title='bbox 1802 5666 1859 5713; x_wconf 91' lang='lat' dir='ltr'><strong>et</strong></span> <span class='ocrx_word' id='word_1_769' title='bbox 1884 5656 2056 5732; x_wconf 83' lang='lat' dir='ltr'><strong>figura</strong></span> 
     </span>
    </p>
   </div>
   <div class='ocr_carea' id='block_1_107' title="bbox 2174 4463 3735 4538">
    <p class='ocr_par' dir='ltr' id='par_1_107' title="bbox 2174 4463 3735 4538">
     <span class='ocr_line' id='line_1_107' title="bbox 2174 4463 3735 4538; baseline 0.002 -22"><span class='ocrx_word' id='word_1_770' title='bbox 2174 4463 2263 4517; x_wconf 90' lang='lat' dir='ltr'><strong>nia</strong></span> <span class='ocrx_word' id='word_1_771' title='bbox 2287 4478 2356 4518; x_wconf 90' lang='lat' dir='ltr'><strong>ex</strong></span> <span class='ocrx_word' id='word_1_772' title='bbox 2384 4464 2552 4519; x_wconf 85' lang='lat' dir='ltr'><strong>nihilo</strong></span> <span class='ocrx_word' id='word_1_773' title='bbox 2581 4463 2721 4519; x_wconf 81' lang='lat' dir='ltr'><strong>facta</strong></span> <span class='ocrx_word' id='word_1_774' title='bbox 2755 4465 3053 4521; x_wconf 87' lang='lat' dir='ltr'><strong>subsistant</strong></span> <span class='ocrx_word' id='word_1_775' title='bbox 3094 4466 3375 4535; x_wconf 81' lang='lat' dir='ltr'><strong>subjunin</strong></span> <span class='ocrx_word' id='word_1_776' title='bbox 3404 4483 3419 4523; x_wconf 89' lang='lat'><strong>:</strong></span> <span class='ocrx_word' id='word_1_777' title='bbox 3456 4484 3479 4520; x_wconf 83' lang='lat' dir='ltr'><strong>r</strong></span> <span class='ocrx_word' id='word_1_778' title='bbox 3509 4466 3564 4522; x_wconf 86' lang='lat' dir='ltr'><strong>Si</strong></span> <span class='ocrx_word' id='word_1_779' title='bbox 3588 4465 3735 4538; x_wconf 85' lang='lat' dir='ltr'><strong>igitur</strong></span> 
     </span>
    </p>
   </div>
   <div class='ocr_carea' id='block_1_108' title="bbox 2170 4555 3731 4630">
    <p class='ocr_par' dir='ltr' id='par_1_108' title="bbox 2170 4555 3731 4630">
     <span class='ocr_line' id='line_1_108' title="bbox 2170 4555 3731 4630; baseline 0 -21"><span class='ocrx_word' id='word_1_780' title='bbox 2170 4562 2322 4609; x_wconf 87' lang='lat' dir='ltr'><strong>tanta</strong></span> <span class='ocrx_word' id='word_1_781' title='bbox 2350 4555 2435 4610; x_wconf 83' lang='lat' dir='ltr'><strong>vis</strong></span> <span class='ocrx_word' id='word_1_782' title='bbox 2463 4565 2548 4611; x_wconf 88' lang='lat' dir='ltr'><strong>est</strong></span> <span class='ocrx_word' id='word_1_783' title='bbox 2579 4555 2631 4610; x_wconf 88' lang='lat' dir='ltr'><strong>itt</strong></span> <span class='ocrx_word' id='word_1_784' title='bbox 2657 4571 2909 4613; x_wconf 78' lang='lat' dir='ltr'><strong>sermone</strong></span> <span class='ocrx_word' id='word_1_785' title='bbox 2928 4556 3142 4613; x_wconf 88' lang='lat' dir='ltr'><strong>Domini</strong></span> <span class='ocrx_word' id='word_1_786' title='bbox 3186 4556 3315 4614; x_wconf 76' lang='lat' dir='ltr'><strong>Jesu</strong></span> <span class='ocrx_word' id='word_1_787' title='bbox 3341 4566 3403 4614; x_wconf 92' lang='lat' dir='ltr'><strong>ut</strong></span> <span class='ocrx_word' id='word_1_788' title='bbox 3453 4557 3731 4630; x_wconf 85' lang='lat' dir='ltr'><strong>inciperent</strong></span> 
     </span>
    </p>
   </div>
   <div class='ocr_carea' id='block_1_109' title="bbox 2167 4650 3735 4722">
    <p class='ocr_par' dir='ltr' id='par_1_109' title="bbox 2167 4650 3735 4722">
     <span class='ocr_line' id='line_1_109' title="bbox 2167 4650 3735 4722; baseline 0 -21"><span class='ocrx_word' id='word_1_789' title='bbox 2167 4661 2288 4702; x_wconf 89' lang='lat' dir='ltr'><strong>esse</strong></span> <span class='ocrx_word' id='word_1_790' title='bbox 2307 4662 2427 4717; x_wconf 70' lang='lat' dir='ltr'><strong>quae</strong></span> <span class='ocrx_word' id='word_1_791' title='bbox 2450 4661 2556 4702; x_wconf 94' lang='lat' dir='ltr'><strong>non</strong></span> <span class='ocrx_word' id='word_1_792' title='bbox 2585 4657 2765 4714; x_wconf 87' lang='lat' dir='ltr'><strong>erant,</strong></span> <span class='ocrx_word' id='word_1_793' title='bbox 2811 4659 3018 4719; x_wconf 88' lang='lat' dir='ltr'><strong>quanto</strong></span> <span class='ocrx_word' id='word_1_794' title='bbox 3058 4651 3235 4722; x_wconf 84' lang='lat' dir='ltr'><strong>magis</strong></span> <span class='ocrx_word' id='word_1_795' title='bbox 3286 4650 3627 4721; x_wconf 85' lang='lat' dir='ltr'><strong>operatorius</strong></span> <span class='ocrx_word' id='word_1_796' title='bbox 3658 4655 3735 4703; x_wconf 84' lang='lat' dir='ltr'><strong>est</strong></span> 
     </span>
    </p>
   </div>
   <div class='ocr_carea' id='block_1_110' title="bbox 2168 4740 3731 4809">
    <p class='ocr_par' dir='ltr' id='par_1_110' title="bbox 2168 4740 3731 4809">
     <span class='ocr_line' id='line_1_110' title="bbox 2168 4740 3731 4809; baseline 0.002 -17"><span class='ocrx_word' id='word_1_797' title='bbox 2168 4749 2226 4792; x_wconf 91' lang='lat' dir='ltr'><strong>ut</strong></span> <span class='ocrx_word' id='word_1_798' title='bbox 2252 4740 2502 4809; x_wconf 76' lang='lat' dir='ltr'><strong>sintqua:</strong></span> <span class='ocrx_word' id='word_1_799' title='bbox 2526 4749 2684 4795; x_wconf 90' lang='lat' dir='ltr'><strong>erant</strong></span> <span class='ocrx_word' id='word_1_800' title='bbox 2712 4750 2769 4797; x_wconf 91' lang='lat' dir='ltr'><strong>et</strong></span> <span class='ocrx_word' id='word_1_801' title='bbox 2794 4742 2847 4797; x_wconf 93' lang='lat' dir='ltr'><strong>in</strong></span> <span class='ocrx_word' id='word_1_802' title='bbox 2889 4742 3034 4797; x_wconf 86' lang='lat' dir='ltr'><strong>aliud</strong></span> <span class='ocrx_word' id='word_1_803' title='bbox 3082 4743 3510 4800; x_wconf 84' lang='lat' dir='ltr'><strong>commutentur?</strong></span> <span class='ocrx_word' id='word_1_804' title='bbox 3545 4760 3563 4796; x_wconf 71' lang='grc' dir='ltr'><strong><em>ι</em></strong></span> <span class='ocrx_word' id='word_1_805' title='bbox 3614 4740 3731 4796; x_wconf 78' lang='lat' dir='ltr'><strong>Esse</strong></span> 
     </span>
    </p>
   </div>
   <div class='ocr_carea' id='block_1_111' title="bbox 2166 4826 3728 4908">
    <p class='ocr_par' dir='ltr' id='par_1_111' title="bbox 2166 4826 3728 4908">
     <span class='ocr_line' id='line_1_111' title="bbox 2166 4826 3728 4908; baseline 0.006 -25"><span class='ocrx_word' id='word_1_806' title='bbox 2166 4831 2385 4900; x_wconf 87' lang='lat' dir='ltr'><strong>quidem</strong></span> <span class='ocrx_word' id='word_1_807' title='bbox 2440 4826 2735 4889; x_wconf 86' lang='lat' dir='ltr'><strong>secundum</strong></span> <span class='ocrx_word' id='word_1_808' title='bbox 2770 4835 3035 4892; x_wconf 91' lang='lat' dir='ltr'><strong>visibilem</strong></span> <span class='ocrx_word' id='word_1_809' title='bbox 3064 4838 3299 4908; x_wconf 88' lang='lat' dir='ltr'><strong>speciem</strong></span> <span class='ocrx_word' id='word_1_810' title='bbox 3358 4845 3585 4895; x_wconf 87' lang='lat' dir='ltr'><strong>testatur</strong></span> <span class='ocrx_word' id='word_1_811' title='bbox 3625 4847 3728 4904; x_wconf 64' lang='lat' dir='ltr'><strong>qu</strong></span> 
     </span>
    </p>
   </div>
   <div class='ocr_carea' id='block_1_112' title="bbox 2166 4928 3723 4991">
    <p class='ocr_par' dir='ltr' id='par_1_112' title="bbox 2166 4928 3723 4991">
     <span class='ocr_line' id='line_1_112' title="bbox 2166 4928 3723 4991; baseline 0.002 -12"><span class='ocrx_word' id='word_1_812' title='bbox 2166 4932 2342 4991; x_wconf 90' lang='lat' dir='ltr'><strong>erant,</strong></span> <span class='ocrx_word' id='word_1_813' title='bbox 2379 4928 2701 4981; x_wconf 89' lang='lat' dir='ltr'><strong>commutari</strong></span> <span class='ocrx_word' id='word_1_814' title='bbox 2725 4943 2856 4983; x_wconf 82' lang='lat' dir='ltr'><strong>vero</strong></span> <span class='ocrx_word' id='word_1_815' title='bbox 2880 4929 3178 4985; x_wconf 89' lang='lat' dir='ltr'><strong>secundum</strong></span> <span class='ocrx_word' id='word_1_816' title='bbox 3201 4930 3518 4986; x_wconf 83' lang='lat' dir='ltr'><strong>interiorem</strong></span> <span class='ocrx_word' id='word_1_817' title='bbox 3549 4940 3723 4985; x_wconf 83' lang='lat' dir='ltr'><strong>essea-</strong></span> 
     </span>
    </p>
   </div>
   <div class='ocr_carea' id='block_1_113' title="bbox 2167 5015 3725 5091">
    <p class='ocr_par' dir='ltr' id='par_1_113' title="bbox 2167 5015 3725 5091">
     <span class='ocr_line' id='line_1_113' title="bbox 2167 5015 3725 5091; baseline -0.001 -19"><span class='ocrx_word' id='word_1_818' title='bbox 2167 5015 2299 5072; x_wconf 87' lang='lat' dir='ltr'><strong>tiam</strong></span> <span class='ocrx_word' id='word_1_819' title='bbox 2342 5017 2396 5072; x_wconf 94' lang='lat' dir='ltr'><strong>in</strong></span> <span class='ocrx_word' id='word_1_820' title='bbox 2433 5026 2684 5073; x_wconf 87' lang='lat' dir='ltr'><strong>naturam</strong></span> <span class='ocrx_word' id='word_1_821' title='bbox 2735 5018 2948 5075; x_wconf 87' lang='lat' dir='ltr'><strong>illarum</strong></span> <span class='ocrx_word' id='word_1_822' title='bbox 3015 5035 3194 5076; x_wconf 84' lang='lat' dir='ltr'><strong>rerum</strong></span> <span class='ocrx_word' id='word_1_823' title='bbox 3249 5035 3373 5091; x_wconf 68' lang='lat' dir='ltr'><strong>qua:</strong></span> <span class='ocrx_word' id='word_1_824' title='bbox 3433 5029 3591 5076; x_wconf 73' lang='lat' dir='ltr'><strong>antea</strong></span> <span class='ocrx_word' id='word_1_825' title='bbox 3631 5030 3725 5075; x_wconf 80' lang='lat' dir='ltr'><strong>non</strong></span> 
     </span>
    </p>
   </div>
   <div class='ocr_carea' id='block_1_114' title="bbox 2166 5108 3729 5185">
    <p class='ocr_par' dir='ltr' id='par_1_114' title="bbox 2166 5108 3729 5185">
     <span class='ocr_line' id='line_1_114' title="bbox 2166 5108 3729 5185; baseline -0.001 -21"><span class='ocrx_word' id='word_1_826' title='bbox 2166 5116 2344 5164; x_wconf 87' lang='lat' dir='ltr'><strong>erant.</strong></span> <span class='ocrx_word' id='word_1_827' title='bbox 2374 5109 2487 5165; x_wconf 86' lang='lat' dir='ltr'><strong>lloc</strong></span> <span class='ocrx_word' id='word_1_828' title='bbox 2509 5109 2667 5165; x_wconf 90' lang='lat' dir='ltr'><strong>modo</strong></span> <span class='ocrx_word' id='word_1_829' title='bbox 2698 5122 2827 5166; x_wconf 88' lang='lat' dir='ltr'><strong>ante</strong></span> <span class='ocrx_word' id='word_1_830' title='bbox 2872 5121 2927 5166; x_wconf 89' lang='lat' dir='ltr'><strong>et</strong></span> <span class='ocrx_word' id='word_1_831' title='bbox 2961 5121 3084 5183; x_wconf 90' lang='lat' dir='ltr'><strong>post</strong></span> <span class='ocrx_word' id='word_1_832' title='bbox 3128 5113 3364 5184; x_wconf 89' lang='lat' dir='ltr'><strong>ipsemet</strong></span> <span class='ocrx_word' id='word_1_833' title='bbox 3391 5110 3628 5185; x_wconf 82' lang='lat' dir='ltr'><strong>exponit,</strong></span> <span class='ocrx_word' id='word_1_834' title='bbox 3657 5108 3729 5163; x_wconf 87' lang='lat' dir='ltr'><strong>di-</strong></span> 
     </span>
    </p>
   </div>
   <div class='ocr_carea' id='block_1_115' title="bbox 2166 5201 3722 5272">
    <p class='ocr_par' dir='ltr' id='par_1_115' title="bbox 2166 5201 3722 5272">
     <span class='ocr_line' id='line_1_115' title="bbox 2166 5201 3722 5272; baseline -0.002 -15"><span class='ocrx_word' id='word_1_835' title='bbox 2166 5203 2339 5258; x_wconf 87' lang='lat' dir='ltr'><strong>versis</strong></span> <span class='ocrx_word' id='word_1_836' title='bbox 2383 5203 2601 5272; x_wconf 90' lang='lat' dir='ltr'><strong>quidem</strong></span> <span class='ocrx_word' id='word_1_837' title='bbox 2660 5205 2853 5271; x_wconf 74' lang='lat' dir='ltr'><strong>verbis,</strong></span> <span class='ocrx_word' id='word_1_838' title='bbox 2886 5207 2981 5262; x_wconf 91' lang='lat' dir='ltr'><strong>sed</strong></span> <span class='ocrx_word' id='word_1_839' title='bbox 3013 5222 3123 5262; x_wconf 92' lang='lat' dir='ltr'><strong>non</strong></span> <span class='ocrx_word' id='word_1_840' title='bbox 3156 5207 3387 5263; x_wconf 85' lang='lat' dir='ltr'><strong>diversis</strong></span> <span class='ocrx_word' id='word_1_841' title='bbox 3443 5201 3722 5263; x_wconf 79' lang='lat' dir='ltr'><strong>sententiis.</strong></span> 
     </span>
    </p>
   </div>
   <div class='ocr_carea' id='block_1_116' title="bbox 2166 5292 3725 5369">
    <p class='ocr_par' dir='ltr' id='par_1_116' title="bbox 2166 5292 3725 5369">
     <span class='ocr_line' id='line_1_116' title="bbox 2166 5292 3725 5369; baseline -0.002 -19"><span class='ocrx_word' id='word_1_842' title='bbox 2166 5295 2343 5366; x_wconf 85' lang='lat' dir='ltr'><strong>Atque</strong></span> <span class='ocrx_word' id='word_1_843' title='bbox 2369 5296 2498 5350; x_wconf 89' lang='lat' dir='ltr'><strong>hinc</strong></span> <span class='ocrx_word' id='word_1_844' title='bbox 2540 5295 2775 5352; x_wconf 89' lang='lat' dir='ltr'><strong>arbitror</strong></span> <span class='ocrx_word' id='word_1_845' title='bbox 2804 5306 2855 5352; x_wconf 91' lang='lat' dir='ltr'><strong>te</strong></span> <span class='ocrx_word' id='word_1_846' title='bbox 2898 5298 3254 5369; x_wconf 83' lang='lat' dir='ltr'><strong>assumpsisse</strong></span> <span class='ocrx_word' id='word_1_847' title='bbox 3302 5297 3450 5369; x_wconf 88' lang='lat' dir='ltr'><strong>quod</strong></span> <span class='ocrx_word' id='word_1_848' title='bbox 3502 5292 3725 5368; x_wconf 77' lang='lat' dir='ltr'><strong>superius</strong></span> 
     </span>
    </p>
   </div>
   <div class='ocr_carea' id='block_1_117' title="bbox 2168 5386 3727 5458">
    <p class='ocr_par' dir='ltr' id='par_1_117' title="bbox 2168 5386 3727 5458">
     <span class='ocr_line' id='line_1_117' title="bbox 2168 5386 3727 5458; baseline -0.002 -16"><span class='ocrx_word' id='word_1_849' title='bbox 2168 5386 2440 5455; x_wconf 88' lang='lat' dir='ltr'><strong>intulisti,</strong></span> <span class='ocrx_word' id='word_1_850' title='bbox 2501 5388 2756 5458; x_wconf 87' lang='lat' dir='ltr'><strong>quodque</strong></span> <span class='ocrx_word' id='word_1_851' title='bbox 2813 5390 3166 5446; x_wconf 89' lang='lat' dir='ltr'><strong>tolerabiliter</strong></span> <span class='ocrx_word' id='word_1_852' title='bbox 3234 5391 3458 5456; x_wconf 87' lang='lat' dir='ltr'><strong>dictum,</strong></span> <span class='ocrx_word' id='word_1_853' title='bbox 3497 5387 3727 5446; x_wconf 82' lang='lat' dir='ltr'><strong>intolera-</strong></span> 
     </span>
    </p>
   </div>
   <div class='ocr_carea' id='block_1_118' title="bbox 2165 5474 3726 5550">
    <p class='ocr_par' dir='ltr' id='par_1_118' title="bbox 2165 5474 3726 5550">
     <span class='ocr_line' id='line_1_118' title="bbox 2165 5474 3726 5550; baseline -0.003 -18"><span class='ocrx_word' id='word_1_854' title='bbox 2165 5476 2347 5532; x_wconf 90' lang='lat' dir='ltr'><strong>biliter</strong></span> <span class='ocrx_word' id='word_1_855' title='bbox 2417 5478 2736 5546; x_wconf 84' lang='lat' dir='ltr'><strong>exposuisti.</strong></span> <span class='ocrx_word' id='word_1_856' title='bbox 2803 5478 2861 5533; x_wconf 92' lang='lat' dir='ltr'><strong>ln</strong></span> <span class='ocrx_word' id='word_1_857' title='bbox 2957 5480 3283 5550; x_wconf 87' lang='lat' dir='ltr'><strong>quibusdam</strong></span> <span class='ocrx_word' id='word_1_858' title='bbox 3361 5490 3539 5536; x_wconf 86' lang='lat' dir='ltr'><strong>tamen</strong></span> <span class='ocrx_word' id='word_1_859' title='bbox 3603 5474 3726 5531; x_wconf 86' lang='lat' dir='ltr'><strong>codi-</strong></span> 
     </span>
    </p>
   </div>
   <div class='ocr_carea' id='block_1_119' title="bbox 2166 5566 3725 5639">
    <p class='ocr_par' dir='ltr' id='par_1_119' title="bbox 2166 5566 3725 5639">
     <span class='ocr_line' id='line_1_119' title="bbox 2166 5566 3725 5639; baseline -0.001 -18"><span class='ocrx_word' id='word_1_860' title='bbox 2166 5567 2322 5622; x_wconf 90' lang='lat' dir='ltr'><strong>cibus</strong></span> <span class='ocrx_word' id='word_1_861' title='bbox 2372 5567 2602 5639; x_wconf 72' lang='lat' dir='ltr'><strong>prtefata</strong></span> <span class='ocrx_word' id='word_1_862' title='bbox 2645 5570 2913 5625; x_wconf 90' lang='lat' dir='ltr'><strong>sententia</strong></span> <span class='ocrx_word' id='word_1_863' title='bbox 2956 5571 3136 5627; x_wconf 80' lang='lat' dir='ltr'><strong>verbis</strong></span> <span class='ocrx_word' id='word_1_864' title='bbox 3186 5570 3310 5627; x_wconf 87' lang='lat' dir='ltr'><strong>aliis</strong></span> <span class='ocrx_word' id='word_1_865' title='bbox 3346 5570 3609 5628; x_wconf 85' lang='lat' dir='ltr'><strong>invenitur</strong></span> <span class='ocrx_word' id='word_1_866' title='bbox 3637 5566 3725 5620; x_wconf 86' lang='lat' dir='ltr'><strong>hoc</strong></span> 
     </span>
    </p>
   </div>
   <div class='ocr_carea' id='block_1_120' title="bbox 2168 5656 3722 5737">
    <p class='ocr_par' dir='ltr' id='par_1_120' title="bbox 2168 5656 3722 5737">
     <span class='ocr_line' id='line_1_120' title="bbox 2168 5656 3722 5737; baseline 0.003 -24"><span class='ocrx_word' id='word_1_867' title='bbox 2168 5658 2375 5714; x_wconf 87' lang='lat' dir='ltr'><strong>modo:</strong></span> <span class='ocrx_word' id='word_1_868' title='bbox 2423 5678 2440 5711; x_wconf 77' lang='grc' dir='ltr'>ι</span> <span class='ocrx_word' id='word_1_869' title='bbox 2485 5660 2542 5714; x_wconf 89' lang='lat' dir='ltr'><strong>Si</strong></span> <span class='ocrx_word' id='word_1_870' title='bbox 2594 5661 2757 5730; x_wconf 85' lang='lat' dir='ltr'><strong>igitur</strong></span> <span class='ocrx_word' id='word_1_871' title='bbox 2812 5671 2964 5718; x_wconf 90' lang='lat' dir='ltr'><strong>tanta</strong></span> <span class='ocrx_word' id='word_1_872' title='bbox 3009 5662 3091 5720; x_wconf 88' lang='lat' dir='ltr'><strong>vis</strong></span> <span class='ocrx_word' id='word_1_873' title='bbox 3128 5671 3213 5722; x_wconf 77' lang='lat' dir='ltr'><strong>est</strong></span> <span class='ocrx_word' id='word_1_874' title='bbox 3258 5662 3316 5721; x_wconf 82' lang='lat' dir='ltr'><strong>in</strong></span> <span class='ocrx_word' id='word_1_875' title='bbox 3357 5674 3605 5737; x_wconf 72' lang='lat' dir='ltr'><strong>sermone</strong></span> <span class='ocrx_word' id='word_1_876' title='bbox 3639 5656 3722 5711; x_wconf 76' lang='lat' dir='ltr'><strong>Do-</strong></span> 
     </span>
    </p>
   </div>
  </div>
