3864 6300
142 290 222 348 ﬂ!

972 266 1173 329 LIBER
1209 270 1299 327 DE
1337 265 1659 326 CORPORE
1698 264 1786 322 ET
1820 261 2166 321 SANGUINE
2196 240 2451 319 DOMINI.

3225 263 3331 319 429.

140 394 377 456 niisiiesn
400 398 455 446 ut
476 388 771 459 inciperent
794 399 914 440 esse
938 398 1059 454 quas
1101 397 1207 437 non
1230 388 1411 446 erant,
1459 386 1663 449 quanto
1692 384 1740 444 Α
1766 374 2062 432 storialiter
2079 373 2398 442 exponendo
2420 354 2767 442 Evangeliutn
2790 372 3003 427 Domini
3047 348 3344 429 secundum

140 485 281 557 magis
296 478 616 552 operatorius
638 483 745 542 est,
800 482 861 529 ut
887 487 1007 543 qua:
1045 479 1204 528 erant
1231 470 1287 525 in
1334 468 1480 523 aliud
1510 483 1665 524 com-

139 570 402 630 mutentur?
421 566 857 635 Quaelitteratura
875 562 1166 633 plurimum
1190 559 1485 616 concordat
1498 557 1664 629 239

140 666 183 721 in
204 658 441 720 sententia
472 670 591 712 cum
616 670 681 712 ea
710 669 829 725 qua:
851 654 907 709 in
940 653 1077 708 libro
1113 651 1256 723 (cap.
1278 648 1336 720 9)
1376 647 1445 703 ab
1475 648 1664 703 eodem

139 756 199 808 De
220 746 469 821 mysteriis
494 746 608 799 sive
630 742 911 800 initiandis
938 742 1106 807 edito,
1140 740 1194 795 in
1233 739 1351 795 haec
1371 738 1538 792 verba
1578 750 1668 791 re-

139 842 309 915 peritur
334 856 346 893 :
374 857 394 890 ι
454 836 646 894 Sermo
689 849 822 905 ergo
874 833 1118 898 Christi,
1147 832 1242 902 qui
1272 829 1452 901 potuit
1474 844 1544 883 ex
1577 828 1669 883 ni-

140 935 226 989 hilo
244 934 404 988 facere
431 929 577 999 quod
602 944 708 983 non
737 936 857 982 erat
916 941 1022 981 non
1050 931 1230 995 potest
1258 937 1323 979 ea
1361 935 1485 992 quae
1536 929 1666 977 sunt

142 1026 182 1079 in
205 1024 249 1079 id
275 1031 471 1079 mutare
499 1019 643 1091 quod
671 1034 780 1075 non
805 1026 1015 1074 erant.»

697 1106 924 1163 CAPUT
960 1106 1032 1162 Χ.

191 1207 396 1259 tisanae.
433 1219 453 1254 ι
481 1199 930 1269 Sacriﬁciumque
981 1197 1237 1253 Ecclesiae
1283 1193 1490 1251 duobus
1538 1206 1671 1247 con-

145 1313 161 1345 t
186 1302 290 1358 stat,
318 1292 520 1347 duobus
547 1289 853 1353 conﬁcitur,
882 1287 1079 1342 visibili
1109 1297 1162 1340 et
1186 1284 1463 1350 invisibili,
1492 1298 1674 1337 sacra-

143 1402 159 1435 ι
187 1392 339 1438 mento
365 1389 419 1435 et
446 1396 505 1436 re
535 1378 894 1443 sacramenti;
950 1392 1069 1447 qua:
1114 1385 1294 1430 tamen
1327 1390 1435 1441 res,
1492 1373 1544 1428 id
1591 1381 1674 1428 est

144 1493 159 1525 t
184 1472 355 1530 Christi
384 1486 600 1542 corpus,
633 1472 679 1527 si
704 1478 849 1526 esset
876 1484 989 1539 pra:
1011 1468 1200 1527 oculis,
1225 1467 1452 1522 visibilis
1482 1474 1627 1520 esset
1654 1481 1668 1530 ;

143 1565 281 1628 «sed,
301 1564 500 1621 elevata
527 1564 581 1618 in
611 1562 809 1618 ctelum
835 1559 1141 1629 sedensque
1162 1560 1229 1613 ad
1271 1558 1551 1612 dexteram
1574 1555 1675 1609 Pa-

144 1675 159 1708 t
189 1657 270 1711 tris
295 1670 454 1725 usque
478 1656 532 1709 in
564 1665 807 1724 tempora
839 1650 1200 1707 restitutionis
1221 1648 1484 1713 omnium,
1532 1646 1674 1715 quod

1768 464 2052 520 Joannem.
2080 464 2137 517 In
2159 478 2266 533 quo
2293 476 2454 531 opere
2476 460 2697 529 praelata
2730 464 2998 518 sententia
3047 463 3340 534 repetitur,

1768 571 1932 626 quam
1954 569 2053 610 nos
2079 554 2271 610 devote
2302 552 2649 621 suscipimus,
2704 561 2756 607 el
2801 553 2980 608 debila
3040 544 3344 608 reverentia

1769 649 2119 704 honoramus.
2152 645 2279 715 quia
2299 659 2395 715 pro
2418 642 2572 700 nobis
2600 643 2750 709 facit,
2811 653 2866 698 et
2912 644 3127 699 veritati
3159 659 3350 700 conso-

1770 747 1889 804 nat,
1915 736 2006 793 ubi
2040 740 2158 793 ait:
2189 738 2292 804 Qui
2315 737 2598 791 manduca!
2628 753 2794 791 meam
2837 752 3069 803 carnem,
3129 747 3176 791 et
3228 738 3351 791 bibit

1768 834 1942 885 nisum
1967 830 2295 899 sanguinem,
2326 829 2379 882 in
2406 844 2487 882 me
2510 836 2705 893 manet,
2737 837 2786 881 et
2815 843 2908 897 ego
2962 827 3015 881 in
3059 843 3120 881 eo
3168 827 3351 897 (Joau.

1769 934 1847 988 vt,
1887 921 2000 993 55).
2031 939 2050 972 t
2075 919 2187 975 Nec
2207 918 2427 989 quando
2468 917 2879 986 manducamus,
2936 927 3118 988 partes
3170 919 3236 974 de
3266 919 3357 972 illo

1771 1009 2021 1066 facimus.
2063 1030 2082 1061 ι
2112 1009 2266 1064 Absit
2293 1008 2440 1064 enim
2462 1017 2522 1063 ut
2550 1008 2628 1063 sic
2658 1008 3015 1080 intelligamus
3040 1010 3356 1064 manducari

1770 1102 2050 1158 Christum
2076 1101 2529 1171 quemadmodum
2563 1100 2948 1155 intellexerunt
2976 1099 3048 1155 illi
3083 1100 3200 1172 qui,
3229 1116 3352 1155 cum

1774 1195 2030 1249 audirent
2081 1194 2350 1248 dicentem
2390 1194 2674 1249 Dominum
2708 1212 2721 1248 :
2756 1194 2876 1249 Nisi
2918 1196 3359 1249 mautlucoreritis

1773 1300 1983 1339 carnem
2013 1284 2114 1353 filii
2138 1284 2362 1339 hominis
2389 1293 2437 1338 et
2483 1284 2710 1339 biberitis
2742 1285 2852 1355 ejus
2880 1288 3204 1356 sanguinem,
3256 1302 3360 1340 non

1773 1373 2027 1427 habebitis
2050 1376 2207 1428 vitam
2235 1377 2289 1428 in
2317 1375 2458 1428 vobis
2493 1373 2681 1445 (Ibid.,
2711 1376 2826 1446 54),
2866 1377 3120 1431 continuo
3146 1391 3364 1447 respon-

1776 1462 1971 1516 derunt
2002 1480 2016 1516 :
2046 1461 2225 1516 Durus
2249 1474 2324 1517 est
2353 1464 2437 1517 hic
2463 1481 2634 1518 sermo
2657 1507 2671 1531 ,
2695 1476 2739 1519 et
2770 1467 2885 1537 qttis
2906 1476 3072 1535 potest
3118 1484 3237 1521 eum
3264 1485 3363 1521 αη-

1774 1552 1925 1606 dire?
1953 1552 2127 1622 (ibid.,
2153 1553 2264 1623 61.)
2290 1554 2624 1609 Pntaverunt
2651 1572 2903 1627 namque,
2938 1558 3078 1612 sicut
3106 1561 3363 1628 praefatus

1776 1654 1967 1700 auctor
1996 1646 2178 1701 multis
2206 1647 2259 1700 in
2293 1646 2426 1702 locis
2455 1647 2604 1714 dicit,
2637 1650 2778 1717 quod
2811 1651 2862 1703 in
2893 1650 3054 1704 terris
3075 1650 3357 1722 degentem

143 1762 159 1795 ι
187 1746 347 1800 scribit
372 1744 653 1815 apostolus
680 1743 895 1806 Petrus,
923 1740 1063 1796 ctelo
1097 1738 1347 1794 devocari
1387 1752 1492 1791 non
1522 1747 1670 1807 pote.
1705 1729 1749 1787 B
1780 1734 2067 1788 Dominum
2096 1735 2147 1788 in
2178 1734 2348 1789 frusta
2374 1747 2558 1790 essent
2585 1737 2936 1803 conscissuri,
2967 1738 3117 1793 etsie
3160 1754 3356 1794 carnes

142 1837 257 1901 trit,
292 1838 423 1892 sicut
448 1836 655 1892 Christi
676 1850 905 1906 persona
938 1834 1048 1889 Deo
1076 1842 1289 1888 constat
1317 1841 1373 1886 et
1398 1831 1671 1915 homine.»

189 1927 639 1998 Ltsrtt.Caiphas,
688 1943 810 1983 cum
868 1935 1014 1983 esset
1050 1924 1295 1996 pontifex
1336 1923 1461 1979 anni
1511 1922 1675 1989 illius,

137 2031 287 2071 verum
308 2017 368 2072 de
389 2016 674 2073 Salvatore
704 2016 955 2073 nesciens
983 2015 1343 2088 propltetavit,
1377 2015 1561 2070 dicens
1585 2031 1679 2071 ex-

138 2107 284 2177 pedire
306 2108 466 2180 magis
494 2123 600 2178 pro
626 2108 827 2163 mundo
851 2109 988 2163 mori
1016 2123 1183 2163 unum
1213 2106 1488 2161 hominem
1516 2123 1675 2178 quasi

139 2196 272 2251 totius
318 2197 497 2252 mundi
542 2198 729 2267 perire
786 2214 1002 2253 omnem
1049 2198 1321 2253 hominem
1364 2197 1547 2270 (Joan.
1598 2214 1676 2262 λι,

139 2285 306 2355 l9-51).
328 2285 772 2356 Verumqntdem
796 2287 956 2355 dixit,
980 2296 1355 2344 verumtamen
1403 2302 1510 2358 quo
1560 2287 1680 2356 ejus

140 2378 319 2433 verbum
346 2388 597 2451 vergeret
648 2380 936 2451 ignoravit.
980 2380 1071 2436 Sic
1094 2389 1148 2435 et
1179 2391 1258 2447 tu,
1319 2381 1507 2436 volens
1534 2380 1677 2450 loqui

139 2478 293 2523 contra
314 2485 524 2527 causam
560 2480 832 2539 nostram,
856 2473 1145 2528 manifeste
1170 2486 1333 2542 quam
1384 2471 1680 2527 defenden-

143 2561 238 2614 dam
250 2565 573 2634 suscepimus
594 2564 792 2619 asseris
804 2573 1011 2634 partem
1028 2577 1289 2620 nostram.
1305 2563 1418 2619 Iloc
1438 2574 1520 2619 est
1534 2581 1683 2620 nam-

141 2666 222 2719 que
240 2653 363 2722 quod
385 2654 643 2721 dicimus,
673 2655 776 2709 hoc
810 2655 988 2711 modis
1015 2654 1270 2710 omnibus
1317 2664 1505 2710 contra
1543 2665 1592 2710 te
1621 2671 1683 2710 ac

141 2740 354 2811 sequaces
380 2751 497 2799 tuos
544 2745 852 2814 approbare
905 2746 1305 2811 contendimus,
1356 2745 1683 2801 sacriﬁu-ium

142 2828 309 2884 scilicet
334 2831 588 2888 Ecclesia:
614 2833 823 2888 duobus
876 2833 1094 2901 conﬁci,
1157 2834 1365 2889 duobus
1410 2846 1682 2899 constare,

141 2925 301 2981 visibili
347 2929 746 2986 elementorum
797 2930 999 3002 specie,
1052 2939 1109 2986 et
1167 2930 1424 2986 invisibili
1474 2930 1682 2984 Domini

142 3012 239 3068 Jesu
259 3015 440 3073 Christi
491 3034 664 3074 carne
708 3028 765 3074 et
811 3021 1099 3090 sanguine,
1143 3028 1489 3075 sacramento
1540 3030 1597 3074 et
1627 3033 1686 3072 re

142 3108 454 3175 sacramenti;
485 3124 615 3178 quas
642 3123 730 3165 res
757 3108 841 3180 (ut
866 3110 1046 3165 verbis
1092 3110 1197 3165 tuis
1234 3111 1380 3179 utar)
1428 3118 1512 3166 est
1566 3126 1689 3164 cor-

141 3206 223 3261 pus
246 3197 452 3265 Christi,
509 3200 659 3255 sicut
686 3200 892 3255 Christi
929 3215 1183 3271 persona,
1235 3210 1287 3257 te
1338 3216 1553 3271 quoque
1590 3217 1690 3254 au-

143 3295 280 3354 ctore,
307 3299 587 3346 constatet
613 3291 906 3347 conﬁcitur
937 3294 1049 3348 Deo
1073 3303 1128 3349 et
1157 3295 1396 3360 homine,
1425 3310 1549 3350 cum
1576 3295 1689 3364 ipse

145 3376 355 3439 Christus
384 3384 643 3439 sitverus
673 3384 837 3451 Deus,
870 3395 926 3442 et
955 3402 1116 3442 verus
1161 3388 1343 3453 homo,
1394 3387 1521 3458 quia
1574 3401 1691 3440 om-

145 3469 211 3524 nis
231 3487 306 3527 res
332 3474 539 3530 illarum
583 3491 763 3530 rerum
812 3485 1062 3532 naturam
1104 3485 1161 3531 et
1205 3478 1488 3533 veritatem
1531 3479 1582 3531 in
1630 3493 1691 3533 se

144 3560 341 3617 continet
367 3578 430 3617 ex
459 3563 663 3634 quibus
691 3564 1002 3620 conﬁcitur.
1050 3564 1351 3620 Conﬁcitur
1394 3574 1600 3629 autem,
1640 3574 1691 3619 te

145 3650 277 3704 etiam
300 3661 448 3719 teste,
476 3655 817 3711 sacriﬁcium
862 3657 1118 3712 Ecclesia:
1172 3665 1520 3712 sacramento
1549 3666 1601 3710 et
1634 3672 1692 3709 re

146 3747 445 3813 sacramenti,
478 3749 531 3805 id
562 3758 649 3804 est
703 3764 934 3820 corpore
966 3749 1191 3805 Christi.
1253 3748 1350 3804 Est
1389 3748 1554 3819 igitur
1607 3763 1694 3802 sa-

146 3846 438 3893 cramentum
467 3850 525 3895 et
566 3855 655 3894 res
675 3839 1028 3904 sacramenti,
1062 3839 1112 3894 id
1136 3848 1242 3903 est,
1298 3853 1497 3908 corpus
1536 3838 1696 3893 Chri-

148 3922 469 3983 sti.(‘.bristus
501 3938 686 3983 tamen
727 3946 1000 3999 resurgens
1049 3945 1114 3983 ea:
1161 3930 1379 3983 mortuis
1417 3928 1534 3998 jam
1591 3945 1695 3982 non

148 4016 527 4084 moritur;mors
549 4020 631 4074 illi
660 4021 801 4075 ultra
858 4038 960 4075 non
1020 4021 1375 4076 dominabitur
1418 4020 1589 4093 (Rom.
1618 4037 1694 4085 \‘l,

152 4103 216 4174 9).
242 4106 360 4175 Sed,
380 4113 515 4169 sicut
536 4114 674 4169 dicit
696 4114 939 4168 Andreas
970 4113 1263 4183 apostolus,
1317 4130 1440 4169 cum
1484 4129 1609 4167 vere
1639 4114 1692 4167 in

153 4199 284 4252 terris
307 4215 491 4259 carnes
516 4203 644 4274 ejus
673 4204 782 4258 sint
809 4212 1065 4259 comestae
1094 4213 1149 4259 et
1176 4220 1305 4259 vere
1336 4204 1557 4275 sanguis
1581 4202 1695 4272 eius

152 4284 211 4339 sit
232 4286 430 4359 bibitus,
459 4294 582 4365 ipse
611 4302 795 4348 tamen
824 4310 993 4364 usque
1015 4294 1068 4349 in
1123 4304 1366 4365 tempora
1401 4297 1696 4352 restitutio«

1778 1824 1916 1894 ejus,
1948 1834 2042 1880 aut
2067 1826 2240 1882 elixas
2275 1827 2326 1881 in
2350 1826 2638 1896 lebetibus,
2670 1838 2761 1884 aut
2788 1846 2938 1886 assas
2991 1849 3045 1886 tn
3099 1833 3363 1897 verubus,

1780 1926 1961 1973 essent
1987 1919 2275 1985 eomesuri,
2306 1929 2420 1986 attt,
2475 1921 2521 1976 si
2558 1922 2661 1977 hoe
2712 1923 2936 1988 nollent,
2994 1940 3099 1979 non
3149 1938 3370 1996 possent

1780 2024 1900 2064 esse
1922 2008 2037 2078 ejus
2061 2010 2331 2080 discipuli.
2364 2010 2659 2083 Propterea
2690 2013 2970 2085 elegerunt
2994 2016 3148 2071 abire
3174 2026 3229 2070 et
3248 2015 3361 2085 jam

1780 2100 2011 2170 amplius
2038 2117 2164 2156 cum
2203 2118 2269 2157 eo
2313 2117 2423 2158 non
2469 2104 2568 2159 ire.
2626 2104 2818 2160 Procul
2869 2116 3077 2162 avertat
3115 2109 3259 2163 Deus
3300 2109 3370 2163 ab

1782 2193 2022 2247 Ecclesia
2056 2210 2150 2249 sua
2187 2195 2346 2249 talem
2377 2196 2703 2251 sententiam
2733 2199 2745 2250 !
2782 2198 2873 2252 Sic
2895 2214 3090 2269 nempe
3131 2201 3183 2253 in
3214 2200 3372 2255 terris

1784 2286 2119 2339 immolatum
2149 2286 2424 2340 Christum
2454 2287 2843 2343 manducamus
2871 2298 2926 2343 et
2957 2290 3213 2353 bibimus,
3234 2300 3294 2345 ut
3316 2290 3371 2365 in

1783 2375 2101 2430 caelestibus
2124 2378 2194 2431 ad
2233 2376 2513 2433 dexteram
2544 2376 2722 2434 Patris
2750 2378 2960 2450 integer
3002 2394 3220 2452 semper
3249 2381 3369 2436 exi-

1783 2474 1892 2521 stat
1916 2474 1971 2520 et
1998 2466 2170 2521 vivus.

2388 2555 2619 2613 CAPUT
2657 2556 2770 2613 XII.

1853 2647 2092 2705 Benene.
2122 2667 2143 2702 ι
2184 2648 2336 2705 Unde
2363 2650 2555 2706 beatus
2594 2652 2950 2722 Augustinus,
3005 2654 3057 2708 in
3107 2653 3246 2710 libro
3303 2655 3377 2711 De

1791 2757 1811 2791 ι
1853 2739 2072 2794 civitate
2101 2738 2193 2793 Dei
2229 2753 2244 2790 :
2278 2756 2297 2790 ι
2321 2736 2732 2795 Sacramentum
2756 2751 2839 2797 est
2864 2758 3076 2798 sacrum
3099 2745 3331 2815 signum.
3351 2764 3372 2796 ι

1791 2852 1811 2885 t
1850 2832 2075 2902 Signum
2106 2826 2297 2887 deﬁnit
2341 2832 2393 2887 in
2427 2832 2566 2887 libro
2607 2833 2684 2889 De
2732 2834 2976 2890 doctrina
3026 2834 3377 2895 Christiana:

1792 2940 1813 2976 ι
1851 2923 2075 2992 Signum
2098 2931 2184 2977 est
2214 2937 2319 2985 res,
2348 2930 2544 2992 printer
2574 2924 2812 2994 speciem
2837 2940 2999 2994 quam
3026 2925 3223 2997 ingerit
3248 2942 3377 2981 sen-

1797 3036 1814 3069 t
1859 3017 2036 3083 sibus,
2066 3016 2212 3071 aliud
2236 3016 2440 3086 aliquid
2466 3031 2533 3072 ex
2559 3032 2619 3074 se
2655 3018 2860 3074 faciens
2901 3020 2953 3075 in
2985 3020 3376 3092 cogitationem

1794 3126 1813 3160 ι
1857 3108 2065 3163 venire.
2105 3126 2124 3160 ι

1861 3198 2061 3253 ιΑΝπιι.
2097 3198 2163 3252 Et
2185 3213 2284 3252 nos
2309 3206 2730 3266 sacramentum,
2756 3199 2822 3255 de
2874 3217 2982 3271 quo
3022 3202 3257 3271 agimus,
3295 3214 3382 3258 sa-

1790 3305 1945 3345 crum
1976 3304 2099 3343 esse
2127 3290 2342 3360 signum
2370 3288 2645 3345 credimus
2670 3333 2684 3356 ,
2720 3300 2774 3345 et
2824 3292 3150 3347 credendum
3187 3297 3383 3350 suade-

1790 3396 1934 3436 mus.
1967 3379 2086 3447 Quo
2110 3381 2285 3449 signo,
2321 3389 2519 3450 praeter
2550 3368 2783 3450 speciem
2830 3397 2950 3451 quae
2991 3397 3049 3437 se
3090 3384 3261 3438 oculis
3297 3384 3383 3440 in-

1793 3476 2059 3533 tuentium
2086 3474 2486 3544 ingerit,longe
2513 3473 2657 3529 aliud
2693 3475 2956 3544 valdeque
2996 3475 3267 3531 diversum
3329 3480 3384 3532 in

1792 3568 2178 3639 cogitationem
2208 3565 2502 3621 salubriter
2548 3565 2964 3639 intelligentium
3025 3568 3195 3623 venit.
3243 3569 3386 3637 Quid

1794 3671 1972 3715 autem
2006 3659 2133 3714 illud
2153 3658 2224 3713 sit
2276 3673 2369 3712 seu
2400 3658 2577 3728 potius
2607 3674 2727 3729 ane
2755 3658 2843 3713 illa
2888 3660 2995 3714 sint
3032 3660 3271 3717 breviter
3295 3677 3386 3717 su-

1796 3751 1977 3822 perins
2012 3749 2462 3814 commemoravi,
2489 3749 2649 3804 latius
2673 3750 2832 3820 paulo
2850 3760 2973 3821 post
2994 3752 3385 3822 explicaturus.

1795 3843 2182 3899 Verumtamen
2209 3841 2401 3898 beatus
2429 3843 2762 3913 Augustinus
2787 3842 2841 3897 in
2870 3843 3009 3899 libro
3043 3843 3121 3900 De
3168 3844 3389 3902 civitate

1797 3936 1890 3990 Dei
1928 3936 2049 4007 (lib.
2078 3951 2132 3997 x,
2167 3950 2217 3990 e.
2244 3934 2301 4002 5,
2337 3943 2471 3990 tom.
2499 3934 2564 4005 V)
2598 3952 2703 3991 non
2741 3937 2815 3991 ita
2846 3937 3099 4006 abrupte,
3132 3947 3191 3993 ut
3227 3948 3280 3995 tu
3305 3941 3388 3995 di-

1796 4026 1916 4090 cis,
1962 4035 2365 4081 sacramentum
2428 4041 2646 4081 sacrum
2687 4040 2805 4081 esse
2860 4027 3070 4099 signum
3115 4028 3383 4086 deﬁnivit.

1796 4116 1940 4172 Nihil
1966 4133 2094 4172 vero
2124 4132 2190 4172 eo
2217 4118 2270 4172 in
2295 4118 2415 4174 loco
2434 4120 2504 4172 de
2532 4132 2761 4187 corpore
2788 4128 2843 4172 et
2866 4119 3129 4189 sanguine
3174 4120 3389 4175 Domini

1800 4210 2142 4280 loquebatur,
2168 4209 2259 4264 sed
2294 4218 2535 4264 tractans
2577 4209 2643 4264 de
2684 4209 2789 4263 rittt
2834 4207 3180 4264 Judaicorum
3226 4210 3391 4284 2m

1800 4301 2214 4365 sacriﬁciorum,
2241 4300 2406 4369 quod,
2436 4314 2531 4369 per
2559 4298 2828 4379 sacriﬁcia
2875 4315 2995 4369 quae
3051 4300 3389 4368 viderentur,

153 4377 221 4433 Itis
240 4384 458 4441 omnium
491 4387 549 4442 in
583 4386 899 4443 cheStibus
924 4386 992 4441 ad
1016 4388 1295 4443 dexteram
1342 4386 1521 4443 Patris
1554 4389 1692 4443 inte—
1729 4415 1778 4473 ο
1803 4408 1893 4449 res
1917 4392 2235 4457 invisibiles,
2263 4408 2360 4464 per
2380 4407 2517 4462 quas
2541 4377 2791 4448 humanm
2841 4393 3094 4451 societati
3140 4396 3208 4451 ad
3261 4397 3390 4453 dili-

156 4483 229 4538 Εθτ
249 4486 550 4543 perseverat
568 4487 627 4533 et
651 4478 825 4533 vivus.
862 4477 920 4533 Si
974 4480 1173 4548 quarris
1224 4478 1444 4534 modum
1504 4496 1612 4550 quo
1648 4482 1700 4536 id

156 4558 250 4618 ﬁeri
279 4569 456 4635 possit,
483 4569 727 4625 breviter
755 4570 823 4625 ad
854 4584 1093 4639 praesens
1121 4568 1465 4638 respondeo:
1493 4569 1699 4641 Myste-

156 4653 269 4711 rinm
293 4658 406 4717 ﬁdei
440 4663 593 4720 credi
621 4663 912 4720 salubriter
931 4671 1134 4734 potest,
1182 4662 1442 4735 vestigari
1496 4664 1704 4721 utiliter

158 4758 244 4801 ιιοιι
264 4759 447 4818 potest.

728 4843 955 4903 CAPUT
990 4846 1085 4901 XI.

212 4926 427 4990 Beluae.
468 4954 488 4989 ι
525 4934 683 4993 Unde
705 4936 897 4994 beatus
918 4938 1250 5009 Augustinus
1291 4938 1345 4994 in
1374 4937 1701 5012 Evangelio:

166 5017 414 5086 tQuaudo
436 5027 684 5085 Christus
731 5030 1108 5095 manducatur.
1169 5030 1280 5086 vita
1324 5034 1702 5088 manducatur.

168 5126 182 5159 I
211 5110 305 5170 Nec
325 5119 537 5187 quando
564 5120 971 5186 manducamus,
1005 5132 1191 5193 partes
1211 5123 1277 5179 de
1298 5123 1390 5179 illo
1420 5124 1699 5180 facimus.»

219 5199 630 5264 Lssn.Beatus
656 5208 993 5280 Augustinus
1022 5211 1076 5266 in
1110 5211 1411 5283 Evangelia
1433 5215 1570 5269 nihil
1626 5216 1707 5269 di-

164 5288 247 5357 xit,
275 5295 391 5363 quia
420 5297 622 5369 aliquid
647 5299 699 5354 in
729 5300 1019 5371 Evangelio
1066 5302 1268 5358 dixisse
1319 5304 1551 5374 aliquem
1580 5322 1709 5362 nus-

167 5393 302 5447 quam
325 5384 513 5457 legitur
549 5399 748 5460 praeter
774 5390 1082 5457 Dominum,
1108 5401 1163 5446 et
1204 5393 1562 5463 evangelislas
1590 5410 1708 5451 eas-

167 5477 518 5539 quepersonas
555 5490 695 5546 quaa,
734 5493 833 5548 pro
872 5478 1131 5548 qualitate
1185 5496 1367 5536 rerum
1415 5489 1471 5535 et
1513 5494 1708 5537 eventu

169 5564 460 5631 lbulborum,
491 5565 634 5639 loqui
668 5569 722 5623 in
752 5569 1046 5640 Evangelia
1070 5587 1098 5625 a
1127 5570 1486 5641 scriptoribus
1530 5572 1710 5627 Evan—

172 5645 274 5715 gelii
302 5656 657 5724 perhibentur.
688 5660 917 5733 Scripsit
947 5677 1076 5719 vero
1111 5662 1380 5733 prolixum
1420 5681 1575 5738 opus,
1628 5668 1709 5725 lti-

1803 4484 2035 4556 gendnm
2063 4483 2231 4540 Deum
2268 4482 2686 4555 proximumque
2736 4485 3057 4553 consulitur,
3114 4487 3392 4560 signiﬁca-

1805 4584 2017 4643 rentur,
2068 4576 2255 4647 paucis
2313 4576 2664 4646 approbatam
2724 4580 3047 4635 sententiam
3100 4582 3390 4651 conclusit,

1804 4668 1992 4723 dicens
2022 4685 2036 4721 :
2078 4686 2096 4721 t
2125 4666 2468 4723 Sacriﬁcium
2490 4683 2618 4740 ergo
2639 4668 2847 4725 visibile
2872 4671 3156 4729 invisibilis
3180 4674 3390 4731 sacriﬁ-

1804 4758 1873 4813 cii
1901 4768 2325 4823 sacramentum,
2352 4757 2403 4813 id
2433 4769 2539 4823 est,
2572 4772 2787 4815 sacrum
2823 4761 3038 4832 signum
3068 4775 3172 4820 est.
3206 4784 3223 4817 ›
3252 4764 3391 4832 Quid

1806 4865 1938 4906 vero
1968 4851 2197 4915 visibile,
2226 4850 2354 4921 quid
2404 4850 2674 4907 invisibile
2730 4853 3058 4909 sacriﬁcium
3090 4857 3389 4919 vocaverit,

1805 4947 1931 5010 post
1954 4940 2130 5009 aliqua
2164 4940 2249 4995 his
2275 4940 2459 4995 verbis
2487 4940 2726 5011 exponit.
2768 4960 2784 4993 τ
2815 4941 2931 4996 Non
2958 4943 3071 4998 vult
3093 4958 3222 5016 ergo
3252 4946 3392 4999 Dens

1807 5028 2133 5085 sacriﬁcium
2180 5030 2434 5084 trucidati
2480 5031 2712 5101 pecoris,
2761 5032 2855 5087 sed
2909 5033 3029 5087 vult
3064 5034 3391 5090 sacriﬁcium

1807 5120 2025 5175 contriti
2053 5119 2251 5173 cordis.
2290 5140 2307 5171 ι
2343 5119 2410 5175 Et
2436 5121 2597 5190 paulo
2628 5130 2784 5191 post:
2823 5140 2840 5172 ι
2864 5120 3033 5177 Porro
3086 5131 3263 5178 autem
3293 5125 3391 5178 tui-

1808 5210 2100 5267 serieordia
2125 5227 2317 5285 verum
2341 5213 2666 5268 sacriﬁcium
2692 5221 2794 5267 est.
2829 5229 2849 5264 ι

2398 5302 2625 5358 CAPUT
2661 5301 2796 5357 XIII.

1879 5397 2110 5453 Busae.
2142 5414 2162 5450 ι
2190 5396 2521 5469 Augustinus
2562 5396 2613 5449 in
2653 5394 2874 5464 cpistola
2928 5393 2996 5448 ad
3052 5391 3389 5448 Bonifacinm

1815 5506 1834 5539 ι
1870 5489 2221 5559 cpiscOpum:
2262 5507 2279 5541 t
2312 5486 2367 5542 Si
2396 5493 2735 5541 sacramenta
2777 5498 2980 5550 rerum,
3034 5499 3260 5555 quarum
3306 5501 3392 5540 sa-
3460 5526 3475 5537 .

1816 5599 1835 5632 ι
1867 5590 2141 5635 cratnenta
2181 5590 2329 5646 sunt,
2368 5577 2773 5636 similitudinem
2802 5590 2909 5631 non
2936 5576 3217 5640 baberent,
3276 5593 3393 5632 om-

1818 5692 1837 5726 ι
1868 5674 1997 5730 nino
2028 5682 2366 5732 sacramenta
2391 5688 2492 5727 non
2516 5678 2748 5727 essent.»
2776 5667 2917 5724 Idem
2947 5671 3016 5727 De
3046 5670 3390 5728 catcchitan-
