3864 6300
483 262 588 318 ,ιρδ
1475 255 1535 311 B.
1576 253 1958 310 LANFRANCI
1997 252 2347 309 caurum.
2389 253 2700 310 anetum
3622 262 3701 320 tat

489 401 506 431 ι
548 381 630 435 dis
668 380 887 435 rudibus
921 398 931 432 ι
964 400 979 431 ί
1008 376 1292 449 Stgttacula
1316 374 1533 444 quidem
1566 388 1742 427 rerum
1766 373 2065 428 divinarum
2098 375 2142 429 Α
2169 370 2362 426 delicet
2398 372 2596 437 carnis,
2625 381 2677 426 et
2699 373 2923 442 sanguis
2971 383 3379 430 sacramentum
3412 388 3488 432 est
3521 387 3703 451 sangui-

490 490 505 521 t
544 479 669 523 sunt
694 469 941 535 visibilia,
974 470 1066 525 sed
1091 483 1177 521 res
1224 462 1519 519 invisibiles
1575 462 1627 516 in
1677 463 2068 531 eisIhonoran-

491 580 508 612 ι
556 571 675 626 tur;
723 576 823 615 nec
873 561 952 615 sic
995 557 1240 615 habenda
1299 564 1382 611 est
1440 554 1645 624 Species
1700 553 2069 609 benedictione

493 673 509 699 ι
549 649 907 714 sanctiﬁcata,
939 646 1394 720 quemadmodum
1446 645 1676 698 habetur
1701 644 1752 697 in
1798 658 1894 697 usu
1937 658 2068 713 quo-

491 761 508 789 ι
543 740 693 794 libet.
734 760 750 792 δ
1309 795 1313 799 .

556 829 754 882 Lnrn.
786 827 893 879 lloc
920 828 1165 897 ignorare
1210 824 1455 894 quisquis
1495 822 1702 892 nequit,
1766 822 2070 891 quicunque

484 922 569 976 vel
602 932 814 975 lennem
839 919 1009 974 sacris
1037 919 1227 972 litteris
1258 932 1476 987 operam
1522 916 1801 985 impendit.
1868 915 2069 969 Sacra-

487 994 666 1068 menta
695 1013 835 1067 enim
864 1002 1074 1065 illarum
1100 1025 1278 1063 rerum
1304 1024 1527 1078 quarum
1558 1015 1901 1061 sacramenta
1945 1014 2069 1060 snttt

486 1122 702 1175 semper
737 1105 1379 1175 similitudinemgerunt,
1424 1101 1563 1155 sicut
1607 1100 1659 1153 in
1701 1106 2068 1163 sacramento,

485 1199 550 1253 de
579 1184 684 1266 quo
713 1198 825 1251 hate
854 1197 1076 1264 quaestio
1106 1194 1410 1251 ventilatur,
1431 1192 1556 1245 dum
1583 1189 1847 1261 frangitur
1870 1188 2067 1252 hostia,

484 1291 611 1344 dum
632 1290 861 1358 “sanguis
887 1290 951 1342 de
978 1287 1147 1343 calice
1177 1288 1229 1340 in
1258 1302 1351 1340 ora
1381 1283 1617 1338 ﬁdelium
1650 1281 1914 1346 funditur,
1939 1280 2071 1349 quid

484 1381 627 1434 aliud
679 1397 837 1449 qnatn
885 1379 1147 1435 Dominici
1207 1377 1447 1447 corporis
1477 1377 1529 1429 in
1566 1388 1726 1430 cruce
1776 1373 2071 1428 immolatio

483 1454 705 1540 ejusque
729 1471 1007 1539 sanguinis
1049 1469 1115 1523 de
1147 1468 1316 1521 latere
1340 1465 1530 1520 effusio
1553 1462 1899 1534 designatur?
1928 1460 2069 1516 Aliu-

482 1562 609 1631 quin
638 1568 1033 1615 sacramentum
1080 1574 1185 1612 non
1213 1566 1378 1621 esset,
1434 1556 1477 1609 si
1512 1566 1689 1609 tamen
1746 1551 2069 1607 sacramenti

484 1669 680 1707 nomen
713 1669 778 1706 eo
809 1650 1318 1722 intelligaturmodo
1364 1664 1470 1719 quo
1516 1663 1660 1703 nunc
1701 1646 2069 1717 intelligimus,

2170 462 2277 515 nis.
2318 462 2498 517 Carne
2522 471 2577 515 et
2607 465 2890 533 sanguine,
2925 474 3152 535 utroque
3174 467 3458 537 invisibili,
3484 470 3698 546 intelligi-

2171 552 2303 617 bili‘,
2352 552 2615 623 Spirit'uali
2652 596 2667 621 ,
2718 554 3054 625 signiﬁcatur
3118 557 3496 628 Redemptoris
3551 570 3708 633 corpus

2172 642 2401 707 visibile,
2433 645 2722 714 palpabile,
2756 646 3043 703 manifeste
3068 647 3290 718 plenum
3318 660 3490 719 gratia
3511 655 3707 709 omnium

2171 736 2431 789 virtutum
2461 746 2514 790 et
2532 738 2714 793 divina
2742 739 3045 807 majestate.
3078 742 3327 808 Quorum
3370 744 3586 799 alterum
3616 749 3708 817 qui-

2172 824 2292 878 dem
2320 824 2443 879 dum
2471 824 2757 897 frangitur,
2785 838 2841 883 et
2862 831 2915 883 in
2948 832 3127 900 populi
3183 831 3419 886 salutem
3464 834 3706 901 dividitur;

2172 915 2397 970 alterum
2426 931 2556 970 vero
2583 916 2812 972 eﬁ‘usum
2845 919 2912 973 de
2947 920 3119 974 calice
3138 922 3224 975 ab
3254 935 3353 975 ore
3374 920 3598 977 ﬁdelium
3644 943 3709 981 su-

2175 1007 2355 1071 tnitur,
2387 1022 2530 1061 mors
2566 1005 2680 1073 ejus
2720 1009 2772 1061 in
2810 998 2997 1074 cruce,
3027 1022 3082 1066 et
3102 1013 3394 1082 sanguinis
3428 1015 3541 1083 ejus
3578 1015 3634 1071 de
3656 1018 3712 1070 la-

2174 1105 2287 1150 tere
2310 1097 2582 1151 emanatio
2612 1098 2895 1167 ﬁguratur.
2925 1099 3231 1171 Utrmnque
3259 1104 3451 1158 teatus
3469 1104 3712 1174 Gregorius

2172 1195 2227 1239 et
2248 1186 2475 1241 solerter
2522 1189 2770 1251 attendit,
2826 1197 2879 1245 et
2906 1191 3189 1247 enucleate
3246 1193 3302 1247 in
3334 1202 3524 1262 quarto
3551 1195 3712 1265 Dialogi

2172 1276 2311 1332 libro
2338 1279 2559 1348 exponit
2585 1281 2770 1336 dicens
2803 1281 2918 1352 (lib.
2943 1298 3017 1349 tv,
3067 1299 3119 1339 c.
3159 1284 3253 1354 58)
3284 1303 3298 1337 :
3336 1301 3358 1337 α
3389 1284 3514 1354 Ejus
3556 1288 3713 1355 ψιίιηο

2173 1384 2301 1424 caro
2329 1370 2674 1437 ibisumitnr,
2718 1372 2834 1439 ejus
2868 1376 3099 1445 sanguis
3146 1391 3255 1429 non
3302 1376 3417 1446 jam
3465 1377 3516 1430 in
3567 1392 3715 1433 manus

2174 1461 2491 1529 inﬁdelium,
2517 1465 2610 1518 sed
2648 1480 2701 1519 tn
2718 1480 2814 1519 ora
2832 1464 3070 1521 ﬁdelium
3094 1466 3373 1523 funditur.
3425 1466 3712 1524 Pensandum

2174 1570 2305 1625 ergo
2332 1564 2414 1611 est
2444 1558 2602 1625 quale
2640 1559 2710 1612 sit
2738 1559 2841 1614 hoc
2870 1561 3201 1615 sacriﬁcium
3228 1562 3378 1630 quod
3420 1577 3516 1632 pro
3543 1562 3714 1617 absolue

2182 1645 2330 1699 tione
2354 1656 2539 1701 nostra
2578 1656 2807 1701 mortem
2838 1649 3099 1719 nnigcniti
3139 1650 3268 1704 Filii
3312 1665 3526 1721 semper
3579 1652 3713 1707 imita-

483 1753 540 1798 et
562 1744 787 1814 intelligi
820 1760 848 1797 a
894 1720 1185 1797 lectoribus
1208 1758 1301 1797 seu
1335 1740 1674 1797 auditoribus
1710 1740 2065 1794 aestimamus.

2181 1744 2283 1789 tttr.
2313 1755 2331 1788 ι
2365 1755 2383 1788 ι
2414 1736 2698 1792 Imitaturt
2747 1739 2903 1805 dixit,
2938 1756 3045 1794 non
3075 1751 3365 1811 operatur,
3419 1720 3537 1812 quia
3583 1760 3713 1796 mur-

485 1835 693 1889 Dieitur
734 1850 967 1905 namque
1025 1845 1423 1889 sacramentum
1471 1832 1633 1886 etiam
1673 1829 2070 1900 jusjurandum,

483 1944 589 1981 non
618 1926 761 1996 quod
786 1926 862 1980 rei
894 1927 1193 1997 cujuspiam
1241 1924 1653 1980 similitudinem
1712 1922 1927 1989 habeat,
1978 1923 2071 1978 sed

476 2020 605 2091 quia
631 2035 790 2089 supra
825 2036 908 2072 res
953 2036 1138 2074 sacras
1185 2019 1412 2089 alicujus
1470 2018 1543 2071 rei
1578 2016 1936 2079 conﬁrmatio,
1989 2015 2073 2071 vel

482 2112 702 2180 negatio
734 2114 847 2165 ﬁat.
884 2112 1032 2166 Unde
1081 2112 1269 2167 beatus
1298 2112 1615 2183 ,Cregorius
1665 2110 1841 2181 (epist.
1875 2110 1964 2181 ‘25)
2022 2110 2073 2163 itt

482 2201 709 2270 epistola
736 2202 801 2254 ad
828 2202 1099 2256 Justinum
1138 2220 1152 2256 :
1186 2221 1204 2255 ‹
1243 2203 1324 2257 Ad
1363 2203 1528 2268 beati,
1559 2202 1752 2269 inquit,
1784 2201 1952 2264 Petri,
1984 2216 2071 2253 sa-

483 2291 850 2345 cratissimum
883 2306 1081 2362 corpus
1108 2292 1353 2346 districta
1378 2308 1500 2347 eum
1536 2310 1599 2345 ex
1653 2292 1946 2346 abundanti
2001 2291 2073 2346 fe-

484 2382 654 2437 cimus
686 2392 1026 2438 sacramenta
1056 2384 1319 2454 przebere.
1354 2404 1372 2437 ›
1408 2383 1619 2439 Dicitur
1652 2399 1868 2453 quoque
1893 2398 2076 2439 sacra-

488 2480 731 2525 mentum
789 2472 1016 2540 alicujus
1059 2473 1137 2527 rei
1185 2473 1447 2541 sacratio,
1498 2474 1633 2528 sicut
1696 2483 2074 2542 argumentum

485 2564 661 2617 dnhia:
692 2565 763 2617 rei
794 2564 1133 2633 approbatio,
1188 2564 1561 2621 fulcimentum
1617 2582 1823 2621 casura:
1849 2566 1924 2620 rei
1958 2581 2076 2620 sns-

497 2654 742 2707 tentatio.
783 2654 911 2707 Illuil
964 2671 1087 2709 vero
1118 2657 1259 2725 quod
1287 2674 1350 2711 ex
1378 2657 1515 2712 libro
1557 2659 1632 2713 De
1676 2658 2077 2714 cateeltizandis

486 2745 709 2800 rudibus
762 2746 1107 2817 assumpsisti
1134 2788 1148 2811 ,
1188 2764 1439 2803 asserens
1485 2750 1537 2803 in
1572 2750 1732 2805 rebus
1781 2750 2077 2803 visibilibus

489 2851 579 2890 res
612 2835 910 2891 invisibiles
959 2838 1321 2901 honorandae,
1368 2854 1465 2893 nec
1496 2840 1575 2895 sic
1620 2840 1917 2895 habendam
1959 2855 2081 2909 spe-

492 2926 631 2980 ciem
688 2912 1072 2983 benedictione
1127 2916 1518 2984 sanctiﬁcatant
1554 2970 1568 2994 ,
1625 2932 2077 3000 quemadmodum

490 3033 592 3070 non
625 3018 1038 3085 sanctiﬁcatatn,
1073 3022 1201 3090 quid
1227 3030 1329 3076 tute
1360 3024 1499 3092 parti
1523 3026 1715 3093 prosit,
1751 3022 1911 3095 plane
1965 3040 2073 3079 non

489 3108 673 3175 video;
707 3110 813 3163 imo
833 3112 1007 3182 magis
1038 3114 1249 3169 videtur
1297 3124 1444 3170 luant
1489 3134 1800 3188 oppugnare
1854 3130 2075 3176 senten-

490 3202 644 3265 tiam,
676 3216 874 3260 nostrre
896 3205 1039 3261 ferre
1068 3209 1387 3263 subsidium.
1420 3209 1527 3265 Nos
1558 3212 1756 3265 ctenim
1786 3213 1837 3266 itt
1894 3214 2075 3284 specie

488 3293 643 3361 panis
670 3304 721 3348 et
749 3296 874 3358 vini,
906 3312 1068 3367 quant
1100 3300 1366 3365 videmus,
1404 3317 1490 3358 res
1536 3303 1852 3366 invisibiles,
1904 3306 1954 3359 id
1995 3315 2080 3361 est

488 3370 688 3438 Christi
718 3401 936 3442 carnem
963 3398 1017 3442 et
1045 3390 1382 3461 sanguinem,
1418 3393 1765 3450 honzn'amns.
1798 3394 1908 3450 Nec
1929 3396 2076 3450 simi-

489 3473 611 3527 liter
648 3477 929 3545 pendimus
948 3480 1044 3535 has
1074 3480 1211 3536 duas
1259 3484 1493 3554 species.
1544 3501 1608 3540 ex
1641 3487 1838 3556 quibus
1883 3504 2073 3543 conse-

490 3574 674 3619 cratur
732 3567 1068 3624 Dominicum
1129 3586 1364 3643 corpus,
1423 3576 1873 3643 quemadmodum
1948 3587 2078 3632 ante

487 3657 951 3712 consecrationem
1013 3663 1403 3729 pendehamus,
1448 3679 1570 3719 cum
1623 3666 1851 3722 ﬁdeliter
1902 3667 2075 3722 fatea-

490 3763 630 3809 mur,
660 3757 785 3802 ante
814 3754 1298 3819 cousecrationem,
1342 3770 1465 3811 esse
1505 3772 1699 3826 panem
1759 3760 2075 3830 vinumque,

492 3842 668 3908 idest,
701 3859 791 3897 eas
825 3860 911 3899 res
936 3861 1070 3914 quas
1097 3856 1291 3902 natura
1337 3848 1611 3905 formavit.
1669 3852 1815 3907 lnter
1861 3867 2078 3907 Sacran-

491 3930 615 3981 dnm
654 3946 783 3985 vero
814 3934 1056 3987 converti
1081 3936 1133 3988 in
1156 3934 1359 3991 Christi
1390 3953 1606 3993 carnem
1640 3955 1705 3994 ac
1734 3942 2074 4010 sanguinem,

490 4034 626 4088 quas
660 4031 919 4091 utrasque
943 4040 1027 4078 res
1057 4026 1362 4081 benedictio
1415 4029 1779 4096 consecravit,
1826 4032 2078 4100 quamvis

490 4110 684 4165 beatus
711 4111 1071 4184 Augustinus,
1106 4117 1158 4171 itt
1190 4132 1256 4172 eo
1286 4117 1442 4184 libro,
1478 4134 1583 4174 non
1610 4120 1782 4191 magis
1823 4121 2080 4192 loqueba-

492 4208 579 4254 tur
617 4202 684 4257 de
710 4202 816 4258 hoc
843 4215 1189 4262 sacramento
1217 4223 1378 4277 quam
1408 4210 1475 4264 de
1500 4210 1715 4266 caeteris
1751 4226 1873 4280 qua:
1919 4212 2079 4285 Chrif

491 4293 665 4349 stiana
691 4298 1088 4355 consuetudine
1109 4301 1350 4356 exerceri
1371 4300 1633 4370 jubentur
1662 4312 1717 4358 et
1764 4303 2080 4361 solemniter

2172 1844 2293 1897 gens
2319 1845 2384 1883 ex
2406 1831 2644 1896 mortuis,
2660 1830 2780 1901 jam
2812 1848 2915 1886 non
2947 1835 3194 1901 moritur,
3227 1850 3373 1888 mors
3397 1834 3476 1887 illi
3500 1835 3619 1888 ultra
3638 1851 3712 1888 non

2174 1917 2530 1975 dominabitur
2551 1920 2729 1990 (Rom.
2762 1938 2836 1988 vt,
2861 1922 2939 1994 9).
2967 1923 3110 1980 Caro
3139 1940 3274 1995 ergo
3300 1933 3358 1980 et
3377 1925 3603 1995 sanguis,
3621 1926 3713 1995 qui-

2176 2012 2274 2065 bus
2300 2012 2367 2066 ad
2392 2012 2790 2082 impetrandam
2815 2030 2916 2084 pro
2942 2018 3180 2087 peccatis
3212 2019 3424 2073 nostris
3470 2018 3556 2072 Dei
3595 2018 3712 2072 mise-

2180 2105 2465 2160 ricordiam
2494 2107 2735 2177 quotidie
2775 2108 2989 2171 alimur.
3048 2111 3257 2166 Christi
3295 2126 3492 2182 corpus
3532 2126 3586 2163 ac
3624 2126 3714 2163 san-

2178 2197 2295 2266 guis
2323 2206 2599 2263 vocantur,
2644 2215 2751 2254 nou
2784 2201 2959 2255 solum
3018 2202 3146 2270 quia
3204 2188 3566 2256 essentialitcr
3613 2199 3713 2251 idrm

2178 2296 2324 2353 sunt,
2348 2288 2704 2359 qualitatibus
2758 2291 3056 2361 plurimum
3116 2293 3519 2362 discrepantes,
3574 2307 3713 2345 verum

2179 2379 2342 2434 etiam
2371 2395 2436 2435 eo
2458 2380 2750 2437 locutionis
2780 2384 2941 2438 modo
2969 2399 3077 2453 quo
3111 2399 3206 2440 res
3245 2384 3553 2455 signiﬁcans
3593 2380 3712 2451 signi-

2182 2469 2351 2525 ficata:
2381 2470 2456 2526 rei
2482 2471 2620 2526 solet
2650 2472 2916 2528 vocabulo
2949 2476 3284 2545 nuncupari.
3316 2475 3425 2531 Nec
3451 2475 3586 2545 juste
3607 2473 3713 2543 quis-

2180 2577 2339 2629 quam
2370 2562 2695 2627 movebitur,
2741 2562 2899 2635 241
2966 2567 3015 2618 si
3058 2567 3256 2621 eadem
3313 2579 3463 2629 caro,
3520 2561 3714 2631 identq'Ie

2181 2651 2399 2720 sanguis
2421 2652 2501 2706 sui
2535 2652 2773 2721 ipsorum
2799 2661 3145 2709 sacramenta
3179 2655 3427 2710 existant
3475 2653 3714 2708 secundum

2181 2742 2325 2796 aliud
2354 2751 2519 2812 atque
2542 2743 2687 2797 aliud
2711 2754 2955 2815 accepta,
2987 2762 3109 2800 cum
3143 2746 3268 2816 ipse
3300 2747 3551 2801 Dominus
3578 2743 3713 2805 Jesus,
3802 2796 3805 2797 ν

2182 2841 2301 2900 post
2328 2834 2785 2891 resurrectionem
2811 2850 2997 2899 suam,
3037 2838 3116 2890 sui
3167 2838 3345 2907 ipsius
3383 2839 3579 2892 diversa
3616 2845 3714 2890 tem-

2180 2938 2370 2992 porum
2392 2924 2605 2981 ratione
2637 2935 2818 2997 typum
2839 2930 3065 2997 gesserit
3098 2939 3153 2984 et
3182 2929 3440 3000 ﬁguram.
3493 2929 3714 2998 Apparcns

2181 3029 2325 3069 enim
2373 3016 2581 3072 duobus
2626 3017 2906 3089 discipulis
2934 3060 2947 3086 ,
3000 3022 3328 3093 loeutusque
3366 3023 3466 3088 eis,
3511 3029 3713 3090 quantum

2177 3106 2310 3162 satis
2335 3122 2457 3163 esse
2474 3107 2762 3176 judicavit,
2794 3109 2919 3164 dum
2953 3110 3110 3166 ﬁnxit
3139 3125 3198 3166 se
3228 3112 3447 3182 longius
3480 3112 3551 3165 ire
3599 3107 3712 3176 (Luc.

2179 3213 2325 3263 xstv,
2352 3197 2562 3269 13-28),
2597 3199 2739 3254 sicut
2768 3200 2956 3257 beatus
2980 3198 3323 3274 Augustinus
3372 3203 3514 3267 dicit,
3559 3197 3714 3270 signiﬁ-

2178 3289 2321 3343 cavit
2345 3304 2404 3344 se
2428 3299 2549 3358 post
2577 3304 2779 3359 paucos
2800 3292 2915 3346 dies
2938 3293 2990 3347 in
3016 3295 3215 3349 etnhnn
3255 3308 3587 3351 ascensurutn
3611 3304 3713 3344 esse.

2178 3379 2330 3445 Quod
2357 3380 2460 3435 iter
2486 3379 2644 3451 longe
2673 3391 2939 3437 remotum
2961 3393 3045 3439 est
3084 3400 3114 3438 a
3161 3385 3445 3441 communi
3495 3385 3713 3439 hominum

2181 3470 2311 3534 vita,
2359 3485 2478 3539 quae
2528 3471 2659 3541 ipsis
2693 3482 2751 3527 et
2797 3474 3004 3531 duobus
3061 3476 3343 3548 discipulis
3380 3472 3715 3533 evidentissintc

2181 3561 2430 3630 ﬁgurata.
2479 3562 2730 3619 Christus
2782 3582 2913 3639 ergo
2962 3568 3163 3626 Christi
3214 3582 3304 3626 est
3357 3576 3709 3627 sacramentum.

2179 3653 2415 3725 Longius
2462 3656 2711 3711 videlicet
2743 3657 2823 3713 ire
2848 3675 2907 3715 se
2936 3660 3174 3732 ﬁngens;
3230 3663 3449 3735 longius
3495 3676 3579 3716 suo
3617 3667 3712 3709 trin-

2179 3761 2310 3816 pore
2332 3748 2675 3804 ascendentis
2703 3751 2755 3803 in
2787 3751 3004 3806 coelum.
3047 3753 3192 3809 Idem
3228 3755 3494 3825 ejusdem.
3538 3765 3622 3807 nec
3653 3759 3711 3800 tt-

2180 3850 2303 3889 ttten
2334 3850 2721 3908 usquequaque
2750 3840 3013 3910 ejusdem.
3051 3844 3221 3900 Verus
3250 3861 3484 3915 namque
3524 3844 3653 3903 Deus,
3674 3847 3710 3891 et

2179 3942 2338 3983 verus
2368 3933 2546 3995 homo,
2581 3940 2634 3985 et
2656 3931 2886 4003 ﬁngens,
2918 3943 2971 3989 et
3003 3937 3333 3993 ascendens.
3393 3938 3709 3992 Verumtamen

2182 4016 2327 4072 aliud
2355 4028 2437 4073 est
2463 4018 2777 4090 ﬁgmentum
2804 4026 3004 4080 terreni
3046 4025 3283 4093 itineris,
3332 4027 3471 4082 aliud
3496 4021 3709 4080 inetrlum

2180 4108 2381 4163 veritas
2409 4111 2769 4166 ascendentis.
2827 4111 2937 4169 Nec
2988 4114 3183 4186 aliquis
3234 4115 3311 4172 ita
3368 4113 3630 4186 desipuerit
3670 4115 3711 4159 ut

2180 4207 2461 4269 propterea
2492 4200 2764 4273 abnegare
2788 4217 3085 4273 praesumat
3108 4208 3403 4278 ﬁngentem
3452 4223 3505 4262 se
3552 4200 3708 4272 longius

2183 4291 2261 4344 ire
2283 4306 2402 4347 esse
2423 4293 2703 4359 Christum
2731 4311 2941 4363 verum,
2967 4300 3089 4369 quia
3121 4300 3238 4369 ipso
3267 4302 3516 4373 ﬁgmento
3552 4293 3707 4363 longio-

491 4396 834 4452 exerccntur,
872 4389 1145 4447 instruens
1184 4392 1467 4449 diaconum
1506 4396 1795 4464 quemdam
1851 4397 2075 4453 Cartha-

2185 4380 2259 4434 ris
2288 4381 2500 4439 itineris
2525 4385 2847 4456 signiﬁcavit
2880 4404 3064 4444 rerum
3095 4390 3378 4447 Christum
3418 4397 3706 4446 ascensorem

494 4476 733 4544 ginensis
754 4479 1010 4535 Ecclesiae
1035 4484 1273 4551 qualiter
1325 4486 1499 4555 ipsum
1548 4503 1766 4557 quoque
1808 4488 1972 4544 rudes
2012 4489 2078 4543 de

499 4560 579 4615 his
603 4571 653 4615 et
688 4563 753 4616 de
781 4567 990 4622 caeteris
1014 4580 1287 4638 oporteret
1311 4572 1599 4629 instruere.

1087 4656 1313 4713 CAPUT
1349 4658 1489 4713 XIV.

566 4741 799 4795 BERENG.
845 4762 862 4793 ‹
900 4743 1051 4804 Unde
1086 4746 1277 4802 beatus
1307 4750 1641 4820 Augustinus
1674 4753 1725 4807 itt
1755 4754 1982 4824 epistola
2015 4758 2081 4811 ad

504 4851 521 4881 ι
559 4832 895 4887 Bonifacium
932 4854 943 4887 :
979 4854 997 4886 ‹
1038 4837 1214 4903 Sicut,
1274 4842 1474 4910 inquit,
1511 4855 1913 4899 sacramentum
1964 4862 2086 4902 cor-

504 4940 521 4972 ι
561 4922 708 4991 poris
736 4922 937 4979 Christi
962 4930 1255 4984 secundum
1296 4935 1583 5001 quemdam
1614 4937 1830 4991 modum
1889 4951 2085 5007 corpus

505 5033 522 5065 ι
559 5015 762 5072 Christi
793 5028 895 5084 est,
923 5032 1321 5078 sacramentum
1349 5026 1629 5095 sanguinis
1656 5027 1857 5082 Christi
1890 5043 2088 5083 secun-

504 5129 520 5159 ‹
560 5109 686 5163 dum
735 5111 1024 5181 quemdam
1083 5116 1299 5187 modum
1350 5121 1569 5189 sanguis
1600 5120 1802 5175 Cltristi
1855 5132 1933 5179 est
1970 5139 1982 5175 :
2013 5124 2084 5177 ita

502 5219 522 5249 ι
563 5200 963 5255 sacramentum
994 5202 1138 5267 ﬁdei,
1173 5203 1304 5260 ﬁdes
1332 5217 1430 5261 est.
1458 5227 1475 5259 ι

568 5293 771 5349 LAKE-‘8.
821 5298 1236 5354 Sacratttentum
1289 5302 1529 5370 corporis
1557 5302 1781 5366 Christi,
1826 5316 2085 5373 quantum

501 5382 567 5435 ad
600 5382 651 5439 id
679 5396 885 5453 spectat
915 5389 1062 5457 quod
1092 5390 1145 5443 in
1170 5405 1333 5446 cruce
1353 5391 1668 5448 immolatus
1721 5404 1804 5448 est
1833 5395 1946 5463 ipse
1990 5395 2087 5447 Do-

502 5478 680 5532 minus
705 5477 977 5549 Christus,
1011 5499 1140 5540 caro
1161 5484 1279 5555 ejus
1331 5495 1435 5550 est,
1484 5502 1669 5555 quam,
1716 5488 1887 5543 forma
1936 5490 2090 5559 panis

502 5580 767 5636 opertam,
794 5573 845 5625 in
876 5589 1220 5634 sacramento
1243 5580 1564 5649 accipimus,
1593 5589 1645 5634 et
1672 5582 1895 5653 sanguis
1944 5582 2106 5652 ejus,-

503 5673 663 5726 quem
692 5662 790 5716 sub
823 5664 929 5718 vini
954 5669 1158 5738 specie
1186 5686 1250 5747 ac
1279 5686 1472 5743 sapore
1500 5682 1772 5743 potamus.
1812 5674 1968 5740 Caro,
2012 5674 2094 5728 νί-

2182 4471 2235 4525 in
2271 4474 2489 4531 malum.

2253 4566 2421 4624 Porro
2450 4581 2851 4627 sacramentum
2897 4573 3017 4630 ﬁdei
3062 4576 3116 4631 itt
3168 4578 3281 4647 ipsa
3316 4578 3383 4633 ad
3430 4570 3704 4630 Bonifacium

2182 4660 2411 4727 epistola
2442 4662 2632 4717 beatus
2675 4664 3011 4736 Augustinus
3038 4668 3362 4739 baptismum
3392 4676 3554 4724 vocat.
3581 4662 3707 4715 Venis

2184 4761 2365 4805 autem
2412 4753 2710 4823 baptismus
2740 4766 2955 4812 constat
2981 4775 3087 4814 non
3136 4770 3247 4815 tam
3276 4762 3540 4818 ablatione
3564 4767 3707 4819 corptr

2187 4845 2261 4898 ris
2290 4861 2450 4913 quam
2492 4847 2597 4902 ﬁde
2634 4850 2832 4916 cordis,
2860 4853 3317 4921 quemadmodum
3348 4850 3617 4924 apostolica
3639 4843 3707 4893 d0-

2186 4936 2360 4991 ctrina
2404 4938 2567 4994 tradit
2610 4940 2844 4996 dicens:
2881 4961 2899 4995 ‹
2939 4942 3071 4999 Fide
3100 4945 3364 5000 mundatis
3394 4940 3540 5000 corda
3564 4945 3703 4992 eorum

2190 5027 2328 5097 (Act.
2357 5044 2444 5093 xv,
2475 5029 2529 5101 9)
2559 5046 2573 5094 ;
2599 5049 2618 5081 ι
2652 5039 2709 5085 et
2738 5031 2865 5088 alibi
2902 5051 2915 5086 :
2955 5053 2972 5085 t
2996 5034 3088 5090 Sic
3126 5046 3182 5090 et
3202 5052 3295 5091 vos
3322 5035 3490 5091 salvos
3513 5026 3619 5084 facit
3640 5020 3709 5115 ba-v

2189 5119 2411 5186 ptisma,
2435 5135 2539 5175 non
2585 5124 2764 5178 carnis
2796 5126 3060 5194 depositio
3087 5129 3346 5192 sordium,
3372 5126 3459 5181 sed
3486 5115 3703 5178 conscien-

2192 5212 2275 5265 tiae
2304 5212 2458 5267 bonae
2502 5214 2856 5282 interrogatio
2887 5218 2939 5273 in
2968 5218 3137 5273 Deum
3164 5220 3212 5289 (I
3248 5218 3357 5273 Pet.
3392 5206 3582 5281 unﬁt).
3607 5226 3620 5257 ι
3646 5198 3704 5255 Μ’

2193 5316 2364 5359 terunt
2418 5314 2598 5362 tamen
2649 5311 2984 5379 signiﬁcatur
3027 5328 3123 5382 per
3175 5313 3420 5368 alterum.
3472 5305 3590 5360 Nam
3634 5310 3701 5367 9"

2193 5397 2520 5454 ablutionem
2549 5416 2668 5469 qua:
2701 5403 2913 5473 corpori
2937 5405 3283 5459 extrinsecus
3310 5399 3591 5457 adhibetur,
3610 5400 3699 5461 pur-

2192 5490 2335 5552 gatio
2373 5491 2567 5547 animae
2613 5493 2957 5560 exprimitur,
2983 5512 3145 5557 quam
3196 5496 3325 5551 ﬁdes
3370 5488 3572 5547 interior
3606 5490 3698 5546 ορο·

2194 5590 2365 5635 ratur.
2398 5582 2746 5655 Vocaturque
2789 5587 3090 5656 baptismus
3136 5589 3286 5656 ﬁdes,
3318 5581 3582 5643 secundum
3613 5580 3699 5669 cf"!

2196 5673 2482 5732 locutionis
2528 5676 2756 5732 formam
2801 5694 2903 5749 qua
2961 5681 3274 5750 mysterium
3326 5692 3435 5749 ejus
3474 5668 3698 5737 rcitcw'”
