3864 6300
58 256 142 311 s25

898 246 1099 303 LIBER
1142 246 1229 302 DE
1268 247 1593 304 CORPORE
1631 249 1719 304 ET
1754 248 2103 307 SANGUINE
2142 249 2400 306 DOMINI.

3162 254 3269 309 H6

53 365 324 440 mysterium
370 371 488 427 est,
533 362 738 418 censeri
789 364 1006 418 nomine
1053 363 1351 417 consuevit.
1410 363 1575 431 llujus
1606 378 1651 433 Α
1676 365 2002 420 abstineam.
2032 365 2256 419 Frustra
2303 379 2432 434 ergo
2456 365 2622 421 infers
2660 365 2915 423 ctdicis:
2953 385 2970 419 ι
3005 368 3060 422 Si
3100 370 3268 424 semel

54 467 111 519 rei
143 476 289 516 causa
325 460 621 514 similitudo
649 466 734 513 est
768 474 931 528 quam
960 457 1014 512 in
1058 466 1423 519 sacramento,
1452 468 1506 512 et
1532 458 1584 511 in

53 551 406 611 resacramenti
455 551 676 619 reperiri
707 566 925 621 semper
967 565 1190 605 necesse
1218 558 1330 615 est,
1358 550 1497 604 sicut
1531 551 1583 604 in

52 646 274 713 luptismo
310 650 360 695 et
385 642 495 695 [ide
542 640 841 711 Utrumque
871 655 1015 695 enim
1058 639 1223 706 lavat,
1254 648 1467 711 purgat,
1489 654 1588 710 pu-

53 739 189 789 riticat
210 750 223 798 ;
248 732 370 787 illud
391 747 635 793 carnem.
660 733 761 788 hoc
787 741 1042 787 mentem.

103 824 227 878 Sicut
269 836 397 890 ergo
446 821 688 876 caelestis
717 822 893 891 panis,
924 836 1045 890 qua:
1074 836 1202 877 vera
1232 821 1433 877 Christi
1458 835 1587 877 caro

52 926 129 978 est,
163 931 247 971 suo
274 916 430 969 modo
448 923 674 968 vocatur
719 931 918 985 corpus
958 914 1179 976 Christi,
1208 915 1350 969 illius
1394 915 1584 970 videli-

52 1017 114 1061 cet
138 1005 258 1073 quod
282 1003 522 1068 visibile,
552 1004 850 1074 palpabile,
900 1006 1153 1071 mortale,
1190 1009 1243 1062 in
1298 1023 1459 1063 cruce
1502 1018 1589 1064 est

54 1108 355 1163 suspensum;
400 1103 744 1163 voeaturque
781 1094 896 1163 ipsa
945 1096 1126 1151 carnis
1185 1098 1356 1167 ipsius
1400 1102 1589 1151 immo-

52 1187 165 1248 latio,
211 1198 321 1254 qua:
361 1185 670 1239 sacerdotis
719 1186 970 1239 manibus
1015 1185 1075 1240 fit
1128 1186 1327 1241 Christi
1382 1188 1586 1257 passio,

52 1291 178 1338 mors,
204 1274 508 1336 cruciﬁxio,
542 1290 649 1329 non
701 1276 777 1330 rei
811 1278 1060 1343 veritate,
1108 1278 1203 1333 sed
1245 1279 1587 1349 signiﬁcante

54 1368 286 1437 mysterio,
322 1366 401 1421 sic
460 1379 891 1440 saeramentum_
922 1369 1075 1434 lldei,
1125 1371 1271 1439 quod
1320 1370 1585 1439 baptisma

54 1457 271 1526 inl‘clligll,
304 1456 437 1512 ﬁdes
458 1466 566 1511 est.

595 1548 826 1606 CAPUT
856 1549 976 1605 XV.

102 1642 293 1696 Bessus.
327 1657 346 1691 ι
387 1640 593 1696 Beatus
638 1641 977 1712 Augustinus
1022 1657 1076 1697 ιιι
1123 1642 1350 1713 epistola
1388 1644 1455 1699 ad
1485 1643 1586 1699 Bo-

1687 471 1881 527 passus
1925 464 2009 511 est
2046 456 2299 512 Christus
2344 457 2396 511 in
2447 458 2770 526 semetipso,
2804 458 2971 514 semel
2998 460 3162 515 etiam
3213 462 3266 515 in

1687 562 1914 618 corpore
1941 563 2059 611 suo,
2087 564 2153 604 eo
2188 548 2332 618 quod
2378 563 2575 618 corpus
2606 564 2760 603 suum
2808 565 2954 605 nuno
2996 551 3155 606 modo
3185 568 3270 607 sc—

1687 640 1870 709 parari
1910 648 2085 710 potest
2115 656 2145 694 a
2174 640 2375 710 seipso.
2416 659 2433 691 ι
2469 640 2624 707 Quod
2649 655 2752 694 non
2786 642 3053 709 procedit.
3106 640 3267 713 242

1687 731 1851 787 Multa
1899 732 2100 802 quippe
2136 740 2264 786 sunt
2316 731 2369 786 in
2401 732 2584 797 rebus,
2625 745 2743 801 qua:
2795 746 2973 785 rerum
3027 735 3270 801 partibus

1687 821 1981 877 convenire
2010 835 2117 875 non
2162 830 2411 891 possunt.
2440 819 2574 875 Nam
2602 835 2723 874 cum
2755 819 2869 889 ipse
2897 820 3153 874 Dominus
3176 818 3267 873 Je-

1687 928 1782 969 sus
1808 929 1971 969 verus
2000 914 2141 969 Deus
2170 914 2262 978 sit,
2301 924 2355 968 et
2381 929 2541 968 verus
2571 912 2754 976 homo,
2781 914 3064 982 omnisque
3112 912 3272 965 homo

1687 1014 1899 1060 constet
1948 1005 2128 1060 anima
2191 1004 2441 1059 rationali
2497 1012 2551 1059 et
2605 1019 2833 1074 corpore
2875 1043 2890 1069 ,
2932 1018 3035 1057 non
3091 1011 3270 1057 tamen

1688 1096 1867 1148 anima
1899 1111 2038 1164 ipsa,
2063 1105 2155 1151 aut
2177 1095 2349 1164 ipsum
2372 1110 2569 1165 cerpns
2593 1105 2739 1151 recte
2766 1094 3051 1151 vocabitur
3073 1095 3235 1149 homo
3255 1134 3272 1159 ,

1691 1185 1772 1238 vel
1805 1185 1966 1239 Deus.
2658 1248 2667 1258 ,

2270 1279 2501 1336 CAPUT
2535 1279 2672 1335 XVI.

1757 1368 1991 1426 Bsnsxe.
2041 1389 2059 1423 ι
2094 1370 2419 1447 Consentio,
2463 1372 2640 1441 inquit
2688 1372 3038 1442 Burgundus,
3073 1379 3275 1425 sancta:

1693 1480 1712 1513 ι
1763 1461 2020 1519 ﬂuuiana:
2068 1464 2344 1521 Ecclesiae.
2387 1464 2596 1518 Revera
2638 1481 2741 1518 non
2794 1475 3038 1519 sanetam
3089 1464 3276 1519 Eccle-

1693 1573 1711 1604 r
1755 1554 1890 1608 siam
1922 1566 2146 1624 experta
2172 1564 2257 1610 est
2293 1556 2491 1611 veritas
2523 1555 2660 1625 ipSa,
2692 1556 2785 1611 sed
2826 1555 3121 1609 Ecclesium
3166 1571 3277 1608 tua-

1693 1663 1710 1693 ι
1758 1644 2097 1715 lignantium,
2141 1645 2428 1701 concilium
2460 1647 2737 1713 vanitatis,
2770 1661 2870 1702 nec
2896 1646 3273 1718 apostolicam,

58 1751 70 1780 ι
105 1733 317 1786 nifacium
348 1748 359 1783 :
398 1751 416 1782 ι
448 1731 633 1787 Semel
660 1732 970 1787 immolatus
995 1741 1078 1788 est
1105 1733 1357 1789 Christus
1402 1734 1455 1788 in
1488 1750 1576 1789 se-
1613 1724 1652 1782 Β
1690 1753 1707 1784 ‹
1750 1736 1845 1790 sed
1873 1737 2057 1791 sedem
2090 1735 2327 1792 Satanae.
2364 1758 2384 1790 ι

58 1839 70 1871 ι
103 1821 312 1892 inetipso.
342 1840 363 1874 ι
394 1821 461 1876 Et
496 1831 681 1876 tamen
715 1821 767 1876 in
789 1831 1134 1877 sacramento
1156 1838 1258 1877 non
1286 1823 1459 1878 solum
1488 1839 1585 1894 per

58 1927 253 1968 «omnes
303 1913 525 1967 Paschae
587 1913 1001 1981 solemnitates,
1048 1913 1143 1969 sed
1198 1923 1256 1970 et
1297 1915 1446 1970 omni
1498 1916 1584 1972 dic

57 2024 70 2054 ι
98 2003 265 2073 populis
290 2004 621 2059 immolatur.
643 2024 662 2058 I
728 2020 735 2027 ‘

106 2097 265 2150 LMWR.
300 2095 353 2150 lu
389 2098 574 2166 seipso
614 2096 783 2152 semel
820 2095 1133 2152 immolatus
1182 2105 1262 2153 est
1307 2096 1579 2162 Christus,

55 2185 144 2252 quia
167 2186 211 2238 iu
233 2188 667 2242 manifestatione
708 2189 790 2241 sui
822 2189 1085 2257 corporis,
1130 2187 1184 2242 in
1234 2188 1617 2243 distinctione'

57 2280 355 2333 uiembrorurn
401 2286 653 2335 onmium
716 2295 879 2336 verus
928 2281 1079 2335 Deus
1120 2289 1175 2335 et
1221 2294 1381 2334 verus
1422 2279 1583 2333 homo

58 2371 183 2425 semel
220 2382 413 2426 tantum
461 2373 517 2426 in
552 2387 719 2427 cruce
756 2375 1031 2444 pependit,
1064 2372 1300 2429 oll'ereus
1346 2387 1581 2442 seipsum

59 2462 165 2517 Patri
191 2464 400 2518 hostiam
439 2465 657 2527 vivam,
704 2465 1044 2534 passibilcm,
1095 2464 1399 2525 mortalem,
1436 2463 1583 2517 vivo-

61 2570 142 2606 rum
167 2570 219 2607 ac
254 2565 586 2610 mortuorum
627 2556 1013 2626 redemptionis
1058 2555 1355 2617 eflicacem,
1388 2568 1579 2608 eorum

60 2647 252 2702 videlicet
293 2663 423 2717 quos
465 2649 639 2704 divini
692 2648 909 2702 concilii
961 2648 1188 2702 altitudo
1238 2647 1583 2702 redimendos

61 2735 254 2799 judicavit
278 2780 290 2803 ,
321 2740 615 2809 przescivit,
653 2740 1081 2810 prmdestinavit,
1124 2740 1363 2802 vocavit,
1409 2737 1583 2791 modis

64 2838 178 2894 atque
202 2828 513 2898 temporibus
555 2829 752 2895 quibus
784 2829 835 2883 id
878 2828 993 2883 fieri
1023 2826 1375 2895 congruebat.
1399 2826 1454 2880 In
1495 2839 1583 2879 sa-

62 2933 273 2974 cramento
314 2934 493 2976 tamen
528 2923 678 2993 quod
716 2924 770 2977 in
802 2923 964 2993 hujus
1014 2924 1090 2975 rei
1126 2922 1440 2977 memoriam
1476 2919 1584 2975 fre-

62 3020 225 3076 quentat
257 3012 511 3079 Ecclesia,
549 3029 680 3068 caro
720 3013 928 3068 Domini
965 3012 1205 3083 quotidie
1246 3012 1577 3078 immolatur,

63 3101 276 3167 dividitur,
314 3106 636 3167 comeditur,
672 3114 727 3159 et
766 3105 987 3174 sanguis
1036 3103 1154 3173 ejus
1202 3104 1267 3159 de
1306 3104 1475 3159 calice
1516 3104 1580 3157 li-

64 3190 208 3246 deliutu
238 3209 322 3249 ore
347 3206 590 3265 potatur.
633 3194 873 3264 Utraque
916 3209 1067 3258 vera,
1099 3204 1329 3264 utraque
1358 3195 1425 3249 de
1460 3195 1580 3248 Vir-

64 3281 152 3349 gine
185 3296 390 3355 sumpta.
421 3285 673 3341 Sumitur
700 3288 918 3355 quidem
947 3300 1073 3340 caro
1110 3302 1209 3356 per
1250 3301 1309 3341 se
1329 3325 1344 3348 ,
1378 3295 1431 3341 et
1460 3302 1584 3340 san-

65 3374 247 3443 guisper
286 3392 339 3432 se
366 3392 468 3431 non
502 3378 625 3432 sine
666 3377 798 3432 certi
830 3378 1074 3446 mysterii
1130 3378 1359 3431 ratione.
1392 3376 1582 3442 Quam-

67 3467 122 3519 vis
150 3468 234 3525 alio
271 3470 553 3525 locutionis
594 3471 754 3524 modo
784 3479 929 3524 totus
958 3469 1209 3524 Christus
1264 3467 1582 3524 manducari

66 3553 224 3611 dicatur
260 3566 308 3613 et
348 3563 625 3623 credatur,
657 3558 869 3613 scilicet
897 3574 1019 3613 cum
1069 3560 1181 3613 vita
1209 3566 1435 3621 aeterna,
1464 3573 1583 3626 quae

68 3642 148 3710 ipse
167 3648 534 3716 est,spirituali
582 3648 856 3702 desiderio
903 3649 1196 3717 appetitur,
1222 3662 1345 3700 cum
1392 3661 1580 3702 recor-

68 3732 172 3787 datio
196 3738 548 3793 mandatorum
579 3736 696 3805 ejus
730 3750 892 3806 super
927 3737 1031 3791 tnel
1062 3746 1117 3791 et
1162 3735 1341 3790 favum
1375 3735 1583 3790 dulcior

70 3827 105 3875 in
130 3839 273 3882 mente
306 3830 548 3895 habetur,
579 3843 699 3884 cum
753 3829 995 3883 fraterna
1040 3829 1303 3893 charitas,
1331 3826 1484 3894 cujus
1508 3828 1584 3883 si-

70 3930 187 3981 gnum
223 3930 310 3974 hoc
346 3930 747 3977 sacramentum
790 3929 990 3990 gestat,
1021 3936 1120 3989 pro
1162 3919 1363 3974 Christi
1396 3934 1581 3974 amore

70 4006 269 4075 diligitur,
301 4027 416 4067 eum
465 4013 700 4068 dulciter
726 4022 889 4081 atque
916 4011 1210 4066 salubriter
1238 4013 1290 4066 in
1317 4013 1578 4067 memoria

71 4103 315 4159 reconditur
343 4108 481 4176 quod
532 4122 633 4176 pro
684 4106 859 4161 Salute
907 4107 1186 4162 hominum
1238 4107 1581 4162 contumeliis

73 4189 120 4241 sit
158 4192 367 4252 allectus.
416 4212 580 4254 cruce
635 4214 951 4268 suspensus,
1010 4198 1175 4254 clavis
1212 4199 1401 4253 allixus
1464 4198 1581 4253 lan-

73 4293 137 4332 cea
158 4286 449 4344 vulneratus.
482 4290 726 4359 Utraque
754 4299 1019 4344 comesuo
1064 4303 1395 4354 necessarta,
1426 4300 1576 4344 utra-

1607 3060 1654 3123 C

1756 1826 1957 1880 Lassa.
1998 1826 2114 1882 Non
2160 1827 2385 1883 deberes
2415 1827 2640 1885 dicere:
2681 1848 2700 1881 ι
2741 1828 3063 1895 Consentio,
3102 1828 3280 1899 inquit

1691 1937 1709 1969 ι
1750 1917 2093 1989 Burgundus,
2126 1940 2144 1974 ι
2174 1921 2267 1976 sed
2306 1922 2588 1976 consentio
2616 1938 2715 1991 ego
2745 1923 3103 1992 Berengarius
3133 1939 3148 1986 ;
3187 1930 3276 1975 ιιιι

1686 2009 1833 2064 enim
1864 2010 1979 2066 haec
2020 2012 2186 2066 verba
2240 2010 2475 2076 fuerunt,
2514 2012 2627 2066 haec
2656 2022 2707 2067 te
2756 2014 2981 2068 credere
3026 2021 3274 2068 sanctum

1684 2100 1974 2156 concilium
2020 2102 2281 2158 fefellisti.
2316 2102 2432 2158 hcce
2473 2113 2525 2158 te
2552 2114 2889 2160 servaturum
2920 2103 3276 2176 jurejurando

1687 2193 1941 2247 firmasti.
1992 2193 2333 2250 Venerabilis
2384 2195 2713 2250 llumbertus
2740 2236 2753 2260 ,
2786 2212 2949 2267 quem
2991 2198 3142 2267 quasi
3184 2213 3278 2252 cx—

1685 2286 1991 2353 probrando
2032 2286 2379 2357 Burgundum
2440 2291 2727 2352 nominas,
2758 2288 2913 2356 quasi
2944 2303 3049 2341 non
3107 2290 3279 2358 possit

1686 2375 1827 2429 Deus
1872 2375 2073 2430 habere
2118 2377 2170 2429 in
2216 2376 2523 2447 Burgundia
2555 2390 2741 2431 servos
2766 2392 2915 2441 suos,
2946 2377 3078 2431 nihil
3131 2378 3276 2431 aliud

1685 2463 1835 2529 fecit,
1876 2465 1977 2518 nisi
2010 2466 2152 2535 quod
2184 2467 2510 2536 scripturam
2543 2465 2740 2537 ipsam,
2772 2468 3121 2539 praecipiente
3146 2485 3277 2539 syn-

1684 2555 1811 2610 odo.
1867 2571 2032 2610 manu
2082 2556 2135 2610 in
2174 2572 2394 2611 manum
2440 2557 2539 2613 tibi
2575 2568 2840 2628 porrexit.
2878 2558 3108 2624 Verum,
3141 2574 3170 2613 c
3204 2560 3279 2612 iu-

1684 2646 1809 2702 felix
1842 2647 2023 2703 anima
2047 2688 2062 2714 ,
2095 2648 2160 2703 de
2191 2649 2379 2705 literesi
2413 2650 2477 2704 ad
2507 2647 2802 2720 petjnrium
2828 2650 2978 2719 prius
3007 2652 3272 2709 transisti,

1684 2756 1827 2796 nunc
1886 2742 2083 2796 iterum
2125 2743 2194 2798 de
2251 2741 2488 2813 perjurio
2534 2743 2617 2796 ad
2653 2741 2906 2796 haeresim
2979 2742 3274 2802 retneasti;

1684 2842 1967 2899 propterea
2026 2834 2257 2887 traditus
2299 2834 2352 2888 in
2414 2833 2703 2903 reprobam
2757 2846 2975 2887 sursum
3031 2841 3276 2886 sanctam

1688 2921 1985 2977 Romanam
2033 2923 2329 2979 Ecclesium
2399 2940 2563 2980 vocas
2626 2923 2927 2980 Ecclesiam
2978 2923 3277 2993 malignan-

1688 3014 1817 3066 tium
1846 3053 1860 3076 ,
1890 3014 2181 3068 concilium
2214 3014 2503 3079 vanitatis,
2559 3015 2740 3068 sedem
2777 3012 3015 3067 Saluum.
3065 3012 3130 3066 Et
3174 3012 3278 3067 hoc

1687 3105 1852 3175 impio
1888 3120 1981 3160 ore
2009 3108 2247 3175 garrtsti,
2279 3107 2419 3176 quod
2464 3118 2704 3177 garrtsse
2733 3119 2892 3159 nemo
2920 3105 3131 3177 legitur,
3164 3120 3270 3158 non

1687 3196 2008 3261 haereticus,
2059 3213 2165 3251 non
2212 3197 2632 3262 schistnatieus,
2680 3212 2785 3251 non
2840 3196 3007 3251 falsus
3073 3196 3270 3265 aliquis

1684 3287 2048 3342 Christianus.
2081 3287 2357 3357 Quotquot
2386 3288 2530 3341 enim
2563 3302 2591 3340 a
2624 3287 2921 3356 primordio
2948 3285 3272 3341 Christiana:

1686 3379 1944 3433 Ecclesia
1967 3378 2261 3432 Christiani
2304 3378 2538 3431 nominis
2578 3377 2839 3447 dignitate
2868 3376 3082 3448 gloriati
3125 3384 3271 3441 sun',

1684 3471 1786 3523 etsi
1819 3468 2007 3538 aliqui,
2036 3468 2228 3522 relicto
2254 3468 2503 3521 veritatis
2533 3468 2772 3534 tramite,
2796 3483 2891 3537 per
2931 3467 3086 3522 devia
3122 3480 3273 3520 eno-

1686 3560 1762 3613 ris
1795 3557 2048 3613 incedere
2096 3555 2442 3620 maluerunt,
2482 3555 2665 3609 sedem
2710 3566 2888 3610 tamen
2935 3555 3079 3611 beati
3126 3554 3273 3609 Petri

1685 3649 1908 3721 apostoli
1947 3646 2229 3719 magniﬁce
2258 3647 2678 3708 honoraverunt,
2722 3645 3027 3716 nullamque
3077 3645 3269 3700 adver-

1683 3755 1774 3793 sus
1804 3753 1922 3792 eam
1961 3735 2268 3806 hujusmodi
2293 3735 2683 3806 blasphemiam
2706 3734 2791 3789 vel
2818 3734 2994 3790 dicere
3023 3735 3105 3790 vel
3128 3736 3268 3791 scri-

1683 3831 1810 3885 bere
1853 3839 2335 3901 prmsumpserunt.
2363 3828 2517 3896 Quod
2566 3829 2931 3884 indubitatum
2965 3829 3129 3883 habet
3178 3829 3270 3899 qui

1682 3938 1868 3977 eorum
1920 3924 2122 3993 scripta
2168 3923 2464 3994 Iegit,qu;e
2519 3923 2751 3977 diversis
2800 3922 3132 3991 temporibus
3160 3963 3173 3982 ,
3206 3937 3272 3975 ac

1638 4074 1643 4077 ι
1681 4012 1913 4067 diversis
1934 4014 1999 4068 dc
2025 4013 2206 4068 causis
2237 4016 2393 4069 sedes
2422 4013 2720 4084 apostolica
2742 4014 2810 4068 ab
2836 4014 2917 4068 eis
2951 4012 3268 4066 transmissa

1680 4108 1764 4162 vel
1803 4116 2050 4178 porrecta
2101 4109 2328 4180 recepit.
2362 4109 2603 4179 Denique
2636 4109 2749 4178 ipse
2797 4108 3052 4162 Dominus
3100 4109 3270 4160 hono—

1681 4201 1832 4255 riﬁce
1872 4201 2164 4269 alloquitur
2205 4216 2325 4253 eam
2381 4201 2435 4253 in
2480 4200 2771 4268 Evangelia
2819 4199 3004 4253 dicens
3038 4216 3051 4248 :
3085 4196 3162 4249 Tu
3212 4212 3266 4249 es

1680 4291 1890 4359 Petrus,
1930 4306 1977 4348 et
2025 4310 2182 4363 super
2232 4296 2367 4347 hanc
2421 4303 2617 4361 petram
2674 4290 2946 4359 a'aiﬁcabo
2978 4287 3271 4342 Ecclesium

72 4382 147 4435 que
174 4372 431 4431 fructuosa.
475 4380 661 4434 Altera
695 4381 895 4450 indiget
940 4379 1187 4441 alterius,
1218 4387 1274 4433 ut
1304 4380 1427 4433 boni
1472 4378 1572 4431 ali-

1689 4402 1867 4441 meam.
1888 4384 1954 4438 Et
1982 4397 2147 4456 parite
2169 4384 2324 4452 inferi
2348 4401 2450 4437 non
2477 4383 2829 4453 prwvalebunt
2861 4383 3105 4435 adversus
3132 4397 3267 4435 eum.

74 4462 164 4525 Quid
195 4480 438 4535 operetur.
484 4472 621 4524 Nam
662 4472 811 4539 prior
846 4471 891 4525 si
941 4472 1100 4533 desit,
1144 4470 1414 4539 posterior
1467 4485 1572 4523 non

74 4550 199 4608 mlum
247 4570 449 4627 peccata
490 4576 598 4615 non
662 4569 875 4629 purgat,
928 4562 1021 4615 sed
1069 4561 1233 4614 ctiam
1288 4567 1447 4630 auget
1480 4600 1494 4622 ,
1522 4568 1573 4612 et

75 4656 413 4719 Pmumlitores
440 4653 679 4722 'judieat.
710 4653 829 4718 Qui
861 4653 999 4705 enim
1032 4655 1312 4706 manducet
1371 4664 1415 4705 et
1453 4649 1575 4703 b'bit

74 4730 532 4809 indigne,‘judicimn
576 4742 674 4795 sibi
701 4741 981 4794 mundum!
1023 4752 1070 4795 et
1115 4742 1237 4794 bibit
1272 4740 1322 4813 tl
1350 4740 1472 4795 Cor.
1500 4755 1573 4801 at,

76 4820 154 4889 29)·
198 4826 340 4884 Porro
392 4833 660 4902 posterior
704 4816 819 4886 sine
856 4830 1056 4902 priure‘
1085 4848 1204 4887 esse
1246 4850 1348 4887 non
1404 4843 1577 4902 putes!

78 4926 142 4968 aut
168 4935 259 4974 non
277 4924 443 4979 debet.
485 4926 624 4980 llinc
672 4940 905 4994 namque
951 4926 1106 4995 panis
1156 4925 1502 4995 quotidianus
1548 4941 1576 4977 a

79 5003 247 5065 Domino
269 5010 477 5079 dicitur,
502 5018 642 5071 sicut
682 5032 710 5070 a
760 5018 919 5072 beato
962 5015 1250 5071 Ambrosio
1291 5015 1575 5084 (Sacram,

79 5106 112 5143 ε·
138 5096 197 5163 ὃ).
221 5111 266 5155 et
290 5115 465 5161 sancto
493 5107 765 5178 Cypriane
794 5107 1103 5177 exponitur,
1131 5107 1257 5161 etin
1286 5100 1579 5175 Evangelio

80 5180 256 5251 legitur:
285 5192 387 5247 Nisi
410 5199 843 5251 manducareritis
866 5201 1073 5250 carnem
1099 5194 1227 5249 Filii
1256 5196 1500 5259 hominis,
1532 5206 1577 5249 c:

81 5272 248 5333 bibentis
272 5287 372 5351 ejus
406 5290 726 5355 sanguinem,
769 5282 871 5343 non
903 5289 1160 5342 'mbebibis
1198 5290 1353 5342 vitam
1392 5289 1446 5341 in
1494 5307 1582 5343 eo-

82 5363 135 5414 ὺίε
162 5369 309 5436 (Joan.
333 5394 402 5445 vt,
432 5380 539 5441 54).
571 5384 634 5435 Et
665 5398 803 5435 sacri
833 5378 1280 5448 canonesjnbent
1328 5396 1432 5434 non
1481 5381 1579 5434 ha-

82 5451 233 5542 bendus
282 5467 406 5523 inter
462 5474 751 5527 catholicos
804 5472 893 5541 qui
944 5482 1285 5526 sacramento
1339 5474 1581 5542 corporis

85 5540 232 5604 Christi
273 5572 365 5610 non
410 5562 830 5628 communicant,
872 5564 973 5616 ιιιεί
1017 5562 1154 5616 forte
1202 5563 1579 5631 pmnitentium

86 5643 211 5702 υιοτθι
232 5652 278 5695 ct
307 5648 579 5721 episcopali
603 5653 831 5721 judicio,
863 5669 959 5723 pro
984 5654 1300 5725 capitalibus
1344 5658 1580 5726 peccatis

270 5738 516 5807 Pt'rBOL.
567 5745 688 5809 Cu.
1091 5733 1097 5742 ’

1680 4477 1745 4531 Et
1773 4477 1863 4531 tibi
1898 4477 2032 4530 dabo
2081 4477 2246 4530 clares
2291 4475 2434 4545 regni
2484 4473 2751 4528 caelorum.
2804 4472 2870 4527 Et
2924 4473 3268 4545 quodcunque

1677 4570 1919 4639 ligaveris
1951 4583 2107 4636 super
2152 4576 2365 4629 terram,
2395 4565 2491 4619 erit
2542 4565 2761 4636 ligatum
2805 4574 2853 4620 et
2901 4564 2953 4617 iu
2991 4563 3155 4619 culis.
3199 4563 3269 4617 Et

1677 4661 2019 4732 quodcunque
2047 4658 2257 4714 solveris
2298 4676 2453 4728 super
2490 4669 2704 4722 terram,
2738 4659 2834 4713 ειίι
2856 4656 3082 4712 solutum
3126 4666 3174 4711 et
3215 4659 3271 4709 in

1679 4752 1820 4806 caelis
1848 4751 2207 4823 (Matt/Lavi.
2239 4750 2325 4817 l8,
2365 4747 2470 4820 l9).
2518 4749 2649 4817 Qua
2694 4750 2903 4804 tametsi
2938 4749 3003 4803 de
3039 4750 3272 4818 pastori-

1681 4844 1779 4896 bus
1805 4851 2005 4897 sanctae
2041 4841 2292 4897 Ecclesia:
2318 4842 2457 4897 dicta
2499 4854 2619 4896 esse
2660 4839 2974 4906 credantur,
2996 4849 3052 4894 et
3081 4856 3110 4893 a
3142 4843 3263 4897 uui~

1682 4935 1905 4988 busdam
1957 4932 2244 4987 cqttholicis
2286 4926 2627 5000 exponuntur
2651 4974 2664 4993 .
2696 4933 2963 5002 prmcipue
2994 4941 3171 4986 tamen
3202 4933 3260 4987 de

1683 5026 1923 5079 Ruinaua
1960 5025 2197 5079 Ecclesia
2238 5024 2584 5095 intell’gentla
2629 5038 2748 5080 esse
2785 5024 2924 5080 sacri
2954 5038 3191 5079 canones
3215 5032 3261 5081 et

1683 5118 1999 5188 pontiﬁcum
2033 5117 2252 5171 decreta
2282 5126 2570 5171 testamur.
2606 5134 2609 5137 λ

2270 5204 2496 5261 CAPUT
2535 5205 2699 5261 XVII.

1756 5298 1987 5351 Benene.
2028 5317 2045 5349 ι
2083 5296 2217 5365 Quis
2264 5297 2408 5351 enim
2454 5292 2805 5353 aut'ratione
2841 5296 3149 5366 concipiat,
3179 5302 3274 5347 aut

1690 5408 1707 5440 ‹
1740 5405 1836 5459 per
1873 5390 2193 5444 miraculum
2228 5389 2342 5443 fieri
2375 5405 2529 5458 posse
2557 5390 2836 5451 concedat,
2867 5401 3060 5457 panem
3096 5384 3270 5452 frangi

1691 5499 1709 5531 ι
1747 5481 1799 5535 in
1842 5480 2042 5537 Christi
2071 5496 2319 5551 corpore,
2344 5481 2484 5550 quod
2517 5489 2637 5549 post
2673 5479 3122 5535 resurrectionem
3156 5486 3265 5529 tota

1690 5592 1707 5622 ‹
1742 5572 1886 5641 viget
1928 5570 2463 5640 incorruptibilitate,
2494 5580 2547 5624 et
2592 5583 2764 5636 usque
2810 5568 2863 5621 in
2916 5575 3159 5636 tempora
3185 5580 3268 5622 re-

1692 5681 1709 5715 ι
1757 5662 2051 5719 SlllUllO'lIS
2076 5662 2314 5719 omnium
2353 5662 2490 5717 ccelo
2524 5667 2700 5715 manet
2740 5657 3126 5716 iudevortabile.
3163 5677 3182 5712 ι

2982 5752 3055 5813 1ιῆ-
