3864 6300
129 242 218 299 ὄὶθ

110 355 312 423 ιιιιὶῳιω
345 347 491 417 pacis
538 343 785 401 omittas?
816 342 933 397 Non
963 354 1066 405 est,
1096 354 1155 397 nt
1184 349 1371 397 sancta
1400 340 1636 408 synodus
1665 346 1709 402 Α

969 231 1172 287 LIBER
1213 229 1301 283 DE
1333 227 1652 285 CORPORE
1692 227 1780 283 ET
1817 225 2165 283 SANGUINE
2197 225 2452 287 DOMlNl.

3209 226 3318 283 450

1738 340 1919 401 corde,
1953 355 2056 394 non
2084 342 2173 411 qui
2193 342 2389 411 premit
2436 343 2613 397 dente.
2656 361 2675 395 ι
2725 341 2857 410 Qute
2894 351 3178 400 autem-stt
3210 346 3317 400 hu-

110 444 405 507 deﬁnit,h."eo
427 455 560 495 caro
580 437 801 507 alicuius
825 437 892 492 de
916 438 1070 505 vulgo
1094 436 1344 499 hominis,
1379 449 1483 489 non
1506 434 1637 503 iusti
1732 430 1822 500 ius
1842 432 2168 486 sacramenti
2230 431 2402 486 virtus
2448 432 2609 500 paulo
2657 442 2779 503 post
2816 434 3038 503 exponit
3082 434 3271 490 dicens
3302 452 3318 489 :

109 550 151 593 et
179 530 477 590 sanctilicati
520 528 773 592 hominis,
821 526 912 582 sed
936 528 1115 597 potius
1158 527 1243 580 cui
1282 526 1393 595 ipse
1434 526 1636 588 unitus,

110 628 151 682 id
168 636 257 685 est,
277 623 581 675 incarnatus
600 626 683 672 est
714 618 807 672 Dei
830 625 885 671 et
914 616 1173 671 hominis.
1201 615 1356 681 Quod
1393 629 1521 669 vero
1562 615 1638 667 ait

109 714 467 772 benedictiones
522 709 806 780 tnysticas.
858 707 938 761 sic
965 707 1168 761 dictum
1209 705 1414 775 accipe,
1483 706 1636 774 quasi

109 808 277 859 diceret
319 809 579 855 secretas.
619 796 930 870 Mysterium
981 808 1239 863 namque,
1279 794 1419 848 sicut
1448 793 1640 847 beatus

108 892 393 964 Anglistinus
425 891 478 943 in
510 889 651 944 libro
703 889 780 942 De
808 884 1208 941 catechizandis
1236 884 1456 939 rudibus
1485 884 1636 947 dicit,

108 1000 129 1036 a
155 990 336 1035 secreto
365 992 561 1032 nomen
601 977 827 1046 accepit.
853 975 991 1043 Quid
1011 975 1157 1029 enim
1191 974 1451 1027 secretius
1475 988 1639 1043 quam

108 1073 230 1144 panis
250 1070 454 1138 vinique
494 1067 730 1138 speciem
752 1067 1088 1135 conspicere,
1113 1079 1361 1136 saporem
1398 1073 1635 1132 gustare,

109 1171 271 1214 tactum
294 1174 317 1212 ε
351 1158 513 1222 ntire,
549 1166 604 1211 et
632 1167 812 1212 tamen
845 1156 1162 1210 mirabiliter
1214 1162 1472 1223 operante
1528 1152 1639 1208 Deo

107 1265 251 1305 veram
299 1262 514 1303 carnem
569 1262 865 1317 verumque
904 1246 1218 1315 sanguinem
1252 1244 1497 1310 credere,
1553 1258 1635 1298 co-

108 1341 300 1401 medere,
335 1337 551 1391 bibere?
608 1335 735 1399 llas,
766 1343 820 1390 et
872 1333 1175 1401 huiusmodi
1216 1333 1512 1402 scripturas
1541 1347 1640 1402 per

109 1438 244 1482 totum
287 1427 392 1481 fere
430 1426 741 1480 divinarum
798 1424 1098 1478 litterarum
1153 1438 1353 1491 corpus
1405 1421 1637 1491 sparsim

109 1515 306 1577 dillusas,
327 1517 368 1568 si
396 1525 581 1569 amoto
608 1514 785 1568 inanis
804 1512 1082 1580 iactantia:
1118 1513 1377 1582 appetitu,
1427 1527 1525 1580 pro
1552 1512 1637 1565 in-

109 1608 307 1661 tentione
332 1606 448 1660 vitae
492 1616 711 1660 aeterna:
735 1604 1009 1658 humiliter
1053 1604 1281 1675 legeres,
1316 1603 1360 1658 si
1392 1602 1535 1656 inter
1558 1600 1607 1656 le

110 1695 295 1763 gendum
346 1693 528 1748 ell’nsis
581 1695 647 1747 ad
695 1690 981 1745 Dominum
1039 1673 1289 1760 precibus
1351 1690 1636 1757 impetrata
1669 1673 1712 1731 Β

108 1786 250 1838 divina
298 1786 466 1852 gratia
522 1784 876 1855 intelligeres,
927 1782 973 1837 si
1028 1795 1092 1836 ea
1142 1796 1262 1851 quae
1309 1782 1375 1835 ad
1400 1780 1639 1834 litteram

111 1877 265 1945 accipi,
312 1884 365 1930 et
422 1892 485 1932 ea
555 1892 677 1946 qua:
742 1874 1098 1946 spiritualiter
1140 1881 1355 1942 oportet
1390 1871 1636 1940 intelligi,

109 1967 366 2022 Christiana
394 1968 621 2031 cautela
662 1968 1041 2038 distingueres,
1067 1963 1256 2034 procul
1301 1963 1461 2018 dubio
1516 1977 1638 2017 cre-

111 2056 233 2110 deres
274 2058 405 2126 quod
437 2057 759 2113 universalis
799 2056 1033 2111 Ecclesia
1072 2054 1273 2115 credit,
1318 2052 1641 2122 prtedicares

110 2152 221 2218 quod
251 2148 529 2219 apostolica
579 2148 822 2203 doctrina
873 2146 925 2199 in
972 2152 1083 2198 tota
1125 2142 1311 2197 mundi
1359 2142 1641 2196 latitudine

113 2239 455 2307 medicandum
484 2238 742 2302 instituit,
773 2250 992 2289 carnem
1023 2232 1230 2289 scilicet
1250 2232 1637 2302 acsangninetn

113 2331 282 2390 Denisi
320 2331 486 2391 nostri
522 2328 655 2389 Iesu
682 2327 909 2395 Christi,
939 2335 995 2386 et
1022 2340 1119 2385 ore
1142 2323 1403 2398 carperis,
1444 2338 1500 2383 et
1545 2344 1641 2384 ore

114 2428 271 2489 cordis,
297 2428 392 2482 hoc
436 2434 521 2480 est
541 2424 897 2494 corporaliter
944 2436 1007 2475 ac
1037 2418 1393 2491 spiritualiter
1425 2418 1641 2473 manduo

114 2515 196 2567 cari
237 2525 283 2568 et
326 2516 450 2570 bibi.
505 2512 791 2583 Corporali
834 2510 1097 2579 siquidem
1142 2523 1237 2562 ore
1288 2506 1643 2576 corporaliter

115 2605 446 2660 manducamus
489 2615 551 2659 et
587 2603 840 2666 bibimus,
867 2600 1119 2671 quotiens
1154 2598 1221 2653 de
1251 2597 1406 2652 altari
1454 2598 1638 2652 Domi-

115 2695 207 2749 uico
249 2696 407 2765 ipsum
453 2694 798 2749 Dominicum
833 2707 1033 2762 corpus
1059 2705 1155 2760 per
1180 2705 1400 2744 manum
1453 2703 1611 2744 sacer

117 2785 221 2839 dotis
266 2786 590 2856 accipimus;
635 2783 901 2855 spirituali
960 2796 1092 2836 vero
1132 2795 1227 2835 ore
1265 2780 1445 2834 cordis
1482 2778 1639 2849 spiri-

117 2873 287 2926 tualiter
317 2874 618 2928 comeditnr
664 2883 719 2927 et
766 2872 1032 2937 hauritur,
1064 2870 1280 2940 quando
1310 2868 1547 2925 suaviter
1584 2877 1640 2922 et

116 2962 291 3026 utiliter,
331 2964 465 3018 sicut
504 2963 700 3017 beatus
754 2954 1083 3031 Augustinus
1124 2959 1275 3023 dicit,
1301 2960 1353 3013 in
1377 2958 1636 3013 memoria

117 3054 375 3106 reconditur
430 3052 577 3122 quod
627 3050 935 3119 unigenitus
958 3050 1052 3104 Dei
1114 3047 1284 3103 Filius
1337 3058 1435 3118 pro
1464 3046 1639 3101 salute

117 3143 259 3197 mundi
310 3158 522 3198 cantem
576 3142 805 3210 accepit,
844 3140 899 3194 in
948 3153 1108 3194 cruce
1149 3136 1420 3207 pependit,
1456 3148 1640 3190 resur-

117 3232 239 3294 rexit,
293 3232 553 3303 apparuit,
613 3230 880 3295 ascendit,
924 3239 1183 3281 venturus
1226 3227 1280 3280 in
1315 3226 1402 3280 die
1443 3223 1638 3294 iudicii

116 3318 265 3387 dignas
288 3319 505 3389 singulis
564 3318 841 3373 mercedes
871 3316 1170 3385 rependere
1198 3329 1294 3382 pro
1322 3318 1436 3368 suis
1459 3315 1639 3381 operi-

116 3409 206 3463 bus.
232 3408 346 3476 Quze
372 3409 634 3465 comestio
663 3418 787 3462 tunc
828 3404 991 3478 244
1016 3414 1101 3459 est
1143 3403 1289 3458 utilis
1314 3404 1637 3479 pauperibus

115 3499 294 3565 Christi,
338 3503 404 3565 si,
434 3503 503 3556 ad
539 3502 672 3555 tanti
720 3500 903 3555 divitis
951 3510 1058 3553 tam
1111 3512 1361 3569 magnam
1397 3511 1636 3550 mensam

118 3590 334 3658 sedentes,
361 3592 436 3646 sic
465 3592 639 3645 edunt
692 3599 751 3644 ut
794 3597 1128 3654 saturentur,
1178 3588 1258 3642 sic
1307 3585 1553 3641 recolunt
1581 3594 1637 3639 ut

116 3660 364 3745 imitentur,
393 3681 572 3752 parati
607 3694 821 3751 semper
852 3680 985 3736 mori
1022 3694 1122 3748 pro
1151 3678 1388 3743 Christo,
1444 3677 1635 3732 mortis

117 3766 296 3824 licantes
317 3772 512 3839 iugiter
538 3770 775 3824 membra
798 3786 893 3825 sua
927 3785 1045 3839 qua:
1072 3777 1197 3824 sunt
1236 3782 1396 3837 super
1440 3776 1637 3822 terram

115 3854 293 3922 (Colon.
320 3874 393 3923 ιιι,
431 3861 525 3930 5),
573 3870 628 3913 et
650 3862 1020 3929 cruciﬁgentes
1063 3873 1280 3913 carnem
1317 3872 1471 3913 suam
1514 3871 1636 3911 cum

116 3946 229 4001 vitiis
256 3959 305 4003 et
329 3952 781 4020 concupiscentiis
804 3950 947 4020 (Gal.
979 3965 1031 4015 v,
1059 3949 1151 4021 24)
1172 3990 1187 4014 ,
1217 3951 1357 4005 sicut
1377 3950 1636 4019 scriptum

114 4046 249 4090 estn
288 4042 363 4095 Ad
387 4057 632 4097 mensam
682 4057 932 4112 magnam
963 4042 1171 4106 sedisti,
1209 4042 1346 4096 scito
1383 4056 1635 4111 quoniam

117 4126 211 4179 talia
226 4138 267 4183 te
280 4143 479 4201 oportet
505 4147 814 4202 prmparare
839 4132 1029 4202 (Eccli.
1048 4146 1199 4195 xm,
1224 4132 1336 4201 η).
1375 4150 1393 4183 i
1422 4132 1500 4189 De
1518 4147 1638 4186 cor-

115 4218 249 4281 porali
274 4225 596 4279 comestione
624 4224 901 4293 discipulis
921 4239 952 4277 a
974 4224 1203 4278 Domino
1223 4225 1454 4280 dicitur:
1489 4224 1637 4277 Acci-

115 4322 212 4374 pite,
235 4326 555 4379 manaucatc,
585 4325 631 4369 ct
667 4316 843 4380 bibite,
866 4316 963 4369 hoc
981 4325 1057 4369 est
1086 4331 1275 4384 corpus
1303 4332 1472 4369 meum
1497 4315 1635 4386 quod
1668 4332 1712 4385 ι)

115 4412 186 4462 ltro
230 4406 351 4457 vobis
385 4406 625 4459 tradetur
676 4405 889 4476 (Matth.
923 4420 1067 4471 ιινι,
1122 4404 1253 4470 26);
1289 4415 1343 4459 et
1376 4421 1389 4457 :
1423 4403 1527 4457 Hic
1565 4415 1639 4459 est

116 4488 225 4540 cali:
244 4499 499 4564 sanguinis
532 4495 649 4561 mei,
676 4482 764 4566 qui
811 4511 905 4565 pro
950 4498 1090 4550 vobis
1136 4498 1433 4564 effundatur
1486 4496 1637 4566 (Luc.

116 4588 229 4644 xxu,
258 4581 361 4653 20).
416 4586 486 4640 Et
534 4586 822 4655 Apostolus
859 4587 928 4640 ad
973 4586 1282 4641 Corinthios
1310 4602 1323 4639 :
1351 4586 1453 4652 Qui
1492 4602 1641 4639 man-

116 4669 239 4723 ducat
287 4687 329 4729 et
371 4678 493 4731 bibit
544 4680 776 4748 indigne,
832 4678 1097 4747 judicium
1134 4678 1233 4731 sibi
1284 4678 1564 4731 manducat
1592 4688 1639 4730 et

119 4756 232 4823 bibit,
277 4781 369 4819 non
396 4767 692 4835 dijudicans
722 4782 906 4835 corpus
942 4766 1150 4820 Domini
1181 4764 1229 4836 (ι
1261 4765 1383 4821 Cor.
1422 4782 1502 4831 XI,
1523 4766 1638 4837 39).

119 4844 413 4916 Spiritualem
442 4868 623 4912 autem
667 4858 1049 4912 comestionem
1103 4858 1474 4913 demonstrare
1527 4868 1639 4913 sat-

120 4940 273 5003 agebat
294 4945 472 5000 beatus
498 4947 828 5017 Augustinus
854 4946 908 5000 in
956 4946 1172 5001 homilia
1209 4946 1462 5001 vicesima
1487 4957 1640 5002 sexta

120 5036 249 5093 super
294 5030 543 5090 Joannem
572 5075 588 5101 ,
626 5052 746 5090 cum
775 5037 1024 5091 diceret:
1062 5055 1080 5085 ι
1110 5036 1311 5090 Panem
1366 5037 1640 5092 ccelestem

122 5118 423 5183 spiritualiter
468 5129 842 5191 .manducate,
906 5125 1271 5180 innocentiam
1337 5125 1404 5179 ad
1469 5125 1642 5181 altare

122 5218 373 5274 apportate.
411 5236 429 5268 ι
457 5217 521 5271 Ει
545 5227 663 5286 ροει
694 5231 862 5285 pauca
891 5233 903 5269 :
943 5233 961 5266 t
1001 5215 1098 5269 llic
1125 5226 1208 5270 est
1236 5231 1366 5285 ergo
1387 5216 1542 5285 panis
1576 5216 1642 5270 de

124 5300 233 5353 cisio
263 5307 591 5371 descendens,
617 5316 673 5361 ut
702 5323 745 5362 st
788 5307 908 5377 quis
938 5321 1003 5360 ex
1052 5306 1170 5375 ipso
1214 5308 1638 5374 ntanducaverit,

127 5399 209 5439 nota
233 5395 490 5451 moriatur.
523 5398 626 5452 Sed
657 5399 796 5467 quod
832 5397 1063 5467 pertinet
1089 5396 1154 5450 ad
1180 5397 1430 5451 virtutem
1455 5414 1641 5453 sacra-

127 5484 277 5547 menti,
305 5502 403 5542 non
427 5492 561 5559 quod
603 5492 835 5560 pertinet
861 5489 926 5544 ad
967 5489 1175 5544 visibile
1217 5500 1638 5544 sacramentum.

129 5566 208 5632 Qui
246 5594 508 5639 tuanducat
554 5596 719 5651 intus,
781 5598 884 5639 nou
913 5581 1080 5647 foris;
1108 5581 1198 5651 qui
1239 5582 1529 5637 manducet
1585 5584 1639 5640 in

1666 3007 1708 3068 C

1745 537 1765 572 ‹
1811 521 2020 576 Noruut
2067 521 2252 576 ﬁdeles
2298 537 2495 591 corpus
2541 522 2835 590 Christi,si
2886 541 3082 595 corpus
3116 526 3321 581 Christi

1738 628 1859 668 esse
1886 627 1989 667 non
2021 613 2310 684 negligant.
2365 614 2525 667 Fiant
2578 629 2771 683 corpus
2797 616 3022 679 Christi,
3064 618 3109 672 si
3134 616 3323 672 volunt

1737 703 1920 758 vivere
1972 703 2038 757 dc
2077 702 2282 772 Spiritu
2324 704 2547 759 Christi.
2572 724 2590 757 ι
2628 706 2694 760 Et
2739 718 2861 777 post
2892 709 3070 777 aliqua
3104 725 3119 761 :
3150 728 3167 759 ι
3192 710 3322 764 Inde

1737 807 1822 848 est
1846 794 1989 863 quod
2032 808 2307 862 exponens
2332 796 2487 851 nobis
2530 796 2803 866 apostolus
2830 797 3025 852 Paulus
3058 800 3200 853 hunc
3231 814 3324 868 pa-

1740 896 1883 943 nem,
1919 878 2066 935 Unus
2086 883 2257 951 panis,
2290 883 2483 952 inquit,
2516 901 2676 938 unum
2707 902 2895 954 corpus
2930 887 3085 940 multi
3138 904 3320 940 sumus

1740 966 1793 1037 (1
1815 966 1937 1022 Cor.
1987 985 2041 1032 ι,
2088 970 2199 1037 l7).
2233 970 2277 1025 0
2318 983 2715 1028 sacramentum
2769 975 3008 1044 pietatis,
3046 991 3079 1030 ο
3108 976 3319 1047 signum

1741 1059 1982 1125 unitatis,
2015 1076 2049 1116 ο
2076 1059 2346 1115 vinculum
2370 1062 2657 1119 charitatis
2682 1064 2697 1117 ι
2733 1083 2751 1115 ι

2301 1152 2528 1209 CAPUT
2561 1154 2747 1209 XVIII.

1807 1238 2158 1309 Propulsatis,
2207 1250 2468 1311 quantum
2521 1246 2652 1299 satis
2680 1247 2854 1301 visum
2876 1258 2982 1314 est,
3006 1249 3317 1315 calumniis,

1739 1344 1873 1397 quas
1900 1331 1951 1383 in
1982 1330 2364 1385 contumeliam
2426 1332 2702 1388 llumherti
2743 1337 2980 1408 episcopi
3013 1350 3321 1408 sanctazque

1738 1417 1996 1472 Romanae
2019 1418 2275 1474 Ecclesiae
2301 1428 2504 1475 temere
2547 1424 2839 1491 protulisti,
2892 1428 3174 1496 scripsisti,
3205 1430 3322 1483 edi-

1738 1508 1888 1573 disti,
1919 1508 2185 1578 reliquum
2216 1518 2300 1564 est
2334 1518 2392 1565 ut
2428 1510 2585 1566 ﬁdem
2627 1524 2828 1568 sancite
2868 1516 3120 1572 Ectlesia:
3159 1528 3321 1588 atque

1739 1598 2048 1667 opinionem
2107 1607 2210 1653 tua:
2273 1609 2432 1654 secta:
2507 1604 2887 1672 compendiose
2942 1620 3317 1674 cxpomunus;

1738 1687 2011 1757 expositas
2035 1688 2222 1756 paucis
2256 1690 2668 1747 auctoritatibus
2693 1694 3053 1763 brevibusque
3089 1699 3321 1752 rationi-

1740 1779 1861 1845 bus,
1897 1796 2057 1833 unam
2080 1782 2391 1851 probemus,
2418 1782 2641 1838 alteram
2668 1788 3051 1856 tniprolzeirms.
3076 1788 3318 1844 Plurima

1739 1871 1883 1925 enim
1943 1887 2007 1926 ac
2047 1872 2255 1941 prolixa
2304 1874 2387 1928 vel
2442 1876 2746 1931 testimonia
2776 1878 3204 1949 Scripturarum,
3234 1883 3337 1936 τοι

1741 1959 2078 2014 ﬁrmamenta
2109 1962 2530 2032 disputationum
2558 1967 2864 2036 epistolaris
2887 1971 3124 2026 brevitas
3152 1975 3317 2028 inseri

1741 2062 1846 2100 non
1868 2049 2152 2117 permittit,
2180 2065 2279 2106 nec
2302 2053 2441 2107 ratio
2483 2063 2574 2108 aut
2602 2059 2895 2113 necessitas
2920 2061 3024 2115 ulla
3052 2066 3315 2132 exposcit.

1741 2133 1874 2191 Nam
1906 2140 1997 2207 qui
2028 2139 2211 2195 ﬁdeles
2260 2153 2407 2206 sunt,
2444 2160 2541 2199 seu
2565 2145 2688 2217 [a1.,
2719 2148 2835 2223 sed]
2873 2152 3169 2224 depravati,
3196 2174 3319 2227 ιιι-,ι-

1741 2230 1896 2288 γίινλιί
1937 2246 2047 2289 suae
2095 2232 2444 2294 defenderem:
2493 2242 2842 2307 pertinaciter
2879 2261 2984 2300 non
3036 2248 3313 2301 insistunt.

1742 2323 1846 2377 Sed
1876 2325 2052 2393 potius
2083 2327 2371 2382 intellectis
2419 2333 2852 2398 auctoritatibus,
2904 2337 3207 2405 auditisque
3235 2354 3323 2390 ra-

1742 2414 1994 2479 tionibus,
2026 2418 2092 2472 ad
2114 2418 2253 2471 viam
2302 2421 2547 2477 veritatis
2566 2423 2843 2480 humiliter
2891 2430 3087 2482 reverti
3116 2444 3318 2484 concu-

1740 2506 1948 2575 piscunt
1976 2522 2145 2577 pauca
2170 2510 2273 2574 eis,
2302 2519 2357 2565 et
2391 2527 2419 2565 a
2445 2513 2635 2582 paucis
2660 2514 2903 2573 suﬁicere
2950 2531 3191 2587 possunt.
3214 2520 3318 2588 Qui

1741 2614 1870 2655 vero
1896 2603 2336 2658 contentionibus
2363 2605 2659 2675 deservire,
2685 2617 2848 2678 atque
2874 2610 2927 2665 in
2951 2627 3047 2665 sua
3093 2614 3322 2669 inﬁdeli-

1744 2698 1851 2745 tate
1879 2692 2168 2759 persistere
2201 2694 2561 2750 decreverunt
2620 2712 2690 2753 ne
2735 2698 2862 2770 IUL,
2912 2700 3035 2775 neri
3088 2703 3131 2757 si
3165 2704 3318 2773 plura

1741 2791 2159 2853 apponerentur,
2190 2793 2417 2851 possunt
2446 2785 2688 2854 pluribus
2715 2806 2837 2844 esse
2864 2794 3127 2849 contenti.

1808 2870 2091 2926 Credimus
2156 2872 2318 2943 igitur
2370 2883 2614 2932 terrenas
2677 2880 3031 2949 substantias,
3099 2900 3219 2956 quae
3287 2905 3317 2941 n

1742 2978 1925 3017 mensa
1957 2963 2256 3032 Dominica,
2302 2956 2400 3036 per
2446 2970 2782 3026 sacerdotale
2806 2976 3150 3043 mysterium,
3184 2979 3322 3033 diri-

1740 3051 1885 3107 nitus
1914 3052 2340 3118 sanctilicantur,
2382 3054 2747 3124 ineﬁ‘abiliter,
2805 3060 3321 3132 incomprehensibi-

1737 3138 1884 3206 liter,
1944 3140 2278 3204 mirabiliter,
2308 3154 2569 3213 operante
2590 3162 2825 3217 superna
2878 3154 3140 3220 potentia,
3189 3171 3322 3210 con-

1738 3231 1875 3284 verti
1926 3231 1980 3284 in
2025 3233 2320 3286 essentiam
2385 3234 2646 3292 Dominici
2691 3242 2958 3310 corporis,
3024 3249 3320 3302 reservatis

1740 3321 1976 3389 ipsarum
2011 3337 2192 3377 rerum
2220 3325 2528 3393 speciebus,
2578 3338 2633 3383 et
2663 3332 2985 3399 quibusdam
3045 3336 3166 3392 aliis
3191 3354 3317 3408 qua-

1738 3411 1996 3475 htatibus,
2020 3426 2092 3466 ne
2115 3414 2475 3482 percipientes
2506 3419 2672 3471 cruda
2728 3428 2782 3474 et
2824 3433 3075 3491 cruenta,
3131 3428 3319 3482 horre-

1737 3510 1891 3564 rent,
1929 3510 1981 3554 et
2020 3511 2077 3555 ut
2106 3504 2389 3557 credentes
2429 3506 2552 3560 ﬁdei
2585 3510 2801 3575 praemia
2857 3514 3119 3581 ampliora
3140 3520 3318 3583 perci-

1736 3602 1947 3662 perent,
1980 3592 2095 3663 ipso
2138 3602 2315 3646 tamen
2362 3593 2642 3650 Dominico
2687 3612 2913 3669 corpore
2958 3603 3223 3660 existente
3264 3608 3317 3661 in

1736 3681 2048 3738 coelestibus
2074 3683 2140 3738 ad
2173 3682 2450 3739 dexteram
2477 3684 2679 3752 Patris,
2703 3689 3010 3758 immortali,
3037 3694 3316 3762 inviolato,

1739 3775 1968 3845 integro,
2024 3776 2470 3844 incontaminato,
2510 3778 2719 3838 illaesa:
2753 3792 2812 3838 ut
2838 3799 2966 3839 vere
2992 3787 3093 3842 dici
3120 3790 3316 3857 possit,

1736 3873 1792 3919 et
1820 3866 1993 3934 ipsum
2020 3881 2218 3935 corpus
2248 3868 2388 3936 quod
2419 3869 2486 3922 de
2518 3869 2735 3941 Virgine
2772 3884 3046 3945 sumptum
3085 3886 3169 3933 est
3218 3895 3317 3934 nos

1737 3968 1973 4019 sumere,
2002 3963 2057 4007 et
2091 3965 2268 4009 tamen
2301 3971 2407 4010 non
2437 3956 2636 4027 ipsum.
2666 3960 2845 4030 Ipsum
2879 3964 3121 4033 quidem,
3142 3983 3315 4037 quan-

1740 4058 1852 4101 tum
1926 4049 1992 4101 ad
2036 4051 2325 4104 essentiam
2392 4066 2642 4121 vet-teque
2672 4060 2900 4111 natura":
2929 4062 3316 4129 proprietatem

1738 4146 1897 4206 atque
1923 4137 2209 4203 virtutem;
2235 4153 2346 4193 non
2371 4140 2542 4209 ipsum
2571 4154 2774 4211 autem,
2816 4147 2861 4202 si
2911 4157 3120 4219 spectes
3163 4155 3319 4222 panis

1735 4223 1954 4292 vinique
1979 4225 2235 4294 speciem,
2268 4239 2568 4299 ceteraque
2589 4235 2838 4302 superius
2886 4243 3270 4309 comprehensa
3300 4260 3315 4307 ;

1740 4316 1877 4368 hanc
1926 4317 2084 4370 tidem
2143 4319 2312 4373 tenuit
2356 4335 2387 4373 a
2447 4321 2643 4389 priscis
2695 4328 3049 4394 temporibus,
3090 4338 3144 4384 et
3172 4347 3317 4389 nunc

1744 4412 1889 4457 tenet
1916 4403 2177 4470 Ecclesia,
2215 4421 2335 4475 quas
2392 4423 2489 4476 per
2543 4418 2713 4465 totum
2769 4413 2961 4469 dilfusa
2999 4418 3185 4474 orbem
3218 4436 3315 4476 ca-

1743 4492 1933 4546 tholica
1961 4495 2290 4550 nominatur.
2323 4495 2473 4551 Unde
2500 4498 2641 4553 sicut
2691 4504 2941 4573 superius
2966 4507 3167 4563 dictum
3200 4520 3339 4574 est,’

1742 4584 1997 4639 Dominus
2028 4586 2077 4638 in
2108 4586 2395 4656 Evangeliu
2425 4606 2439 4640 :
2471 4590 2718 4661 Accipite,
2762 4603 2809 4648 et
2859 4598 3187 4663 manducare,
3218 4603 3318 4655 hoc

1739 4686 1813 4728 est
1855 4692 2044 4744 corpus
2084 4694 2275 4741 nteant,
2318 4680 2457 4749 quod
2493 4698 2587 4750 pro
2627 4684 2765 4737 vobis
2801 4688 3067 4752 tradetur;
3093 4702 3185 4744 et:
3219 4691 3336 4745 Hic‘

1740 4773 1811 4816 est
1855 4763 1997 4816 calta;
2027 4767 2301 4835 sanguinis
2353 4771 2473 4834 mei,
2532 4775 2835 4842 mysterium
2884 4777 3032 4844 fidei,
3074 4782 3163 4849 qui
3221 4799 3317 4851 pro

1740 4853 1900 4919 vobis,
1931 4865 1977 4908 et
2008 4873 2102 4924 pro
2150 4857 2328 4912 multis
2358 4861 2655 4928 e/fundctur
2677 4865 2730 4918 in
2754 4870 3105 4924 remissionem
3134 4890 3318 4938 pecca-

1741 4955 1934 4999 torum.
1964 4946 2161 5002 Deatus
2207 4948 2526 5006 Ambrosius
2554 4954 2868 5012 discernens
2911 4973 3313 5018 sacramcntmn

1741 5034 2174 5090 Christianorum
2206 5053 2235 5090 a
2265 5051 2606 5095 sacramento
2634 5043 2937 5102 Jndreorum
2982 5052 3032 5104 in
3064 5066 3316 5107 sermone

1742 5122 1807 5177 de
1834 5124 2103 5192 mysteriis
2142 5126 2208 5178 ad
2251 5125 2561 5199 Neopbytos
2585 5132 2724 5203 (cap.
2754 5134 2808 5203 9)
2828 5174 2843 5196 ,
2873 5138 2952 5191 sic
2978 5140 3075 5191 ait-
3119 5158 3137 5190 ε
3166 5140 3313 5197 Con-

1742 5218 1917 5273 sidera
1958 5233 2099 5271 nnnc
2134 5227 2309 5273 utrum
2349 5227 2693 5289 praestantior
2713 5228 2781 5282 sit
2814 5232 2969 5297 panis
2999 5234 3312 5303 angelorum

1743 5322 1810 5359 an
1837 5320 1964 5361 caro
1989 5305 2211 5371 Christi,
2234 5324 2352 5376 qua:
2381 5313 2565 5380 utique
2607 5330 2801 5383 corpus
2842 5328 2924 5373 est
2951 5322 3094 5375 vitae.
3122 5323 3312 5380 Manna

1744 5397 1779 5451 il
1804 5398 1873 5451 ud
1925 5412 1956 5451 e
1996 5398 2181 5462 coelo,
2213 5399 2316 5454 hoc
2364 5416 2525 5471 supra
2568 5404 2801 5471 oculum;
2856 5408 2984 5461 illud
3023 5412 3169 5478 coeli,
3207 5416 3312 5470 hoc

1742 5488 1952 5544 Domini
1988 5490 2282 5558 cazlorurn;
2316 5493 2787 5566 illud‘carrnptioni
2837 5501 3151 5571 obnoxium,
3182 5508 3225 5562 si
3259 5509 3311 5563 in

1743 5580 1883 5636 diem
1940 5581 2171 5638 alterum
2222 5594 2555 5652 servaretur,
2604 5587 2705 5643 hoc
2762 5590 2994 5649 alienum
3040 5595 3108 5651 ab
3164 5602 3327 5665 omni,
