3864 6300
548 196 660 252 451

1586 191 1646 255 B,
1676 189 2067 246 LANFRANCI
2105 191 2453 248 CANTUAB.
2488 188 2797 249 ARCHIEP.
2902 226 2907 233 ν
3652 200 3732 259 Kr!

541 308 911 377 corruptione.
944 304 1097 373 Quod
1136 305 1447 376 quicunque
1500 303 1748 383 religiose
1798 304 2121 373 gustaverit,
2155 312 2197 368 Α
2227 320 2421 375 corpus
2457 305 2658 360 Christi
2710 319 2836 361 ante
2865 308 3347 368 consecrationem,
3378 308 3461 362 sed
3504 319 3605 378 post
3637 328 3730 366 cnn-

542 399 945 465 cormptionem
976 397 1300 453 scntirenou
1317 395 1530 464 poterit.
1571 396 1676 448 Illis
1705 412 1842 464 aqua
1872 395 1938 447 de
1974 406 2126 465 petra

540 488 717 550 ﬁnxit,
746 488 840 539 tibi
884 487 1106 557 Sanguis
1162 484 1454 546 e‘Cbristo,
1484 484 1600 538 illos
1648 485 1713 537 ad
1750 486 1935 537 horam
1968 486 2130 537 satia-

539 580 616 631 vit
644 594 806 644 aqua,
840 587 888 631 te
926 578 1144 646 sanguis
1173 575 1327 629 diluit
1356 576 1407 627 in
1440 584 1722 628 aeternum.
1753 574 1968 628 Judmus
1996 575 2128 629 bibit

538 677 599 719 ut
622 668 763 732 sitit;
791 677 866 731 tu,
907 656 1030 720 cum
1065 666 1291 728 biberis,
1329 664 1481 719 sitire
1512 680 1616 717 non
1649 665 1873 733 poteris.
1908 665 1971 717 Et
1999 664 2125 718 illud

540 760 593 811 in
624 761 843 822 umbra,
892 759 994 811 hoc
1050 759 1103 811 in
1148 756 1398 809 veritate.
1450 754 1506 809 Si
1557 755 1684 808 illttd
1716 755 1857 823 quod
1911 755 2127 809 miraris

538 852 733 902 multra
753 857 857 912 est,
881 858 1143 914 quantum
1165 845 1304 899 istud
1327 844 1479 912 cujus
1500 854 1552 896 et
1573 843 1816 897 umbram
1841 831 2118 896 miraris?»

539 939 606 991 Et
656 936 814 1005 paulo
864 946 1024 1005 post:
1056 955 1073 985 ι
1107 934 1418 1004 Cognovisti
1472 934 1871 1001 praestantiora.
1944 932 2126 984 Potior

539 1038 623 1083 est
666 1028 751 1080 lux
789 1043 948 1096 quam
991 1026 1201 1089 utnhra,
1234 1026 1434 1079 veritas
1497 1040 1657 1091 quam
1714 1024 1904 1093 ﬁgura,
1929 1039 2125 1092 corpus

538 1118 791 1171 Auctoris
826 1133 983 1187 quam
1014 1132 1208 1169 manna
1232 1117 1295 1168 de
1317 1115 1473 1169 cosio.
1498 1114 1663 1168 Forte
1683 1116 1831 1169 dicas
1863 1130 1876 1165 :
1917 1135 1934 1165 ι
1965 1115 2123 1168 Aliud

537 1211 717 1271 video,
751 1208 1021 1277 quomodo
1063 1216 1115 1258 tu
1142 1206 1273 1259 mihi
1302 1206 1503 1260 asscris
1525 1206 1666 1274 qnod
1698 1205 1896 1259 Christi
1926 1220 2123 1273 corpus

538 1301 837 1369 accipiam?
878 1319 895 1350 ι
943 1300 1005 1353 Ει
1046 1300 1145 1353 hoc
1176 1299 1331 1352 nobis
1360 1298 1533 1351 adhuc
1566 1307 1807 1366 superest
1849 1307 1903 1351 ut
1931 1298 2123 1364 probe-

537 1409 678 1447 mus.
708 1391 938 1458 Quantis
987 1391 1147 1460 igitur
1185 1389 1389 1442 utimur
1443 1387 1709 1455 exemplis
1742 1397 1799 1439 ut
1828 1388 2121 1455 probemus

537 1500 645 1537 non
676 1485 779 1537 hoc
814 1497 946 1544 esse
971 1481 1112 1550 quod
1139 1491 1328 1535 natura
1360 1478 1636 1540 formavit,
1667 1477 1759 1530 sed
1790 1478 1931 1546 quod
1959 1478 2117 1530 bene-

536 1576 705 1629 dictio
761 1573 1121 1636 consecravit,
1157 1565 1531 1642 majoremque’
1571 1571 1676 1622 vim
1734 1584 1858 1622 esse
1895 1568 2117 1622 benedi-

2229 395 2587 447 secrationem
2617 396 2738 449 dico
2771 397 2865 450 tibi
2896 398 3023 465 quia
3062 395 3174 462 jam
3220 405 3308 451 est
3351 413 3533 471 corpus
3563 400 3734 455 Christi.

2227 483 2347 553 Ipse
2376 485 2530 544 dixit,
2563 494 2618 539 et.
2650 486 2850 539 factum
2883 498 2986 547 est,
3018 488 3124 555 ipse
3160 487 3440 547 mmnlacit,
3484 497 3531 540 et
3554 500 3735 543 creatum

2226 582 2327 628 est.
2370 593 2385 625 ι
2434 576 2500 629 Ει
2531 586 2652 645 post
2679 577 2855 646 aliqua
2901 584 3040 644 (cap.
3086 577 3139 645 5)
3188 594 3202 626 :
3240 595 3257 626 ι
3294 576 3573 644 Antequam
3600 592 3737 633 mase-

2226 674 2432 728 cratur,
2467 666 2623 734 panis
2664 676 2767 719 cst.
2801 666 2897 719 libi
2934 676 3110 719 autem
3138 667 3301 719 verba
3340 666 3526 720 Christi
3558 682 3738 724 accessc-
3820 706 3821 709 η

2228 761 2371 811 runt,
2406 769 2600 821 corpus
2646 764 2728 807 est
2767 755 2995 808 Chiisti.
3049 755 3288 823 Denique
3330 756 3448 807 audi
3494 757 3736 812 dicentem:

2225 843 2473 911 Accipite,
2506 856 2553 898 et
2596 846 2731 899 edite
2768 862 2831 899 ex
2877 863 2937 899 eo
2979 864 3152 901 omnes
3176 864 3194 901 :
3226 847 3337 901 Hoc
3361 859 3432 902 est
3463 851 3583 902 enim
3604 867 3738 919 corpus
3820 862 3821 899 3

2225 950 2419 986 metuit.
2457 935 2518 987 Et
2550 945 2675 989 ante
2702 937 2862 989 verba
2895 938 3118 1002 Christi,
3148 938 3285 991 (aii:
3318 947 3399 992 est
3422 938 3520 991 viui
3562 949 3608 994 et
3632 957 3739 1009 aqua
3820 968 3821 987 ι

2227 1023 2458 1091 plenus:
2486 1026 2572 1077 ubi
2609 1027 2773 1079 verba
2805 1027 3006 1081 Christi
3050 1042 3272 1096 operata
3314 1028 3535 1092 fuerint,
3569 1030 3625 1083 ibi
3649 1047 3737 1083 san-
3820 1084 3821 1087 η

2224 1114 2343 1183 guis
2412 1114 2663 1178 efﬁcitur,
2717 1116 2806 1184 qui
2865 1116 3074 1184 plebem
3133 1117 3403 1172 redemit.
3444 1118 3570 1187 Ergo
3612 1121 3740 1174 videte

2223 1203 2439 1269 quantis
2461 1205 2749 1273 generibus
2776 1214 2964 1273 potens
2992 1216 3076 1260 est
3107 1222 3288 1262 SU'IIIO
3325 1207 3516 1261 Christi
3554 1209 3738 1263 ttuivrm

2223 1303 2557 1349 convertere.
2591 1296 2795 1351 Deinde
2839 1297 2951 1366 ipse
2999 1299 3260 1352 Dominus
3302 1298 3453 1352 Jesus
3491 1300 3738 1354 testiﬁcatur
3820 1292 3821 1295 “

2224 1388 2379 1439 nobis
2407 1388 2547 1455 quod
2592 1402 2786 1457 corpus
2821 1405 2975 1442 suum
3007 1390 3343 1459 accipiamus
3386 1399 3438 1443 et
3474 1391 3735 1458 sanguinem.

2223 1476 2473 1541 Nunquid
2503 1476 2760 1531 debemus
2790 1478 2856 1532 de
2887 1478 3003 1548 ejus
3033 1479 3136 1532 ﬁde
3169 1491 3224 1532 ct
3256 1478 3606 1534 testiﬁcatione
3632 1480 3737 1533 dulii-

2225 1567 2370 1619 tare?
2396 1586 2413 1617 ι
2447 1570 2574 1619 Item
2606 1568 2657 1620 in
2683 1577 2835 1622 sexto
2856 1568 2929 1621 De
2955 1570 3317 1623 sacramentis
3338 1569 3473 1639 (cap.
3498 1572 3543 1632 l)
3561 1588 3573 1622 :
3594 1588 3609 1619 t
3631 1570 3739 1635 Quod

534 1677 736 1722 ettonts
764 1681 925 1734 quam
963 1675 1191 1725 naturae,
1239 1665 1362 1731 quia
1396 1662 1773 1717 benedictione
1816 1660 1979 1713 etiam
2028 1676 2126 1712 na-
2155 1651 2199 1709 Β
2228 1665 2282 1707 et
2310 1655 2557 1723 superius
2596 1656 2797 1709 dictum
2852 1664 2955 1711 est.
2988 1656 3141 1711 Sicut
3178 1673 3225 1709 v-
3250 1674 3344 1713 rus
3382 1668 3460 1711 cst
3499 1659 3577 1712 Dei
3618 1656 3736 1711 Filius
3820 1658 3821 1663 “

535 1770 656 1815 tura
684 1760 796 1828 ipsa
826 1758 1105 1810 minatur!
1145 1754 1361 1825 Virgam
1414 1755 1631 1808 tenebat
1670 1753 1899 1822 Moyses,
1948 1751 2123 1823 proje-

536 1852 770 1912 citeam,
793 1862 845 1903 et
872 1849 1012 1903 facta
1041 1858 1123 1902 est
1148 1861 1393 1914 serpens.
1429 1845 1634 1898 Rursus
1676 1843 1963 1912 prehendit
1994 1852 2125 1914 cau-

535 1945 659 1996 dam
721 1941 1013 2010 serpentis,
1066 1949 1119 1993 et
1168 1939 1219 1992 in
1287 1938 1449 2007 virgae
1513 1947 1760 1989 tiaturam
1813 1935 2120 1988 revehitur.

540 2033 708 2087 Vides
758 2033 922 2103 igitur
979 2030 1292 2100 prophetica
1351 2027 1524 2097 gratia
1572 2027 1653 2080 bis
1708 2036 1965 2080 mutatam
2002 2040 2124 2079 esse

534 2124 697 2197 245
754 2134 1007 2177 naturam
1063 2134 1119 2176 et
1166 2122 1436 2190 serpentis
1480 2130 1535 2173 et
1580 2120 1765 2190 virgai.
1819 2117 2124 2171 Currebant

533 2215 755 2284 {Egypti
812 2213 1029 2267 ﬁumina
1064 2229 1197 2283 puro
1230 2227 1493 2280 aquarum
1547 2221 1748 2264 meatu.
1812 2209 2005 2263 Subito
2057 2209 2122 2262 de

531 2306 965 2360 fontium'veuis
1008 2304 1229 2371 sanguis
1285 2304 1449 2372 cmpit
1501 2317 1807 2368 erumpere.
1848 2299 1964 2353 Non
2004 2311 2123 2354 erat

532 2405 688 2465 potus
733 2397 785 2449 in
844 2393 1043 2449 ﬂuviis.
1092 2393 1302 2447 Rursus
1347 2392 1413 2445 ad
1468 2372 1744 2461 prophetae
1773 2405 1933 2444 voces
1963 2406 2124 2443 cruor

531 2488 756 2542 cessavit
784 2486 1086 2549 ﬁtttninum,
1112 2500 1374 2556 aquarum
1406 2494 1596 2537 natura
1624 2481 1909 2537 remeavit.
1949 2499 1968 2534 ι

600 2576 697 2639 His
745 2586 798 2628 et
829 2575 950 2628 aliis
991 2572 1298 2643 hujusmoii
1348 2571 1647 2634 miraculis,
1698 2586 1818 2641 quae
1866 2567 2119 2623 ineﬂabili

529 2664 829 2719 divinitatis
879 2664 1195 2734 operatione
1244 2662 1380 2715 ﬁunt
1427 2662 1729 2723 enarratis,
1782 2669 1902 2730 post
1942 2660 2122 2729 aliqua

530 2755 803 2825 subjnngit
836 2772 848 2806 :
882 2772 898 2803 ι
921 2753 1269 2807 Advcrlimus
1305 2744 1466 2821 igitur
1503 2750 1722 2817 majoris
1750 2762 1867 2803 esse
1894 2751 2120 2819 gratiam

530 2861 692 2913 quam
727 2856 998 2907 naturam,
1038 2852 1091 2894 et
1135 2842 1311 2894 adhuc
1362 2850 1538 2894 tamen
1585 2840 1909 2908 prophetiae
1964 2839 2122 2893 bene-

530 2935 783 2989 dictio-.is
832 2947 1181 2987 numeramus
1219 2931 1470 2999 gratiam.
1516 2929 1668 2996 Quod
1700 2929 1746 2982 si
1785 2939 1989 2982 tantum
2030 2943 2119 2981 va-

530 3026 631 3078 luit
661 3026 893 3077 humana
919 3023 1222 3075 benedictio
1247 3032 1303 3074 ut
1328 3031 1573 3075 naturam
1601 3029 1963 3084 converteret,
1992 3021 2117 3088 quid
2145 3000 2189 3061 (ἶ

529 3115 762 3168 dicimus
789 3115 854 3168 de
880 3113 993 3182 ipsa
1017 3114 1431 3168 consecratione.
1452 3112 1657 3177 divina,
1682 3112 1771 3165 ubi
1810 3112 1969 3166 verba
2004 3112 2117 3181 ipsa

529 3204 745 3259 Domini
811 3203 1112 3258 Salvatoris
1154 3204 1480 3273 operantur?
1537 3203 1669 3257 Nam
1720 3214 2118 3258 sacramentum

527 3295 673 3349 istud
700 3295 839 3365 quod
873 3295 1094 3364 accipis,
1124 3293 1324 3348 Christi
1359 3311 1607 3350 sermone
1630 3294 1935 3348 conficitur.
1966 3295 2117 3361 Quod

528 3387 573 3440 si
626 3398 832 3441 tantum
867 3386 1035 3439 valuit
1066 3402 1245 3440 sermo
1275 3386 1401 3439 lilia!
1432 3395 1488 3439 ιιι
1525 3387 1698 3457 ignem
1732 3387 1798 3441 de
1842 3386 1981 3440 etelo
2024 3389 2118 3441 deo

526 3489 774 3544 poneret,
806 3494 910 3531 non
945 3478 1137 3531 valebit
1172 3478 1372 3531 Christi
1413 3492 1592 3531 sermo
1621 3489 1674 3531 ut
1702 3481 1915 3547 species
1953 3489 2122 3534 mutet

525 3570 953 3625 clen'tcntorum?
986 3570 1058 3624 De
1092 3571 1254 3624 totius
1283 3570 1462 3622 mutuli
1495 3571 1747 3638 operibus
1788 3571 1958 3641 legisti
1992 3572 2118 3640 quia

525 3664 633 3725 ipse
661 3663 792 3715 dixit
820 3674 865 3714 et
900 3661 1041 3729 facta
1086 3672 1226 3724 sunt,
1265 3662 1373 3729 ipse
1412 3662 1675 3713 mandarit
1700 3673 1744 3713 et
1779 3673 1954 3713 creata
1999 3672 2118 3713 sunt

528 3749 698 3819 (Paul.
751 3767 923 3814 xxxii,
961 3750 1038 3815 9).
1085 3750 1276 3804 Sermo
1320 3767 1448 3819 ergo
1493 3751 1692 3804 Christi
1721 3751 1811 3818 qui
1845 3752 2009 3819 potuit
2053 3765 2116 3804 ex

528 3840 694 3891 nihilo
723 3839 897 3893 facere
927 3840 1067 3908 quod
1094 3856 1197 3893 nou
1227 3850 1360 3901 erat,
1390 3857 1493 3892 non
1535 3850 1710 3908 potest
1746 3858 1809 3893 ea
1851 3857 1968 3909 qua:
1996 3850 2121 3895 sunt

528 3928 580 3983 in
613 3929 664 3984 id
694 3938 903 3982 mutare
927 3930 1069 3998 quad
1114 3944 1218 3983 non
1250 3928 1440 3982 erant?
1478 3928 1592 3982 Non
1638 3929 1780 3982 enim
1827 3931 2004 3981 minus
2038 3942 2121 3985 est

526 4037 697 4076 novas
744 4023 905 4075 rebus
952 4022 1081 4074 dare
1109 4036 1270 4092 quam
1301 4031 1511 4075 mutare
1542 4030 1782 4073 naturas.
1819 4020 1923 4074 Sed
1974 4022 2116 4090 qttod

524 4114 860 4183 argumentis
887 4114 1106 4176 utimur,
1144 4113 1257 4166 suis
1292 4119 1509 4166 utamur
1553 4111 1834 4178 exemplis,
1867 4110 2116 4163 incarna-

526 4204 799 4272 tionisque
840 4212 1150 4256 astruamus
1177 4203 1415 4272 mysterii
1459 4201 1707 4255 veritate.
1746 4200 1995 4268 Nunquid
2026 4216 2119 4253 na-

524 4302 659 4361 tura:
707 4312 837 4349 usus
880 4295 1177 4364 praecessit,
1209 4310 1330 4349 cum
1362 4294 1521 4348 .Icsus
1552 4293 1810 4347 Dominus
1839 4308 1905 4346 cx
1949 4292 2112 4346 Maria

522 4386 874 4441 nasceretur?
914 4386 967 4439 Si
1013 4386 1258 4441 ordinem
1297 4386 1608 4456 quaerimus,
1660 4384 1774 4439 viro
1817 4384 1981 4437 mixta
2038 4382 2114 4438 fe-

522 4480 665 4532 mina
694 4494 952 4548 ge.crare
979 4481 1276 4535 consuevit.

647 4567 841 4635 Liquet
877 4569 1037 4635 igitur
1057 4571 1197 4637 quod
1225 4579 1420 4637 przetcr
1446 4571 1651 4622 naturm
1675 4568 1919 4621 ordinem
1958 4565 2117 4635 Virgo

522 4658 819 4726 generavit,
841 4667 897 4709 et
927 4659 1026 4711 hoc
1053 4659 1195 4727 quod
1236 4659 1552 4713 conﬁcimus
1576 4675 1774 4728 corpus
1802 4674 1867 4710 ex
1900 4658 2117 4726 Virgine

522 4753 625 4798 est.
676 4744 811 4809 Quid
880 4744 968 4797 hic.
1016 4744 1214 4813 qnzeris
1267 4756 1472 4798 natura:
1517 4746 1762 4799 ordinem
1815 4746 1866 4797 in
1913 4745 2112 4799 Christi

520 4847 772 4901 corpore,
839 4848 959 4884 cum
1007 4841 1205 4900 praeter
1264 4842 1510 4888 naturam
1564 4832 1634 4887 sit
1684 4833 1797 4900 ipse
1857 4832 2113 4886 Dominus

522 4922 675 4979 Jcsus
700 4929 888 4988 pirtus
917 4938 979 4976 ex
1012 4921 1261 4992 Virgine?
1295 4941 1313 4972 ι
1342 4922 1499 4986 ltem,
1529 4922 1581 4974 in
1606 4931 1801 4992 quarto
1826 4920 1899 4974 De
1926 4934 2110 4972 sacra-

521 5013 718 5070 mentis
753 5015 891 5083 (ϐψ.
945 5013 998 5082 4)
1030 5032 1041 5066 :
1080 5034 1097 5064 ι
1135 5013 1212 5065 Τιι
1246 5013 1385 5067 forte
1415 5015 1562 5069 dices
1610 5031 1623 5067 :
1660 5013 1811 5067 Meus
1847 5012 2001 5082 panis
2031 5021 2115 5067 est

520 5106 769 5160 usitatus.
803 5104 907 5157 Sed
940 5104 1093 5172 panis
1125 5102 1244 5165 iste,
1278 5104 1430 5173 panis
1460 5113 1542 5158 est
1566 5113 1692 5159 ante
1718 5104 1880 5158 verba
1924 5118 2107 5156 sacra-

519 5207 842 5253 mentorum.
876 5194 974 5250 Ubi
1022 5198 1313 5249 accesserit
1360 5197 1720 5259 consecratio,
1754 5196 1820 5249 de
1868 5208 2005 5264 pane
2054 5195 2111 5247 ﬁt

518 5304 713 5357 corpus
741 5287 963 5342 Christi.
1006 5306 1023 5339 ι
1065 5286 1128 5341 Ει
1158 5287 1315 5357 paulo
1343 5297 1465 5357 post
1495 5306 1509 5343 :
1540 5307 1557 5338 ι
1590 5288 1798 5343 leum
1828 5306 1933 5344 non
1969 5301 2107 5353 erat,

518 5395 665 5433 mare
712 5394 816 5431 non
846 5388 980 5438 erat,
1015 5386 1157 5432 terra
1204 5394 1309 5433 non
1362 5389 1498 5445 erat,
1530 5379 1622 5435 sed
1671 5382 1793 5434 audi
1840 5382 2104 5437 dicentem

516 5468 683 5523 Divid
717 5488 729 5522 :
767 5468 888 5538 Ipse
934 5470 1088 5532 dixit,
1127 5480 1174 5523 et
1219 5471 1360 5540 facta
1410 5483 1553 5536 sunt,
1602 5473 1711 5542 ipse
1749 5475 2012 5527 mandavit
2057 5484 2106 5527 et

516 5570 692 5617 uecta
743 5572 882 5618 sunt.
938 5562 1100 5634 Ergo,
1147 5572 1205 5618 ιιι
1268 5564 1359 5619 tibi
1416 5567 1792 5635 respondeam,
1837 5580 1940 5621 non
1990 5574 2107 5619 erat

2226 1745 2486 1798 Dominus
2517 1754 2704 1799 noster
2732 1744 2888 1800 Jesus
2924 1746 3189 1809 Christus,
3208 1762 3327 1801 «non
3370 1749 3737 1816 quemadmodum

2226 1836 2475 1890 homines
2504 1851 2601 1905 per
2627 1838 2879 1905 gratiam,
2909 1838 3002 1892 sed
3042 1838 3198 1906 quasi
3231 1839 3399 1893 Filius
3421 1853 3480 1895 ex
3509 1842 3735 1894 substantia

2222 1924 2423 1989 Patris,
2456 1926 2526 1979 ita
2558 1942 2682 1979 vera
2714 1926 2830 1994 ejus
2860 1943 2988 1981 caro
3014 1939 3120 1993 est,
3145 1930 3291 1984 sicut
3332 1931 3443 2000 ipse
3466 1931 3601 1993 dixit,
3624 1945 3735 1997 quam

2226 2016 2542 2086 accipimus,
2573 2026 2629 2070 et
2660 2032 2818 2070 verus
2845 2017 2961 2085 ejus
2983 2022 3205 2086 sanguis
3234 2032 3341 2082 est,
3365 2036 3513 2090 quem
3537 2031 3733 2089 βρίθει-ιιι.
3820 2016 3821 2059 ἰ

2225 2105 2331 2158 Sed
2359 2105 2497 2159 forte
2540 2105 2691 2159 dicas
2727 2108 2869 2174 quod
2901 2107 3155 2160 dixerunt
3199 2119 3328 2161 tunc
3360 2109 3591 2178 temporis
3621 2111 3735 2162 etiam

2223 2194 2473 2261 discipuli
2500 2268 2501 2271 η
2528 2194 2729 2249 Christi
2758 2234 2772 2261 ,
2830 2196 3111 2251 audientes
3166 2197 3438 2251 dicentem
3470 2216 3482 2250 :
3526 2196 3618 2250 Nisi
3653 2198 3734 2265 quis

2224 2289 2628 2342 manducarerit
2656 2303 2876 2344 carnem
2929 2304 3123 2352 nicum,
3158 2300 3214 2344 et
3266 2292 3457 2345 biberit
3493 2292 3732 2361 sanguinem

2225 2393 2399 2432 meum
2428 2418 2443 2439 ,
2497 2394 2600 2431 non
2647 2380 2888 2433 ntanebit
2944 2380 2995 2433 in
3050 2394 3137 2433 me
3172 2419 3187 2443 ,
3241 2396 3342 2436 nec
3391 2381 3585 2436 habebit
3620 2381 3733 2432 vitam

2222 2480 2477 2524 arternam
2530 2468 2713 2535 (Joan.
2765 2486 2838 2534 vt,
2899 2468 3021 2541 54');
3082 2473 3226 2526 l'ortc
3284 2473 3430 2527 dicas

2224 2653 2531 2705 veritatem.
2587 2652 2770 2706 Primo
2820 2653 3062 2721 omnium
3117 2654 3232 2708 dixi
3304 2655 3398 2710 tibi
3446 2655 3506 2708 de
3554 2667 3732 2708 sermone

2220 2742 2447 2808 Christi,
2478 2742 2567 2811 qui
2592 2751 2847 2812 operatur
2876 2751 2933 2796 ut
2962 2744 3133 2812 possit
3162 2755 3393 2807 mutare,
3424 2755 3470 2797 et
3495 2752 3733 2798 convertere

2222 2850 2419 2905 genera
2466 2835 2714 2888 instituta
2758 2843 2987 2888 naturae.
3044 2833 3252 2889 Deinde
3305 2836 3391 2890 ubi
3433 2850 3526 2888 non
3565 2832 3732 2885 tulerant

2222 2941 2525 2980 sermonem
2576 2926 2779 2980 Christi
2838 2925 3082 2994 discipuli
3140 2930 3293 2993 ejus,
3348 2926 3600 2979 audientes
3636 2922 3731 2989 quo!

2220 3037 2440 3077 carnem
2487 3036 2639 3075 suam
2696 3021 2850 3074 daret
2899 3022 3333 3075 manducandam
3390 3030 3439 3074 et
3489 3013 3729 3084 sanguini“

2222 3130 2379 3167 suum
2434 3112 2589 3166 daret
2642 3112 2974 3174 bibendum,
3030 3111 3378 3165 recedebant.
3425 3108 3564 3162 Solus
3605 3112 3730 3155 autem

2222 3206 2415 3260 Petrus
2436 3206 2573 3259 dixit
2603 3222 2617 3258 :
2654 3225 2670 3256 ι
2707 3205 2879 3259 Verba
2909 3205 3029 3259 vitae
3054 3218 3275 3259 :e'erna:
3302 3202 3730 3267 habes,etcg0:l|¢

2222 3313 2330 3366 quo
2360 3298 2645 3352 recedam?
2669 3297 2845 3364 (ibid.,
2870 3297 2983 3365 69.)
3018 3316 3035 3346 ι
3055 3296 3133 3350 Ne
3157 3296 3324 3367 igitur
3346 3295 3512 3364 plures
3533 3292 3615 3344 hoc
3633 3286 3730 3340 dire-
3820 3290 3821 3349 ι

2223 3399 2367 3453 τνιιι,
2391 3389 2553 3441 veluti
2583 3390 2799 3457 quidam
2821 3399 2964 3444 esset
2989 3391 3183 3444 horror
3202 3390 3433 3453 cruoris,
3454 3385 3536 3439 sed
3556 3387 3727 3439 litarem

2220 3482 2391 3551 gratia
2443 3481 2853 3557 redemptionis,
2909 3482 3027 3535 ideo
3079 3483 3129 3534 in
3190 3480 3531 3535 similitudine
3573 3471 3726 3542 quidem

2220 3571 2422 3640 accipis
2450 3581 2870 3635 sacramentum,
2894 3572 2989 3625 sed
3021 3586 3160 3624 vera!
3185 3582 3397 3625 natura:
3430 3566 3622 3639 gratiam
3653 3559 3723 3611 tir-

2223 3667 2499 3729 tutemque
2525 3663 2897 3730 consequeris.
2932 3663 3042 3731 Ego
3071 3679 3209 3725 sum,
3246 3662 3441 3732 inquit,
3467 3658 3595 3729 panis
3628 3651 3725 3705 ritu

2218 3755 2307 3823 qui
2349 3756 2412 3806 de
2462 3756 2588 3807 calo
2624 3755 2867 3809 descendi
2896 3756 3072 3826 (ibid.,
3099 3755 3212 3823 Η).
3248 3756 3355 3811 Sed
3400 3767 3518 3806 caro
3552 3762 3632 3802 not
3658 3744 3725 3793 (θ’

2220 3844 2430 3896 scendit
2453 3843 2654 3906 ecmlo,
2683 3846 2784 3897 hoc
2807 3853 2911 3909 cst,
2936 3859 3153 3898 carnem
3178 3844 3230 3898 in
3262 3845 3418 3899 terris
3439 3833 3723 3903 assumpeim

2225 3935 2462 4003 \irgiuc.
2512 3934 2791 4001 Quomodo
2826 3952 2955 4005 ergo
2999 3936 3281 4002 desrendit
3316 3935 3464 4004 panis
3488 3946 3515 3984 e
3539 3926 3659 3982 mlo,
3687 3930 3724 3972 et

2219 4024 2375 4093 panis
2416 4024 2602 4077 vivus?
2631 4024 2766 4090 Quia
2808 4024 2945 4077 idem
2980 4024 3234 4078 Dominus
3262 4032 3441 4078 noster
3468 4018 3597 4071 Jesus
3616 4010 3724 4065 (ΖΙ.τὲ-

2222 4123 2338 4166 stus
2369 4127 2593 4168 consors
2641 4125 2726 4167 cst
2770 4113 2977 4165 divinit.
3003 4115 3071 4166 tis
3098 4124 3152 4165 et
3188 4114 3449 4183 corporis.
3496 4110 3552 4162 Et
3586 4116 3627 4157 tu
3662 4100 3721 4164 ‘ini

2220 4202 2422 4269 accipis
2445 4216 2686 4264 carnem,
2717 4201 2913 4255 divina:
2935 4202 3052 4269 ejus
3080 4201 3397 4255 subs-tantae
3420 4200 3467 4253 in
3498 4196 3573 4249 illo
3602 4196 3721 4259 pari"

2220 4294 2417 4364 ciparis
2447 4293 2722 4346 alimento.
2768 4310 2787 4343 9
2838 4292 2968 4346 Item
3021 4294 3074 4346 in
3125 4293 3351 4361 cpistola
3398 4291 3460 4345 ad
3508 4286 3721 4340 lliieueum

2219 4384 2341 4455 (lib.
2368 4398 2486 4445 vttt,
2504 4396 2589 4451 ep.
2614 4382 2707 4445 62,
2728 4381 3017 4453 subinitio)
3040 4401 3052 4435 :
3078 4400 3095 4427 σ
3116 4383 3326 4449 Qu:eris
3349 4397 3381 4436 a
3409 4395 3485 4435 me
3503 4392 3584 4432 cur
3596 4367 3719 4425 Domi-

2216 4489 2318 4528 nus
2346 4474 2486 4527 Deus
2515 4488 2712 4527 manna
2740 4472 2936 4542 pluerit
2963 4472 3157 4541 populo
3187 4482 3417 4541 patrum.
3447 4478 3498 4523 et
3523 4478 3632 4520 nunc
3649 4472 3718 4510 που

2219 4564 2383 4634 pluat.
2430 4565 2486 4617 Si
2520 4564 2827 4631 cognoscis,
2858 4564 3015 4632 pluit,
3045 4572 3098 4616 et
3130 4564 3370 4633 quotidie
3396 4561 3518 4631 pluit
3549 4552 3601 4609 de
3626 4546 3717 4604 ratio

2219 4672 2413 4711 manna
2443 4659 2800 4711 servientibus
2821 4657 2945 4710 sibi.
2974 4658 3039 4711 Et
3072 4673 3388 4727 corporemn
3416 4653 3602 4723 quidem
3634 4640 3716 4696 illud

2218 4761 2413 4800 manna
2448 4744 2606 4798 hodie
2634 4745 2907 4814 plerisque
2952 4745 3003 4800 in
3050 4746 3182 4802 locis
3209 4745 3489 4807 invenitur,
3511 4738 3587 4794 sed
3622 4741 3715 4786 tunc

2219 4852 2325 4889 non
2374 4844 2456 4890 est
2508 4834 2639 4888 tanti
2685 4851 2774 4889 res
2823 4837 3086 4900 miraculi,
3135 4838 3260 4906 quia
3312 4837 3448 4890 venit
3483 4827 3599 4899 quod
3632 4833 3715 4891 μετ’

2218 4926 2415 4982 fet-tum
2448 4935 2548 4981 est.
2580 4924 2883 4980 Perfectum
2909 4935 3108 4988 autem,
3135 4927 3289 4996 panis
3327 4929 3389 4979 de
3415 4922 3553 4980 uelo.
3579 4921 3714 4977 MP"

2216 5031 2283 5071 ex
2320 5017 2556 5086 Virgine,
2587 5024 2672 5070 est
2724 5017 2789 5071 de
2835 5032 2940 5085 quo
2985 5018 3117 5071 satis
3143 5016 3468 5085 evangelium
3511 5020 3555 5064 te
3590 5004 3712 5059 de”

2217 5106 2427 5172 Quanto
2454 5107 2828 5176 prmstantiora
2858 5107 2969 5160 haec
3000 5107 3391 5175 superioribus!
3430 5122 3449 5156 ι
3651 5178 3658 5183 Δ
3700 5172 3708 5183 .

2287 5197 2612 5265 Augustinus
2662 5196 2713 5250 in
2766 5196 2983 5249 homilia
3029 5197 3266 5251 secunda
3308 5192 3483 5265 psalmi
3523 5178 3709 5273 tricesiﬂli

2216 5286 2355 5340 tertii
2388 5302 2401 5338 :
2434 5305 2451 5336 ι
2484 5286 2848 5341 Accesserant
2890 5283 3057 5340 .ludmi
3113 5287 3179 5339 ad
3223 5286 3483 5341 Christum
3511 5285 3559 5331 ut
3589 5280 3710 5326 cnul'

2214 5378 2456 5446 ﬁgerent,
2490 5393 2587 5431 nos
2618 5378 2684 5429 ad
2736 5392 2858 5430 eum
2891 5377 3211 5431 accedamus
3240 5385 3298 5430 ut
3330 5385 3510 5441 corpus
3544 5373 3590 5419 et
3623 5370 3709 5412 53'"

2211 5472 2427 5540 guinem
2479 5470 2594 5538 ejus
2637 5469 2988 5538 accipiamus.
3023 5469 3096 5522 Illi
3127 5469 3193 5524 de
3238 5466 3481 5523 eruciﬁxo
3514 5454 3705 5545 tenebﬂlv

2211 5570 2354 5625 sunt,
2385 5575 2480 5613 nos
2508 5559 2879 5615 manducando
2909 5560 3224 5615 cruciﬁxum
3265 5569 3319 5615 et
3346 5553 3549 5614 bibendo
3569 5545 3707 5602 ιιιυωιο

3474 2490 3486 2525 :
3527 2470 3732 2538 Quomodo
3820 2456 3821 2459 Ἴ

2222 2562 2383 2615 vera?
2416 2562 2513 2626 Qui
2563 2560 2968 2616 similitudinem
3021 2564 3198 2623 video,
3238 2580 3344 2617 non
3370 2563 3513 2617 video
3533 2561 3732 2633 sanguinis
3820 2576 3821 2633 ι
