3864 6300
98 573 172 626 ιῦὖ
883 568 1083 623 Ll-BER
1125 569 1208 623 DE
1249 567 1578 639 CORPORIS
1614 568 1702 623 ET
1741 562 2088 620 SANGUINE
2128 557 2385 616 DOMINI.
3152 540 3262 598 431

97 694 292 736 iisunum
326 676 382 732 Et
423 682 534 746 post
569 675 749 745 aliqua
781 694 795 729 :
831 695 849 726 ι
889 675 1021 731 Vere
1061 694 1283 748 magnus
1314 680 1591 740 Dominus.
1624 684 1666 740 Α
1699 677 1763 730 de
1795 678 2133 729 ﬁrmamento
2172 670 2435 733 veritatis,
2463 667 2528 720 de
2567 680 2671 736 quo
2698 659 3017 717 C(elestinus
3044 672 3179 727 papa
3210 657 3264 711 in

96 788 132 827 et
170 785 324 841 magna
365 768 726 823 misericordia
771 766 905 836 ejus,
936 785 1060 822 vere
1107 769 1197 838 qui
1245 771 1398 824 nobis
1446 770 1593 823 dedit

98 861 350 914 manduCIre
370 872 561 926 corpus
583 873 762 921 suum,
790 857 843 911 in
872 873 977 925 quo
1007 867 1149 911 tanta
1178 872 1460 926 perpessus
1484 867 1590 911 est.

95 961 132 1001 et
171 945 436 1013 sanguinem
488 945 690 999 bibere.
747 964 766 997 ι
818 946 969 1011 Item,
1025 946 1076 999 in
1132 945 1349 1000 humilia
1401 944 1590 1015 psalmi

96 1036 410 1105 quadragesimi
446 1036 636 1103 quinti,
663 1037 727 1088 ad
756 1033 968 1089 Iudaeos
1001 1035 1226 1102 loquens
1255 1052 1268 1087 :
1307 1052 1325 1085 ι
1360 1035 1415 1088 In
1451 1034 1593 1089 illius

96 1129 256 1182 nomine
280 1142 422 1195 quem
467 1125 741 1180 occidistis
768 1123 1133 1193 baptizamini,
1168 1133 1222 1177 et
1252 1123 1593 1177 dimittuntur

97 1216 204 1269 vobis
228 1229 421 1286 peccata
463 1224 661 1269 vestra.
693 1213 957 1267 Medicum
999 1228 1078 1266 vei
1111 1221 1290 1281 postea
1338 1214 1593 1281 cognovi-

94 1302 291 1368 stis;jam
334 1303 499 1356 securi
529 1302 695 1356 bibite
738 1303 1052 1370 sanguinem
1096 1314 1252 1368 quem
1296 1298 1525 1352 fudistis.
1567 1314 1589 1350 ι

94 1392 204 1453 hem,
232 1392 273 1443 in
302 1392 504 1445 humilia
533 1391 721 1459 pSnimi
770 1391 1088 1461 scxagesimi
1117 1390 1289 1460 quinti
1322 1406 1334 1443 :
1375 1407 1393 1440 ‹
1440 1388 1595 1443 Modo

94 1481 311 1535 ὴηιιιίοἱειίε
334 1480 489 1552 246
511 1484 741 1535 donatus
786 1490 890 1544 cst,
921 1488 976 1535 et
1012 1480 1160 1533 fusus
1199 1480 1416 1549 sanguis
1444 1479 1595 1533 inno-

93 1579 236 1633 CEIIIIS,
277 1580 324 1624 et
365 1572 530 1638 ipsum
583 1569 922 1639 sanguinem,
978 1583 1135 1636 quem
1184 1584 1280 1637 per
1328 1567 1592 1622 insaniam

93 1656 300 1720 fuderunt,
328 1674 416 1727 per
460 1668 686 1727 gratiam
737 1657 1005 1714 biberunt.
1046 1678 1064 1711 i
1101 1658 1251 1720 Item,
1285 1658 1335 1712 in
1378 1656 1594 1712 bomilia

93 1748 230 1813 psalmi
270 1748 584 1820 noningcsimi
611 1751 802 1806 “octavi
834 1766 846 1802 :
894 1767 913 1806 ς
968 1747 1160 1815 Quzero
1215 1748 1342 1818 quid
1378 1749 1447 1803 sit
1477 1731 1596 1801 sca-

94 1838 236 1893 bellum
278 1842 454 1909 pedum
498 1839 638 1909 ejus,
683 1849 740 1895 et
775 1838 905 1896 dicit
938 1841 1066 1894 mihi
1116 1839 1391 1909 Scriptura
1437 1838 1591 1909 (lsni.

94 1946 193 1991 itu,
218 1930 261 2000 I)
288 1948 302 1985 :
329 1930 481 1987 Terra
501 1932 787 1987 scabellum
817 1937 1005 1997 pedum
1028 1951 1279 1989 meorum.
1307 1934 1595 1989 Fluctuans

1694 766 1926 820 decretis
1948 766 2060 818 suis
2085 761 2468 832 asserit(episl.
2494 759 2520 813 1
2552 760 2631 809 Ad
2650 756 2803 823 episc.
2830 751 2991 816 δίκη..
3020 756 3151 819 cap.
3172 750 3264 817 2-3)

1695 857 1835 926 quod
1867 872 1967 911 nec
2017 854 2208 910 saltem
2256 852 2487 907 sinistrae
2534 844 2853 916 suspicionis
2903 856 3108 906 rumor,
3137 841 3266 895 dum

1694 947 1919 1009 viveret,
1962 959 2083 998 eum
2115 940 2425 1012 asperserit.
2462 938 2572 991 Iino
2625 947 2812 988 revera
2867 932 2918 985 id
2963 930 3096 985 dixit
3125 929 3268 997 quod

1694 1035 1955 1090 catholica
1986 1033 2224 1089 Ecclesia
2251 1031 2302 1086 in
2328 1028 2576 1084 omnibus
2596 1024 2850 1078 membris
2885 1022 2997 1077 suis
3042 1020 3271 1073 ﬁdeliter

1694 1125 1891 1178 fatetur
1936 1134 1990 1178 et
2018 1122 2218 1188 credit,
2267 1120 2406 1189 quod
2442 1131 2541 1186 ego
2583 1128 2794 1185 quoque
2836 1114 2888 1166 in
2936 1110 3271 1182 prochsione

1700 1214 1821 1268 ﬁdei
1853 1214 2090 1268 breviter
2122 1211 2294 1281 posui,
2326 1209 2557 1263 breviter
2594 1203 3001 1274 comprehendi,
3024 1200 3271 1254 videlicet

1697 1304 1869 1374 ipsum
1900 1319 2020 1358 esse
2065 1316 2283 1371 corpus,
2312 1308 2366 1353 et
2415 1312 2518 1351 non
2552 1298 2743 1369 ipsum.
2790 1293 2971 1363 Neque
3015 1292 3156 1345 enim
3203 1304 3269 1345 eo

1695 1411 1803 1464 quo
1862 1394 1961 1463 ipsi
2016 1395 2274 1463 putabant
2324 1391 2482 1443 modo
2536 1388 2806 1442 credimus
2862 1385 3001 1454 quod
3059 1381 3269 1437 visibile

1693 1486 1893 1538 Christi
1945 1499 2141 1550 corpus
2192 1480 2559 1543 comedat-ins,
2600 1487 2694 1531 aut
2741 1478 3051 1545 sanguinem
3106 1489 3266 1542 quem

1694 1574 1863 1628 fusuri
1892 1585 1947 1628 et
1975 1573 2144 1627 oculis
2169 1572 2279 1626 suis
2314 1571 2653 1643 conspecturi
2690 1578 2845 1623 erant
2884 1573 3270 1637 persequentes

1694 1668 1959 1723 bibamus.
1989 1667 2093 1721 Sed
2120 1666 2297 1735 potius
2328 1656 2378 1717 id
2402 1662 2670 1717 credimus
2697 1662 2837 1730 quod
2869 1676 2971 1713 non
3005 1660 3266 1720 videmus.

1695 1769 1752 1812 nt
1774 1759 1946 1812 valeat
1977 1773 2097 1813 esse
2122 1758 2275 1819 ﬁdes,
2300 1771 2418 1824 qua:
2453 1772 2555 1810 non
2582 1763 2757 1823 potest
2786 1768 2923 1813 esse,
2954 1767 2995 1805 SI
3041 1765 3125 1804 res
3151 1764 3270 1818 quae

1694 1850 1987 1904 creZuntur
2024 1847 2391 1918 corporalibus
2435 1846 2685 1899 sensibus
2737 1842 3268 1915 constiterit'subja-

1695 1955 1837 1993 cere.
1866 1939 2015 1995 Unde
2042 1954 2314 2008 exponens
2359 1937 2501 2007 quod
2545 1936 2771 1991 obscure
2817 1937 3035 2004 posuit:
3075 1952 3093 1984 ‹
3135 1934 3269 1987 Etsi

93 2033 285 2079 converto
310 2040 387 2080 me
419 2027 482 2080 ad
511 2026 808 2091 Christum,
841 2028 963 2099 quia
1000 2029 1171 2096 ipsum
1202 2044 1382 2096 quer
1412 2030 1499 2083 hic
1540 2040 1594 2083 et
1629 2047 1666 2103 ῃ
1698 2045 1916 2086 necesse
1962 2041 2079 2096 est,
2116 2051 2137 2083 ›
2191 2031 2383 2099 iuquit,
2427 2049 2444 2081 ι
2500 2029 2626 2082 illud
2660 2014 2942 2082 visibiliter
2981 2025 3266 2087 celebrari,

94 2114 248 2168 invenio
284 2118 537 2184 quomodo
565 2117 681 2171 sine
706 2117 979 2187 impietate
1008 2120 1260 2172 adoretur
1286 2129 1448 2184 terra,
1476 2121 1592 2175 sine

95 2203 301 2271 impietate
332 2207 582 2260 adoretur
611 2207 900 2261 scabellum
930 2210 1122 2278 pedum
1166 2208 1299 2275 ejus.
1346 2209 1591 2279 Suscepit

92 2294 192 2344 enim
213 2294 265 2348 de
287 2305 413 2348 terra
445 2305 671 2361 terram,
702 2297 825 2365 quia
856 2313 985 2351 caro
1019 2299 1083 2352 de
1128 2310 1267 2352 terra
1303 2309 1409 2363 est,
1444 2308 1498 2352 et
1529 2301 1594 2352 de

93 2398 207 2436 carne
229 2384 385 2439 Iiarite
413 2402 635 2440 carnem
664 2388 888 2457 accepit,
917 2400 971 2443 et
1020 2390 1143 2457 quia
1179 2391 1229 2443 in
1278 2390 1389 2459 ipsa
1433 2405 1594 2443 carne

94 2474 153 2525 hic
186 2476 456 2539 ambulavit,
489 2488 545 2532 et
588 2494 755 2546 Ipsam
802 2494 1018 2534 carnem
1071 2481 1224 2533 nobis
1255 2480 1321 2533 ad
1368 2481 1594 2533 mandu-

93 2563 260 2618 taudnm
299 2567 358 2618 ad
404 2566 633 2619 salutem
665 2567 829 2621 dedit.
860 2568 1026 2622 Nemo
1068 2579 1245 2623 autem
1298 2569 1441 2623 illam
1478 2584 1594 2623 car-

96 2668 177 2712 llrm
215 2660 486 2731 inauducat,
521 2657 626 2711 nisi
661 2658 808 2732 prius
850 2658 1174 2719 cdtlrater'il.
1209 2657 1482 2719 Inventum
1514 2673 1596 2719 est

96 2755 459 2813 ipicniauniothnn
498 2755 757 2808 adoretur
788 2760 893 2808 tale
940 2756 1226 2809 scabellum
1258 2759 1450 2823 pedum
1494 2756 1597 2809 Do-

95 2840 202 2903 mini,
230 2851 276 2893 et
316 2858 411 2896 non
459 2853 635 2898 solum
686 2861 790 2898 non
837 2860 1120 2914 peccemus
1165 2846 1457 2909 adorando,
1503 2845 1595 2899 sed

95 2946 306 2996 peccemus
350 2950 447 2988 non
490 2936 788 2989 adulando.
819 2954 837 2986 ι
873 2936 937 2988 Et
968 2938 1126 3006 paulo
1171 2942 1339 3005 post:
1381 2956 1397 2987 ι
1448 2935 1597 2989 Tunc

94 3030 223 3074 autem
246 3028 437 3090 quando
466 3028 570 3079 hoc
614 3026 870 3079 Ilonunus
895 3027 1308 3089 teuiiuentlavit,
1338 3026 1405 3079 de
1438 3040 1599 3080 carne

95 3126 157 3159 sua
180 3111 352 3167 locutus
377 3123 508 3177 erat,
542 3125 599 3171 et
619 3115 827 3170 dixerat
856 3134 868 3169 :
902 3136 921 3170 ι
957 3116 1068 3171 Nisi
1099 3120 1218 3187 quis
1246 3118 1601 3173 manducare-

96 3201 141 3250 rit
157 3218 330 3257 carnem
357 3223 545 3272 meam,
594 3224 696 3261 non
726 3209 943 3263 habebit
974 3209 1026 3264 in
1050 3226 1109 3264 se
1149 3210 1312 3264 vitam
1344 3218 1599 3264 aeternam

96 3288 224 3347 ιΙοαη.
244 3309 308 3355 vi,
340 3296 442 3367 54).
477 3317 495 3350 ι
524 3299 891 3354 Scandalizati
922 3309 1049 3355 sunt
1075 3300 1317 3368 discipuli
1344 3299 1460 3368 ejus
1477 3301 1599 3369 qui-

1694 2133 1909 2191 oportct
1936 2131 2112 2176 tamen
2159 2122 2497 2176 invisibiliter
2542 2120 2780 2188 iutell’gi.
2828 2139 2845 2171 ι
2879 2118 3269 2172 Existimabam

1696 2228 1926 2282 namque
1956 2214 2097 2282 quod
2136 2213 2451 2282 prtecipcret
2497 2211 2575 2264 eis
2617 2208 2890 2271 Doniiuus,
2922 2217 3012 2261 aut
3058 2205 3266 2262 bestiali

1694 2318 1864 2364 more,
1896 2312 1989 2356 aut
2020 2303 2275 2363 humano,
2307 2317 2501 2370 corpus
2522 2301 2803 2353 comedere
2829 2300 2969 2369 quod
2995 2298 3263 2357 videbant,

1692 2400 1785 2445 aut
1802 2392 1982 2445 bibere
1996 2392 2307 2463 sanguinem
2322 2405 2477 2459 quem
2500 2397 2882 2458 persequentes
2904 2387 3068 2440 fusuri
3090 2395 3265 2450 erant,

1697 2486 1796 2539 hoc
1825 2494 1907 2538 est
1935 2496 2022 2537 aut
2057 2485 2304 2545 crudum,
2330 2491 2421 2534 aut
2457 2496 2590 2549 aqua
2618 2490 2845 2540 coetum,
2868 2489 2956 2531 aut
2982 2478 3270 2532 subtractis

1695 2576 2019 2635 Curionibus
2052 2577 2102 2634 iu
2131 2573 2361 2633 verubus
2389 2587 2588 2631 assum.
2620 2574 2765 2629 Iquc
2789 2572 3056 2647 carnalem
3080 2585 3267 2626 eorum

1697 2672 2100 2739 intelligentiam
2156 2669 2480 2737 redarguens
2530 2666 2822 2727 Dominus,
2880 2664 2929 2715 in
2983 2659 3268 2728 Evangeiio

1696 2762 1986 2816 secundum
2016 2758 2299 2820 Joannem,
2322 2758 2453 2810 dicit
2487 2771 2500 2808 ε
2534 2753 2757 2824 Spiritus
2779 2762 2851 2806 est
2885 2752 2972 2820 qui
3001 2750 3222 2818 viviﬁcat
3248 2764 3266 2810 ,-

1695 2870 1818 2906 cnro
1896 2864 2068 2905 autem
2148 2868 2249 2903 non
2303 2849 2508 2919 prodest
2583 2847 2862 2918 quidquam
2938 2844 3119 2914 (Jonn.
3189 2855 3266 2905 Vl,

1697 2942 1808 3007 64).
1879 2942 2030 3010 Quod
2103 2953 2375 3009 exponens
2435 2938 2623 2991 beatus
2683 2934 3011 3003 Augustinus
3072 2931 3125 2983 in
3188 2929 3269 2982 vi-

1697 3036 1893 3090 cesima
1939 3034 2161 3103 septima
2201 3030 2436 3099 ejusdem
2491 3028 2759 3094 Evangelii
2808 3025 3063 3087 bomilia,
3125 3022 3202 3077 ait
3251 3039 3265 3075 :

1702 3145 1721 3178 ι
1755 3126 1889 3193 Quid
1926 3136 2007 3179 est
2051 3140 2204 3194 ergo,
2229 3139 2331 3176 non
2369 3122 2586 3193 prodest
2626 3119 2913 3188 quidquam
2951 3115 3111 3171 caro?
3150 3112 3269 3167 Non

1697 3217 1914 3285 prodest
1942 3216 2254 3284 quidquam,
2287 3212 2376 3267 sed
2425 3210 2694 3281 quomodo
2742 3209 2813 3262 illi
2859 3204 3270 3262 intellexerunt?

1700 3305 1926 3361 Carnem
1957 3305 2153 3374 quippe
2184 3305 2260 3357 sic
2294 3303 2700 3356 intellexerunt:
2733 3297 2998 3366 quomodo
3029 3297 3080 3349 in
3111 3295 3270 3349 cada-

95 3382 179 3435 datu
203 3390 502 3457 septuaginta
529 3389 723 3452 ferme.
754 3401 807 3446 et
834 3392 1085 3447 dixerunt
1111 3409 1127 3447 :
1158 3411 1175 3445 ι
1212 3393 1385 3447 Durus
1414 3401 1495 3448 est
1518 3394 1602 3447 hic
1631 3389 1675 3451 C
1703 3410 1832 3450 vere
1863 3395 2168 3457 dilaniatur,
2201 3402 2293 3446 aut
2332 3393 2382 3445 in
2432 3390 2654 3444 macello
2684 3388 2952 3451 venditur,
2984 3400 3085 3438 non
3130 3397 3267 3451 quo-

94 3478 359 3544 senuo,quis
380 3490 552 3547 potest
579 3495 701 3533 eum
720 3481 1079 3552 intelligere?»
1099 3483 1166 3537 Et
1180 3492 1513 3541 recesserunt
1536 3483 1602 3536 ab

94 3576 167 3624 to,
204 3573 249 3617 et
290 3569 505 3638 amplius
556 3585 679 3623 cum
729 3586 793 3626 eo
842 3588 947 3625 non
998 3572 1408 3627 ambulaverunt
1453 3571 1600 3642 (ibid.

96 3664 172 3710 tu.
196 3654 286 3724 6'1).
321 3658 509 3713 Durum
540 3660 647 3714 illis
672 3662 840 3717 visum
871 3674 954 3717 est
983 3663 1125 3734 quod
1147 3665 1221 3718 ait
1254 3682 1267 3719 ;
1300 3682 1320 3715 ι
1346 3663 1456 3719 Nisi
1483 3664 1604 3735 quis

96 3743 422 3802 tuanducaverit
472 3765 694 3804 carnem
744 3767 954 3814 meam,
1007 3768 1111 3807 nou
1163 3753 1383 3808 habebit
1439 3756 1600 3808 vitam

96 3841 309 3889 :ctcrnam.
341 3858 360 3889 ι
386 3841 723 3911 Acceperunt
756 3842 884 3896 illud
923 3843 1104 3897 stulte.
1154 3843 1456 3899 Carnaliter
1476 3844 1601 3898 illud

94 3923 409 3993 cogitaiennit,
439 3941 492 3985 et
546 3941 871 4001 putaverunt
905 3933 1047 4000 quod
1093 3936 1418 4004 przecisurus
1463 3946 1603 3992 esset

96 4008 291 4071 Dominus
316 4022 601 4087 particulas
630 4025 885 4091 quasdam
914 4032 981 4080 de
1006 4042 1230 4095 corpore
1266 4041 1384 4091 suo,
1425 4038 1479 4082 et
1510 4028 1603 4080 da-

96 4107 206 4156 mnis
228 4105 332 4170 illis,
354 4119 404 4162 et
425 4111 677 4166 dixerunt
706 4129 717 4166 :
750 4132 767 4163 ί
805 4112 979 4167 Durus
1000 4124 1083 4168 est
1112 4115 1199 4169 hic
1223 4130 1420 4169 sermo.
1464 4135 1481 4167 ι
1500 4115 1600 4184 Ipsi

95 4200 209 4243 erant
250 4194 383 4257 duri,
437 4215 542 4252 non
594 4214 791 4253 sermo.
829 4219 847 4252 ι
894 4202 959 4255 Et
1012 4204 1199 4271 paucis
1254 4204 1599 4268 intermissis,

97 4277 462 4354 tSpiritualiter,
516 4309 535 4344 ι
594 4291 790 4359 inquit,
842 4311 861 4343 ‹
918 4294 1195 4364 intelligite
1224 4296 1363 4364 quod
1394 4295 1600 4351 locutus

92 4384 193 4423 sum.
216 4374 310 4428 Non
336 4379 431 4432 hoc
452 4395 651 4451 corpus
681 4381 821 4451 quod
851 4381 1042 4439 videtis
1068 4385 1439 4438 nianducaturi
1469 4385 1601 4441 estis

92 4466 130 4508 el
165 4460 347 4521 hihituri
380 4468 529 4525 illum
567 4472 879 4543 sanguinem
926 4488 1085 4543 quem
1137 4472 1305 4528 fusuri
1334 4481 1460 4528 sunt
1507 4473 1599 4543 qui

92 4560 151 4596 uie.
167 4558 459 4627 cruciligcut.
492 4580 512 4614 ι

139 4637 182 4691 in
207 4644 273 4698 his
304 4652 589 4715 postremis
623 4651 769 4706 beati.
806 4650 1089 4723 Augustini
1118 4651 1297 4708 verbis
1336 4651 1595 4709 exsultas.

1702 3492 1859 3545 modo
1901 3488 2091 3555 spiritu
2124 3494 2418 3556 vegetatur.
2458 3502 2476 3534 ι
2508 3482 2583 3535 De
2624 3481 2706 3535 his
2737 3476 3020 3535 hactenus-
3046 3475 3111 3529 ad
3146 3488 3269 3544 pro-

1700 3577 1931 3649 positum
1960 3584 2314 3633 revertamur.
2486 3642 2489 3643 ν

2283 3652 2507 3721 CAPUT
2545 3661 2687 3717 XIX.

1771 3760 2102 3832 Augustinus
2131 3758 2181 3811 in
2210 3757 2427 3813 bomilia
2459 3753 2740 3808 undecima
2770 3764 2929 3818 super
2964 3746 3221 3803 Joannem
3248 3756 3267 3798 :

1705 3870 1727 3904 α
1758 3850 1815 3906 In
1858 3850 2052 3922 popqu
2095 3849 2235 3904 enim
2282 3846 2585 3902 Iudaeorum
2633 3842 2893 3913 ﬁguratus
2927 3847 3002 3892 est
3045 3833 3269 3922 [repulus

1699 3920 2146 3997 Christianorum.
2181 3936 2255 3991 Ibi
2304 3934 2491 4005 ﬁgura,
2540 3932 2626 3985 hic
2661 3930 2890 3994 veritas;
2940 3925 3008 3979 ibi
3053 3920 3264 3986 umbra,

1700 4031 2029 4092 hiccorpus.
2068 4048 2089 4082 ι
2114 4028 2245 4082 Item
2280 4028 2330 4080 in
2363 4025 2580 4079 bomilia
2610 4020 2879 4077 tricesima
2901 4018 3072 4089 prima
3104 4030 3166 4067 τί
3197 4014 3267 4068 At

1701 4121 1775 4176 illi
1828 4122 2077 4175 viderunt
2122 4118 2393 4174 Christum
2435 4130 2532 4170 suo
2578 4112 2784 4168 scelere
2828 4109 3161 4165 morientem.
3211 4115 3268 4159 et

1700 4211 2047 4266 crediderunt
2068 4210 2119 4262 in
2143 4209 2412 4262 Christum
2438 4204 2548 4258 suis
2568 4201 2860 4256 sceleribus
2883 4198 3264 4267 ignoscentcm.

1700 4297 1988 4366 Quousque
2032 4297 2273 4351 biberent
2319 4293 2632 4363 sanguinem
2677 4303 2833 4358 quem
2882 4286 3155 4348 fuderant,
3200 4281 3269 4335 de

1699 4405 1796 4444 sua
1829 4388 2000 4443 salute
2024 4388 2459 4455 desperaverant.
2499 4401 2516 4435 ι
2549 4382 2700 4443 Item,
2733 4380 2783 4432 in
2811 4372 3218 4446 quadragesima
3250 4390 3267 4424 :

1704 4499 1723 4533 ‹
1761 4482 1860 4549 Qui
1910 4480 2189 4535 saivientes
2230 4478 2559 4543 occiderunt,
2593 4470 2784 4526 imitati
2814 4462 3185 4529 crediderunt;
3212 4474 3267 4519 et

1697 4589 1857 4644 quem
1885 4571 2197 4639 sanguinem
2232 4568 2496 4623 saeviendo
2515 4556 2798 4624 Tuderunt,
2817 4558 3083 4616 credendo
3111 4556 3265 4613 bibe-

1686 4666 1845 4716 runt.
1881 4679 1900 4712 ι
1932 4660 2084 4722 Item,
2107 4659 2157 4713 in
2182 4672 2431 4713 sermone
2456 4655 2522 4711 ad
2552 4654 2859 4723 Ncophytos
2888 4664 2902 4704 :
2932 4667 2949 4700 ι
2983 4648 3095 4703 lloc
3124 4645 3268 4702 acci-

90 4723 129 4821 ln
160 4731 224 4786 his
252 4742 429 4796 vit-isse
477 4752 548 4808 te,
574 4753 631 4797 et
672 4745 1005 4812 superiorem
1049 4760 1170 4799 esse
1209 4743 1475 4814 gloriaris,
1512 4746 1599 4800 hic
1628 4734 1675 4795 ι)
1700 4752 1811 4821 pite
1838 4754 1889 4805 in
1915 4765 2053 4819 pane
2078 4749 2220 4818 quod
2245 4747 2498 4816 pependit
2531 4746 2581 4799 in
2605 4758 2784 4798 cruce.
2810 4740 2875 4793 Et
2912 4740 3009 4799 hoc
3039 4735 3267 4805 accipite

92 4818 419 4883 “mummium
446 4841 550 4887 tua:
576 4832 903 4888 defensionis
926 4845 974 4889 te
1002 4835 1265 4890 imenisse
1288 4835 1597 4906 gratularis.

91 4908 326 4983 Q’Ioulodo,
362 4923 560 4989 inquis,
588 4923 908 4991 persuadere
933 4928 1211 4978 contendis
1245 4925 1383 4993 quod
1417 4939 1596 4979 veram

92 5010 255 5056 cnmem
301 5023 583 5080 verumque
629 5014 941 5082 sanguinem
1001 5015 1053 5066 in
1108 5013 1214 5079 hoc
1259 5024 1599 5069 sacramento

92 5102 327 5185 vellamus,
350 5114 468 5153 cum
498 5102 779 5158 manifeste
818 5104 1005 5158 audias
1037 5104 1178 5172 quod
1220 5119 1415 5173 corpus
1454 5104 1598 5174 quod

91 5180 288 5239 ridebant
316 5205 413 5244 non
440 5204 617 5248 essent
644 5194 885 5265 discipuli
916 5196 1228 5259 coniesturi,
1260 5210 1431 5265 nequo
1461 5196 1594 5250 bibi-

92 5269 167 5322 tuii
202 5280 489 5347 sanguinem
525 5299 683 5352 quem
735 5285 1109 5352 crueiﬁgentes
1152 5294 1308 5339 erant
1346 5285 1600 5340 effusuri?
1634 5348 1637 5349 ν

89 5353 367 5420 Calatuutusa
395 5371 606 5438 quidem
638 5372 735 5425 ista
777 5372 1009 5442 objectio
1054 5382 1155 5428 cst.
1187 5375 1287 5441 Qui
1328 5390 1468 5429 enim
1504 5390 1595 5427 su-

90 5450 227 5547 gqrins
266 5463 480 5514 testatus
524 5473 602 5516 est
646 5464 786 5532 quod
840 5480 1078 5529 carnem,
1130 5481 1290 5523 unam
1329 5466 1394 5520 de
1428 5475 1599 5519 matre

90 5530 260 5605 νιτειιιθ
297 5553 539 5620 sumpsit,
573 5563 625 5607 et
656 5555 709 5607 in
752 5570 855 5622 qua
898 5572 951 5610 tn
987 5565 1145 5611 terris
1188 5558 1501 5621 ambulavit,
1533 5556 1599 5609 ad

90 5631 460 5693 manducandum
483 5642 636 5699 nobis
654 5646 941 5699 salubriter
963 5646 1162 5713 tribuit,
1186 5648 1453 5715 quomodo
1477 5646 1602 5701 huic

90 5719 461 5817 E"'f'.Prt_l‘clarae
493 5735 769 5789 sententiae
794 5735 967 5805 aliqua
1014 5738 1284 5792 contraria
1334 5737 1598 5792 sententia

90 5812 663 5875 Potuitobviare?Ahsit
710 5838 737 5875 a
770 5824 950 5878 sobrio
991 5824 1190 5884 lectore
1234 5835 1290 5879 et
1337 5824 1602 5879 catholico

89 5901 343 5963 “Naiton:
364 5914 466 5961 tam
490 5913 736 5977 perverse
759 5922 957 5968 sentire
978 5915 1042 5969 de
1067 5914 1315 5970 Ecclesiae
1329 5914 1598 5980 columna,

1698 4840 1752 4895 in
1793 4848 1960 4894 cauee
2003 4838 2144 4908 quod
2184 4834 2411 4890 eifusum
2458 4843 2539 4888 est
2576 4836 2645 4887 de
2677 4830 2876 4887 Christi
2927 4828 3115 4881 latere.
3154 4823 3273 4877 Erik

1698 4929 1845 4985 enim
1876 4928 1949 4981 illi
1990 4939 2155 4991 mors,
2196 4939 2303 4979 non
2332 4924 2469 4987 vita,
2510 4923 2607 4993 qui
2637 4923 2949 4975 mendacem
2998 4913 3267 4986 putaverit

1697 5021 1886 5074 vitam.
1921 5038 1942 5069 ι
1970 5018 2123 5082 Item,
2155 5018 2206 5071 in
2239 5016 2375 5070 libro
2395 5024 2590 5085 quarto
2610 5012 2956 5068 De'friuitatc
2979 5012 3119 5079 (cap.
3142 5003 3262 5073 l5):

1704 5126 1724 5160 ι
1776 5106 1931 5176 Apud
1980 5122 2111 5161 eum»
2158 5105 2466 5176 paucissimi
2510 5110 2920 5165 remanserunt,
2971 5109 3267 5167 agnoscen-

1700 5155 2135 5264 ίίιιίἱὲξεηῖὦᾷε
2160 5155 2748 5262 ξ’ἐζ’ἧιῖὲῖἰιιέιὶιὶὶεέείέ
2796 5155 3102 5259 bibentibus
3144 5155 3283 5265 ,πε-ξ

1699 5291 1830 5345 tium
1884 5304 2062 5356 suum,
2117 5286 2339 5358 ejusque
2392 5288 2582 5342 ﬁducia
2631 5282 3002 5341 deserentibus
3051 5276 3279 5351 hostem;

1698 5395 1873 5434 suum.
1940 5397 1963 5432 ›
2027 5379 2092 5433 Et
2145 5380 2196 5432 in
2258 5379 2601 5447 subsequenti
2660 5372 2894 5442 capitqu
2944 5371 3105 5441 (cap.
3156 5366 3265 5435 Μ)

1698 5470 1858 5542 247
1890 5481 2008 5541 post
2042 5469 2257 5539 aliqua:
2290 5488 2309 5520 ι
2337 5445 2475 5536 Quid
2524 5477 2631 5521 tam
2677 5464 2932 5518 mundum
2959 5475 3057 5529 pro
3099 5445 3282 5542 mun-i

1701 5562 1890 5615 dandis
1921 5561 2064 5615 vitiis
2095 5560 2430 5624 mortalium,
2471 5572 2630 5628 quam
2663 5556 2779 5609 sine
2808 5552 2915 5607 ulla
2944 5527 3279 5620 contagione.

1701 5650 1935 5705 carnalis
1979 5650 2429 5719 concupiscentia:
2471 5662 2598 5700 caro
2645 5653 2768 5697 nata
2813 5643 2865 5696 in
2904 5651 3077 5707 utero,
3114 5648 3168 5696 et
3191 5653 3266 5693 ex

1702 5748 1855 5792 utero
1878 5737 2162 5809 virginali?
2204 5738 2268 5791 Et
2297 5737 2425 5807 quiti
2457 5747 2564 5791 tam
2592 5742 2746 5804 grate
2769 5732 2947 5787 uﬁ‘erri
2981 5741 3030 5787 et
3060 5730 3265 5799 suscipi

1701 5834 1883 5895 posset
1928 5842 2089 5895 quam
2128 5841 2259 5881 caro
2299 5826 2551 5881 sacriﬁcii
2598 5824 2766 5879 nostri
2796 5820 3271 5891 corpuseli‘ectuiu

1702 5914 1996 5968 sacerdotis
2025 5916 2231 5969 nostri?
2262 5935 2277 5967 ›
2318 5916 2425 5970 Leo
2451 5930 2583 5985 papa
2621 5915 2672 5971 iu
2703 5928 2947 5969 sermone
2975 5917 3041 5971 de
3055 5917 3283 5989 jejunio
