3864 6300
606 551 709 607 ηε

606 667 821 738 septimi
852 666 1054 724 mensis
1071 675 1267 741 (sirm.
1302 667 1379 739 ο).
1422 687 1440 722 ι
1478 668 1623 725 lianc
1651 683 2069 737 contesstcnem,
2099 661 2179 725 di-
2206 682 2251 733 Α

608 750 910 826 teetissinii,
939 766 1052 812 toto
1074 759 1236 813 corde
1263 770 1589 827 prementes,
1618 759 1779 829 impia
1804 760 2178 816 hzereticorum

606 858 915 900 commenta
961 848 1196 917 respuite
1222 887 1238 913 ,
1280 858 1339 902 ut
1377 847 1581 917 jejunia
1631 855 1809 903 vestra
1853 858 1907 904 et
1946 836 2179 905 eleemo-

607 952 759 1006 synzn
809 936 1009 991 nullius
1056 938 1260 991 erroris
1321 940 1570 1007 contagio
1634 941 1960 1010 polluantur.
2031 941 2181 996 Tunc

609 1028 754 1082 enim
793 1036 849 1081 et
877 1026 1129 1081 sacriﬁcii
1178 1027 1375 1081 munda
1409 1038 1492 1083 est
1532 1030 1753 1096 oblatio,
1785 1040 1837 1084 et
1868 1031 2179 1084 misericor-

612 1117 712 1169 dia~
751 1126 938 1171 saneta
985 1116 1222 1187 largitio,
1268 1119 1483 1187 quando
1512 1119 1564 1173 bi
1596 1121 1685 1188 qui
1719 1120 1820 1173 ista
1849 1120 2177 1188 dependunt,

610 1205 753 1271 quod
804 1214 1100 1273 operantur
1142 1206 1465 1275 intelligunt.
1516 1204 1648 1261 Nam
1680 1207 1893 1262 dicente
1924 1208 2177 1263 Domino:

612 1295 733 1348 Nisi
758 1296 1193 1350 manducaueritis
1219 1314 1425 1350 carnem
1448 1296 1574 1351 Filii
1597 1300 1844 1366 hominis,
1876 1308 1922 1352 et
1954 1299 2182 1353 biberitis

606 1388 914 1456 sanguinem
951 1388 1084 1456 ejus,
1114 1404 1216 1441 non
1245 1387 1496 1443 habebitis
1523 1390 1683 1443 vitam
1722 1392 1777 1444 in
1814 1390 1955 1445 vobis
1998 1389 2179 1461 (Jonn.

607 1494 683 1543 vt,
713 1478 823 1547 54).
860 1480 938 1533 sic
979 1494 1146 1534 saetae
1191 1494 1390 1534 mensae
1430 1482 1835 1537 communicare
1883 1481 2090 1537 debetis
2123 1490 2181 1534 ιιι

604 1566 747 1624 nihil
776 1583 996 1636 prorsus
1032 1569 1097 1624 de
1123 1569 1350 1625 veritate
1393 1571 1633 1640 corporis
1658 1570 1857 1626 Christi
1888 1581 1941 1626 et
1967 1571 2183 1641 sangui-

608 1659 701 1723 nis
748 1658 1053 1728 atubigatis.
1110 1658 1222 1714 Hoc
1271 1661 1413 1715 enim
1461 1676 1556 1716 ore
1601 1662 1851 1726 sumitur,
1899 1662 2042 1733 quod
2080 1662 2183 1716 ﬁde

609 1747 867 1809 creditur,
894 1756 946 1803 et
969 1749 1166 1803 frustra
1198 1749 1267 1804 ab
1292 1749 1395 1804 illis
1421 1768 1572 1805 amen
1603 1753 1978 1822 respondetur,
2005 1767 2034 1804 a
2066 1752 2186 1821 qui-

608 1840 711 1893 bus
732 1850 918 1894 contra
949 1840 1000 1895 id
1029 1841 1169 1910 quod
1202 1843 1489 1910 accipitur,
1519 1843 1843 1912 disputatur.
1884 1864 1905 1896 ι
1944 1844 2098 1908 Item,
2129 1845 2181 1897 in

609 1930 841 1998 epistola
868 1931 1159 1986 Anatholio
1187 1932 1439 2001 episcopo
1469 1934 1633 1987 missa
1661 1950 1673 1986 :
1704 1952 1723 1985 ι
1754 1934 1925 1988 Aliter
1952 1934 2095 1989 enim
2126 1934 2182 1988 in

610 2021 857 2092 Ecclesia
883 2022 997 2085 Dei,
1035 2038 1154 2091 qua:
1183 2037 1377 2092 corpus
1411 2033 1495 2081 est
1522 2024 1745 2088 Christi,
1786 2038 1885 2080 nec
1917 2034 2031 2078 rata
2061 2033 2186 2079 sunt
2219 2008 2257 2064 Β

611 2111 938 2176 sacerdotia,
972 2126 1072 2167 nec
1096 2124 1220 2166 vera
1249 2111 1544 2179 sacriﬁcia,
1576 2114 1679 2167 nisi
1728 2113 1781 2167 in
1819 2125 2016 2168 nostra:
2063 2129 2188 2183 pro-

606 2202 844 2269 prietate
873 2210 1079 2256 natura:
1102 2216 1258 2258 verus
1285 2219 1385 2259 nos
1410 2203 1647 2273 pontifex
1676 2205 2004 2272 reconciliet,
2029 2221 2189 2260 verus

606 2293 939 2347 immaculati
966 2294 1103 2365 Agni
1136 2296 1355 2365 sanguis
1382 2296 1656 2351 emundet.
1690 2296 1790 2363 Qui
1837 2296 1963 2351 licet
1992 2296 2044 2350 in
2077 2295 2185 2350 Pa-

614 2382 714 2435 tris
748 2382 818 2435 sit
842 2382 1062 2437 dextera
1111 2385 1458 2451 constitutus,
1489 2386 1541 2439 in
1569 2387 1756 2441 eadem
1794 2395 1971 2441 tamen
2000 2402 2187 2452 carne,

615 2489 779 2543 quam
805 2476 1035 2544 sumpsit
1061 2490 1127 2530 ex
1159 2475 1375 2547 Virgine
1406 2489 1804 2533 sacramentum
1826 2534 1829 2537 ,
1850 2479 2190 2549 propitiatio-

608 2564 693 2619 nis
720 2566 1055 2635 exsequitur.
1086 2586 1103 2618 ι
1140 2566 1269 2621 ltem
1321 2568 1373 2622 in
1412 2584 1662 2624 sermone
1695 2570 1760 2623 de
1804 2570 2053 2639 passione
2087 2570 2185 2623 Do-

607 2655 741 2710 mini
792 2670 975 2727 (serm.
1011 2657 1130 2727 ll):
1194 2677 1211 2708 ι
1248 2656 1463 2713 Felellit
1504 2675 1633 2729 ergo
1686 2660 1833 2713 illum
1888 2660 2191 2731 malignitas

610 2764 735 2815 sua,
766 2749 945 2804 intulit
993 2750 1312 2819 supplicium
1344 2750 1482 2805 Filio
1512 2752 1627 2815 Dei,
1655 2752 1799 2820 quod
1828 2752 2037 2808 cunctis
2065 2751 2191 2807 ﬁliis

608 2840 888 2913 hominum
918 2841 969 2895 in
998 2841 1293 2895 remedium
1322 2850 1649 2896 verteretur.
1684 2842 1845 2897 Fudit
1872 2844 2188 2912 sanguinem

605 2932 833 2999 justum,
869 2932 961 3000 qui
1002 2932 1399 2988 reconciliando
1430 2934 1628 2989 mundo
1660 2943 1713 2989 et
1735 2934 2015 3004 praemium
2048 2943 2191 2989 esset

612 3030 668 3074 et
721 3022 993 3090 poculum.
1030 3042 1049 3074 ι
1117 3022 1176 3077 S.
1225 3022 1521 3094 Gregorius
1577 3026 1630 3079 in
1686 3026 1903 3081 homilia
1951 3026 2188 3097 paschali

611 3112 821 3181 (homi‘l.
844 3112 917 3175 22
961 3116 1016 3169 in
1047 3114 1273 3185 Evang.)
1302 3130 1317 3168 :
1347 3134 1364 3167 ι
1405 3116 1543 3182 Quid
1594 3132 1824 3188 namque
1874 3118 1944 3172 sit
1971 3118 2191 3189 sanguis

611 3202 772 3270 Agni,
806 3217 911 3258 non
933 3202 1042 3271 jam
1072 3204 1361 3270 audiendo.
1391 3205 1485 3260 sed
1513 3205 1745 3261 bibendo
1773 3206 2053 3263 didicistis.
2090 3206 2191 3274 Qui

610 3292 832 3363 sanguis
877 3308 1039 3363 super
1081 3303 1369 3365 utrumque
1413 3304 1622 3365 postem
1668 3298 1922 3367 ponitur,
1974 3299 2190 3366 quando

609 3400 719 3439 non
755 3384 933 3441 solum
965 3400 1060 3442 ore
1093 3388 1359 3457 corporis,
1388 3388 1482 3443 sed
1524 3388 1684 3444 etiam
1715 3404 1811 3445 ore
1847 3391 2028 3445 cordis
2056 3391 2185 3450 hau-

611 3485 771 3529 l'lllll‘.
807 3495 826 3529 ι

685 3567 781 3621 llis
825 3568 1129 3625 divinorum
1187 3569 1522 3643 eloquiorum
1579 3571 1917 3637 testimoniis,
1966 3588 2086 3641 qua:
2125 3587 2193 3627 ex

611 3657 818 3721 multis,
852 3661 1151 3728 compendii
1195 3677 1383 3727 causa,
1423 3677 1590 3731 pauca
1626 3663 1896 3733 excerpsi,
1936 3663 2100 3727 clare,
2137 3675 2195 3718 ut

614 3746 1184 3819 arbitror,innoteseit
1206 3751 1348 3819 quod
1379 3766 1504 3805 vera
1530 3750 1730 3807 Christi
1755 3767 1902 3814 caro,
1932 3767 2196 3822 vernaque

613 3840 733 3908 ejus
759 3840 977 3909 sanguis
1008 3840 1061 3894 in
1092 3857 1278 3901 mensa
1323 3843 1596 3901 Dominica
1638 3843 1968 3908 itnmoletnr,
2013 3860 2193 3901 come-

618 3934 802 3995 tlatnr,
848 3932 1087 3996 bibatur,
1130 3935 1505 4002 corporaliter,
1564 3936 1938 4003 spiritualiter,
1988 3937 2194 3992 incom-

618 4023 1075 4092 prehensibiliter.
1114 4023 1181 4077 Et
1210 4040 1277 4079 ne
1300 4024 1423 4095 quis
1452 4039 1738 4094 perversns
1785 4035 1945 4095 atque
1970 4042 2193 4096 perver-

612 4132 708 4172 sor
739 4116 899 4171 aliter
948 4132 1010 4171 ea
1056 4117 1384 4187 intelligeret
1423 4117 1507 4172 vel
1534 4126 1826 4188 exponeret
1866 4134 2027 4188 quam
2070 4120 2193 4173 uni-

608 4208 838 4264 versalis
861 4208 1115 4265 Ecclesia:
1142 4208 1448 4279 spirituales
1475 4209 1567 4265 ﬁlii
1612 4208 1919 4281 intelligunt
1946 4219 2001 4265 et
2026 4225 2192 4280 expo-

611 4308 770 4365 nunt,
812 4299 952 4355 facta
983 4308 1131 4364 sunt,
1163 4309 1271 4355 tam
1300 4299 1536 4369 antiquis
1557 4315 1719 4370 quam
1753 4299 2025 4358 modernis
2058 4309 2193 4354 tent-

609 4392 856 4460 poribus,
886 4391 937 4444 in
966 4391 1197 4445 diversis
1221 4391 1479 4448 Ecclesiis
1520 4391 1645 4446 huic
1673 4392 1793 4447 ﬁdei
1822 4406 2061 4462 congrua
2089 4392 2193 4446 mi-

610 4481 819 4547 racula,
846 4482 1082 4551 quando,
1114 4492 1168 4537 et
1195 4482 1305 4546 ubi,
1334 4492 1388 4536 et
1416 4483 1610 4551 quibus
1663 4491 1870 4538 tantum
1921 4493 2189 4540 secretum

614 4576 988 4630 demonstrare
1013 4576 1182 4631 voluit
1216 4573 1416 4631 aeterna
1455 4576 1741 4644 sapientia,
1774 4577 1859 4631 cui
1888 4577 2033 4632 nuHa
2063 4584 2190 4632 sunt

610 4680 720 4720 non
768 4666 1071 4736 possibilia,
1121 4667 1393 4736 attingens
1420 4682 1449 4719 a
1479 4667 1581 4721 line
1614 4681 1782 4736 usque
1825 4668 1893 4722 ad
1920 4668 2104 4729 ﬁnem.
2134 4675 2188 4721 et

611 4755 828 4812 lortiter
870 4764 1033 4825 atque
1077 4756 1318 4810 suaviter
1342 4754 1633 4823 disponens
1680 4755 1859 4808 omnia
1886 4755 2037 4825 (Sap.
2067 4771 2186 4817 vtu,

611 4843 689 4912 l).
719 4841 849 4909 Quae
873 4841 1131 4897 miracula
1166 4828 1313 4896 facta
1338 4857 1458 4897 esse
1503 4844 1714 4913 ignorat
1739 4842 1917 4898 nullus
1944 4845 2189 4914 quisquis

611 4938 669 4991 in
722 4934 1111 4991 ecclesiasticis
1155 4934 1422 5009 historiis,
1467 4948 1561 4989 seu
1610 4944 1918 4990 sanctorum
1967 4936 2187 4991 Patrum

608 5027 903 5099 gestisest
952 5018 1343 5094 aliquantulum
1390 5023 1684 5080 studiosus.
1738 5023 1868 5089 Quae
1904 5024 2188 5094 scripturae

608 5119 826 5175 tametsi
857 5118 1001 5173 illaut
1024 5116 1450 5173 excelsissimam
1482 5116 1822 5173 auctoritatis
1853 5131 2033 5171 arcem
2079 5130 2184 5170 non

608 5209 862 5266 obtinent
922 5222 1030 5278 qua
1060 5268 1061 5271 η
1087 5209 1300 5262 donatae
1345 5215 1470 5262 sunt
1509 5222 1643 5277 quas
1686 5207 2027 5277 propheticas
2094 5221 2189 5260 seu

611 5299 943 5370 apostolicos
990 5312 1387 5367 nuncupamus,
1418 5295 1521 5350 hoc
1553 5305 1731 5351 tamen
1765 5298 1995 5365 probare
2038 5294 2189 5351 sulli-

608 5393 929 5463 ciunt-quod
956 5393 1098 5447 hanc
1118 5390 1299 5454 ﬁdem,
1332 5404 1491 5459 quam
1520 5405 1664 5445 nunc
1688 5389 1971 5454 habemus,
2000 5404 2190 5444 omnes

608 5482 816 5553 ﬁdeles,
860 5482 952 5553 qui
984 5496 1084 5537 nos
1128 5488 1520 5551 prazcesserunt
1554 5495 1586 5534 a
1611 5479 1806 5549 priscis
1852 5480 2185 5548 temporibus

613 5552 939 5628 habuerunt.
983 5571 1258 5640 Alioquin,
1300 5586 1423 5637 cum
1471 5569 1523 5624 in
1563 5568 1797 5624 decretis
1824 5568 2187 5622 Romanorum

609 5664 928 5733 pontiﬁcum
991 5665 1270 5733 sacrisque
1331 5662 1634 5718 cauonibus
1692 5660 2009 5731 apocrypha:
2065 5660 2194 5716 scri-

607 5763 787 5827 ptura:
822 5756 1139 5811 nominatim
1179 5757 1446 5813 damnata:
1485 5764 1638 5819 sunt,
1669 5754 1783 5809 btec
1825 5768 2037 5823 quoque
2074 5768 2192 5822 spe-

615 5845 829 5916 cialiter
875 5846 1282 5909 damnarentur,
1333 5858 1429 5901 nec
1476 5846 1527 5899 in
1574 5843 1812 5901 Ecclesia
1863 5842 2127 5898 catholica
2160 5859 2187 5903 a

608 5935 892 5999 catholicis
925 5934 1239 5997 solemniter
1270 5936 1595 6015 legerentur.

1587 558 1649 615 Β.
1689 555 2080 613 LANFRANCl
2117 555 2463 613 CANTUAB.
2505 553 2824 612 ABClllEP.
2972 582 2977 589 -
3686 558 3755 614 436

2867 667 3094 724 CAPUT
3142 666 3256 723 XX.
3340 696 3343 697 ν
3419 680 3425 687 ·

2347 762 2628 818 Adversus
2665 770 2872 817 tantam
2913 760 3213 815 divitiarum
3252 758 3604 813 auctoritatem
3639 761 3757 817 lucem

2280 854 2591 924 qumstionis
2632 853 2914 922 caliginem
2946 865 3217 921 opponere
3256 864 3359 903 non
3383 850 3581 903 desistis
3604 851 3757 906 dicens:
3830 866 3831 887 ι

2281 944 2435 1010 Quod
2474 953 2530 996 tu
2559 958 2744 998 verum
2773 941 2976 996 Christi
3020 955 3216 1010 corpus
3250 954 3368 993 esse
3398 939 3600 1001 asserit,
3634 940 3673 991 in
3705 957 3760 991 sa-
3830 940 3831 959 ῖ

2282 1039 2391 1088 eris
2432 1034 2626 1087 litteris
2669 1031 2966 1101 appellatur
3013 1029 3249 1097 species,
3301 1028 3593 1092 similitudo,
3629 1028 3757 1096 igura,
3830 1072 3831 1083 χ

2282 1123 2518 1192 signum,
2551 1122 2891 1191 mysterium,
2930 1127 3350 1173 sacramentum.
3402 1116 3517 1170 lla-c
3543 1127 3684 1170 autem
3701 1133 3760 1170 τοι

2281 1213 2471 1269 cabula
2511 1213 2576 1265 ad
2615 1212 2814 1282 aliquid
2859 1219 2999 1265 sunt.
3045 1209 3197 1262 Nulla
3226 1221 3510 1277 vero.qu.'e
3544 1208 3599 1260 ad
3624 1208 3759 1276 aliquil
3830 1224 3831 1279 γ

2283 1302 2612 1366 referuntur,
2664 1309 2890 1370 possunt
2932 1316 3052 1354 esse
3101 1300 3152 1356 id
3200 1299 3341 1369 quod
3385 1308 3509 1352 sunt
3543 1314 3594 1352 ea
3618 1299 3666 1350 ad
3686 1314 3761 1365 qua
3830 1299 3831 1370 ξ

2284 1393 2612 1449 referuntur.
2654 1391 2769 1446 Non
2799 1400 2884 1445 est
2918 1391 3079 1461 igitur
3105 1404 3304 1459 corpus
3329 1386 3538 1442 Christi.
3566 1387 3653 1440 Hoc
3669 1387 3760 1438 coitu

2284 1487 2337 1541 in
2385 1484 2615 1553 quodam
2658 1483 2862 1551 scripto
2933 1490 3023 1534 tuo
3078 1480 3307 1534 diversis
3366 1494 3427 1533 ac
3470 1477 3762 1546 prolixioribus

2281 1573 2484 1639 verbis,
2516 1572 2610 1626 sed
2639 1586 2745 1624 non
2784 1577 2994 1623 mutata
3045 1569 3312 1622 sententia
3344 1567 3537 1635 reperi;
3577 1566 3659 1618 hoc
3685 1581 3761 1632 gar-

2284 1666 2432 1719 riunt
2477 1662 2722 1732 discipuli
2790 1670 2953 1731 atque
3010 1675 3274 1729 sequaces
3346 1660 3456 1722 tui.
3501 1659 3763 1713 subversam

2284 1756 2501 1826 quidem
2540 1755 2766 1809 aliorum
2812 1762 2865 1808 et
2903 1752 3002 1822 ipsi
3043 1767 3176 1806 auro
3206 1760 3260 1805 et
3289 1757 3505 1821 argento
3546 1757 3763 1811 ceteraque
3830 1752 3831 1826 ξ

2285 1846 2509 1916 pecunia
2555 1855 2645 1900 tua
2680 1860 2708 1898 a
2740 1855 2791 1900 te
2827 1844 3095 1907 subversi,
3126 1852 3396 1907 errantes,
3433 1850 3480 1894 et
3515 1839 3627 1892 alios
3655 1839 3763 1889 iuer-

2286 1951 2467 1991 rorem
2519 1934 2821 1997 mittentes,
2848 1950 2950 1987 non
2979 1933 3345 2002 intelligentes,
3380 1934 3511 1985 sicut
3550 1927 3654 1981 dicit
3673 1928 3765 1991 Αρῡι

2288 2006 2478 2091 stolus,
2522 2042 2683 2096 neque
2711 2040 2829 2096 quae
2865 2024 3173 2094 loquuntur,
3218 2039 3382 2092 neque
3421 2021 3480 2074 de
3505 2015 3765 2089 quibuaﬁir-

2289 2126 2432 2170 munt
2483 2115 2532 2188 (1
2560 2115 2696 2170 Tim.
2721 2130 2754 2175 t.
2787 2114 2861 2183 Ἰ).
2914 2102 3113 2169 Verum
3166 2114 3251 2166 his
3297 2111 3556 2166 vocabulis
3596 2108 3637 2160 in
3676 2104 3766 2157 nullo

2287 2210 2657 2280 praescribitur
2695 2208 2817 2263 ﬁdei
2853 2222 2957 2277 qua
2999 2204 3308 2271 credimus,
3357 2212 3411 2259 et
3445 2199 3630 2257 veritati
3664 2210 3766 2265 quam

2289 2300 2650 2356 defendimus.
2701 2298 2922 2368 Species
2950 2310 3204 2366 namque,
3231 2305 3291 2350 et
3324 2293 3597 2350 similitudo
3627 2289 3767 2343 illarum

2290 2406 2470 2446 rerum
2499 2389 2757 2444 vocabula
2793 2396 2951 2454 sunt,
2985 2403 3104 2457 quae
3143 2394 3274 2441 ante
3304 2385 3532 2448 fuerunt,
3558 2391 3601 2435 et
3624 2395 3673 2433 ex
3696 2376 3770 2444 qui-

2288 2480 2391 2534 bus
2441 2494 2640 2548 corpus
2681 2476 2884 2533 Christi
2937 2477 3269 2547 sanguisque
3315 2474 3598 2529 conﬁcitur.
3639 2468 3769 2523 Panem

2290 2566 2432 2631 dico,
2461 2582 2525 2620 ac
2559 2566 2759 2629 vinum,
2805 2564 2949 2619 unde
2993 2564 3046 2619 in
3092 2565 3196 2619 ﬁne
3225 2562 3504 2632 cujusdam
3534 2560 3673 2613 missa:
3694 2569 3771 2609 ora-

2292 2665 2399 2719 tur,
2429 2666 2484 2708 et
2514 2654 2713 2710 dicitur
2738 2673 2750 2707 :
2781 2674 2797 2705 ι
2827 2653 3119 2709 Perﬁciant
3159 2653 3211 2707 in
3250 2653 3436 2717 nobis,
3461 2649 3663 2709 Domine,
3682 2660 3771 2714 qua“

2290 2760 2503 2811 sumus.
2555 2755 2643 2799 tua
2700 2754 3063 2808 sacramenta,
3113 2743 3253 2812 quod
3314 2742 3591 2802 continent,
3629 2746 3671 2789 ut
3699 2750 3773 2801 at:

2293 2852 2437 2892 nunc
2480 2836 2660 2906 specie
2701 2837 2960 2906 gerimus,
3011 2850 3191 2890 rerum
3231 2836 3465 2889 veritate
3511 2832 3770 2901 capiamus.»

2292 2925 2536 2981 Postulat
2561 2926 2757 2995 quippe
2789 2926 3046 2981 sacerdos
3072 2934 3131 2979 ut
3158 2940 3365 2994 corpus
3385 2922 3565 2979 Christi
3590 2921 3695 2990 quod
3714 2916 3772 2968 sub

2290 3017 2469 3086 specie
2522 3016 2677 3085 panis
2742 3016 2959 3085 vinique
3004 3015 3231 3086 geritur,
3291 3014 3560 3069 manifesta
3606 3009 3766 3065 visione,

2290 3107 2452 3160 sicuti
2486 3122 2675 3162 revera
2698 3114 2803 3171 est,
2834 3106 3161 3177 quandoque
3185 3106 3460 3173 capiatur.
3488 3101 3663 3156 Veritas
3684 3098 3771 3150 enim

2292 3212 2393 3267 pro
2420 3197 2859 3252 manilestatione
2888 3197 2938 3251 in
2967 3197 3143 3252 sacris
3171 3211 3321 3256 saepe
3360 3195 3545 3250 litteris
3570 3188 3769 3261 reperitur.

2293 3288 2369 3341 De
2398 3301 2501 3356 qtta
2534 3285 2816 3341 manifesta
2845 3286 3056 3340 visione
3080 3286 3345 3340 Dominus
3387 3285 3438 3339 in
3460 3282 3694 3351 Evangelia
3723 3292 3772 3328 se-

2294 3377 2528 3433 cundum
2559 3375 2820 3431 Joannem
2855 3374 3135 3447 discipulis
3178 3374 3353 3430 dicit:
3384 3374 3483 3444 Qui
3504 3381 3648 3426 autem
3664 3363 3771 3433 eligit

2294 3486 2397 3534 me,
2428 3469 2676 3540 diligetur
2703 3486 2735 3522 a
2763 3466 2924 3522 Patre
2962 3483 3094 3521 mea.
3147 3465 3216 3522 Et
3262 3484 3358 3536 ego
3395 3467 3591 3534 diligant
3619 3464 3772 3517 eum“

2292 3560 2641 3630 manifestabo
2670 3562 2717 3613 ei
2749 3561 2997 3629 meipsum
3029 3558 3212 3629 (lenit.
3241 3575 3355 3622 xtv,
3379 3558 3487 3627 2|).
3525 3555 3579 3610 Et
3604 3547 3723 3606 David
3742 3546 3770 3595 in

2294 3667 2523 3724 persona
2551 3652 2641 3706 Dei
2667 3651 2844 3705 Patris
2868 3666 2884 3705 :
2907 3648 3257 3720 Longituditte
3282 3651 3481 3703 dierum
3507 3644 3669 3715 replebo
3685 3652 3771 3691 rm.

2293 3756 2341 3799 et
2364 3745 2634 3799 ostendam
2661 3741 2739 3795 illi
2765 3742 2999 3809 salutare
3022 3758 3192 3794 meum
3219 3739 3395 3811 (Psal.
3424 3753 3504 3800 xc,
3529 3735 3619 3804 16).
3642 3730 3771 3795 Quam-

2294 3838 2378 3891 vis
2406 3852 2510 3891 non
2542 3835 2975 3906 improbabiliter
2999 3834 3220 3902 quidam
3252 3841 3521 3903 exponant
3541 3830 3625 3883 hoc
3647 3822 3773 3877 inloto

2293 3943 2415 3985 esse
2460 3933 2644 3983 carnis
2675 3944 2739 3983 ac
2768 3926 3051 3996 sanguinis
3092 3926 3409 3990 veritatem,
3448 3923 3597 3992 ipsam
3633 3923 3773 3969 eorum

2293 4022 2414 4075 dem
2447 4018 2821 4083 efﬁcientiam,
2860 4018 2912 4071 id
2942 4026 3042 4079 est,
3081 4024 3433 4087 peccatorum
3477 4006 3771 4068 tenuissimam.

2292 4110 2457 4182 248
2480 4109 2588 4163 lllis
2619 4122 2850 4177 namque
2874 4106 3126 4161 omnibus
3153 4106 3333 4160 modis
3364 4119 3484 4159 vera
3510 4094 3672 4155 Christi
3692 4102 3772 4186 cato

2290 4216 2356 4256 ac
2397 4199 2618 4267 sanguis
2655 4199 2843 4253 existit
2879 4197 2970 4266 qui
3006 4197 3170 4265 digne
3200 4195 3532 4266 percipiunt,
3559 4189 3632 4259 qui
3662 4194 3773 4253 ρετα-

2288 4291 2483 4362 piendo
2508 4290 2821 4346 delictorum
2854 4288 3239 4356 indulgentiam
3266 4290 3658 4356 consequuntur.
3679 4270 3771 4328 limit

2290 4382 2344 4434 in
2378 4394 2586 4435 canone
2621 4379 2800 4433 missa:
2839 4378 3095 4432 sacerdos
3119 4377 3289 4430 dicit:
3323 4395 3342 4429 t
3374 4374 3443 4431 Ut
3469 4373 3607 4428 nobis
3627 4374 3770 4457 corrasi

2289 4482 2346 4530 et
2393 4473 2613 4541 sanguis
2663 4470 2759 4527 ﬁat
2797 4470 3138 4526 dilectissumi
3166 4469 3289 4525 Filii
3345 4470 3418 4523 tui
3443 4462 3627 4522 Domini
3663 4462 3769 4510 nos!"

2288 4562 2416 4617 Jesu
2441 4561 2668 4626 Christi,
2698 4579 2716 4611 ι
2772 4560 2951 4624 nobis,
3001 4560 3247 4629 inquam,
3297 4558 3351 4613 id
3378 4566 3460 4613 est
3502 4545 3770 4639 credentibtft

2289 4665 2343 4707 et
2370 4650 2744 4707 misericordia
2808 4657 2899 4704 tua
2954 4649 3114 4719 digne
3168 4648 3523 4703 sumentibus.
3571 4640 3654 4705 Qui
3687 4644 3770 4686 ουκ

2218 4712 2266 4772 D
2292 4746 2572 4804 manducet
2603 4754 2651 4798 et
2697 4744 2820 4798 bibit
2852 4712 3089 4812 indigne,
3108 4740 3378 4811 judicium
3400 4737 3497 4794 sibi
3520 4726 3772 4789 mandarat“

2292 4840 2417 4893 tua
2455 4838 2505 4907 (ι
2536 4838 2658 4895 Cor.
2693 4852 2767 4897 χι,
2802 4835 2915 4905 29).
3012 4890 3015 4891 ,

2361 4902 2501 4984 Hine
2530 4936 2584 4985 et
2613 4936 2839 4983 sanctus
2863 4902 3156 4995 Gregorius
3192 4923 3245 4978 in
3278 4928 3474 4991 quarto
3501 4907 3668 4981 Dialogi
3687 4902 3773 4999 libi“)

2292 5019 2433 5089 (οεψ.
2457 5017 2547 5082 59)
2578 5037 2592 5073 :
2626 5018 2830 5090 (Tune
2859 5031 2986 5070 vera
3014 5030 3113 5086 pro
3162 5014 3321 5069 nobis
3370 5012 3479 5067 Deo
3522 5002 3664 5062 hostia
3685 4998 3771 5095 inii

2291 5086 2413 5165 cum
2440 5086 2804 5179 nosmetipsos
2832 5107 3065 5162 hostiam
3097 5104 3413 5160 fecerimus.
3450 5120 3468 5153 ι
3514 5097 3597 5151 Est
3628 5086 3773 5160 quidem

2292 5199 2457 5255 etiam
2507 5198 2926 5269 peccatoribus,
2975 5203 3028 5250 et
3076 5194 3297 5262 indigne
3361 5185 3661 5247 sumentibus
3694 5182 3773 5222 te"

2293 5290 2496 5345 Christi
2541 5304 2696 5353 caro,
2739 5300 3008 5356 verosque
3055 5283 3297 5354 sanguis,
3341 5281 3435 5337 sed
3473 5269 3685 5332 essentia.
3707 5272 3774 5313 που

2291 5379 2494 5435 salubri
2536 5379 2843 5437 efﬁcientia.
2878 5375 3048 5444 Hujus
3075 5375 3154 5431 rei
3191 5373 3348 5428 testis
3369 5380 3454 5428 est
3475 5371 3639 5424 beatus
3654 5356 3776 5444 Anti"

2290 5470 2463 5528 stiuus
2509 5468 2561 5525 in
2603 5468 2792 5538 quinto
2830 5438 2975 5524 uer
2991 5466 3068 5520 De
3094 5465 3363 5533 baptismo
3390 5462 3564 5517 dicens
3579 5453 3693 5544 iw:
3714 5438 3772 5544 si;

2296 5560 2449 5616 Sicut
2499 5559 2645 5615 enim
2675 5556 2864 5618 Judas,
2908 5556 2995 5615 cui
3026 5553 3287 5611 bucellam
3341 5549 3553 5606 tradidit
3575 5540 3774 5596 υοσιῑπιιέν

2297 5667 2405 5708 non
2436 5649 2639 5705 malum
2675 5647 3013 5716 accipiendo,
3044 5646 3139 5701 sed
3167 5642 3305 5699 male
3331 5635 3623 5710 accipiendo
3656 5626 3774 5678 low“

2295 5744 2351 5799 in
2383 5756 2441 5796 se
2469 5740 2687 5798 diabolo
2721 5738 2971 5808 praebuit,
3001 5736 3081 5791 sic
3128 5734 3345 5803 indigne
3372 5731 3587 5800 quisque
3622 5716 3775 5809 59"}?

2295 5830 2637 5886 I‘ominicum
2686 5804 3124 5888 sacramentum,
3172 5837 3273 5878 non
3317 5819 3481 5874 eilicit
3501 5806 3675 5878 utqui!
3703 5804 3773 5864 it“

2296 5923 2469 5985 malus
2496 5932 2600 5987 est,
2633 5920 2832 5977 malum
2872 5920 2963 5986 sit,
2993 5924 3088 5977 aut
3124 5916 3245 5986 quia
3275 5928 3387 5979 non,
3424 5908 3491 5965 ad
3515 5903 3700 5961 ωιυιω
3722 5900 3774 5940 δί’
