3864 6300
69 528 143 582 l.‘:‘l
891 532 1093 589 LIBER
1142 535 1227 591 DE
1264 537 1585 596 CORPORE
1626 542 1713 595 ET
1753 544 2102 603 SANGUlNE
2135 550 2387 606 DOMINI.

3142 513 3261 608 438}

64 637 321 734 cipilthihi‘l
354 642 651 734 acceperit.
704 640 910 713 Corpus
937 647 1080 701 enim
1106 650 1315 705 Domini
1362 661 1415 706 et
1458 668 1579 707 san-
1609 656 1653 713 Α
1687 664 1796 712 tum
1846 659 2022 715 Patris
2071 678 2165 731 per
2209 674 2609 718 sacramentqu
2683 666 2940 734 assumpti
2996 665 3249 721 hominis.

64 728 153 797 guis
177 727 368 781 Domini
406 729 756 786 nihilominus
783 744 899 787 erat
928 736 1090 791 etiam
1133 738 1244 792 illis
1274 741 1467 805 quibus
1497 743 1580 795 di-

63 818 472 887 cebzttApostolus
498 838 510 873 :
537 820 641 885 Qui
674 826 959 879 manduca:
987 836 1037 880 et
1071 828 1195 881 bibit
1232 831 1458 901 indigne,
1490 832 1581 901 ju-

64 909 211 959 dicium
238 910 328 962 sibi
354 911 699 965 manducatet
730 914 1211 972 bibit.Ambrosius
1245 920 1295 973 in
1322 930 1474 975 sexto
1506 922 1581 976 De

64 1002 359 1053 sacranteutis
388 1001 529 1071 (cap.
562 1004 613 1062 l)
640 1021 654 1056 :
686 1024 704 1056 ε
732 1004 1015 1071 Quomodo
1042 1011 1204 1064 vera?
1237 1010 1335 1076 Qui
1387 1013 1571 1066 simili-

56 1066 249 1148 )qutnem
276 1094 444 1156 video,
482 1113 584 1151 non
616 1098 774 1153 video
808 1101 1087 1168 sanguinis
1113 1104 1413 1160 veritatem.
1451 1126 1466 1155 ι
1513 1106 1579 1161 Et

60 1185 181 1251 paulo
217 1195 361 1256 post:
401 1204 420 1236 s
446 1185 571 1241 Ideo
615 1188 668 1241 iu
717 1188 1070 1247 similitudine
1113 1194 1329 1262 quidem
1376 1196 1577 1261 accipis

59 1285 420 1341 sacramentum,
462 1279 557 1333 sed
602 1294 744 1334 vera-
791 1289 998 1336 naturae
1038 1284 1267 1353 gratiam
1294 1285 1579 1341 virtutem-

58 1382 134 1433 que
158 1369 498 1436 consequeris.
536 1389 556 1422 ι
613 1370 1031 1427 Similitudiuem
1064 1374 1165 1429 hoc
1206 1376 1255 1429 in
1287 1376 1402 1429 l01'0
1432 1377 1577 1431 nullo

58 1462 282 1512 dubitante
304 1460 454 1529 panis
482 1460 704 1530 viu'ique
760 1464 996 1533 speciem
1044 1466 1312 1533 intelligit,
1345 1469 1443 1521 sub
1469 1484 1572 1536 qua

57 1551 247 1617 corporis
278 1551 472 1605 Christi
525 1563 717 1607 natura
756 1556 1083 1621 contegitur,
1114 1566 1165 1610 et
1197 1560 1318 1613 sine
1366 1561 1575 1614 cruoris

59 1643 233 1693 horrore
267 1656 294 1693 a
325 1642 483 1711 digne
532 1645 967 1700 sumentibusin
1014 1647 1239 1702 salutem
1287 1650 1569 1718 accipitur.

59 1732 280 1785 Invenitur
305 1734 466 1787 etiam
513 1736 747 1803 species,
788 1738 1107 1803 similitudo,
1148 1740 1317 1810 ﬁgura
1356 1758 1452 1812 pro
1484 1759 1575 1797 ve-

58 1822 192 1875 ritate.
216 1820 357 1876 Unde
386 1823 647 1879 Domiuus
678 1826 729 1880 in
756 1827 1047 1897 Evangelia
1091 1833 1388 1886 secundum
1413 1833 1574 1887 J‘oan-

59 1928 145 1963 nem
183 1927 194 1963 :
232 1912 401 1968 Ncaue
449 1932 621 1969 vocem
667 1918 781 1988 ejus
829 1936 1057 1989 unquam
1105 1924 1367 1989 audistis,
1415 1942 1575 1995 neque

1683 751 1834 819 Quod
1862 755 2193 808 tantumdem
2223 757 2513 825 signiﬁcat,
2543 755 2889 826 quantum“si
2928 755 3127 809 diceret
3160 771 3257 824 ap-

1681 843 1923 912 paruisse
1969 861 2091 897 eum
2145 862 2241 915 per
2291 849 2595 908 hominem,
2644 861 2801 914 quem
2851 847 3156 912 assumpsit,
3201 853 3256 899 et

1681 951 1838 1002 quem
1874 938 2140 990 divinitati
2170 953 2279 991 sate
2306 940 2524 1006 dignum
2555 938 2919 992 habitaculum
2968 952 3256 990 consecra-

1679 1027 1775 1079 vit.
1826 1027 1999 1079 liabet
2035 1036 2214 1081 autem
2243 1036 2296 1081 et
2322 1027 2457 1081 alias
2504 1028 2940 1098 signiﬁcationes,
2970 1028 3035 1079 de
3062 1026 3257 1094 quibus

1679 1117 1812 1170 satis
1840 1121 2088 1184 superius
2114 1119 2312 1171 dictum
2340 1129 2443 1172 est.
2699 1184 2704 1190 λ

1750 1207 1902 1274 Quod
1933 1224 2060 1263 vero
2090 1211 2247 1278 panis
2274 1209 2492 1273 dicitur,
2544 1217 2802 1265 consueto
2845 1223 3119 1265 sacrorum
3168 1192 3265 1264 co-I

1676 1299 1855 1353 dicum
1909 1314 2059 1354 more
2110 1300 2162 1353 id
2189 1299 2268 1364 ﬁt,
2317 1302 2408 1371 qui
2460 1317 2546 1357 res
2592 1303 2857 1373 quaslibet
2892 1318 3033 1371 smpe
3061 1312 3256 1356 vocant

1678 1391 1987 1446 nominibus
2022 1391 2235 1445 illarum
2267 1408 2448 1448 rerum
2468 1434 2482 1459 ,
2512 1411 2580 1450 ex
2609 1395 2804 1463 quibus
2834 1396 2987 1457 ﬁunt,
3017 1410 3117 1448 seu.
3138 1410 3257 1462 qua:

1676 1496 1798 1536 esse
1830 1490 2106 1549 putantur,
2135 1490 2189 1535 et
2216 1497 2321 1535 non
2350 1492 2495 1546 sunt,
2526 1484 2640 1538 sive
2665 1485 2863 1554 quibus
2884 1485 3063 1553 aliquo
3098 1484 3263 1538 modo

1674 1573 1878 1628 similes
1922 1573 2183 1628 existunt.
2235 1570 2388 1628 Unde
2430 1575 2621 1628 beatus
2670 1575 3027 1646 Hieronymus
3076 1575 3127 1627 in
3180 1587 3261 1628 se-

1673 1664 1850 1718 cundo
1864 1664 2311 1734 Explanalionttm
2344 1664 2479 1719 libro
2499 1666 2550 1720 in
2572 1666 2708 1721 Osee
2734 1668 2807 1734 (in
2834 1666 2937 1719 ﬁne
2964 1665 3261 1734 prommii):

1680 1773 1697 1803 ι
1732 1752 2024 1823 Postquam
2060 1766 2238 1809 autem
2280 1769 2494 1809 reversa
2549 1756 2711 1809 fuerit
2768 1766 2910 1809 terra
2958 1756 3009 1808 in
3058 1764 3261 1809 terram

1675 1859 1852 1907 suam,
1894 1854 1951 1899 et
1990 1853 2093 1897 tam
2138 1861 2235 1900 nos
2268 1846 2360 1914 qui
2402 1844 2691 1900 scribimus
2736 1860 2896 1913 quam
2936 1859 3030 1898 eos
3069 1844 3159 1913 qui
3192 1842 3260 1897 de

1679 1935 1834 1990 nobis
1891 1933 2156 2003 iudicant,
2206 1922 2403 2006 pallida
2478 1951 2626 1990 mors
2692 1935 3045 1990 subtraxerit.
3118 1953 3137 1985 ι
3192 1935 3259 1987 Ει

58 2001 223 2065 speciem
262 2008 369 2073 ejus
422 2006 628 2059 vidistis
678 2006 859 2077 (Joan.
905 2025 959 2072 ν.
1004 2012 1115 2080 57).
1167 2014 1457 2082 Apostolus
1506 2017 1573 2070 ad

1681 2027 1915 2097 superbo
1946 2026 2148 2081 homini
2180 2042 2209 2080 a
2237 2028 2352 2081 viro
2378 2027 2619 2097 sapiente
2647 2026 2878 2082 dicitur:
2914 2026 3054 2091 Quid
3080 2043 3260 2096 super-

58 2090 339 2147 Corinthios:
374 2093 475 2149 Per
517 2096 674 2165 ﬁdem
715 2100 849 2153 enim
894 2102 1247 2169 ambulamus,
1276 2117 1322 2160 et
1356 2125 1458 2162 non
1487 2127 1579 2174 per

58 2187 222 2252 speciem
258 2187 337 2255 (ll
359 2190 481 2244 (ον.
513 2207 566 2255 v,
592 2191 665 2261 7).
692 2195 1009 2249 Ambrosius
1061 2197 1112 2251 in
1162 2199 1301 2255 libro
1350 2201 1424 2257 De
1463 2220 1577 2273 my-

59 2276 192 2329 steriis
228 2278 358 2349 (cap.
404 2280 437 2334 4
486 2280 541 2335 in
590 2282 758 2353 ﬁne):
809 2304 827 2335 ι
875 2285 1119 2355 Speciem
1166 2300 1347 2344 autent
1391 2301 1446 2345 et
1482 2308 1579 2361 pro

60 2370 231 2425 veritate
277 2372 645 2441 accipiendam
694 2375 924 2446 legimus
977 2388 1032 2433 et
1080 2381 1146 2435 de
1189 2380 1407 2436 Christo
1452 2400 1464 2437 :
1513 2383 1580 2437 Et

60 2463 191 2527 specie
236 2462 478 2520 inventus
536 2476 594 2518 ut
647 2468 808 2522 homo
856 2467 1077 2540 (Philip.
1136 2487 1173 2525 ll
1202 2513 1216 2537 ,
1264 2471 1359 2541 7),
1407 2483 1461 2527 et
1512 2458 1580 2528 de

60 2550 176 2606 Patre
196 2553 325 2608 Deo:
361 2556 548 2628 Neque
589 2559 806 2619 speciem
854 2563 968 2632 ejus
1007 2564 1224 2619 vidistis.
1266 2584 1285 2618 ι
1342 2566 1493 2630 Item,
1526 2567 1577 2620 in

60 2652 203 2706 quato
230 2645 293 2699 De
334 2647 434 2702 ﬁde
466 2648 535 2700 ad
565 2649 880 2703 Gratianum
906 2657 1047 2721 (cap.
1072 2654 1126 2721 5)
1157 2668 1171 2707 :
1204 2672 1222 2709 Ι
1256 2653 1397 2710 Caro
1434 2656 1577 2710 enim

61 2746 143 2782 mea
166 2748 193 2785 ν
224 2750 274 2788 re
298 2747 376 2791 est
418 2726 576 2803 esca,
614 2748 667 2793 et
707 2742 925 2809 sanguis
962 2759 1113 2798 meus
1142 2760 1267 2798 vere
1300 2754 1383 2799 est
1423 2755 1579 2816 potus

61 2820 199 2887 (Joatt.
235 2842 302 2890 vt.
345 2828 457 2897 56).
503 2831 738 2885 Carnem
790 2824 965 2894 audis,
1020 2838 1339 2904 sanguinem
1399 2838 1575 2901 audis,

61 2913 201 2966 mortis
227 2915 505 2975 Dotuiuicse
536 2932 875 2977 sacramenta
911 2927 1213 2995 cognoscis.
1252 2947 1270 2979 ι
1326 2928 1393 2981 Et
1420 2929 1578 2998 paulo

59 3012 173 3065 Wst:
199 3025 214 3055 ι
245 3005 343 3063 Nos
369 3019 552 3066 autem
586 3014 1014 3085 quotiescunque
1039 3030 1378 3073 sacramenta
1405 3022 1576 3073 Sllllll-

61 3108 163 3153 mus.
188 3112 290 3163 qua:
316 3108 407 3169 per
434 3117 609 3157 sacra:
645 3106 906 3161 orationis
935 3109 1248 3178 mysterium
1277 3111 1331 3164 in
1358 3128 1575 3167 carnem

62 3184 449 3255 tnutsﬁgurautur
503 3200 561 3246 et
619 3196 961 3263 sanguinem,
1011 3206 1240 3253 mortem
1291 3206 1577 3256 annuntia-

62 3288 161 3326 unus.
192 3296 209 3327 ι
238 3278 561 3350 Augustinus
603 3283 655 3338 in
692 3285 829 3340 libro
867 3287 939 3342 De
984 3290 1386 3347 catechizandis
1423 3294 1572 3347 rudi-

60 3362 199 3417 buszc
227 3369 518 3428 Elliriemur
568 3377 736 3443 enim,
787 3378 926 3432 sicut
975 3380 1043 3434 ab
1080 3380 1170 3436 illo
1212 3397 1493 3452 speramus
1520 3394 1574 3439 et

58 3469 386 3532 exspectamus,
408 3470 651 3537 :equalcs
678 3472 883 3544 angelis
910 3474 1004 3530 Dei
1033 3484 1086 3530 et
1113 3493 1233 3531 cum
1261 3478 1341 3533 eis
1369 3479 1575 3548 pariter

60 3547 123 3600 illa
146 3552 378 3612 Trinitate
415 3562 763 3629 perfruemur
786 3563 898 3632 jam
943 3581 1041 3636 per
1082 3568 1337 3635 speciem,
1370 3547 1422 3623 in
1468 3586 1570 3638 qua

61 3655 165 3696 llllllc
184 3661 265 3714 per
286 3649 433 3705 ﬁdem
479 3655 843 3710 ambulamus.
883 3677 902 3709 ι
955 3658 1243 3727 Apostolus
1278 3661 1344 3714 ad
1370 3660 1573 3730 Philip-

61 3740 319 3796 pensesz'ln
348 3747 746 3801 similitudinem
791 3749 1059 3804 hominum
1084 3751 1278 3820 factus,
1320 3764 1367 3807 et
1392 3754 1573 3809 habitu

62 3824 243 3914 inventus
277 3846 327 3887 ut
347 3838 500 3894 homo
545 3839 767 3909 (Philip.
797 3857 856 3905 tt,
883 3840 958 3914 7).
1008 3842 1162 3906 ltem,
1190 3845 1255 3897 ad
1287 3845 1568 3901 llehrzeos:

62 3913 137 4008 Qui
154 3935 251 3975 cum
267 3926 327 3978 sit
353 3930 597 3998 splendor
618 3930 825 4002 gloria},
856 3913 1098 4003 etﬁgura
1121 3936 1430 3992 substantia:
1458 3940 1572 4008 ejus

61 4006 200 4067 lllebr.
225 4032 260 4081 ι,
282 4019 351 4090 5).
392 4022 563 4079 Porro
606 4026 820 4096 signum
842 4067 856 4091 ,
890 4030 1229 4099 mysterium,
1264 4006 1573 4088 sacramen-

62 4107 159 4196 ltmt.
181 4116 222 4159 et
249 4110 286 4163 si
314 4115 436 4182 quid
483 4117 789 4183 hujusmodi
839 4130 946 4185 est,
980 4122 1269 4178 Dominicm
1305 4126 1572 4196 passionis

61 4194 327 4289 design-diva
371 4209 588 4262 nomina
615 4220 758 4275 sunt,
778 4211 831 4289 ,εἰ
865 4204 1045 4266 tamen
1075 4194 1475 4271 sacramentum
1507 4233 1569 4273 ea

62 4286 392 4376 fEZlI‘ilic'ttione
437 4300 757 4367 accipiatur,
779 4286 897 4373 qua
946 4319 1162 4359 sacrum
1206 4320 1325 4361 esse
1354 4308 1570 4376 signum

62 4371 99 4418 in
132 4371 241 4432 liliro
274 4380 341 4436 De
379 4386 601 4441 civitate
630 4388 718 4442 Dei
765 4371 998 4446 avbeato
1024 4390 1327 4463 Augustino
1366 4371 1572 4451 deﬁini-

62 4468 138 4514 tur.
175 4466 305 4526 Unde
334 4474 524 4533 beatus
552 4478 844 4553 Gregorius
893 4485 945 4538 in
970 4497 1167 4555 quarto
1198 4488 1403 4560 Dialogi
1435 4490 1572 4545 libro

63 4560 166 4623 ((³1⁵-
204 4560 321 4632 58):
370 4586 388 4618 σ
433 4570 561 4627 lla-c
616 4590 847 4645 namque
899 4577 1188 4649 singularis
1235 4581 1452 4636 victima
1503 4584 1571 4637 ab

62 4651 216 4703 :rterno
258 4654 466 4715 interitu
518 4664 757 4719 animam
804 4666 1015 4734 salvat,
1068 4685 1186 4738 qua:
1225 4671 1368 4725 illam
1418 4674 1571 4727 nobis

64 4743 237 4829 mortem
276 4742 537 4817 Unigmiti
606 4768 705 4822 per
751 4756 1067 4827 mysterium
1140 4770 1377 4829 reparat.
1430 4782 1447 4815 ι
1506 4762 1571 4816 Et

63 4823 181 4920 vitulo
204 4843 341 4897 post:
378 4858 395 4889 ι
426 4839 563 4895 llinc
596 4856 726 4914 ergo
755 4823 1044 4914 pensemus
1080 4823 1240 4918 quale
1288 4866 1386 4920 pro
1417 4853 1573 4907 nobis

65 4915 235 5007 sithoc
274 4930 590 4986 sacriﬁcium
619 4974 634 4994 ,
681 4936 823 5004 quod
873 4953 973 5007 pro
1002 4915 1339 4996 absolutione
1388 4953 1572 4999 nostra

61 5005 276 5103 Pisionem
303 5020 556 5088 unigeniti
586 5023 707 5078 Filii
750 5005 965 5097 semper
994 5028 1254 5085 imitatur.
1293 5050 1311 5083 ι
1361 5032 1426 5086 Et
1452 5044 1574 5101 post

61 5092 342 5197 aliqua-(cap.
366 5111 493 5181 59):
528 5134 546 5166 ‹
583 5115 717 5183 Quia
743 5092 1012 5185 passionis
1040 5120 1335 5177 Douiiuiczn
1374 5092 1576 5197 aly-ste-

62 5193 118 5281 ξξτί
153 5192 475 5281 celebramus,
519 5204 775 5261 debemus
822 5207 1023 5264 imitari
1073 5212 1216 5281 quod
1259 5192 1504 5268 colimus.
1543 5233 1579 5267 ι.

60 5264 158 5373 Item
180 5277 226 5333 in
252 5264 728 5350 humilia-Pascha“
761 5297 925 5368 (hom.
954 5299 1025 5354 2'2
1050 5264 1106 5354 iii
1130 5264 1566 5373 Euattg.)‘:ﬂ«vln

63 5371 485 5464 ""Wlle‘ctcnim
554 5400 709 5456 poste
749 5391 886 5459 Agni
942 5394 1161 5463 sanguis
1209 5371 1416 5464 positus
1463 5409 1566 5461 est,

62 5460 227 5551 quando
267 5482 650 5531 sacramentum
716 5482 983 5549 passionis
1033 5460 1151 5551 ejus
1195 5460 1315 5539 cum
1359 5499 1456 5539 ore
1501 5486 1579 5549 ad

62 5548 417 5643 redemptionem
458 5571 709 5632 sumitur,
746 5573 813 5625 ad
855 5573 1209 5628 imitationem
1241 5590 1458 5643 quoque
1480 5576 1567 5629 iu-

64 5637 173 5740 Ἓῃξλ
196 5659 354 5740 meme
377 5659 662 5727 cogitatur.
702 5681 721 5714 ι
777 5662 1187 5719 Sacrameutum
1219 5681 1352 5719 sane
1392 5666 1444 5718 in
1480 5666 1564 5719 di-

65 5735 171 5825 lHIis
192 5739 445 5801 codicibus
474 5766 575 5804 non
615 5768 723 5805 una
750 5741 958 5808 tantum
1003 5756 1395 5824 signiﬁcatione
1425 5755 1566 5825 posi-

66 5818 420 5909 lu_"’n"el)¢ritur.
453 5835 690 5909 Denique
721 5849 941 5895 sanctus
969 5818 1311 5907 Arn—brosius,
1344 5844 1396 5896 in
1426 5818 1564 5897 libro

67 5900 116 5952 all
134 5902 431 5987 Gratianum,
465 5900 774 5996 apparuisse
800 5928 931 5986 dicit
965 5931 1275 6013 hominibus
1299 5900 1560 6003 'Unigcni-

1680 2118 1779 2181 bis,
1810 2127 1970 2179 terra,
1999 2126 2045 2170 et
2076 2118 2245 2171 cinis?
2285 2116 2484 2188 (Eccle.
2516 2134 2571 2180 ι,
2605 2115 2719 2185 Nl.)
2750 2117 2815 2170 Et
2839 2116 3111 2169 Abraham
3150 2126 3259 2169 tres

1677 2209 1824 2263 viros
1849 2210 2046 2264 vidisse
2074 2208 2272 2278 legitur
2299 2208 2454 2279 (Gen.
2490 2224 2641 2272 xvnt,
2671 2208 2751 2274 2),
2792 2224 2914 2263 cum
2947 2218 3128 2262 essent
3157 2221 3256 2259 an-

1678 2298 1802 2367 geli.
1850 2299 1924 2351 De
1951 2312 2055 2366 qua
2086 2313 2145 2352 re
2173 2299 2365 2351 beatus
2387 2298 2719 2367 Augustinus
2750 2298 2802 2351 in
2834 2297 3071 2351 secundo
3120 2295 3259 2348 libra

1682 2389 1754 2442 De
1780 2388 2048 2442 Triuitate
2077 2387 2210 2441 dicit
2249 2388 2391 2459 (cap.
2418 2387 2506 2451 10,
2541 2388 2639 2461 sub
2669 2384 2850 2455 ﬁnem)
2878 2402 2890 2438 :
2941 2405 2960 2437 ς
2998 2385 3110 2439 Sub
3140 2385 3262 2440 ilice

1678 2476 1858 2530 antem
1888 2475 2145 2530 Mambne
2194 2485 2304 2529 tres
2354 2478 2503 2530 viros
2555 2475 2690 2529 vidit
2722 2475 3015 2540 Abraham,
3063 2474 3261 2544 quibus

1677 2577 1731 2624 et
1783 2569 2026 2623 invitatis
2079 2568 2428 2638 hospitioque
2475 2567 2770 2637 susceptis,
2819 2577 2872 2622 et
2918 2553 3261 2636 epulantibus

1680 2659 2033 2713 ministravit.
2073 2678 2092 2714 ›
2148 2659 2216 2713 Ει
2264 2658 2314 2711 in
2359 2657 2509 2713 libris
2536 2658 2808 2722 Iudicum,
2840 2658 3035 2713 mulier
3064 2656 3261 2711 sterilis

1679 2749 1744 2802 ad
1794 2748 1967 2802 virum
2017 2762 2172 2801 suum
2213 2747 2280 2801 de
2310 2747 2504 2818 angelo
2554 2747 2685 2803 dicit
2718 2767 2729 2802 :
2771 2746 2862 2800 Vir
2891 2747 2989 2801 Dei
3019 2747 3151 2801 venit
3191 2747 3283 2823 ad

1678 2858 1758 2895 me
1786 2839 1936 2912 (Iud.
1971 2857 2094 2903 χιιι,
2117 2839 2192 2909 6).
2225 2839 2289 2893 Ει
2321 2840 2479 2910 paulo
2506 2849 2626 2909 post
2657 2857 2669 2893 :
2701 2840 2838 2893 Ecce
2865 2841 3108 2909 apparuit
3132 2840 3261 2893 mihi

1678 2933 1775 2997 vir,
1807 2948 1959 3002 quem
2006 2941 2126 2984 ante
2156 2932 2388 2985 videram
2430 2931 2605 2994 (ibid.,
2632 2931 2740 2997 10).
2772 2930 2837 2983 Et
2869 2940 2988 3000 post
3030 2929 3205 2998 aliqua
3244 2942 3259 2981 :

1680 3022 1747 3076 Et
1777 3023 2033 3077 nesciebat
2064 3021 2258 3075 Manue
2282 3022 2419 3091 quod
2444 3020 2659 3090 angelus
2687 3021 2780 3074 Dei
2804 3031 2931 3074 esset
2950 3020 3119 3085 (ibid.,
3150 3018 3255 3088 16).

1678 3113 1746 3167 Et
1786 3114 1975 3167 beatus
2034 3111 2394 3181 Hieronymus
2449 3111 2502 3164 in
2566 3112 2754 3165 eodem
2809 3109 3260 3178 Explauat'runum

1678 3205 2001 3279 2&91ibro
2022 3219 2183 3275 super
2199 3202 2336 3259 Osee
2357 3203 2615 3272 prepheta
2638 3203 2704 3257 de
2729 3202 2835 3255 Deo
2857 3201 3017 3255 dicit:
3048 3218 3065 3249 ε
3097 3199 3264 3265 Quasi

1682 3295 1823 3347 tinea
1856 3290 2087 3347 eﬂicitur
2117 3299 2171 3346 et
2201 3291 2458 3361 putredo,
2502 3306 2606 3344 non
2644 3290 2787 3359 quod
2830 3288 2969 3344 Deus
3009 3289 3151 3342 tinea
3189 3288 3264 3343 sit

1680 3386 1762 3441 vel
1808 3386 2066 3456 putredo,
2111 3386 2204 3440 sed
2252 3386 2395 3455 quod
2443 3384 2833 3439 sustinentibus
2897 3397 3087 3452 poenas
3146 3385 3262 3438 hzec

1678 3478 1932 3533 universa
1981 3477 2289 3529 videantur.
2327 3495 2345 3528 ι
2395 3475 2463 3529 Ει
2517 3475 2571 3529 in
2619 3473 2909 3543 Evangelio
2962 3472 3259 3531 secundum

1677 3570 1939 3625 Joannem
1966 3584 1981 3623 :
2007 3556 2396 3623 Maledia'erunt
2428 3570 2503 3633 ei,
2528 3577 2575 3622 et
2607 3569 2884 3622 diaetam:
2920 3566 2997 3621 Tu
3028 3568 3260 3637 disc-ipss.

1677 3662 1761 3715 lus
1802 3661 1948 3714 illius
1992 3661 2063 3714 sis
2097 3658 2277 3730 (Joan.
2307 3675 2388 3720 Ix,
2433 3659 2549 3724 28),
2591 3674 2712 3712 cum
2764 3673 2866 3711 non
2918 3657 3259 3722 maledictio,

1684 3755 1779 3809 sed
1798 3753 2106 3808 benedictio
2135 3753 2203 3806 sit
2227 3767 2347 3806 esse
2373 3750 2693 3821 discipulum
2719 3749 2947 3809 Christi.
2966 3750 3119 3804 Unde
3137 3748 3261 3804 bea-

1679 3849 1765 3893 tus
1818 3839 2155 3908 Augustinus
2213 3840 2265 3892 in
2320 3838 2658 3907 expositione
2708 3834 2947 3905 ejusdem
2984 3836 3260 3908 Evangelii

1676 3928 1811 3983 dicit
1838 3928 2039 3997 (πναει.
2078 3929 2203 4000 M):
2234 3948 2251 3980 «
2289 3929 2435 3987 Tale.
2460 3929 2804 3983 maledictum
2834 3943 2997 3996 super
3039 3915 3173 3992 nos,
3207 3937 3262 3989 et

1679 4037 1843 4091 super
1859 4020 1997 4075 ﬁlios
2012 4030 2249 4075 nostros.
2270 4014 2609 4076 Maledictum
2630 4030 2711 4076 est
2732 4021 2875 4074 enim
2900 4021 2941 4075 si
2968 4037 3063 4083 cor
3084 4021 3260 4089 discu-

1681 4115 1813 4177 tias,
1850 4129 1955 4167 non
1997 4114 2041 4167 si
2083 4113 2244 4167 verba
2284 4115 2607 4183 perpeudas.
2639 4133 2665 4166 »η
2686 4114 2748 4177 Et
2777 4115 2829 4167 in
2857 4113 3146 4183 Evangelia
3177 4130 3262 4173 se-

1678 4204 1912 4257 cundum
1945 4201 2254 4257 Mattlneum
2276 4245 2289 4266 ,
2321 4214 2373 4258 et
2403 4204 2653 4263 similiter
2678 4204 2972 4257 secundum
3007 4204 3207 4258 Lucam
3239 4220 3255 4257 :

1680 4294 1743 4350 Si
1763 4312 1884 4362 ergo
1908 4312 1994 4348 vos
2018 4311 2134 4346 cum
2157 4296 2270 4347 sitis
2300 4296 2435 4348 mali.
2466 4296 2640 4357 nostis.
2657 4296 2789 4347 bona
2820 4296 2953 4359 data,
2978 4296 3104 4359 dare
3133 4296 3260 4363 ﬁliis

1680 4389 1878 4441 vestris.
1914 4385 2126 4456 (Matth.
2148 4402 2239 4449 vn,
2269 4385 2507 4451 ll;_Ljuc.
2535 4402 2591 4447 ll,
2621 4387 2726 4452 l5).
2756 4386 2829 4441 De
2855 4402 2959 4456 qua
2986 4388 3260 4443 sententia

1660 4478 1870 4555 (beatus
1895 4477 2231 4545 Augustinus
2265 4476 2319 4541 in
2348 4477 2584 4530 secundo
2613 4475 2843 4529 libroDe
2872 4490 3125 4529 sermone
3156 4477 3261 4530 Do-
3348 4538 3352 4542 δ

1681 4568 1812 4621 mini
1844 4568 1922 4622 sic
1965 4567 2218 4645 disputata
2243 4557 2385 4637 (cap.
2412 4565 2505 4635 2|)
2529 4580 2554 4631 Δε
2591 4566 2919 4632 «Quomodo
2961 4566 3098 4621 mali'
3132 4568 3263 4622 dant

1678 4660 1856 4714 bona?
1883 4658 1988 4715 Sed
2020 4658 2189 4719 malos
2218 4657 2507 4728 appellavit
2540 4658 2829 4717 dilectores
2856 4657 3035 4712 sceculi
3068 4658 3261 4727 huius,

1675 4762 1729 4807 et
1761 4764 2093 4821 peceatores.
2119 4750 2261 4804 Dona
2285 4765 2415 4803 vero
2437 4764 2556 4819 quae
2578 4749 2727 4815 dant,
2755 4751 3048 4805 secundum
3071 4765 3260 4805 eorum

1662 4850 1930 4907 ‘sensum,
1984 4845 2122 4897 bona
2174 4842 2415 4909 dicenda
2452 4850 2607 4903 sunt,
2661 4843 2784 4909 quia
2820 4840 2943 4898 haec
2978 4855 3077 4911 pro
3108 4841 3263 4895 bonis

1677 4935 1897 4995 habent.
1936 4934 2054 4987 rlit
2088 4933 2346 4987 Dominus
2389 4920 2549 4991 Iesus,
2575 4932 2823 4987 Christus
2855 4944 3076 5002 pr0pter
3100 4947 3265 5001 quas-

1678 5027 1800 5083 dam
1851 5025 2232 5080 similitudines
2285 5024 2337 5078 in
2385 5024 2588 5078 eisdem
2635 5023 2830 5079 litteris
2870 5033 3098 5078 vocatur
3146 5023 3259 5085 leo,

1679 5133 1849 5187 agnus
1868 5157 1883 5182 ,
1916 5116 2115 5171 vermis
2134 5158 2148 5183 ,
2174 5116 2410 5185 lignum,
2434 5127 2584 5185 petra
2602 5156 2615 5179 ,
2646 5115 2784 5186 lapis
2808 5116 3104 5186 angularis,
3131 5115 3263 5168 mul-

1681 5219 1842 5274 taque
1873 5210 1924 5263 in
1960 5210 2108 5263 hunc
2128 5210 2365 5263 modum.
2393 5208 2486 5265 Sic
2506 5204 2563 5264 et
2593 5225 2791 5279 corpus
2813 5209 3012 5264 Christi
3035 5219 3264 5263 vocatur

1681 5301 1834 5369 panis
1851 5342 1865 5365 ,
1893 5300 1971 5353 vel
1996 5300 2120 5369 quia
2149 5316 2212 5354 ex
2242 5315 2381 5368 pane
2406 5300 2715 5364 conﬁcitur,
2737 5315 2830 5354 seu
2856 5299 2979 5368 quia
3003 5307 3262 5352 contuen-

1682 5391 1813 5442 tium
1847 5388 2019 5443 oculis
2058 5404 2179 5443 cum
2212 5404 2340 5444 caro
2368 5388 2467 5455 sit,
2501 5390 2656 5459 panis
2700 5389 2933 5453 videtur,
2966 5387 3081 5441 sive
3119 5389 3260 5456 quod
3338 5452 3339 5455 η

1676 5480 1943 5548 corporali
1990 5490 2045 5534 et
2083 5480 2283 5535 visibili
2316 5480 2442 5551 pani
2472 5479 2826 5535 similitudine
2864 5478 3096 5548 quadam
3127 5493 3259 5533 con-

1665 5568 1934 5639 jungitur.
1957 5567 2089 5623 Nam
2110 5570 2248 5625 sicut
2268 5584 2392 5639 quia
2418 5570 2519 5624 iste
2541 5568 2836 5623 materialis
2854 5569 3009 5637 panis
3029 5568 3263 5625 discreto

1671 5668 1923 5726 sumptus
1965 5661 2256 5715 humanam
2291 5675 2513 5716 carnem
2554 5659 2725 5713 nutrit
2766 5667 2818 5713 et
2842 5669 3138 5726 sustentat,
3181 5664 3261 5719 sic

1668 5750 1949 5819 spirituale
1983 5762 2038 5807 et
2080 5753 2349 5812 invisibile
2386 5767 2585 5822 corpus
2606 5750 2804 5806 Christi
2830 5752 3066 5807 animam
3098 5755 3259 5824 digne

1666 5842 1929 5895 sumentis
1968 5842 2066 5896 alit
2113 5852 2166 5899 et
2206 5851 2438 5913 vegetat.
2487 5842 2679 5898 Adhuc
2707 5842 2896 5911 objicis
2933 5853 2987 5899 et
3013 5842 3256 5901 auctorll

1678 5941 1784 5989 tate
1822 5932 2093 5990 Ambrosii
2135 5935 2306 6007 ipsum
2347 5938 2687 5996 Ambrosium
2733 5938 3011 6005 inﬁrmare
3050 5939 3255 5999 umliris

2247 6051 2255 6059 ’
2335 6057 2357 6081 1
