3864 6300
606 493 714 565 459

1582 496 1641 551 Β.
1685 494 2077 552 LANFRANCI
2117 495 2472 553 CANTUAR.
2521 498 2843 555 ARCIIIEP.
3714 510 3779 567 illi

604 616 791 671 dicens
842 630 855 668 :
905 609 1227 668 Ambrosius
1287 609 1341 664 in
1398 608 1537 666 libro
1587 610 1662 665 De
1712 608 2072 664 sacramentis
2122 609 2197 662 ait

2310 609 2489 676 [Proin
2519 626 2614 674 xu,
2637 610 2751 673 28).
2778 610 2847 665 Et
2874 611 3063 665 beatus
3097 610 3426 677 Augustinus
3451 628 3499 665 tn
3530 614 3671 682 primo
3692 618 3779 672 idm.

606 707 726 776 (lib.
754 722 829 768 tv,
858 720 907 759 c.
940 704 995 774 4)
1025 722 1039 757 :
1070 704 1221 760 Sicut
1251 702 1388 757 enim
1416 702 1599 756 mortis
1631 702 2031 756 similitudinem
2057 717 2205 755 sunt-

604 798 777 867 psisti,
801 798 875 850 ita
903 798 1063 850 etiam
1091 795 1485 849 similitudinem
1512 794 1725 863 preiosi
1752 793 2024 862 sanguinis
2049 792 2197 846 bibis.

608 887 739 942 Haec
783 885 950 939 verba
978 899 1297 954 ,txponens,
1350 884 1478 954 quid
1530 883 1939 953 comparatius,
1981 883 2198 952 inquis,

610 975 743 1046 quid
774 973 1042 1029 similius?
1091 973 1285 1042 Negari
1328 988 1436 1027 non
1480 982 1660 1043 potest
1710 974 1928 1029 beatum
1966 972 2199 1026 Ambro-

611 1067 753 1120 sium
781 1074 1126 1119 sacramento
1151 1064 1402 1135 baptismi
1435 1072 1778 1119 sacramenta
1800 1063 2201 1133 comparavisse

609 1156 821 1212 altaris.
847 1154 963 1208 Non
985 1164 1072 1209 est
1092 1164 1275 1209 autem
1299 1171 1421 1209 vera
1440 1154 1638 1209 Christi
1667 1170 1811 1209 mors
1835 1156 1885 1209 in
1909 1154 2197 1225 baptismo.

609 1247 781 1318 Igitur
818 1260 918 1301 nec
962 1260 1123 1301 verus
1159 1245 1277 1314 ejus
1335 1246 1559 1315 sanguis
1588 1246 1639 1299 in
1684 1244 1792 1301 hoc
1827 1256 2193 1300 sacramento.

610 1336 756 1391 Pace
790 1344 876 1389 tua
916 1335 1118 1390 dictum
1164 1335 1270 1399 sit,
1295 1335 1523 1407 multum
1562 1335 1769 1390 falleris
1797 1335 1848 1388 in
1877 1337 1980 1390 hac
2002 1335 2200 1390 verbo-

609 1441 730 1479 rum
756 1424 1112 1495 intelligentia
1130 1465 1146 1489 ,
1181 1440 1354 1494 neque
1375 1425 1519 1479 enim
1544 1424 1920 1480 similitudinis
1948 1423 2201 1478 adverbia

609 1515 982 1581 identitatcm,
1022 1530 1116 1569 seu
1166 1515 1533 1584 aequalitatem
1573 1515 1778 1586 ubique
1816 1515 1995 1584 posita
2034 1515 2203 1584 signi-

611 1607 801 1662 ﬁcant.
834 1608 891 1661 lu
930 1606 1224 1677 Evangelio
1253 1622 1487 1676 namque
1528 1606 1777 1662 Salvator
1809 1607 1941 1661 dicit
1974 1620 1988 1660 :
2023 1606 2203 1661 Esrote

611 1697 1016 1759 misericordes,
1065 1699 1199 1750 sicut
1251 1708 1301 1751 et
1359 1697 1519 1750 Pater
1568 1707 1733 1752 rester
1782 1696 2076 1751 misericors
2127 1705 2202 1751 est

611 1787 766 1856 (Luc.
802 1804 876 1852 vi,
907 1787 1021 1859 56).
1057 1786 1173 1842 Non
1208 1798 1387 1843 tamen
1418 1790 1624 1847 eadem.
1660 1804 1753 1842 seu
1790 1788 2014 1858 :equalis
2041 1789 2204 1843 misc-

611 1883 847 1938 ricordia
898 1890 1078 1951 potest
1146 1882 1322 1937 inesse
1370 1883 1481 1938 Deo
1530 1892 1587 1937 et
1641 1883 1971 1938 ltOminibtts.
2025 1884 2092 1937 Et
2148 1884 2200 1938 in

2306 701 2384 756 De
2402 716 2655 756 sermone
2677 701 2893 756 Domini
2921 702 2973 756 in
3003 712 3185 757 monte
3209 720 3224 757 :
3254 721 3274 753 ι
3308 702 3457 770 Quod
3483 719 3617 767 vero,
3642 711 3776 777 inquit.

2301 800 2396 845 aut
2425 790 2717 847 obscurum
2764 801 2859 846 aut
2898 792 3197 847 absurdum
3242 792 3319 846 illi
3366 802 3545 854 sonat,
3585 809 3667 847 non
3703 796 3778 850 inde

2303 882 2553 953 concitet
2591 882 3088 937 contradictionum
3145 883 3473 946 certamina,
3518 881 3596 937 sed
3634 893 3718 938 oret
3745 896 3779 939 ut

2302 973 2584 1045 intelligat.
2619 994 2637 1026 ι
2662 975 2731 1028 Ει
2750 975 2802 1029 in
2828 974 2965 1029 libro
2990 974 3151 1029 tertio
3176 974 3252 1029 De
3279 974 3535 1028 Trinitate
3559 974 3673 1043 (cap.
3695 976 3776 1033 l0):

2308 1085 2327 1118 ι
2358 1066 2488 1121 Mihi
2516 1077 2730 1129 autem,
2756 1067 2866 1131 ait,
2892 1067 3174 1130 utileest,
3212 1074 3270 1119 ut
3306 1064 3618 1119 meminerim
3650 1067 3775 1118 tilium

2305 1173 2575 1224 mearum,
2603 1156 2912 1226 fratresque
2942 1171 3093 1210 meos
3114 1157 3431 1217 admoneam
3457 1163 3512 1207 ut
3535 1154 3779 1211 meminerint

2303 1262 2562 1308 suarum.
2593 1263 2662 1303 ne
2691 1247 2833 1301 ultra
2872 1262 3037 1316 quam
3066 1256 3239 1300 tutum
3272 1254 3356 1299 est
3389 1246 3600 1300 humana
3635 1260 3779 1313 progre-

2303 1337 2487 1391 diatur
2531 1337 2847 1391 inﬁrmitas.
2883 1356 2902 1390 ι
2938 1336 3005 1389 Et
3044 1337 3097 1390 in
3141 1335 3280 1390 libro
3313 1334 3507 1389 Contra
3541 1333 3777 1386 Felicianum

2303 1426 2621 1481 lucreticum
2680 1426 2827 1494 (cap.
2872 1425 2931 1492 9.)
2974 1443 2989 1479 :
3037 1443 3055 1477 ι
3106 1425 3508 1493 Scripturarum
3553 1424 3780 1476 auctoritate

2302 1526 2627 1582 contentus,
2658 1515 2996 1584 simplicitati
3036 1514 3255 1581 obedire
3295 1513 3469 1583 potius
3503 1514 3658 1565 studeo
3679 1528 3777 1578 quam

2306 1608 2523 1662 tumori.
2556 1627 2573 1659 ι
2623 1606 2690 1660 Et
2717 1606 2879 1676 paulo
2914 1615 3038 1675 post
3068 1605 3248 1674 (ibid.)
3289 1620 3304 1657 :
3348 1620 3367 1653 ί
3412 1601 3567 1668 Quam
3602 1600 3777 1654 rationem

2305 1696 2500 1751 aﬁ‘erre
2529 1706 2683 1766 potes
2703 1697 2748 1751 si
2774 1705 2989 1766 partum
3016 1696 3280 1765 praedicas
3306 1692 3548 1766 Virginis;
3567 1693 3603 1745 si
3624 1691 3778 1745 redditas

2307 1786 2496 1842 oculos
2526 1802 2633 1841 non
2677 1802 2845 1856 negas
2870 1786 3059 1849 caecis,
3102 1785 3148 1843 si
3181 1785 3423 1855 sepultos
3449 1783 3662 1855 ostendas
3681 1779 3781 1850 250

2305 1876 2514 1930 redisse
2542 1892 2571 1929 a
2601 1875 2866 1929 mortuis?
2908 1874 2964 1929 Si
3010 1890 3142 1945 ergo
3167 1874 3361 1928 horum
3392 1882 3443 1925 et
3479 1870 3779 1938 incomprelwn.

614 1972 908 2042 Evangelio
939 1978 1234 2027 secundum
1263 1972 1526 2028 Joannem
1557 1992 1569 2027 :
1605 1973 1671 2027 Et
1701 1991 1824 2044 ego,
1857 1974 2064 2043 inquit,
2095 1974 2201 2029 cla-
2235 1959 2278 2013 Β
2306 1966 2482 2022 εἱὶιίιῗε
2509 1974 2595 2031 est
2640 1966 2817 2033 fallo,
2848 1976 2904 2022 et
2926 1967 3130 2021 veritas
3159 1973 3410 2036 prompta
3448 1971 3551 2025 est,
3578 1960 3777 2014 faciliusin

611 2063 824 2118 ritatem
869 2079 1027 2132 quam
1072 2064 1263 2118 dedisti
1307 2065 1433 2118 milii
1475 2065 1597 2118 dedi
1644 2066 1753 2131 eis,
1793 2075 1848 2118 ut
1896 2066 2001 2119 sint
2044 2083 2203 2119 unum

613 2155 746 2208 sicut
783 2164 831 2206 et
862 2170 955 2207 nos
995 2171 1154 2208 unum
1183 2171 1365 2208 sumus
1393 2154 1576 2224 (Joan.
1611 2170 1743 2212 XVII.
1784 2154 1899 2225 22).
1940 2154 2003 2208 Et
2034 2154 2159 2208 alibi
2188 2173 2200 2209 :

612 2239 862 2294 Dilexisti
888 2257 994 2304 eos,
1035 2242 1169 2295 sicut
1206 2252 1254 2295 et
1282 2258 1363 2295 me
1401 2242 1656 2298 dilexisti.
1686 2243 1704 2313 (
1730 2242 1862 2309 bid.,
1900 2244 2013 2310 9.5).
2058 2243 2207 2299 Unde

615 2343 670 2385 et
693 2334 885 2386 beatus
911 2331 1247 2402 Augustinus
1276 2333 1327 2385 in
1361 2333 1710 2401 Expositione
1741 2332 1983 2400 ejusdem
2027 2334 2206 2388 Evan-

611 2425 737 2493 gelii
771 2426 847 2479 ait
890 2424 1099 2493 (Tract.
1148 2424 1236 2491 10)
1272 2438 1288 2481 :
1329 2422 1511 2495 Neque
1542 2428 1681 2483 enim
1708 2442 1909 2494 semper
1935 2425 2209 2496 inqualita-

615 2527 716 2570 tem
749 2514 1014 2584 significat
1041 2514 1130 2585 qui
1160 2514 1324 2580 dicit,
1353 2515 1487 2568 sicut
1514 2514 1678 2576 illud,
1710 2515 1785 2568 ita
1808 2525 1855 2567 et
1889 2514 2020 2567 illud
2052 2528 2071 2565 .‘
2116 2514 2207 2567 sed

618 2607 908 2676 aliquando
934 2616 1135 2660 tantum
1157 2646 1170 2669 ,
1197 2605 1321 2676 quia
1342 2616 1417 2660 est
1439 2605 1594 2673 illud,
1622 2615 1695 2661 est
1725 2617 1770 2659 et
1792 2604 1946 2673 illud,
1975 2616 2065 2659 aut
2084 2606 2208 2676 quia

614 2708 691 2755 est
722 2698 853 2751 illud
881 2706 934 2753 ut
958 2697 1026 2750 sit
1055 2706 1102 2750 et
1139 2695 1294 2749 illud.

1213 2784 1443 2841 CAPUT
1481 2784 1619 2840 XXI.

692 2879 787 2933 Est
831 2877 975 2932 aliud
1021 2876 1166 2947 quod
1190 2876 1457 2944 objicitis.
1484 2875 1630 2945 quod
1656 2889 1916 2930 concessa
1953 2874 2207 2943 loquendi

621 2968 881 3023 facultate
905 2967 1087 3021 multis
1111 2967 1161 3020 in
1184 2965 1317 3020 locis
1337 2966 1609 3030 clamatis,
1634 2965 1909 3019 etdicitis:
1930 2983 1948 3015 ι
1979 2966 2034 3020 Si
2056 2966 2212 3034 panis

621 3061 680 3112 in
738 3072 921 3121 veram
970 3055 1171 3110 tlhristi
1221 3069 1441 3109 carnem
1488 3055 1859 3119 convertitur;
1915 3062 2010 3108 aut
2058 3054 2214 3124 panis

620 3148 924 3205 sustollitur
972 3146 1024 3200 in
1073 3144 1313 3210 malum,
1355 3154 1414 3197 ut
1463 3144 1574 3198 illic
1619 3146 1670 3198 in
1723 3145 1925 3199 Christi
1986 3160 2208 3199 carnem

627 3238 1024 3302 transferatur,
1069 3245 1167 3291 aut
1199 3250 1326 3289 caro
1356 3234 1557 3290 Christi
1594 3235 1663 3288 ad
1708 3242 1907 3288 terram
1949 3234 2210 3299 defertur,

629 3420 955 3484 sustollitur,
988 3434 1086 3482 nec
1116 3432 1246 3474 caro
1284 3415 1542 3471 defertur.
1587 3413 1704 3469 Non
1751 3423 1836 3469 est
1890 3414 2057 3485 igitur
2085 3429 2211 3470 vera

627 3531 757 3572 caro
780 3517 833 3570 in
864 3530 1026 3586 quam
1065 3513 1221 3584 panis
1244 3510 1599 3566 convertitur.
1636 3501 1666 3560 ι’
1694 3509 1809 3563 lloc
1841 3522 1938 3562 vos
1961 3506 2217 3578 colligitis

630 3608 930 3663 secundum
981 3606 1275 3660 humanam
1332 3602 1694 3672 sapientiam,
1748 3615 1858 3654 non
1915 3599 2213 3654 secundum

624 3698 885 3755 divinam.
932 3695 1175 3755 Humana
1223 3700 1404 3750 autem
1445 3691 1708 3762 sapientia
1749 3690 1991 3759 perquiri
2031 3689 2214 3744 divina

625 3804 786 3859 opera
817 3788 1069 3859 prohibet
1088 3786 1380 3856 Apostolus
1420 3786 1487 3838 ad
1522 3786 1797 3838 Romanos
1828 3782 2057 3837 dicens:
2092 3780 2216 3835 Non

626 3881 745 3952 plus
770 3896 952 3945 sapere
980 3895 1134 3949 quam
1161 3887 1361 3945 oportet
1385 3892 1589 3945 sapere,
1614 3877 1705 3928 sed
1725 3890 1906 3944 sapere
1927 3874 1996 3926 ad
2016 3873 2214 3927 sobrie-

626 3983 788 4027 tatem
821 3971 994 4042 (Rom.
1029 3986 1133 4034 xu,
1160 3968 1245 4039 5);
1274 3977 1328 4022 et
1352 3970 1421 4023 ad
1447 3966 1762 4022 Corinthios
1792 3984 1805 4018 :
1840 3965 2027 4020 Sermo
2048 3954 2216 4029 meus“,

627 4075 675 4122 et
694 4064 1001 4136 pradicatio
1025 4078 1138 4117 mea
1179 4076 1282 4114 non
1309 4060 1360 4112 in
1389 4057 1817 4129 persuasibilibus
1854 4057 2098 4111 humana:
2134 4074 2222 4109 sa-

625 4158 837 4231 pienfite
867 4156 1054 4215 verbis.
1080 4154 1173 4208 sed
1198 4155 1249 4206 in
1271 4152 1562 4208 ostensione
1592 4150 1809 4219 spiritus
1843 4158 1891 4202 et
1920 4148 2218 4213 virtutis,ut

624 4252 758 4322 ﬁdes
789 4260 960 4306 vestra
992 4265 1094 4303 non
1124 4248 1193 4302 sit
1229 4248 1282 4299 in
1313 4245 1571 4314 sapientia
1593 4244 1882 4304 hominum,
1915 4244 2006 4296 sed
2027 4243 2082 4299 in
2110 4242 2223 4295 vir-

627 4351 736 4399 tute
766 4340 864 4395 Dei
896 4338 951 4411 (I
973 4338 1095 4392 Cor.
1130 4353 1186 4393 ll.
1220 4335 1316 4405 ἧς
1350 4343 1399 4387 et
1428 4334 1494 4388 ad
1521 4332 1910 4388 Colossenses:
1951 4329 2131 4384 Videte
2159 4346 2223 4384 ne

630 4436 747 4505 quis
773 4451 863 4489 ros
884 4434 1108 4502 decipiat
1130 4447 1224 4500 per
1234 4428 1614 4499 philosophiam
1638 4437 1685 4481 et
1711 4428 1921 4480 inanem
1951 4423 2222 4493 fallaciam

633 4527 920 4581 secundum
949 4524 1281 4577 traditionem
1312 4521 1605 4583 hortu'num,
1645 4519 1932 4573 secundum
1967 4515 2221 4570 elementa

635 4616 819 4669 mundi
844 4613 981 4681 (Col.
1021 4629 1083 4677 tt,
1121 4612 1199 4680 8).
1234 4613 1300 4666 Et
1327 4613 1517 4666 beatus
1542 4609 1872 4677 Gregorius,
1904 4608 1957 4661 in
1998 4604 2218 4661 homilia

636 4707 886 4764 Paschali
922 4706 1014 4771 (26
1043 4706 1095 4760 in
1120 4704 1353 4773 Erang.)
1378 4720 1391 4757 :
1421 4722 1439 4755 ι
1478 4702 1771 4758 Sciendum
1792 4741 1805 4761 ,
1831 4700 2034 4769 inquit,
2067 4698 2222 4753 nobis

637 4809 721 4855 est
745 4799 887 4869 quod
910 4798 1090 4852 divina
1111 4794 1355 4864 operatio
1372 4834 1386 4858 ,
1414 4794 1459 4848 si
1488 4793 1698 4847 ratione
1723 4791 2220 4861 comprehenditur,

640 4909 748 4948 non
790 4900 871 4947 est
905 4887 1262 4945 admirabilis.
1300 4886 1411 4941 Nec
1450 4886 1583 4940 ﬁdes
1621 4885 1784 4939 habet
1819 4883 2069 4939 meritum
2091 4923 2105 4946 ,
2134 4881 2233 4939 cui.

637 4986 875 5037 humana
908 4980 1050 5035 ratio
1077 4978 1275 5049 przcbet
1309 4976 1765 5046 experimentum,
1798 4994 1816 5026 ι
1847 4974 2140 5044 Propterea
2169 4974 2222 5027 in

637 5089 791 5135 tanta
844 5094 1023 5134 rerum
1064 5074 1435 5147 profundit-ate
1472 5073 1646 5143 magis
1683 5071 1926 5142 oportuit
1966 5079 2017 5124 te
2064 5084 2223 5126 orare

634 5182 829 5242 Deum,
857 5185 1026 5233 utaut
1049 5175 1379 5246 iutelligeres
1400 5189 1521 5244 qua:
1542 5186 1643 5243 pro
1663 5172 1902 5226 humana
1921 5169 2105 5238 capaci
2116 5176 2224 5224 tate

618 5273 861 5345 intelligi
894 5277 1156 5344 possunt,
1189 5276 1283 5322 aut
1310 5267 1601 5337 patienter,
1631 5272 1685 5317 et
1713 5261 1990 5317 humiliter
2019 5260 2220 5326 ferres,

637 5374 695 5419 ct
736 5374 914 5418 tamen
952 5361 1210 5419 crederes
1246 5372 1366 5427 qua:
1403 5358 1454 5410 in
1491 5364 1638 5408 lauto
1663 5367 1864 5407 arcano
1898 5350 2116 5405 humani
2147 5349 2228 5403 in-t

638 5456 781 5524 genii
806 5456 950 5510 vires
988 5453 1283 5515 excedunt,
1309 5458 1363 5503 et
1393 5448 1445 5501 in
1472 5447 1576 5501 hac
1598 5444 1714 5499 vita
1741 5442 1964 5510 intelligi
2004 5442 2227 5497 minime

640 5553 889 5610 possunt,
931 5559 1094 5614 quam
1121 5543 1270 5597 iitetn
1304 5551 1543 5600 movere,
1569 5535 1638 5589 ab
1663 5533 1955 5589 universali
1985 5530 2225 5586 Ecclesia

646 5632 966 5695 ιναδδιςιιιὶτο,
999 5646 1195 5685 novum
1225 5628 1461 5684 schisma
1493 5624 1674 5680 verbis
1708 5629 1762 5676 et
1798 5622 2015 5688 scriptis
2036 5629 2225 5674 contra

622 5731 956 5777 sanctorum
997 5722 1219 5776 Patrum
1267 5728 1534 5790 praecepta
1576 5715 1797 5771 inferre.
1837 5711 2090 5767 Profecto
2123 5710 2225 5765 hoc

640 5813 808 5868 modo
862 5828 1049 5882 ageres
1094 5813 1239 5882 quod
1293 5812 1377 5883 agi
1436 5819 1689 5882 oportere
1733 5806 1981 5879 praecipit
2035 5804 2222 5872 Legis-

642 5907 786 5966 lator
839 5906 1024 5962 dicens
1070 5924 1082 5960 :
1132 5904 1214 5961 Nc
1271 5904 1675 5975 trausgrediaris
1725 5901 1972 5957 terminos
2010 5909 2221 5971 patrum

2307 2058 2541 2128 negotiis
2572 2057 2695 2113 ﬁdei
2735 2058 3065 2113 testimoniis
3092 2056 3337 2112 creditur
3371 2069 3521 2125 quam
3556 2052 3663 2106 ratio
3680 2050 3779 2103 resti-

2304 2158 2466 2225 ‘gatur
2495 2148 2614 2227 [al.,
2639 2140 3045 2220 investigatur].
3081 2167 3099 2199 ι

2900 2235 3129 2293 CAPUT
3161 2235 3327 2292 XXII.

2380 2329 2635 2385 Probatis
2670 2344 2790 2400 qtne
2829 2327 3049 2399 probari
3082 2328 3402 2398 oportebat,
3432 2332 3483 2380 et
3510 2320 3780 2387 exclusisqne

2312 2421 2527 2478 excludi
2557 2420 2698 2476 ratio
2719 2420 3015 2485 suadebat,
3040 2419 3153 2488 jam
3187 2418 3407 2471 tandem
3436 2415 3553 2486 quid
3572 2423 3616 2467 tu
3638 2412 3778 2468 credas.

2310 2523 2367 2567 et
2406 2512 2790 2575 credulitatem
2831 2521 2977 2565 tuam
3005 2510 3132 2580 quid
3160 2516 3444 2577 sequatur,
3483 2505 3715 2559 videamus.
3733 2497 3779 2550 Tu

2311 2604 2491 2659 credis
2532 2617 2729 2671 panem
2789 2601 3086 2671 vinumque
3131 2598 3428 2653 Dominica:
3472 2608 3663 2656 mensae,
3698 2589 3781 2640 inm

2313 2691 2767 2754 consecrandum,
2804 2698 3070 2758 quantum
3099 2688 3166 2741 ad
3197 2684 3561 2745 substantiam,
3584 2676 3778 2734 immobilia

2313 2802 2659 2858 permanere,
2688 2788 2793 2842 hoc
2816 2794 2899 2841 est
2926 2799 3122 2856 panem
3160 2792 3216 2838 et
3254 2784 3437 2837 viuum
3467 2777 3687 2835 exstitisse
3706 2777 3781 2820 ante

2314 2882 2815 2945 consecrationem,
2856 2888 2911 2934 et
2950 2892 3145 2948 panem
3183 2877 3476 2946 vinumque
3508 2870 3693 2925 existere
3711 2870 3781 2930 post

2314 2973 2829 3037 consecrationem,
2891 2970 3094 3027 Christi
3164 2984 3391 3025 carnem
3455 2980 3513 3020 ac
3562 2954 3779 3027 sansuim’In

2314 3074 2601 3135 propterea
2650 3063 2830 3118 vocari
2888 3061 3060 3132 qttod,
3119 3061 3171 3115 iu
3231 3057 3540 3114 memoriam
3584 3045 3770 3105 cratim

2316 3160 2499 3214 carnis
2526 3168 2581 3213 et
2608 3160 2672 3212 de
2708 3159 2877 3213 latere
2906 3156 3058 3212 cllas:
3084 3156 3393 3226 sanguinis,
3424 3154 3469 3206 in
3493 3145 3681 3204 Ecclesia
3700 3137 3782 3191 tric-

2262 3290 2285 3313 ς
2318 3252 2569 3307 hrentur.
2602 3258 2661 3303 ut
2693 3249 3029 3303 Dominicam
3060 3248 3372 3323 passionem
3398 3260 3487 3315 per
3507 3242 3593 3296 hoc
3612 3227 3780 3289 adtizoniii

632 3342 690 3385 ut
722 3331 844 3385 istic
879 3330 930 3383 in
970 3344 1090 3383 eam
1120 3327 1276 3397 panis
1316 3334 1705 3382 couuuutetur.
1737 3325 1897 3395 Atqui
1931 3342 2030 3381 nec
2058 3325 2213 3396 panis
2242 3325 2289 3353 “

2319 3356 2536 3413 semper
2577 3342 2915 3406 recolamus,
2946 3349 3001 3393 ct
3028 3339 3364 3403 recolentes,
3401 3345 3593 3391 carnem
3623 3334 3779 3413 nostram

2321 3412 2451 3489 cum
2477 3434 2626 3488 vitiis
2651 3442 2706 3488 et
2738 3430 3201 3501 concupiscentiis
3236 3431 3561 3483 incessanter
3590 3412 3776 3479 cruciﬁga'

2318 3542 2438 3581 mus
2470 3524 2614 3597 (Gal.
2651 3541 2701 3591 v,
2729 3525 2843 3596 2i).
2878 3524 3010 3592 Qua:
3051 3523 3098 3578 si
3143 3538 3270 3578 vera
3303 3530 3425 3576 sunt
3448 3510 3781 3603 przestantiorau

2312 3616 2586 3685 diviniora
2612 3616 2832 3674 fuerunt
2856 3625 3201 3679 sacramenta
3217 3614 3516 3671 Iudaeorum
3537 3606 3781 3663 sacramenti:

2318 3708 2779 3765 Christianorum.
2821 3708 2955 3776 Quis
2995 3708 3140 3762 enim
3182 3707 3394 3762 nesciat
3430 3713 3600 3758 manna
3631 3688 3781 3786 W943!“

2320 3801 2457 3857 caelo
2496 3801 2725 3872 pluehat
2759 3800 3054 3863 Dominus,
3101 3814 3196 3853 scu
3233 3798 3495 3852 animatas
3529 3799 3575 3847 et
3596 3776 3782 3842 sensibile

2321 3900 2606 3947 creaturas
2654 3907 2791 3961 quas
2819 3890 3049 3962 populus
3072 3888 3162 3945 ille
3184 3890 3489 3944 sacriﬁcare
3511 3878 3780 3969 consueverat.

2319 3997 2488 4051 parva
2513 3971 2753 4037 buccella
2785 3983 2970 4051 panis,
3005 3980 3332 4049 modicoque
3358 3975 3462 4031 Villi
3491 3970 3781 4058 Ρτ³³⁸¹³¹¹ξ¹ίξω

2321 4074 2632 4128 exstitisse‘l
2654 4073 2862 4127 Rursus
2893 4072 3017 4142 quis
3048 4088 3154 4125 non
3182 4070 3445 4138 intelligat
3468 4059 3657 4120 divinius
3682 4050 3781 4104 luis's‘

2323 4167 2693 4236 praenuntiam
2732 4152 2913 4219 futura
2970 4178 3133 4235 quam
3173 4176 3401 4216 narrare
3440 4150 3683 4228 prmterita.
3708 4152 3779 4236 ςυιη

2324 4229 2452 4313 illud
2485 4274 2590 4312 non
2624 4257 2796 4327 possit
2825 4229 3011 4310 facere
3035 4254 3136 4308 nisi
3173 4252 3384 4322 Spiritu
3416 4247 3501 4304 Dei
3537 4242 3700 4331 Ρ¹⁰¹¹¹¹⁵ᾑ
3722 4229 3779 4331 Μ

2322 4358 2505 4404 autem
2537 4363 2678 4421 saepe
2722 4342 2890 4401 faciat
2931 4345 3098 4399 idiota
3137 4344 3303 4397 etiam
3346 4338 3427 4394 vel
3452 4328 3780 4423 quilihcldll‘l’e:

2325 4439 2498 4492 ritus?
2527 4416 2632 4495 Sed
2663 4426 2804 4492 absit
2840 4438 2946 4491 hoc
2982 4450 3012 4489 a
3044 4434 3280 4489 ﬁdelium
3310 4429 3467 4487 corde
3498 4416 3778 4509 etllhristui:1

2327 4529 2721 4602 intelligentia!
2756 4527 2959 4585 Christi
2991 4540 3227 4595 namque
3266 4524 3420 4579 miles
3453 4506 3705 4602 Ambrosius

2253 4654 2298 4712 υ
2327 4623 2614 4684 inferiora,
2658 4622 2774 4676 lucc
2813 4621 3023 4691 potiora
3053 4628 3110 4674 et
3140 4618 3387 4687 digniora
3414 4625 3524 4668 esse
3554 4607 3597 4660 in
3624 4586 3777 4712 librili:

2326 4714 2598 4796 mysteriis
2620 4678 2910 4768 conﬁrmat
2932 4711 3122 4765 dicens
3150 4708 3291 4781 (cap.
3318 4707 3404 4777 8):
3429 4722 3446 4754 ⁸
3475 4678 3778 4796 Summo“???

2248 4864 2251 4865 ν
2324 4784 2572 4866 volumus
2603 4806 2960 4877 comprobare
2985 4804 3110 4875 quia
3138 4811 3194 4858 et
3223 4798 3517 4870 antiquiora
3545 4792 3644 4844 sunt

2327 4911 2508 4956 menta
2556 4868 2818 4953 Ecclesia:
2856 4868 3017 4965 quani
3052 4868 3386 4966 Synagogze,
3424 4894 3473 4942 et
3516 4868 3775 4966 ιιιηειτῖειξι-ιιιίιῇ³

2743 4997 2845 5043 est.
2933 4988 2998 5042 Et
3025 4951 3185 5057 paulo
3204 4951 3332 5053 post
3360 4951 3492 5051 (0³1)·
3513 4951 3585 5040 9)²
3612 4982 3625 5014 ⁸
3648 4951 3775 5061 ME:

2329 5095 2441 5139 tum
2469 5092 2552 5139 est
2600 5082 2909 5151 antiquiora
2942 5094 3060 5134 esse
3091 5074 3345 5132 Ecclesize
3372 5063 3675 5155 sacratllel‘l‘lt

2325 5189 2591 5245 cognosce
2620 5140 2850 5242 potiora.
2883 5190 2901 5223 ι
2930 5168 2994 5223 Et
3037 5178 3158 5239 post
3187 5165 3365 5235 aliqua
3384 5202 3399 5227 .
3436 5140 3775 5245 αιεηονίδίἛῖ

2326 5266 2591 5322 stantiora
2627 5282 2641 5317 :
2677 5281 2694 5314 ι
2737 5262 2924 5316 l‘otior
2964 5269 3047 5314 est
3092 5258 3181 5312 lux
3234 5268 3392 5326 quam
3429 5226 3779 5347 umbrat/ff???

2326 5372 2487 5427 Quam
2508 5355 2676 5426 ﬁgura
2688 5392 2700 5405 .
2722 5372 2742 5406 ι
2761 5354 2916 5417 Item,
2932 5351 2984 5403 in
2999 5357 3197 5419 quarto
3211 5346 3287 5400 De
3301 5320 3777 5448 ςιειιιιτιιιιθιιιίεᾖξ’(ξῖὶέ⁸

2333 5399 2358 5497 2
2383 5399 2586 5514 Accipit
2614 5459 2732 5512 qua:
2755 5443 2880 5496 dico
2898 5481 2910 5494 .
2942 5438 3210 5494 diviniora
3241 5448 3358 5492 esse
3384 5399 3760 5514 sacramenta-Cll:

2328 5496 2647 5592 stianoium'
2670 5549 2832 5606 quam
2865 5533 3199 5594 .ludreorum.
3238 5548 3257 5580 ι
3292 5526 3425 5594 Ergo
3454 5514 3567 5571 falsa
3597 5504 3686 5559 sunt
3706 5496 3777 5556 ίίυῖ

2329 5627 2608 5696 ιηὀροιιῖε·
3231 5711 3243 5713 _
3290 5709 3302 5713 _
3528 5708 3560 5713 ί,
3583 5671 3724 5713 ηιατυς
3744 5676 3775 5713 ut

2696 5714 2753 5771 Si
2783 5730 2970 5770 reum
2996 5721 3079 5768 est
3103 5711 3246 5781 quod
3273 5709 3336 5765 de
3364 5708 3564 5771 corime
3582 5676 3755 5785 (Phr

2330 5809 2510 5864 ci-cdis
2532 5808 2836 5873 ct-astruis,
2866 5806 3059 5861 falsum
3082 5812 3166 5860 est
3187 5801 3328 5872 quod
3351 5798 3415 5854 ab
3432 5770 3775 5896 Ecclesia

2332 5902 2574 5974 gentium
2604 5900 2668 5956 de
2698 5900 2887 5957 eadem
2924 5914 2980 5953 rc
3010 5896 3254 5953 creditur
3292 5903 3341 5950 ct
3378 5881 3617 5946 astruitur.
3648 5862 3739 5920 Οηιδ
