3864 6300
189 416 287 471 ut
1013 418 1209 472 LIBER
1252 417 1339 471 DE
1387 417 1708 473 conponi:
1747 417 1835 470 ΕΤ
1874 417 2218 474 SANGUINE
2252 378 2529 476 unum.
3324 422 3431 476 ιη

189 533 328 586 cnim
371 529 470 600 qui
523 528 853 584 Christianos
895 545 952 584 se
997 540 1050 584 ct
1090 546 1208 585 esse
1237 540 1290 584 et
1338 531 1441 584 dici
1494 531 1761 594 lictantnr,
1794 538 1840 594 Α
1874 546 2001 599 pere
2054 532 2369 586 moliuntur.
2420 532 2605 602 Itaque
2636 534 2810 588 dicitis
2846 553 2859 588 :
2896 554 2913 586 ι
2943 535 3297 590 Prrcdicatum
3347 547 3431 591 est

188 635 370 674 veram
419 620 626 674 Chaiin
668 636 882 674 carnem
924 636 1215 689 verumque
1262 622 1375 690 ejus
1413 623 1763 691 sanguinem,

191 723 420 781 utraque
468 725 679 780 sumpta
709 715 773 765 de
820 713 1072 781 Virgine,
1105 713 1156 765 in
1200 713 1301 766 hoc
1338 721 1679 765 sacramento
1709 726 1766 766 se

190 806 475 871 percipere
498 805 814 872 gloriantur.
842 804 1114 872 Interroga
1140 805 1417 857 universus
1442 804 1531 872 qui
1562 804 1765 857 Latium

191 895 383 962 lingua:
430 906 812 946 nostrarumve
855 893 1158 947 litterarum
1211 896 1455 948 notitiam
1506 910 1764 964 percepe-

192 993 333 1036 runt.
385 983 670 1051 Interroga
719 983 968 1046 Grzceos,
1009 984 1303 1046 AI‘IIICIIOS,
1345 1001 1438 1038 seu
1482 986 1767 1053 cujuslibet

193 1071 427 1126 nationis
456 1087 816 1141 quoscunque
855 1072 1190 1126 Christianos
1226 1074 1494 1136 homines;
1532 1090 1636 1126 uno
1673 1090 1766 1127 ore

194 1159 327 1213 hanc
357 1157 527 1211 [idem
554 1172 614 1213 se
645 1167 915 1213 testantur
942 1161 1159 1214 habere.
1183 1159 1353 1214 Porro
1379 1162 1421 1215 si
1446 1162 1767 1217 universalis

192 1248 444 1304 Ecclesia:
481 1248 615 1303 Iides
640 1247 776 1303 falsa
803 1251 985 1303 existit
1004 1290 1017 1312 ,
1049 1260 1137 1305 aut
1161 1264 1431 1319 nunquam
1460 1250 1559 1305 fuit
1584 1254 1768 1305 catho-

188 1337 287 1389 lica
314 1336 563 1391 Ecclesia
582 1378 595 1399 ,
624 1348 716 1391 aut
745 1338 927 1407 periit.
962 1339 1103 1395 Nihil
1135 1355 1368 1409 namque
1397 1339 1668 1395 cﬂicacius
1699 1342 1765 1395 ad

194 1427 471 1482 interitum
524 1429 830 1487 animarum
870 1446 1031 1501 quant
1074 1432 1404 1500 perniciosus
1445 1448 1619 1488 error.
1661 1435 1766 1488 Sed

195 1536 295 1576 non
323 1519 526 1586 fuisse,
552 1531 646 1576 aut
679 1516 905 1593 periisse
934 1523 1253 1589 Ecclesium,
1284 1524 1581 1579 catholicus
1611 1540 1766 1580 nemo

193 1613 556 1666 consenserit.
598 1613 849 1683 Alioquin
890 1629 995 1669 non
1028 1624 1111 1669 est
1150 1630 1333 1669 verum
1361 1618 1501 1685 quo.l
1539 1617 1767 1671 Abrahre

197 1700 409 1755 Veritas
437 1703 694 1772 promisit
717 1704 900 1758 dicens
926 1723 939 1757 :
967 1702 1032 1757 In
1064 1707 1257 1759 semine
1280 1717 1368 1759 tuo
1404 1706 1769 1761 benedicentur

194 1807 363 1844 omnes
395 1803 581 1861 gentes
621 1789 774 1862 (Gen.
810 1810 943 1861 xxn,
980 1795 1089 1863 18).
1121 1794 1252 1849 Item
1287 1796 1339 1850 in
1368 1796 1580 1850 Psalmo
1614 1816 1626 1850 :
1660 1795 1767 1851 Ρο-

1868 622 2214 689 Evangclium
2245 623 2295 677 in
2330 626 2578 679 omnibus
2607 627 2885 693 gentibus.
2914 629 3140 681 credidit
3178 630 3429 690 mundus,

1866 713 2006 767 facta
2033 723 2114 767 est
2139 714 2399 779 Ecclesia,
2426 717 2615 779 crevit,
2648 717 3015 782 fructiﬁcavit,
3043 719 3136 771 sed
3163 719 3431 785 imperitia

1867 806 2005 860 male
2028 807 2437 875 intelligentium
2462 807 2616 876 251
2643 817 2824 876 postea
2854 808 3072 872 erravit,
3096 815 3147 862 ct
3170 808 3359 875 periit;
3381 810 3435 861 in

1869 898 2021 952 nobis
2041 898 2170 951 solis
2187 907 2240 951 et
2263 899 2316 951 in
2341 898 2425 951 his
2441 899 2532 964 qui
2557 914 2653 952 nos
2668 912 2969 966 sequuntur
2990 908 3175 952 sancta
3206 898 3256 949 in
3277 898 3437 950 terris

1871 987 2104 1042 Ecclesia
2132 990 2409 1042 remansit.
2430 987 2577 1041 Ilanc
2593 988 2912 1058 sacrilegam
2933 988 3221 1040 vanitatem
3244 985 3439 1038 evertit

1868 1077 2172 1145 evangelica
2205 1080 2426 1141 veritas,
2451 1087 2505 1132 et
2534 1078 2914 1147 prophetarum
2939 1087 3100 1144 atque
3130 1083 3438 1128 sancturum

1866 1169 2086 1222 Patrmn
2139 1184 2244 1223 nun
2299 1170 2549 1224 violanda
2609 1170 2926 1224 auctoritas.
2983 1167 3135 1222 Unde
3188 1163 3441 1218 Ecclesiae

1867 1273 1976 1310 sutc
2019 1268 2220 1313 sanctae
2271 1258 2324 1311 in
2372 1258 2663 1323 Evangelio
2703 1272 2799 1310 suo
2851 1256 3106 1308 Dominus
3163 1252 3443 1321 pollicetur

1867 1349 2054 1402 dicens
2101 1366 2114 1402 :
2171 1347 2306 1401 Ecce
2357 1364 2449 1417 ego
2501 1348 2763 1403 vobiscum
2809 1364 2925 1402 sum
2984 1344 3221 1398 omnibus
3263 1341 3444 1395 diebus

1867 1452 2028 1505 usque
2063 1437 2132 1489 ad
2182 1438 2679 1490 consummationem
2732 1436 2909 1490 δίπυιὲ
2957 1432 3188 1504 (Matth.
3231 1445 3397 1484 xum
3424 1470 3439 1494 ,

1867 1526 1979 1595 20).
2040 1546 2059 1578 ι
2095 1526 2247 1593 Quod
2293 1526 2517 1581 minime
2564 1527 2808 1590 diceret,
2864 1525 2906 1579 si
2945 1523 3239 1577 Ecclesium
3290 1535 3442 1574 suam

1867 1625 1992 1670 ante
2027 1608 2544 1670 consummationem
2592 1614 2769 1669 smcnli
2820 1618 3114 1684 perituram
3148 1627 3267 1665 esse
3310 1626 3446 1679 pra?-

1869 1717 2135 1761 nosceret.
2194 1708 2259 1761 Et
2315 1707 2442 1759 alibi
2487 1705 2680 1759 :Tunc
2743 1707 2786 1759 si
2839 1706 2953 1774 quis
2992 1703 3128 1757 vobis
3190 1702 3375 1755 dixerit
3423 1714 3444 1754 :

1874 1799 2004 1851 Ecce
2027 1799 2109 1852 hic
2144 1796 2425 1856 Christus.
2490 1805 2579 1849 aut
2641 1812 2753 1850 ecce
2807 1795 2954 1856 illic,
3023 1793 3182 1847 nolite
3240 1792 3446 1845 credere

198 1883 331 1935 stula
357 1902 389 1937 α
414 1901 499 1938 me
519 1896 567 1939 et
591 1887 724 1939 dabo
750 1888 841 1940 tibi
860 1899 1032 1957 gentes
1049 1890 1557 1945 Iuereditatemtunm
1582 1903 1627 1945 ct
1650 1909 1765 1961 pos-
1802 1860 1842 1917 Β
1874 1888 2084 1955 (illum.
2147 1903 2271 1940 XXIV
2297 1928 2311 1950 ,
2359 1886 2471 1955 25).
2509 1886 2877 1956 Augustinus,
2921 1885 2975 1938 in
3025 1884 3257 1938 secunda
3307 1882 3447 1951 psal-

193 1974 468 2027 sessionem
518 1986 666 2028 tuam
692 1979 936 2032 terminos
980 1988 1131 2033 terra:
1170 1979 1341 2050 (Psal.
1386 1982 1546 2051 tt,8).
1580 1984 1706 2036 Item
1751 2001 1764 2036 :

199 2059 633 2127 Remintscentnr,
668 2076 715 2119 et
751 2077 1112 2121 convertentur
1138 2071 1206 2122 ad
1241 2070 1519 2124 Dominum
1545 2073 1768 2125 universi

196 2151 315 2217 ﬁnes
355 2162 515 2206 terra:
545 2153 720 2224 (Psal.
754 2171 875 2221 χιι,
899 2156 1012 2227 28).
1054 2157 1121 2211 Et
1143 2158 1267 2213 alibi
1309 2178 1324 2214 :
1369 2159 1508 2226 Quos
1551 2162 1767 2214 redemit

200 2244 258 2295 de
299 2260 460 2297 manu
505 2245 739 2312 inimici,
773 2248 837 2301 de
874 2250 1167 2319 regionibus
1207 2253 1531 2320 congregavit
1573 2269 1693 2317 eos,
1736 2271 1767 2305 a

199 2334 314 2386 solis
338 2344 461 2389 ortu
504 2347 555 2389 et
593 2354 803 2401 occasu,
835 2339 898 2391 ab
926 2339 1167 2409 aquilone
1196 2352 1243 2395 et
1276 2343 1411 2395 mari
1450 2340 1623 2411 (l’sal.
1657 2358 1765 2405 ενι,

203 2423 252 2489 2,
284 2423 360 2493 5).
390 2423 528 2479 Item
564 2427 754 2481 beatus
794 2430 1119 2498 Augustinus
1143 2431 1194 2484 in
1218 2432 1391 2501 prima
1416 2433 1767 2499 expositionis

201 2518 525 2585 psnlmorum
560 2531 713 2589 parte
748 2522 821 2591 (in
846 2522 979 2589 psal.
1010 2540 1119 2586 nt,
1151 2523 1326 2577 Trart.
1349 2525 1436 2593 2):
1472 2544 1490 2576 ι
1527 2525 1765 2579 Eccles'a

203 2622 381 2674 magna
420 2607 553 2677 quid
588 2619 689 2673 est,
715 2611 948 2666 fratres?
978 2611 1227 2682 Nunquid
1256 2615 1446 2685 exigua
1474 2632 1599 2685 pars
1620 2617 1768 2671 orbis

208 2711 466 2757 terrarum
502 2704 743 2759 Ecclesia
776 2721 968 2775 magna
995 2709 1114 2761 est?
1139 2708 1374 2763 Ecclesia
1406 2726 1596 2779 magna
1628 2720 1768 2765 tutus

204 2792 339 2847 orlis
380 2804 485 2849 est.
528 2814 547 2847 ι
592 2795 721 2849 Item
779 2795 830 2849 in
882 2798 1070 2851 eadem
1115 2798 1307 2867 (Enar.
1353 2799 1489 2868 psal.
1536 2800 1762 2871 xxxix):

208 2898 225 2931 t
256 2881 575 2937 Annuntiavi
592 2885 856 2954 justitiam
881 2896 1021 2939 (nam
1042 2888 1093 2940 in
1112 2885 1346 2941 Ecclesia
1362 2905 1569 2958 magna.
1592 2890 1764 2955 Quam

205 2977 426 3043 magna?
453 2976 595 3029 Toto
617 2976 748 3031 orbe
787 2984 1078 3031 terrarum.
1108 2977 1277 3044 Quam
1307 2980 1533 3049 magna?
1564 2980 1615 3031 in
1646 2995 1760 3032 om-

208 3063 351 3118 tibus
389 3066 664 3136 gentibus.
708 3066 885 3133 Quare
926 3069 978 3121 in
1018 3070 1266 3123 omnibus
1304 3069 1593 3140 gentibus?
1630 3070 1763 3137 Quia

207 3151 253 3203 in
277 3168 473 3207 onmem
496 3163 691 3207 terram
718 3155 875 3208 exivit
902 3172 1060 3210 sonus
1089 3173 1285 3211 eorum.
1309 3175 1328 3207 ι
1349 3157 1497 3221 Item,
1530 3157 1582 3211 in
1609 3157 1763 3210 tertia

207 3240 429 3307 ejusdem
461 3245 649 3312 oneris
679 3253 874 3313 parte:
914 3263 932 3294 ί
970 3245 1177 3315 Corpus
1204 3245 1403 3302 Christi
1443 3256 1656 3302 constat
1696 3262 1760 3300 cx

208 3328 374 3384 multis
401 3332 755 3387 credentibus
782 3333 835 3387 in
865 3342 977 3387 toto
1005 3336 1133 3389 orbe
1172 3345 1459 3389 terrarum.
1494 3356 1513 3390 ι
1553 3336 1682 3391 Item
1709 3338 1760 3391 in

209 3420 377 3473 eadem
418 3437 433 3474 :
491 3422 992 3499 gTabernaculum
1042 3425 1252 3479 Domini
1298 3419 1394 3479 est'
1425 3427 1525 3480 ista
1576 3437 1761 3480 sancta

208 3506 431 3565 Ecclesia
476 3513 531 3566 in
575 3523 688 3567 toto
731 3514 862 3569 orbe
894 3523 1157 3568 terrarum
1182 3515 1394 3568 dilI‘usa.
1434 3536 1453 3567 ι
1495 3516 1558 3570 Et
1588 3517 1712 3570 alibi
1746 3535 1758 3569 :

212 3599 461 3659 «Chorus
509 3602 712 3659 Christi
757 3605 869 3672 jam
923 3614 1064 3661 totus
1114 3607 1346 3660 mundus
1392 3614 1495 3659 est.
1552 3606 1764 3661 Chorus

210 3687 391 3745 Christi
422 3696 492 3747 ab
523 3696 733 3749 oriente
773 3696 824 3751 in
855 3697 1184 3751 occidentem
1222 3704 1502 3751 consonat.
1540 3715 1557 3748 ι
1598 3696 1757 3759 Item,

213 3776 259 3829 in
285 3779 413 3837 libro
444 3784 527 3840 De
553 3800 723 3853 agone
760 3786 1066 3841 Christiano
1101 3788 1241 3857 (cap.
1296 3788 1389 3851 29,
1449 3797 1578 3843 tom.
1628 3787 1714 3858 III)
1743 3802 1757 3841 :

216 3880 234 3914 ο
258 3865 354 3922 Nec
371 3885 465 3926 eos
482 3873 765 3928 audiamus
787 3875 876 3943 qui
900 3884 1142 3929 sanctam
1169 3876 1485 3938 Ecclesiam,
1515 3893 1632 3946 qua:
1654 3893 1758 3930 una

214 3957 454 4016 catholica
483 3971 565 4017 est
584 4001 599 4025 ,
633 3972 826 4032 negant
855 3978 952 4033 per
976 3965 1158 4017 urbem
1188 3981 1306 4031 esse
1334 3964 1600 4021 diﬂ‘usam.
1642 3984 1659 4016 ι
1698 3965 1763 4018 Ει

212 4045 510 4111 quibusdam
535 4051 855 4107 intermissis
873 4053 1052 4121 (ibid):
1077 4072 1096 4105 ι
1121 4051 1350 4122 Pupulus
1369 4067 1546 4110 autem
1572 4055 1758 4123 ipsius,

214 4131 389 4204 inquit,
417 4143 637 4211 quando
665 4158 771 4197 non
796 4145 943 4197 audit
968 4146 1278 4214 prophetas,
1304 4156 1357 4200 et
1385 4146 1755 4217 Evairgclitnn,

215 4223 262 4277 in
288 4230 473 4295 quibus
499 4234 839 4302 apertissime
859 4237 1119 4303 scriptum
1143 4247 1224 4290 est
1245 4237 1535 4292 Ecclesium
1559 4237 1758 4290 Christi

214 4329 298 4383 per
323 4337 505 4381 omnes
538 4334 728 4395 gentes
759 4341 877 4381 esse
903 4326 1152 4382 dilfnsam
1173 4369 1186 4392 ,
1228 4337 1282 4381 et
1313 4329 1459 4381 audit
1491 4328 1761 4382 schisma-

217 4406 352 4474 licos,
391 4430 496 4471 non
535 4416 632 4471 Dei
671 4418 894 4487 gloriam
925 4428 1255 4487 quaerentes,
1279 4420 1370 4474 sed
1410 4435 1586 4484 suam,
1626 4420 1762 4473 satis

1872 1995 2079 2032 morum
2130 1979 2484 2048 expositionis
2537 1987 2690 2047 parte
2729 1977 2944 2047 (enarr.
2999 1975 3052 2028 in
3103 1972 3237 2043 psal.
3289 1984 3441 2041 LVI):

1876 2092 1894 2123 ι
1926 2071 2132 2140 Corpus
2159 2079 2242 2124 est
2288 2078 2465 2124 autem
2504 2068 2765 2131 Ecclesia,
2796 2082 2902 2121 non
2935 2068 3059 2129 ista,
3089 2074 3183 2118 aut
3213 2063 3322 2127 illa,
3351 2062 3446 2117 sed

1870 2172 1982 2218 tutu
2010 2161 2142 2215 orbe
2185 2160 2400 2214 diﬂ‘usa.
2439 2179 2457 2211 ›
2492 2159 2622 2213 Item
2653 2160 2705 2213 in
2734 2158 2921 2212 eadem
2956 2158 3033 2226 (in
3079 2154 3213 2225 psal.
3248 2155 3395 2223 thv)
3430 2171 3444 2207 :

1875 2273 1893 2303 ι
1926 2253 2059 2321 Spes
2120 2253 2360 2306 omniunt
2416 2250 2647 2303 Iiliorum
2704 2258 2880 2301 terrm.
2932 2248 3045 2300 Non
3097 2261 3220 2313 spes
3288 2245 3447 2298 unius

1870 2342 2093 2411 anguli,
2146 2356 2250 2393 non
2292 2354 2415 2407 spes
2462 2339 2620 2391 unius
2674 2336 2896 2400 ludere,
2950 2352 3055 2388 non
3102 2349 3225 2403 spes
3279 2333 3448 2387 solius

1868 2432 2082 2494 Africae,
2122 2445 2228 2485 non
2278 2444 2400 2499 spes
2430 2428 2737 2487 Pannoniae,
2791 2441 2895 2479 non
2928 2440 3049 2494 spes
3090 2424 3320 2479 Orientis
3355 2432 3445 2477 aut

1870 2520 2322 2583 Oecidentis,sed
2373 2532 2497 2589 spes
2550 2516 2787 2569 omnium
2835 2515 3022 2568 Iinium
3071 2525 3264 2577 terrae,
3309 2522 3363 2568 et
3392 2515 3445 2567 in

1869 2611 2004 2665 mari
2033 2610 2207 2680 longe.
2241 2628 2259 2662 ι
2291 2608 2347 2662 In
2371 2608 2561 2662 eadem
2591 2608 2669 2676 (in
2713 2605 2849 2674 psal.
2877 2604 3024 2675 usi)
3055 2622 3068 2656 :
3099 2622 3117 2654 ι
3155 2603 3278 2657 Ihcc
3320 2618 3445 2671 pro-

1866 2701 2048 2772 phetia
2100 2709 2325 2769 propter
2361 2713 2457 2753 eos
2506 2698 2781 2767 prtetttissa
2810 2704 2892 2750 est
2915 2735 2930 2759 ,
2974 2697 3064 2764 qui
3098 2704 3292 2764 putant
3325 2694 3448 2748 reli-

1867 2794 2081 2863 gionem
2108 2791 2344 2845 nominis
2370 2788 2663 2843 Christiani
2696 2803 2867 2857 usque
2898 2788 2963 2840 ad
3001 2796 3206 2840 certum
3239 2794 3446 2853 tempus

1868 2886 1921 2939 in
1978 2886 2079 2939 hoc
2133 2882 2329 2937 steculo
2364 2883 2658 2944 victuram,
2691 2889 2746 2934 et
2791 2888 2973 2948 postea
3026 2894 3131 2932 non
3186 2878 3442 2930 futuram.

1868 2972 2211 3027 Permanebit
2237 2981 2417 3025 autem
2441 2985 2564 3024 cum
2602 2968 2716 3023 sole
2737 3009 2751 3031 ,
2775 2966 3011 3037 quandiu
3050 2966 3127 3019 sol
3167 2966 3362 3029 oritur,
3391 2972 3447 3017 et

1867 3064 2084 3119 occidit.
2132 3063 2244 3117 IIoc
2287 3070 2389 3145 est,
2430 3059 2665 3130 quandiu
2718 3068 2955 3127 tempora
2997 3056 3096 3109 ista
3138 3054 3444 3119 volvuntur,

1795 3182 1836 3243 ς
1870 3170 1975 3209 non
2002 3154 2174 3208 deerit
2200 3151 2461 3215 Ecclesia,
2489 3151 2541 3205 id
2571 3160 2654 3205 est
2679 3149 2876 3204 Christi
2909 3162 3105 3217 corpus
3135 3147 3186 3200 in
3221 3146 3398 3200 terris.
3423 3163 3441 3195 ι

1865 3246 1996 3301 Item
2030 3247 2082 3299 in
2112 3246 2298 3299 eadem
2330 3244 2404 3313 (in
2432 3243 2567 3311 psal.
2599 3242 2727 3309 xcn)
2758 3260 2771 3296 :
2806 3260 2823 3292 ι
2874 3240 3099 3294 Domum
3129 3248 3273 3291 tuam
3304 3237 3446 3290 decet

1862 3334 2185 3398 sanctitudo,
2217 3333 2434 3387 Domine
2465 3332 2647 3402 (Psal.
2688 3347 2825 3397 seu,
2860 3331 2964 3398 5);
3012 3331 3228 3383 domum
3277 3336 3444 3390 tuam,

1868 3435 2039 3480 totam
2072 3426 2287 3480 domum
2320 3433 2487 3477 tuam.
2514 3422 2630 3476 Non
2676 3423 2787 3487 hic,
2824 3430 2917 3475 aut
2948 3420 3054 3478 hic.
3088 3427 3178 3472 aut
3210 3419 3314 3482 ibi;
3348 3418 3443 3472 sed

1864 3519 2079 3570 domum
2142 3525 2288 3568 tuam
2335 3523 2500 3567 totam
2554 3526 2650 3583 per
2702 3521 2868 3566 totum
2916 3511 3101 3564 orltem
3155 3519 3443 3562 terrarum.

1863 3609 2041 3674 Quare.
2084 3621 2180 3674 per
2228 3614 2397 3659 totum
2455 3606 2640 3658 urbem
2685 3600 2985 3656 terrarum?
3034 3590 3171 3664 Quia
3222 3599 3445 3663 correxit

1863 3698 2033 3752 orbem
2065 3708 2219 3751 terra’
2248 3697 2338 3766 qui
2382 3712 2482 3749 non
2518 3694 2923 3749 commovebitur
2949 3691 3131 3763 (Psal.
3179 3704 3303 3752 xcv,
3333 3689 3443 3758 I0).

1865 3789 2066 3842 Domus
2122 3784 2333 3842 Domini
2366 3785 2521 3841 fortis
2564 3786 2688 3850 erit,
2724 3799 2819 3854 per
2850 3792 3019 3837 totum
3054 3782 3239 3836 orbem
3273 3791 3445 3833 terra-

1864 3874 1991 3932 rum‘
2012 3879 2137 3933 erit.
2173 3896 2192 3929 ι
2220 3877 2348 3931 Item
2374 3876 2425 3930 in
2454 3884 2692 3930 extrema
2721 3873 2959 3940 ejusdem
2989 3871 3165 3941 operis
3192 3879 3342 3939 parte
3371 3870 3447 3933 (in

1862 3969 1999 4037 νισι.
2018 3970 2090 4039 ει)
2118 3986 2170 4022 :t
2191 3967 2330 4034 Quid
2360 3966 2605 4035 estquod
2630 3965 2784 4027 dicus,
2817 3962 3092 4025 hacretice,
3112 3959 3222 4026 jam
3243 3959 3445 4029 perisse

1863 4061 2157 4136 Ecclesium
2181 4060 2246 4113 de
2261 4058 2511 4112 omnibus
2530 4056 2800 4126 gentibus,
2817 4053 3032 4122 quando
3058 4053 3232 4105 adhuc
3255 4050 3448 4118 praedi-

1861 4160 2016 4205 catur
2037 4149 2407 4219 Evangelinm,
2428 4156 2483 4200 ut
2502 4145 2671 4213 possit
2690 4158 2809 4197 esse
2827 4144 2879 4195 in
2907 4142 3159 4195 omnibus
3174 4139 3442 4211 gentibus.

1864 4240 2002 4307 Ergo
2039 4253 2208 4306 usque
2248 4237 2299 4289 in
2348 4234 2507 4287 linem
2562 4231 2744 4285 saeculi
2801 4229 3042 4284 Ecclesia
3092 4228 3144 4280 in
3193 4227 3447 4280 omnibus

1861 4322 2436 4396 gentibusalueadem
2467 4339 2481 4375 :
2512 4339 2529 4371 ε
2562 4319 2661 4375 Ubi
2689 4328 2816 4373 sunt
2838 4319 2926 4386 qui
2948 4316 3131 4369 dicunt
3153 4313 3357 4384 perisse
3378 4314 3445 4367 de

1863 4418 2062 4474 mundo
2114 4414 2431 4477 Ecclesiam,
2463 4411 2679 4482 quando
2722 4424 2823 4464 nec
2860 4406 3106 4464 inclinari
3152 4402 3375 4473 potest?
3421 4420 3441 4453 ι

216 4495 461 4563 Figuilieat
491 4520 551 4559 se
585 4520 799 4559 servum
822 4522 973 4570 esse,
1004 4523 1108 4561 non
1140 4507 1388 4561 liberum.
1430 4528 1447 4560 ι
1485 4509 1550 4561 Ει
1583 4507 1762 4562 Dumi-
1792 4507 1837 4564 D
1865 4510 1994 4564 Item
2035 4509 2085 4562 in
2131 4507 2320 4560 eadem
2356 4504 2432 4573 (in
2466 4503 2602 4573 psal.
2648 4494 2781 4571 ev):
2818 4519 2835 4551 ι
2874 4495 3131 4564 Quisquis
3175 4492 3445 4564 putaverit

218 4596 304 4638 nus
346 4589 394 4643 in
436 4593 731 4663 Evangelio
774 4612 788 4648 :
834 4597 978 4666 Ager
1025 4605 1108 4652 est
1150 4598 1237 4652 hic
1281 4599 1509 4654 mundus
1544 4599 1758 4667 (Matth.

218 4685 319 4738 stu,
348 4677 455 4747 58).
490 4683 555 4737 Ει
585 4683 744 4751 paulo
770 4694 888 4753 post
913 4703 926 4738 :
957 4685 1141 4740 Simile
1166 4696 1240 4739 est
1268 4704 1480 4754 regnum
1513 4687 1760 4742 ctvlorum

217 4774 398 4830 δαςεηιτ
417 4771 589 4824 missa:
613 4774 667 4825 in
692 4788 853 4835 mare,
877 4785 922 4827 et
944 4791 1008 4828 ex
1029 4776 1168 4828 omni
1189 4792 1370 4844 genere
1390 4772 1609 4845 piscium
1632 4793 1760 4829 con-

219 4860 426 4920 9'Cganti
460 4862 631 4930 (ibid.,
657 4862 768 4929 47).
800 4864 865 4918 Et
904 4865 969 4919 ad
1009 4866 1322 4935 discipulos:
1364 4866 1445 4920 Ite
1484 4869 1539 4921 in
1587 4867 1759 4920 orbem

221 4945 496 5018 terrarum,
558 4952 841 5022 prwdicate
902 4955 1242 5025 Evangelium
1298 4958 1440 5011 omni
1504 4967 1761 5013 creatura:

221 5026 390 5099 (Marc.
414 5056 520 5109 svr,
551 5044 661 5115 I5).

779 5136 1008 5194 CAPUT
1048 5138 1233 5195 XXIII.

251 5215 534 5313 .Adversus
566 5236 672 5281 tam
705 5227 851 5282 clara
899 5229 1066 5298 ipsius
1097 5232 1306 5286 Domini
1336 5241 1392 5286 et
1421 5232 1593 5286 sancti
1638 5231 1760 5299 Spi-

226 5312 464 5406 Il‘lllscjus
482 5318 546 5373 de
566 5318 800 5374 Ecclesia
824 5323 965 5375 etde
990 5330 1131 5376 statu
1158 5323 1405 5377 Ecclesia:
1428 5324 1754 5387 testimonia,

225 5392 490 5474 °1'licistu,
517 5418 572 5464 et
594 5409 855 5479 objiciunt
884 5413 1007 5483 qui,
1039 5428 1069 5467 a
1099 5423 1150 5468 te
1180 5415 1420 5481 decenti,
1450 5415 1583 5469 alios
1603 5414 1752 5469 deci-

1867 4597 2165 4653 Ecclesiam
2190 4596 2242 4650 in
2272 4610 2377 4648 una
2409 4602 2562 4663 parte
2606 4606 2748 4655 esse,
2792 4598 2844 4644 et
2879 4603 2983 4642 non
3025 4602 3143 4639 eam
3176 4597 3444 4651 cognove-

1868 4690 1939 4743 rit
1987 4686 2230 4742 dimtsaltl
2265 4694 2376 4739 toto
2406 4683 2536 4737 orbe
2571 4684 2877 4739 terrarum,
2924 4688 2979 4732 ct
3026 4674 3317 4731 crediderit
3364 4672 3446 4725 eis

1865 4779 1958 4849 qui
1984 4779 2168 4832 dicunt
2199 4794 2213 4831 :
2249 4775 2385 4829 Ecce
2411 4774 2493 4827 hic
2515 4782 2587 4826 est
2615 4771 2874 4834 Christus,
2899 4779 2945 4821 et
2968 4782 3081 4821 ecce
3103 4762 3417 4833 illic(MattIt

1865 4885 1992 4923 xxiv
2019 4908 2035 4934 ,
2088 4867 2213 4938 25),
2257 4867 2400 4921 sicut
2447 4863 2605 4918 modo
2645 4862 2872 4915 audistis
2914 4874 3036 4913 cum
3094 4853 3444 4922 Evangelinm

1864 4961 2156 5030 legeretur,
2184 4972 2305 5010 cum
2339 4956 2427 5009 ille
2455 4963 2623 5008 totum
2646 4954 2832 5007 orbem
2858 4950 3049 5003 emerit
3079 4946 3202 5015 quia
3233 4954 3443 4996 tantum

1866 5049 2095 5118 pretium
2144 5046 2312 5108 dedit,
2342 5043 2430 5098 ille
2460 5052 2714 5112 tanquam
2746 5042 2797 5095 in
2833 5040 3077 5094 uroximo
3104 5030 3436 5089 scandaliza-

1867 5148 1973 5204 tur,
2004 5154 2032 5191 a
2065 5137 2186 5191 luna
2220 5136 2414 5189 uritur.
2454 5153 2473 5186 ι

1934 5230 2150 5285 Falsum
2201 5237 2283 5283 est
2331 5226 2491 5296 igitur
2539 5224 2680 5294 quod
2702 5224 2767 5277 de
2797 5233 3022 5288 corpore
3066 5211 3269 5269 Christi
3316 5224 3345 5262 a
3388 5217 3440 5263 te

1862 5323 2103 5380 creditur
2132 5329 2186 5375 et
2208 5319 2489 5373 astruitur.
2526 5318 2666 5384 Ergo
2697 5330 2820 5368 vera
2850 5322 2931 5364 est
2958 5308 3075 5377 ejus
3096 5299 3245 5365 caro,
3278 5316 3437 5369 quam

1861 5414 2180 5484 accipimus,
2208 5420 2261 5464 et
2286 5425 2445 5464 verus
2470 5416 2553 5464 est
2592 5408 2709 5477 ejus
2735 5402 2953 5471 sanguis
2983 5412 3138 5468 quem
3164 5404 3435 5465 potamus.

231 5588 426 5669 Elplicit
466 5610 592 5668 liber
631 5614 764 5670 beati
805 5613 1092 5687 Lunfmnci
1142 5615 1537 5674 Cantuariensts
1585 5616 1955 5697 archiepiscopi
2005 5614 2079 5671 De
2128 5627 2345 5685 corpore
2381 5619 2428 5665 ct
2481 5605 2731 5677 sanguine
2775 5598 2982 5656 Domini
3020 5606 3197 5652 contra
3241 5592 3415 5648 Berea

1687 5702 1916 5758 gurtum.
