3864 6300
166 435 273 490 HS

163 565 468 623 perpauca,
502 560 563 605 el
592 553 925 607 mutavimus
949 553 1220 617 nonnulla,
1243 561 1297 607 et
1319 553 1550 605 maxime
1574 550 1626 603 in
1652 548 1788 602 cele-
1818 546 1865 600 Δ

161 642 391 699 hrandis
427 642 783 711 quibusdam
813 642 984 706 festis,
1012 643 1363 697 excellentius
1392 644 1445 696 in
1479 649 1659 694 nostra
1687 639 1787 694 Ec-

160 733 323 787 clesia
355 740 653 800 oportere
682 748 743 787 ea
770 734 853 802 agi
888 744 1175 789 censentes
1195 773 1211 797 ,
1242 742 1461 802 propter
1498 732 1783 801 primatem

160 825 365 879 sedem.
409 822 473 877 In
513 824 732 892 quibus
772 840 872 879 nec
912 824 1066 879 nobis
1095 825 1184 894 qui
1222 819 1512 893 pries'entes
1556 836 1740 877 smnus
1765 862 1780 886 ,

159 931 253 969 nec
283 916 352 966 iis
382 914 484 981 qui
522 924 664 983 post
699 930 797 968 nos
819 915 1029 968 venturi
1053 924 1207 978 sunt,
1245 915 1296 967 in
1323 914 1503 982 aliquo
1534 912 1783 982 pra'judi-

160 1019 369 1068 camus,
406 1012 472 1056 ut
505 1019 633 1058 non
660 1005 742 1058 vel
772 1005 851 1059 eis
876 1005 1106 1067 addere,
1138 1003 1220 1058 vel
1251 1004 1319 1057 ab
1344 1005 1422 1058 eis
1447 1004 1664 1066 tollere,
1695 1004 1778 1057 vel

160 1096 211 1148 in
240 1095 322 1147 eis
362 1105 710 1163 permutare
736 1096 916 1164 aliqua
952 1096 1256 1167 valeamus,
1287 1082 1329 1149 si
1362 1096 1517 1148 aliter
1542 1110 1601 1148 ea
1635 1110 1780 1149 cont-

161 1186 375 1239 modius
400 1201 586 1254 posse
621 1188 764 1250 tieri,
799 1187 879 1241 vel
908 1188 1161 1257 magistra
1192 1188 1427 1251 ratione,
1456 1187 1537 1241 vel
1569 1187 1778 1241 doctio-

162 1293 276 1331 rum
333 1284 697 1333 auctoritate
745 1279 1128 1346 intelligamus.
1177 1278 1582 1344 Quantumlibet
1628 1281 1771 1332 enim

160 1368 449 1437 quisquam
490 1370 757 1438 proficiat
778 1409 793 1433 ,
825 1370 1090 1422 maximus
1117 1369 1163 1421 ei
1206 1369 1447 1423 defectus
1472 1377 1557 1421 est
1580 1369 1768 1422 existi-

163 1476 307 1514 mare
352 1476 416 1514 se
453 1461 612 1514 ultra
658 1479 762 1515 non
807 1476 966 1530 posse
1010 1463 1310 1528 proficere;
1352 1475 1475 1512 nam
1516 1475 1769 1514 numerus

163 1552 383 1605 fmtrum
414 1563 654 1615 auctus,
686 1553 770 1607 vel
807 1552 1135 1616 diniinutus,
1166 1551 1447 1607 facultates
1482 1550 1722 1611 locorum
1747 1590 1766 1618 ,

162 1643 463 1696 varietates
508 1658 739 1707 rerum,
768 1659 887 1713 quae
922 1659 1063 1712 saepe
1094 1645 1378 1709 eveniunt,
1423 1643 1764 1721 diversitates

162 1747 442 1797 sensuum,
470 1734 635 1802 quod
658 1734 747 1787 alii
770 1735 984 1803 quidem
1009 1736 1109 1799 sic,
1142 1746 1195 1790 et
1215 1736 1301 1788 alii
1327 1736 1403 1790 sic
1433 1734 1759 1803 intelligunt,

164 1825 417 1892 pleraque
473 1825 577 1877 diu
639 1835 896 1891 servata,
949 1827 1262 1896 plerumque
1310 1828 1467 1881 aliter
1519 1827 1757 1881 ordinari

161 1914 531 1980 compellunt;
571 1915 705 1970 binc
725 1926 808 1969 est
830 1918 969 1985 quod
995 1916 1134 1969 nulla
1169 1917 1277 1971 fere
1298 1917 1531 1971 Ecclesia
1557 1917 1757 1974 imitari

168 2003 316 2054 aliam
352 2017 453 2070 per
483 2004 681 2056 omnia
719 2014 912 2073 potest.
954 2005 1083 2058 Illud
1125 2015 1301 2059 tamen
1341 2005 1649 2059 cautissime
1679 2015 1759 2058 at-

167 2090 491 2143 tendendum
524 2101 619 2145 est
652 2102 709 2144 ut
740 2107 821 2155 ea,
850 2095 966 2148 sine
996 2094 1189 2162 quibus
1215 2094 1389 2148 anima
1422 2094 1618 2147 salvari
1654 2108 1757 2147 non

169 2188 350 2249 potest,
387 2180 660 2234 omnibus
699 2182 872 2236 modis
918 2182 1169 2236 inviolata
1222 2192 1502 2243 serventur
1538 2201 1550 2235 :
1600 2182 1755 2235 fidem

168 2271 277 2325 dico
298 2312 313 2334 ,
350 2281 742 2342 contemptum
786 2274 1002 2338 mundi,
1031 2274 1381 2338 ebaritatem,
1413 2275 1754 2338 castitatem,

170 2357 557 2426 humilitatem,
592 2363 940 2431 patientiatn,
974 2365 1358 2429 obedientiam,
1389 2366 1457 2418 de
1485 2376 1759 2435 perpetra-

173 2450 233 2502 tis
262 2451 435 2521 culpis
465 2454 901 2522 pwnitndinem,
935 2471 1226 2525 earumque
1252 2456 1506 2519 humilem
1547 2457 1758 2510 confes-

174 2540 391 2606 sionem,
437 2542 765 2611 frequentes
790 2546 1079 2605 orationes.
1115 2559 1427 2615 competens
1463 2545 1731 2602 silentium

176 2630 439 2700 multaque
467 2634 523 2688 in
551 2635 701 2690 hunc
723 2637 958 2691 modum.
988 2638 1110 2692 "me
1129 2639 1215 2693 ubi
1240 2648 1544 2705 servantur,
1577 2642 1759 2694 rectis-

178 2720 299 2776 sime
327 2734 511 2792 potest
545 2728 656 2781 dici
696 2728 931 2798 regulam
979 2729 1117 2784 beati
1147 2730 1442 2796 Benedicti,
1468 2742 1522 2787 et
1563 2749 1753 2787 mona«

178 2813 387 2868 chorum
416 2817 492 2871 ibi
522 2819 775 2873 ordinem
800 2822 1086 2887 custodiri,
1118 2838 1330 2893 quoquo
1357 2826 1516 2881 modo
1542 2827 1754 2881 varien-

179 2911 254 2956 tur
282 2915 500 2971 caetera,
535 2924 662 2978 quae
696 2925 793 2979 pro
822 2912 1048 2966 arbitrio
1081 2912 1412 2968 diversorum
1441 2915 1493 2969 in
1525 2917 1754 2972 diversis

182 3002 294 3046 sunt
335 2998 611 3053 coenobiis
660 2999 938 3064 instituta;
1000 3000 1295 3068 cujusmodi
1337 3013 1463 3058 sunt
1507 3006 1650 3073 quod
1698 3008 1749 3061 in

180 3086 447 3154 praecipuis
488 3090 928 3147 solemnitatibus
979 3093 1103 3148 alibi
1156 3094 1208 3147 in
1258 3096 1453 3150 tunicis
1499 3105 1747 3163 tantum,

185 3187 304 3241 quos
330 3178 508 3234 frocos
544 3191 772 3247 vocant,
816 3192 868 3238 et
897 3184 1023 3240 alibi
1066 3185 1117 3239 in
1162 3187 1298 3240 albis
1324 3198 1378 3242 et
1404 3204 1590 3259 cappis
1622 3205 1750 3244 can—

185 3275 315 3324 tores
355 3273 420 3326 ad
468 3289 733 3346 vesperas
775 3281 1173 3348 responsorimn
1224 3290 1457 3346 canunt;
1508 3286 1650 3353 quod
1696 3285 1747 3338 in

188 3357 369 3414 eisdem
398 3362 816 3432 festivitatibus,
864 3369 915 3423 in
958 3370 1077 3426 aliis
1124 3371 1256 3428 locis
1294 3376 1345 3428 in
1377 3374 1511 3430 albis
1550 3374 1752 3428 solum-

187 3450 357 3517 modo,
403 3464 457 3509 et
496 3458 550 3511 in
591 3458 747 3525 aliis,
789 3463 970 3532 rappis
1008 3465 1171 3519 etiam
1207 3466 1376 3521 induti
1412 3469 1744 3537 procedunt;

190 3544 314 3607 quod
340 3544 390 3599 in
421 3550 750 3617 quibusdam
781 3553 1044 3608 cmuobiis
1075 3555 1271 3619 viceni,
1305 3556 1385 3610 vel
1415 3557 1621 3618 triceni,
1655 3565 1749 3610 aut

187 3629 321 3699 plus,
359 3646 450 3690 aut
494 3640 682 3694 minus
721 3641 878 3695 simul
920 3642 1207 3709 in'alveis,
1246 3654 1300 3698 et
1332 3646 1385 3699 in
1427 3647 1747 3715 quibusdam

190 3723 363 3793 singuli
408 3729 461 3783 in
515 3732 744 3802 singulis
789 3734 984 3789 catinis
1033 3737 1195 3804 pedes
1243 3737 1293 3792 in
1343 3737 1580 3792 claustro
1622 3746 1747 3795 ante

190 3815 481 3872 mandatum
503 3820 762 3885 abluunt;
784 3825 922 3891 quod
945 3824 1199 3893 pleraque
1217 3829 1537 3882 monasteria
1563 3845 1746 3885 mense

192 3897 491 3975 Februario,
536 3920 809 3967 transacta
849 3914 1014 3967 beata:
1052 3915 1232 3970 Mariae
1268 3920 1589 3984 festivitate,
1630 3922 1747 3975 otii-

192 3991 313 4048 cium
335 4011 669 4083 mortuorum
687 4015 799 4074 post
818 4004 1242 4076 zsﬁvesperas
1260 4009 1439 4063 dicere
1463 4012 1741 4079 incipiunt,

193 4092 238 4136 et
260 4086 497 4162 pleraque
531 4111 705 4167 usque
744 4098 811 4151 ad
843 4097 1302 4168 Septuagesimam
1348 4102 1741 4171 praestolamur.

192 4172 338 4244 Hujus
378 4188 592 4251 generis
645 4186 869 4255 plurima
913 4189 1017 4241 alia
1066 4190 1305 4246 existunt
1348 4208 1467 4260 qua:
1518 4209 1615 4262 pro
1662 4196 1743 4250 sui

193 4269 473 4333 prolixitate
520 4279 755 4332 breviter
810 4283 1115 4336 enumerari
1169 4299 1273 4338 non
1324 4296 1569 4353 possunt.
1619 4286 1745 4344 Hine

196 4364 347 4447 tamen
380 4380 516 4435 ipsa,
554 4380 838 4438 postquam
871 4373 1135 4426 servanda
1175 4373 1430 4441 subjectis
1455 4393 1483 4429 a
1516 4379 1742 4447 pastori-

192 4441 277 4501 bus
312 4455 642 4523 ordinantur,
681 4460 749 4513 ab
793 4460 888 4523 iis,
935 4476 1163 4530 quorum
1201 4471 1309 4517 tota
1359 4465 1467 4518 vita
1516 4441 1570 4520 in
1607 4469 1735 4521 obe-

1206 437 1513 494 DECRETA
1557 432 1693 490 PRO
1730 430 1986 490 ORDINE
2025 430 2082 485 S.
2117 426 2494 484 BENEDICTI.

3345 419 3454 475 “6

2406 535 2630 591 CAPUT
2669 534 2956 589 PRIMUM.

2302 641 2626 682 IIRDINARIUN
2670 643 2792 681 ΤΟΤΙ
2804 641 2864 681 US
2903 640 3045 679 ANNI-

1959 721 2156 775 SEc'rto
2194 718 2233 772 Ι.
2269 748 2339 758 —
2365 718 2440 770 Ab
2479 716 2691 770 Octobri
2726 715 2793 768 ad
2831 714 3116 775 Adventum
3159 711 3385 764 Domini.

1955 812 2209 867 Kalendis
2240 810 2489 865 Octobris
2531 818 2805 862 remaneat
2837 804 3132 858 meridiana
3171 817 3329 869 quam
3372 802 3453 852 fa-

1881 925 2005 964 cere
2039 908 2212 976 solent
2247 905 2494 959 monachi
2544 904 2597 956 in
2642 909 2854 964 a‘state;
2900 914 2927 953 a
2970 897 3243 952 Dominica
3281 895 3452 963 prima

1882 1000 2039 1067 hujus
2079 998 2280 1052 mensis
2318 1003 2584 1057 cantetur,
2625 1001 2678 1046 et
2720 993 2926 1062 legatur
2962 991 3027 1044 de
3062 989 3213 1042 libris
3243 985 3457 1039 Macha-

1879 1090 2115 1142 lueornm
2148 1103 2318 1155 usque
2349 1086 2412 1138 ad
2450 1083 2799 1138 festivitatem
2835 1080 3072 1134 omnium
3107 1076 3442 1131 Sanctorum.

1876 1178 2153 1233 Canantur
2181 1175 2364 1247 hymni
2403 1172 2696 1228 Dominicis
2725 1170 2911 1223 diebus
2943 1182 3110 1235 usque
3139 1167 3205 1219 ad
3234 1163 3452 1217 Adven-

1875 1278 1985 1321 tum
2022 1267 2261 1326 Domini;
2312 1264 2376 1317 ad
2418 1272 2680 1318 nocturna
2726 1253 2904 1311 Primo
2941 1258 3144 1309 dierum
3188 1253 3450 1312 omnium;

1871 1356 1937 1408 ad
1975 1355 2160 1409 laudes
2197 1354 2420 1408 zEtern‘e
2465 1367 2635 1405 rerum
2670 1334 2945 1411 Conditor.
2978 1344 3205 1399 Privatis
3234 1339 3444 1403 diebus,

1871 1455 1991 1515 post
2027 1445 2287 1498 matutina
2328 1457 2497 1512 usque
2529 1442 2593 1495 ad
2638 1439 2986 1495 festivitatem
3023 1435 3262 1505 omnium
3309 1430 3448 1486 San-

1868 1543 2098 1598 ctorum,
2131 1542 2473 1587 revertantur
2508 1533 2573 1585 ad
2596 1529 2761 1584 lectos
2789 1541 2946 1590 suos;
2982 1524 3323 1578 illucescente
3354 1533 3453 1572 au-

1871 1633 1975 1676 tem
1992 1625 2099 1685 die,
2118 1606 2359 1691 pulsetur
2380 1638 2407 1675 a
2433 1622 2653 1676 custode
2669 1617 2917 1672 Ecclesia:
2937 1614 3215 1685 parvulum
3238 1613 3448 1681 signum

1870 1710 2097 1766 modice.
2140 1711 2432 1778 Surgentcs
2472 1709 2668 1765 fratres
2710 1710 2761 1763 in
2794 1704 3195 1762 uocturnalibus
3227 1702 3359 1764 suis,
3395 1712 3448 1755 et

1865 1800 2127 1869 infantes,
2156 1811 2209 1856 et
2233 1800 2460 1873 juvenes
2488 1817 2611 1855 eum
2658 1798 3011 1853 luminarilms
3041 1796 3152 1849 suis
3178 1834 3193 1859 ,
3225 1793 3447 1847 veniant

1793 1888 1833 1944 Β
1864 1876 1917 1943 in
1953 1890 2271 1953 ecclesiam,
2308 1902 2363 1945 et
2401 1890 2539 1946 facta
2570 1891 2818 1944 oratione
2852 1896 3069 1943 cantent
3100 1886 3361 1954 primam,
3393 1890 3446 1935 et

1862 1977 2099 2044 psalmos
2138 1977 2437 2032 familiares
2482 1986 2603 2031 cum
2649 1977 2762 2030 suis
2812 1974 3092 2038 collectis,
3140 1980 3191 2025 et
3241 1979 3443 2039 septem

1861 2068 2095 2137 psalmos
2125 2075 2181 2139 et
2208 2067 2472 2128 litaniam.
2513 2066 2638 2136 bule
2668 2074 2928 2120 exeuntes
2957 2066 3176 2118 sedeant
3205 2078 3259 2116 in
3292 2070 3441 2113 etau-

1859 2166 1996 2211 stro.
2035 2158 2197 2212 Pueri
2240 2174 2367 2212 vero
2398 2158 2642 2227 primitus
2672 2158 2778 2212 alte
2824 2157 3028 2227 legant,
3061 2165 3112 2210 et
3150 2162 3361 2223 postea,
3399 2153 3443 2206 si

1858 2264 1994 2316 opus
2018 2250 2198 2317 fuerit,
2224 2258 2457 2303 cantent.
2485 2249 2640 2304 Omni
2663 2259 2923 2318 tempore,
2951 2259 3236 2316 antequam
3267 2253 3445 2314 tegant

1861 2335 2115 2402 infantes,
2148 2338 2323 2393 nullus
2354 2339 2403 2392 iu
2436 2338 2670 2392 claustro
2696 2339 2838 2408 legat
2876 2348 2969 2392 aut
2997 2347 3207 2400 cantet,
3251 2338 3350 2390 nisi
3389 2338 3440 2389 in

1866 2425 2103 2489 silentio,
2138 2442 2236 2481 nec
2262 2427 2326 2480 ad
2356 2426 2752 2481 confessionem
2782 2436 2986 2497 pergat,
3019 2428 3319 2494 Antequam
3353 2442 3439 2478 so-

1860 2524 1950 2570 net
1994 2517 2204 2585 signum
2237 2515 2301 2569 ad
2336 2527 2653 2584 apparatum
2708 2518 2879 2571 tertite
2931 2516 3107 2570 nullus
3153 2516 3354 2569 calcect
3383 2532 3441 2568 se

1857 2602 2194 2659 diurnalibus
2223 2606 2356 2668 suis,
2385 2607 2623 2674 exceptis
2654 2606 2718 2659 iis
2742 2606 2934 2674 quibus
2964 2615 3114 2659 extra
3145 2605 3436 2659 claustrum

1857 2709 1988 2748 cura
2044 2694 2368 2748 obedientia:
2424 2695 2664 2764 injuneta
2722 2705 2801 2749 cst
2834 2736 2847 2760 ,
2906 2704 2960 2749 et
3012 2695 3063 2748 hi
3128 2696 3436 2767 priusquam

1855 2794 2053 2839 exeant
2090 2783 2485 2853 aliquantulum
2514 2786 2565 2838 in
2608 2785 2847 2840 claustro
2886 2784 3072 2839 sedere
3110 2785 3305 2838 debent.
3330 2825 3344 2844 .
3386 2793 3439 2838 et

1856 2886 2175 2944 exspectare
2216 2884 2273 2927 ut
2314 2874 2464 2943 prius
2509 2876 2742 2931 infantes
2786 2876 2838 2929 in
2887 2875 3037 2930 stolis
3085 2875 3195 2929 suis
3237 2874 3432 2942 legant.

1852 2963 1983 3018 Cum
2020 2965 2263 3033 appropii
2286 2964 2534 3034 quaverit
2568 2975 2776 3035 tempus
2802 2964 2946 3018 horae
2974 2964 3164 3027 tertiae,
3195 2963 3437 3031 pulsetur

1855 3068 1883 3107 a
1922 3054 2215 3108 secretario
2253 3053 2464 3108 modice
2495 3052 2706 3123 signum
2749 3053 3064 3115 tninimum,
3105 3067 3262 3121 quam
3305 3049 3433 3104 skil-

1854 3139 1959 3194 lam
1988 3141 2099 3211 (59)
2130 3150 2347 3206 vocant,
2378 3150 2433 3195 et
2468 3142 2649 3217 statim
2684 3150 2912 3209 pergant
2943 3142 2992 3194 in
3025 3140 3395 3194 donnilorium
3418 3180 3432 3202 ,

1776 3229 1822 3290 C
1852 3238 1904 3284 et
1948 3232 2193 3286 calceent
2232 3246 2291 3285 se
2330 3230 2697 3296 diurnalibus,
2731 3239 2787 3285 et
2833 3229 3077 3284 cultellos
3127 3229 3429 3298 accipiant;

1851 3320 2043 3375 deinde
2076 3323 2143 3374 ad
2181 3322 2501 3376 lavatorium
2534 3324 2766 3384 vadant,
2797 3330 2851 3375 et
2880 3310 3028 3390 prius
3058 3320 3232 3374 lavent
3261 3336 3344 3380 se,
3378 3328 3433 3373 et

1849 3416 2033 3473 postea
2056 3409 2353 3475 pectinem;
2379 3410 2571 3464 deliine
2595 3409 2659 3463 ad
2678 3409 2960 3463 ecclesiam
2977 3410 3216 3474 veniant,
3236 3423 3428 3476 aquam

1849 3490 2183 3546 benedictam
2222 3502 2480 3559 sumant,
2518 3495 2572 3547 in
2611 3493 2834 3547 chorum
2876 3492 3107 3556 vadant,
3138 3501 3192 3546 et
3224 3493 3430 3545 incnma

1849 3582 2038 3636 bentes
2067 3592 2222 3636 terra:
2250 3582 2483 3638 infantes
2511 3591 2843 3653 exspectent.
2874 3583 3006 3638 Cum
3036 3597 3165 3639 vero
3196 3582 3429 3639 infantes

1846 3671 1938 3729 loti
1968 3673 2187 3732 fuerint.
2214 3682 2269 3727 et
2294 3688 2352 3729 se
2374 3675 2651 3744 pectinare
2680 3675 3021 3744 incmper’mt,
3046 3676 3429 3746 pulsetnr‘ma-

1840 3763 1930 3833 jus
1957 3763 2168 3829 signum
2205 3764 2271 3816 ad
2301 3762 2512 3818 horam.
2550 3758 2883 3819 Acoedentes
2911 3774 2965 3818 et
2995 3765 3091 3834 ipsi
3131 3766 3197 3817 ad
3226 3780 3425 3832 aquam

1844 3851 2179 3906 benedictam
2228 3852 2282 3907 in
2324 3854 2546 3907 chorum
2594 3853 2848 3915 veniant,
2899 3863 2970 3916 et,
2996 3852 3217 3906 dimisso
3246 3854 3425 3921 signo,

1844 3958 2031 3997 omnes
2068 3944 2227 3999 simul
2278 3956 2385 3999 tres
2430 3946 2705 4000 orationes
2751 3944 2971 3998 faciant.
3018 3944 3220 4011 Quibus
3268 3942 3423 3994 factis

1846 4035 2085 4104 pulsetur
2116 4037 2293 4092 minus
2328 4038 2572 4106 signum,
2606 4047 2660 4091 et
2695 4032 2921 4091 canatur
2955 4034 3131 4105 tertia.
3168 4033 3424 4087 luchoato

1845 4126 2052 4196 psalmo
2094 4127 2339 4183 Miserere
2372 4130 2506 4193 mei,
2537 4128 2708 4191 Deus,
2740 4126 3022 4197 surgentes
3053 4126 3268 4179 missam
3309 4140 3422 4177 ma-

1849 4218 2132 4271 tutinaletn
2163 4217 2466 4282 celebrent,
2498 4227 2624 4272 ante
2651 4226 2707 4270 et
2736 4226 2881 4270 retro
2908 4216 3105 4268 faciant
3130 4253 3144 4277 ,
3173 4224 3227 4267 et
3253 4229 3312 4268 se
3338 4214 3420 4267 in~

1844 4308 2012 4361 duete
2051 4316 2297 4375 pergant.
2339 4302 2620 4361 Celebrate
2669 4308 2833 4361 inissa
2881 4305 3331 4360 sedeantomnes
3364 4304 3418 4358 in

1843 4398 2029 4461 choro,
2063 4407 2256 4465 praeter
2286 4396 2495 4465 aliquos
2523 4400 2838 4460 conversos,
2874 4397 2964 4466 qui
3000 4399 3335 4452 sacerdotem
3365 4404 3419 4450 et

1843 4504 1937 4544 eos
1962 4490 2051 4558 qui
2081 4489 2145 4543 ad
2169 4490 2386 4543 missam
2413 4489 2717 4543 servierunt
2741 4487 2996 4556 adjuvare
3021 4488 3233 4541 debent.
3263 4485 3417 4553 Qsod
3440 4488 3443 4491 ’

194 4536 364 4646 ξ¹¹θ⁸¹ίίει
394 4549 495 4605 Sila
537 4561 655 4617 εει,
697 4554 811 4607 Sine
841 4554 995 4623 clllpa
1036 4557 1256 4610 υιῖηίῐιιο
1285 4557 1574 4616 νῖοιθηιηνο
1612 4561 1735 4618 inde
1766 4568 1810 4626 υ
1837 4592 1957 4631 eum
1979 4536 2340 4646 lexpleverint,
2367 4578 2590 4631 redeant
2618 4588 2674 4631 et
2722 4536 2824 4646 ipsi
2870 4577 2925 4631 iu
2974 4576 3219 4631 chorum.
3244 4536 3414 4642 Timr,

195 4642 301 4687 vero
336 4653 483 4696 nemo
530 4646 797 4712 turbetur,
835 4648 976 4716 quod
1022 4648 1075 4702 in
1113 4657 1345 4704 tractatu
1390 4668 1572 4706 earum
1609 4670 1737 4709 con-

195 4729 502 4816 suetudinum
543 4751 739 4792 nomen
786 4739 996 4795 abbatis
1040 4749 1277 4806 tantum,
1323 4759 1427 4798 non
1458 4746 1691 4816 episcopi
1717 4788 1732 4813 ,

194 4811 263 4863 vel
292 4822 697 4898 archiepiscopi,
730 4830 948 4898 ponitur
977 4849 990 4885 :
1036 4834 1167 4887 ordo
1206 4835 1403 4905 quippe
1439 4811 1732 4893 monacho?

199 4912 295 4955 Tum
329 4908 658 4983 describitur,
703 4935 932 4989 quorum
986 4938 1081 4991 per
1126 4925 1348 4982 abbates
1400 4928 1733 4998 frequentius

198 5000 452 5091 ‘l'lflltt‘per
477 5009 743 5064 antistites
774 5011 884 5066 vita
913 5012 1231 5082 disponitur,
1264 5020 1510 5085 quamvis
1548 5029 1603 5074 et
1630 5021 1730 5090 ipsi

203 5087 455 5183 antistites,
496 5098 542 5152 si
587 5108 866 5168 paternam
912 5117 1097 5158 curam
1147 5106 1261 5162 vice
1302 5108 1505 5165 Christi
1552 5087 1728 5181 subje-

202 5177 284 5271 alis
318 5181 418 5238 suis
449 5186 791 5260 impendant,
838 5210 942 5249 non
990 5196 1220 5254 absurde
1255 5202 1474 5259 abba‘es
1497 5244 1512 5271 ,
1557 5206 1608 5260 id
1644 5177 1727 5263 est

205 5253 397 5367 ξ’θίτεε.
440 5293 668 5353 congruo
720 5284 832 5340 suis
881 5288 1097 5342 actibus
1148 5293 1408 5347 vocabulo
1464 5297 1722 5367 appellari

204 5360 384 5452 tjtteaut.
412 5364 542 5426 Deus
573 5374 720 5442 pacis
738 5383 801 5435 et
833 5375 1140 5432 dilectionis
1175 5380 1449 5438 vobiscum
1474 5360 1723 5452 maneat,

206 5448 366 5539 έξίνεθ
387 5468 506 5521 pace
529 5472 582 5516 et
610 5464 896 5521 dilectione
930 5482 1026 5521 sua
1059 5483 1153 5523 vos
1184 5470 1409 5539 repleat,
1436 5482 1491 5527 et
1518 5475 1585 5529 ab
1609 5448 1724 5535 om;

205 5528 332 5588 nibus
356 5549 573 5607 peccatis
597 5552 891 5610 clementer
916 5556 1177 5612 absolvat.
1207 5528 1407 5616 A-inen.
1428 5528 1619 5619 Anien.

227 5822 240 5831 ,
263 5744 353 5827 (59)
385 5759 499 5823 Aliis
525 5768 692 5839 scilla,
729 5785 822 5828 seu
852 5768 1064 5844 Squilla,
1096 5772 1151 5829 id
1176 5781 1257 5830 est
1284 5775 1623 5846 campanula.

1832 4668 2056 4737 jnbcnte
2094 4669 2318 4733 abbate,
2357 4669 2505 4738 prior
2535 4677 2688 4723 sonet
2726 4669 2938 4738 signum
2977 4667 3260 4722 minimum
3316 4666 3416 4719 De-

1838 4759 1961 4813 inde
2000 4766 2126 4813 eant
2164 4773 2351 4813 omnes
2400 4759 2453 4813 in
2496 4760 2799 4828 capitulum
2828 4760 2933 4815 duo
2979 4768 3034 4813 et
3076 4760 3181 4814 duo
3207 4798 3221 4823 ,
3275 4757 3416 4813 sicut

1836 4860 1958 4905 sunt
1996 4852 2237 4921 priores,
2269 4850 2505 4920 majores
2534 4851 2743 4919 primo,
2772 4860 2957 4918 postea
2997 4849 3249 4905 infantes.
3285 4846 3417 4902 Per-

1836 4951 1959 4996 acto
2000 4942 2255 5011 capitulo,
2300 4941 2508 5009 pulsata
2554 4941 2750 5005 tabula,
2795 4942 2940 4996 dicto
2985 4943 3054 4996 ab
3098 4942 3291 4995 abbate
3332 4939 3413 4993 vel

1838 5031 2017 5101 priore
2063 5032 2389 5096 Beuedicile,
2440 5031 2725 5101 loquentur
2772 5032 2826 5087 in
2871 5032 3126 5087 claustro.
3178 5028 3414 5084 Infantes

1836 5118 2131 5191 capitulum
2163 5135 2319 5174 suum
2370 5128 2619 5184 teneant,
2659 5129 2712 5173 et
2748 5130 2932 5190 postea
2972 5120 3023 5172 in
3068 5115 3408 5171 refectorinm

1834 5217 2078 5280 pergant.
2100 5208 2227 5263 Post
2271 5218 2481 5265 sextam
2532 5209 2710 5264 nullus
2753 5209 2806 5263 in
2851 5210 3089 5263 claustro
3133 5206 3405 5273 loquatur,

1834 5298 2005 5353 donec
2051 5297 2281 5352 infantes
2314 5298 2379 5350 de
2425 5299 2752 5353 monasterio
2792 5306 3030 5359 exeant,
3060 5305 3114 5350 et
3154 5294 3409 5350 minimus

1830 5401 2014 5440 eorum
2062 5386 2168 5439 alta
2205 5401 2335 5440 voce
2371 5384 2667 5438 Beuedicite
2713 5385 2892 5448 dicat,
2939 5382 3082 5437 facto
3126 5380 3407 5435 intervallo

1831 5475 2037 5545 pulsata
2065 5474 2131 5529 ad
2160 5486 2475 5545 apparatum
2508 5474 2684 5528 missa:
2716 5471 2899 5536 skilla,
2933 5472 3144 5542 pulsato
3173 5471 3239 5524 ad
3272 5469 3409 5524 niis-

1828 5582 1940 5622 sam
1971 5570 2124 5638 signo
2162 5568 2406 5623 oratione
2438 5564 2576 5621 facta
2615 5564 2827 5619 dicatur
2856 5563 2923 5619 ab
2948 5563 3150 5620 infante
3174 5562 3359 5616 litauia
3383 5599 3400 5625 ,
