3864 6300
356 426 460 478 ΛΠ

1398 421 1459 475 B.
1500 418 1894 474 LANFBANCI
1924 415 2277 473 CANTUAR.
2320 420 2640 479 ARCHIEP.

3525 426 3645 483 468

359 528 652 599 induantur
672 539 761 609 qui
794 537 1118 593 celebraturi
1163 546 1289 591 sunt
1322 538 1575 601 missam,
1612 545 1668 589 et
1693 534 1945 589 servituri
1982 543 2023 596 Α
2056 537 2237 592 videre
2266 544 2501 608 qualiter
2546 561 2609 599 se
2650 546 2883 600 habeant
2918 547 3165 616 magistri
3219 559 3279 605 et
3304 550 3541 617 infantes,
3578 566 3643 608 et

362 641 489 688 sunt
509 632 577 686 ad
604 631 847 685 missam.
876 628 1076 695 Quarta
1102 636 1156 681 et
1186 636 1335 680 sexta
1368 626 1502 680 feria
1530 626 1573 680 si
1604 634 1723 694 post
1747 634 1958 678 sextam

366 732 421 777 et
458 731 587 776 ante
628 712 848 774 missam
878 731 972 788 per
1000 717 1293 772 claustrum
1330 715 1637 787 processuri
1670 722 1823 777 sunt,
1853 729 1959 767 non

370 812 617 883 pulsetur
639 809 795 863 skilla
821 810 886 863 ad
913 817 1228 877 apparatum
1257 807 1456 868 missm,
1484 805 1577 860 sed
1602 820 1721 859 eum
1748 812 1960 872 tempus

368 901 736 973 processionis
778 900 1103 954 secretarius
1150 898 1354 952 instare
1389 895 1764 965 prospexerit,
1808 901 1962 947 sonet

366 1011 533 1051 unum
557 995 624 1049 de
648 992 1009 1048 mediocribus
1032 990 1229 1060 signis;
1259 1004 1364 1059 quo
1389 985 1963 1054 audito,statimsilen—

369 1087 505 1139 tium
536 1086 630 1138 fiat
660 1085 711 1138 in
739 1083 995 1137 claustro.
1022 1081 1357 1135 DiSc:1lt:eent
1386 1095 1462 1141 se,
1493 1092 1683 1132 manus
1714 1076 1958 1139 abluant,

369 1177 425 1232 in
455 1175 738 1230 ecclesiam
770 1175 996 1236 vadant,
1041 1172 1293 1238 factaque
1323 1169 1600 1236 oratione,
1634 1178 1689 1223 et
1734 1164 1962 1236 pulsatis

372 1270 581 1323 duobus
619 1267 787 1337 signis
808 1308 823 1331 ,
854 1265 1013 1319 dictis
1041 1280 1158 1334 qua:
1190 1264 1293 1316 dici
1325 1262 1528 1325 solent,
1558 1278 1958 1331 processtonem

370 1359 573 1413 faciant
609 1361 752 1412 sicut
787 1358 838 1411 in
867 1356 1067 1410 eisdem
1101 1354 1291 1408 diebus
1322 1356 1374 1406 in
1414 1352 1871 1420 Quadragesima,
1906 1361 1961 1404 ct

371 1447 426 1501 in
454 1456 674 1510 :estate,
706 1448 773 1499 de
801 1461 905 1513 qua
934 1443 1201 1514 posterius
1230 1443 1515 1496 dicendum
1544 1453 1656 1505 est;
1684 1449 1804 1509 post
1833 1441 1959 1493 mis-

369 1557 487 1598 sam
536 1541 750 1610 pulsato
798 1539 951 1610 signo
994 1549 1185 1607 agatur
1230 1546 1443 1601 oratio;
1493 1545 1613 1602 post
1658 1543 1958 1588 orationem

369 1634 572 1688 vadant
594 1636 647 1687 in
672 1632 1016 1687 refectorium
1035 1643 1285 1699 acetpere
1309 1629 1524 1682 mistum
1552 1625 1956 1681 hebdomadarii

370 1727 647 1795 coquinte,
680 1731 735 1779 et
767 1738 964 1777 meusm
995 1723 1183 1775 lector.
1226 1720 1280 1774 Si
1317 1735 1443 1773 vero
1474 1720 1563 1773 alii
1592 1719 1699 1773 sint
1733 1718 1822 1786 qui
1862 1734 1958 1787 pro

372 1817 606 1871 utilitate
630 1815 875 1870 ecclesia:
899 1814 1085 1883 majori
1113 1813 1289 1867 missa:
1316 1828 1419 1866 non
1444 1811 1648 1880 possint
1674 1811 1952 1868 interesse,

2064 642 2160 695 per
2191 629 2304 684 loca
2331 632 2434 685 alia
2463 635 2550 687 ubi
2578 637 2946 691 necessarium
2976 654 3095 693 esse
3122 645 3473 710 perspexerit.
3499 646 3641 700 Cum

2065 728 2276 788 tempus
2320 723 2502 789 fuerit,
2542 737 2751 796 pulsato
2798 728 2989 799 signo,
3048 731 3394 786 venientibus
3441 736 3639 801 pueris.

2065 812 2202 866 facta
2227 817 2491 881 oratione,
2535 830 2801 873 canantur
2836 822 3116 875 matutinae
3163 822 3372 885 laudes,
3410 840 3643 880 comme-

2063 904 2295 957 moratio
2326 903 2675 961 Sanctorum.
2724 908 2904 962 Prima
2953 926 3075 963 eum
3113 912 3339 981 psalmis
3370 910 3643 969 familiari-

2062 992 2185 1057 bus,
2226 1004 2281 1048 et
2304 997 2576 1064 precibus.
2602 1009 2658 1053 et
2696 999 2935 1053 collectis
2964 1001 3078 1055 suis
3108 1016 3232 1055 cum
3257 1010 3461 1071 septem
3498 1003 3639 1073 psal-

2042 1084 2188 1148 ‘mis,
2216 1094 2266 1138 et
2301 1086 2509 1140 litania.
2557 1088 2683 1142 Post
2724 1090 2839 1144 lucc
2892 1089 2964 1143 ita
3015 1091 3196 1144 omnia
3244 1093 3454 1159 agenda
3498 1105 3640 1156 sunt,

2046 1181 2125 1225 ‘ut
2158 1188 2318 1243 supra
2367 1176 2569 1229 dictum
2610 1187 2694 1231 est
2728 1179 2780 1231 iu
2823 1194 3009 1234 mense
3053 1179 3311 1235 Octobri.
3348 1181 3641 1237 Secretario

2064 1274 2245 1319 autem
2278 1267 2508 1322 sollicite
2535 1271 2923 1337 providendum
2953 1281 3057 1337 est,
3095 1281 3153 1325 ut
3185 1273 3275 1327 tali
3316 1273 3447 1327 hora
3476 1284 3638 1328 matu-

2067 1356 2206 1409 tinas
2243 1356 2427 1411 laudes
2463 1358 2623 1412 faciat
2676 1361 2936 1430 incipere,
2985 1370 3252 1431 quatenus
3296 1364 3479 1419 omnia
3529 1364 3641 1419 luce

2062 1444 2398 1500 clarescente
2427 1446 2705 1501 finiantur.
2739 1449 2794 1503 Si
2827 1459 3006 1503 autem
3036 1452 3315 1506 dubietate
3349 1453 3519 1521 aliqua
3546 1455 3604 1507 de
3624 1484 3637 1493 ο

2062 1532 2283 1596 luditur,
2323 1543 2379 1587 et
2415 1536 2619 1605 aliquid
2658 1539 2833 1591 noctis
2865 1549 2985 1606 post
3018 1540 3267 1595 litaniam
3305 1541 3485 1606 fuerit,
3511 1544 3639 1598 sicut

2064 1638 2227 1691 supra
2267 1624 2319 1678 in
2351 1625 2527 1692 primo
2558 1626 2846 1683 intervallo
2900 1630 2973 1683 ita
3019 1646 3077 1684 se
3128 1631 3369 1685 habeant
3416 1632 3636 1696 fratres,

2063 1715 2313 1770 videlicet
2343 1725 2403 1770 ut
2429 1727 2629 1787 praeter
2659 1721 2923 1791 sanguine
2956 1721 3193 1775 minutos
3216 1723 3395 1777 nullus
3423 1736 3639 1779 reret-tat

2062 1807 2128 1860 ad
2166 1816 2419 1862 stratum.
2475 1808 2821 1866 Claresecnte
2865 1826 2997 1865 vero
3027 1813 3132 1873 die,
3159 1821 3359 1867 exeant
3408 1814 3460 1867 in
3504 1814 3639 1869 clau~

372 1907 426 1961 in
457 1913 724 1975 potestate
756 1905 964 1958 abbatis
1005 1903 1086 1956 vel
1133 1902 1329 1970 prioris
1384 1901 1543 1971 255
1576 1901 1646 1956 sit
1691 1909 1868 1954 utrum
1902 1908 1958 1953 et
1990 1889 2029 1945 Β
2060 1909 2233 1953 slrum
2278 1901 2483 1956 sedere.
2510 1902 2589 1955 Ad
2621 1903 3034 1974 completorium
3064 1904 3300 1976 hymnus
3323 1902 3529 1962 Christe
3563 1908 3639 1977 qui

372 1999 473 2065 ipsi
504 1998 722 2051 mistum
749 1996 1013 2065 accipere,
1040 2003 1095 2050 et
1120 2003 1376 2049 statutam
1407 1992 1838 2047 hebdomadariis
1866 1992 1959 2046 dr-

373 2088 538 2142 beant
565 2087 920 2156 quantitatem
953 2085 1135 2155 panis,
1180 2094 1233 2139 et
1262 2094 1416 2153 potus
1445 2084 1666 2138 habere.
1703 2082 1802 2135 Alii
1829 2098 1959 2137 vero

372 2177 574 2233 fratres
609 2178 826 2232 interim
863 2176 916 2230 in
949 2177 1119 2231 choro
1152 2175 1404 2239 sedeant,
1440 2184 1494 2229 et
1526 2174 1616 2244 qui
1650 2173 1918 2229 voluerint
1940 2213 1954 2232 .

374 2266 573 2336 legant.
592 2266 959 2321 Servitoribus
982 2265 1033 2319 in
1062 2267 1287 2320 chorum
1319 2266 1685 2328 redeuntibus,
1719 2264 1960 2333 pu'setnr

371 2360 605 2429 signum,
642 2368 893 2412 cantetur
927 2374 1089 2411 nona.
1123 2358 1353 2411 Cantata
1393 2374 1532 2411 nona
1566 2365 1780 2421 exeant,
1815 2356 1961 2426 prior

370 2450 438 2504 ad
467 2451 868 2520 percutiendum
898 2450 1227 2520 cymbalum,
1248 2449 1653 2505 hebdomadarii
1682 2449 1957 2517 coquinae,

372 2550 428 2595 et
454 2543 630 2597 caeteri
659 2543 749 2612 qui
779 2543 1033 2599 servituri
1057 2551 1183 2597 sunt
1214 2544 1278 2596 ad
1305 2543 1539 2610 mjuncta
1570 2542 1669 2596 sibi
1696 2540 1889 2595 ollicia.

443 2633 695 2689 Kalendas
752 2633 1093 2700 Novembris,
1139 2633 1183 2689 si
1214 2634 1301 2689 die
1338 2634 1616 2688 Dominica
1654 2633 1955 2696 evenerint,

374 2723 639 2781 festivitas
686 2725 926 2779 omnium
977 2724 1305 2780 Sanctorum
1364 2724 1681 2779 solemniter
1727 2732 1958 2792 agatur;

370 2817 719 2887 sequentibus
750 2832 877 2872 vero
906 2818 1133 2887 privatis
1171 2817 1360 2873 diebus
1394 2817 1737 2887 rcsponsoria
1778 2818 1964 2869 dican-

374 2917 462 2961 tur
496 2906 617 2961 Vidi
643 2906 947 2971 Dominum,
980 2917 1035 2961 ct
1065 2908 1325 2963 lectiones
1357 2906 1529 2976 longe
1555 2922 1620 2960 ex
1662 2906 1960 2975 propltct's.

373 2996 431 3052 Si
463 3012 587 3050 vero
635 2997 747 3051 dies
775 2996 1133 3054 Kalendarum
1174 2998 1307 3053 feria
1360 2998 1611 3054 fecunda.
1657 3007 1748 3050 aut
1781 2997 1957 3050 tertia.

374 3098 468 3143 aut
494 3095 684 3156 quarta
715 3089 974 3155 evenerit,
999 3091 1335 3159 praecedente
1358 3089 1638 3144 Dominica
1678 3088 1964 3143 inchoetur

376 3181 602 3237 h'storia
645 3179 761 3234 Vidi
812 3181 1112 3245 Dominum,
1145 3183 1238 3236 sed
1291 3191 1470 3238 tamen
1528 3180 1809 3235 intervalla
1855 3195 1960 3233 non

378 3273 480 3328 nisi
542 3281 661 3341 post
696 3273 963 3329 Kalendas
1017 3276 1295 3344 incipiant.
1349 3275 1406 3330 Si
1461 3290 1588 3329 vero
1641 3273 1964 3342 quinta,\el

379 3372 535 3417 sexta
586 3362 715 3418 feria
747 3402 763 3428 ,
799 3363 882 3418 vel
919 3363 1157 3420 Sabbato
1203 3366 1459 3433 Kalendae
1508 3364 1843 3428 exstiterint,
1882 3378 1968 3417 sc-

379 3463 579 3519 qucnte
612 3453 887 3509 Dominica
928 3454 1213 3509 inchoetur
1251 3455 1503 3517 historia.
1529 3464 1584 3510 et
1611 3453 1867 3508 lectiones
1899 3467 1968 3505 ex

378 3543 529 3611 propl
553 3542 688 3606 etis;
712 3542 971 3598 lectiones
999 3560 1127 3598 vero
1162 3545 1415 3615 grandes,
1446 3553 1501 3598 et
1531 3544 1811 3598 intervalla
1843 3559 1966 3597 mox

380 3644 500 3701 post
519 3633 864 3687 festivitatem
890 3634 1229 3691 inclinentur.
1252 3634 1338 3690 Ah
1362 3636 1464 3691 hac
1486 3634 1783 3690 festivitate
1799 3648 1971 3701 usque

381 3722 450 3775 nd
490 3723 734 3789 quintam
780 3722 971 3777 feriam
998 3733 1127 3779 ante
1165 3724 1399 3790 Pascha,
1444 3725 1544 3778 nisi
1571 3723 1659 3777 ubi
1687 3723 1968 3779 duodecim

386 3812 671 3879 lectiones,
736 3822 829 3869 aut
891 3824 1082 3871 octava
1135 3816 1369 3877 fuerint,
1417 3825 1702 3879 canantur,
1747 3814 1971 3883 privatis

389 3903 600 3965 diebus,
651 3912 770 3971 post
814 3906 1086 3961 orationes
1131 3917 1260 3962 ante
1306 3908 1828 3970 ofﬁcia-nocturna,
1876 3907 1974 3960 tri-

391 3994 537 4062 ginta
565 3994 756 4064 psalmi
786 3997 854 4052 ab
882 3996 963 4051 Ad
982 3997 1276 4052 Dominum
1320 4014 1439 4053 cum
1462 3998 1768 4060 tribularer,
1798 4012 1972 4075 usque

386 4085 579 4142 Omnis
623 4087 837 4158 apibus
874 4087 1051 4143 laudet
1079 4090 1384 4145 Dominum.
1431 4089 1596 4144 Primi
1636 4089 1824 4144 decem
1877 4105 1973 4159 pro

386 4179 655 4237 defunctis
681 4182 797 4237 sine
827 4180 1042 4259 Gloria;
1090 4191 1381 4253 sequentes
1410 4184 1594 4239 decem
1617 4199 1715 4253 pro
1744 4199 1972 4254 congre-

388 4274 602 4342 gatione
632 4273 743 4328 bini
773 4265 895 4329 cum
937 4290 1044 4329 una
1066 4272 1267 4336 Gloria.
1302 4273 1529 4329 extremi
1567 4275 1750 4330 decem
1773 4290 1869 4344 pro
1896 4273 1975 4328 fa-

391 4362 694 4417 miliaribus
750 4374 804 4419 et
844 4364 1312 4433 benefactoribus;
1352 4376 1407 4422 et
1452 4366 1506 4421 hi
1541 4366 1653 4422 bini
1704 4383 1825 4423 cum
1866 4384 1971 4422 una

390 4451 603 4517 Gloria,
641 4455 836 4523 singuli
873 4472 994 4511 eum
1040 4458 1310 4525 precibus,
1360 4468 1415 4513 et
1442 4459 1526 4513 col
1548 4460 1684 4514 ectis
1726 4459 1857 4514 suis.
1910 4460 1975 4514 Et

2060 1990 2154 2045 tua:
2184 2008 2259 2057 es,
2295 2002 2343 2046 et
2371 1994 2502 2048 dies.

2168 2079 2369 2137 SECTIO
2396 2083 2456 2135 ll.
2494 2113 2564 2125 —-
2603 2084 2679 2138 Ab
2709 2084 2946 2141 Aderam
2977 2088 3047 2141 ad
3074 2086 3548 2159 Septuagesimum.

2132 2172 2411 2228 Dominica
2444 2183 2571 2228 ante
2595 2175 2903 2231 Adventum
2934 2178 3145 2232 Domini
3172 2190 3407 2235 canatur
3439 2182 3643 2237 historia

2062 2262 2128 2315 de
2154 2272 2339 2317 saneta
2369 2264 2655 2326 Trinitate.
2687 2267 2920 2336 hymnus
2961 2266 3144 2322 Primo
3174 2271 3404 2334 dierum,
3444 2273 3643 2342 psalmi.

2060 2355 2305 2419 Domine,
2355 2357 2409 2411 in
2457 2357 2664 2419 rirtirtc,
2718 2368 2773 2412 et
2822 2348 3129 2429 reliqui..ln
3185 2362 3347 2416 tertio
3393 2374 3647 2418 nocturno

2064 2447 2444 2513 pronuntietur
2515 2447 2865 2516 Evangelinm
2926 2465 2941 2503 :
3002 2449 3135 2504 Cum
3200 2452 3539 2515 sublevasset.
3602 2465 3649 2507 ct

2066 2538 2207 2591 idem
2258 2538 2470 2608 legatur
2527 2555 2555 2592 a
2612 2542 2897 2596 sacerdote
2934 2543 3189 2599 revestito
3248 2559 3373 2599 cum
3438 2546 3646 2600 collecta

2065 2627 2277 2692 Enim,
2305 2629 2541 2684 Domine.
2575 2632 2654 2685 Ad
2688 2632 2873 2686 laudes
2904 2634 3093 2699 psalmi
3120 2635 3378 2690 Dominus
3408 2639 3647 2706 regnarit.

2064 2722 2386 2790 Antiphome
2431 2723 2498 2776 de
2544 2722 2830 2787 Trinitate,
2885 2734 2939 2779 et
2982 2726 3235 2781 similiter
3281 2744 3451 2798 super
3500 2731 3650 2783 horas

2064 2824 2237 2878 usque
2276 2811 2340 2864 ad
2372 2810 2663 2880 Vespcras,
2696 2829 2818 2867 cum
2852 2815 3125 2884 capitulis,
3182 2827 3237 2870 et
3272 2819 3557 2878 versibus.
3601 2832 3651 2870 et

2065 2899 2327 2964 collectis,
2380 2902 2447 2954 ad
2497 2900 2823 2956 Benedictus
2874 2905 3195 2973 antiphona.
3225 2916 3283 2959 et
3316 2906 3543 2962 collecta
3590 2907 3649 2960 de

2067 2991 2351 3046 Trinitate.
2418 2992 2542 3049 Post
2593 2993 2873 3048 collectam
2934 2996 3147 3050 dicatur
3220 2998 3517 3066 antiphona
3586 3013 3647 3051 ex

2068 3084 2360 3154 Evangelio
2380 3084 2510 3139 Cum
2542 3086 2881 3150 sublevasset,
2916 3103 3038 3142 cum
3061 3086 3243 3142 Gloria
3266 3088 3446 3153 Patri,
3472 3104 3648 3143 versus

2072 3173 2330 3228 Dominus
2380 3176 2635 3245 regnarit,
2668 3178 2891 3231 collecta
2928 3177 3140 3243 Excita,
3189 3178 3435 3241 Domine,
3483 3194 3649 3235 sermo

2072 3263 2123 3316 in
2150 3264 2404 3332 capitulo,
2434 3273 2487 3319 et
2515 3266 2847 3320 rnatutiualis
2870 3267 3032 3322 missa
3061 3268 3127 3323 de
3155 3269 3459 3333 Dominica,
3490 3269 3649 3337 major

2069 3351 2136 3406 de
2164 3361 2348 3407 sancta
2378 3351 2660 3408 Trinitate.
2691 3354 2747 3408 Si
2774 3355 3040 3412 festivitas
3063 3344 3348 3412 duodecim
3371 3357 3646 3415 lectionum

2069 3444 2332 3507 evenerit,
2403 3460 2508 3500 non
2555 3455 2794 3501 mutetur
2843 3448 2957 3517 ipsa
3017 3448 3301 3504 duodecim
3367 3448 3647 3507 lectionum

2071 3530 2356 3587 festivitas.
3676 3538 3679 3539 ⁷

2065 3647 2069 3651 ~
2144 3624 2380 3680 Sabbato
2414 3627 2756 3694 praecedente
2796 3627 3132 3684 Dominicam
3169 3630 3234 3685 de
3260 3631 3512 3691 Adventu
3557 3633 3649 3688 Do-

2064 3715 2226 3780 mini,
2258 3716 2561 3772 dimittatur
2588 3720 2652 3773 ad
2685 3734 2940 3789 vesperas
2967 3724 3145 3777 oratio
3176 3723 3241 3778 de
3266 3736 3453 3790 cruce,
3492 3741 3649 3795 usque

2073 3808 2140 3862 ad
2179 3819 2401 3863 octavas
2429 3810 2758 3880 Epiphaniae.
2807 3813 2863 3869 Si
2899 3816 3165 3870 festivitas
3213 3819 3391 3872 sancti
3431 3820 3651 3874 Andreas

2075 3900 2129 3954 in
2180 3901 2282 3955 hac
2311 3901 2398 3955 die
2423 3904 2686 3967 evenerit,
2734 3915 2969 3974 agantur
3013 3907 3246 3976 pleniter
3298 3922 3544 3980 vespera:
3590 3910 3650 3963 de

2068 3989 2339 4059 apostolo.
2380 3990 2572 4045 Finitis
2603 3996 2843 4063 vesperis
2881 3995 3170 4069 incipiatur
3200 3998 3499 4067 antiphona
3529 3998 3652 4055 Em

2075 4096 2261 4135 nomen
2292 4080 2503 4135 Domni
2551 4096 2673 4135 eum
2721 4080 2902 4138 Gloria
2934 4084 3122 4139 Patri.
3169 4087 3317 4140 Dicta
3366 4087 3650 4157 antipbona

2075 4182 2336 4241 sequatur
2365 4188 2556 4226 versus
2600 4184 2655 4228 et
2680 4175 2904 4230 collecta
2950 4176 3017 4232 de
3062 4177 3293 4232 adventu
3345 4179 3577 4234 Domini.
3604 4178 3653 4231 In

2075 4267 2317 4320 crastino
2374 4265 2440 4319 ad
2499 4267 2887 4333 invitatorinm,
2919 4270 3025 4324 duo
3062 4269 3261 4325 fratres
3306 4272 3360 4325 in
3413 4272 3572 4335 albis,
3605 4271 3654 4325 in

2075 4360 2205 4413 sede
2231 4357 2523 4429 episcopali
2565 4360 2615 4412 in
2648 4361 2852 4431 eappis.
2887 4362 2953 4415 Et
2982 4360 3286 4432 ubicunque
3314 4364 3454 4419 ordo
3481 4379 3655 4419 menso

2076 4451 2301 4505 chorum
2348 4449 2437 4518 qui
2472 4450 2558 4504 hic
2600 4450 2943 4514 describitur,
2973 4454 3040 4506 ad
3071 4453 3468 4520 invitatorinm,
3516 4464 3567 4510 et
3598 4456 3659 4509 ad

393 4551 517 4611 post
545 4554 805 4598 nocturna
836 4555 889 4598 et
922 4544 1217 4601 familiares
1247 4548 1505 4615 psalmos,
1538 4546 1784 4603 Ofﬁcium
1829 4566 1976 4604 mor.
2007 4573 2049 4629 ο
2079 4543 2413 4601 Benedictus.
2447 4552 2497 4599 et
2527 4544 2593 4596 ad
2631 4543 2936 4613 Maguiticat
2979 4546 3289 4615 prmcipitnr
3335 4561 3463 4602 esse
3508 4548 3559 4601 in
3587 4547 3659 4600 al-

395 4645 630 4689 tnorum.
663 4643 717 4687 et
742 4636 1019 4689 matutinze
1045 4635 1229 4691 laudes
1264 4640 1328 4691 de
1369 4639 1619 4692 omnibus
1649 4638 1864 4692 Sanctis
1929 4650 1975 4695 :.t

401 4723 572 4780 Verba
603 4741 740 4789 mea,
766 4726 813 4778 si
845 4726 1189 4780 tricenarium
1217 4728 1435 4783 habent.
1452 4728 1580 4782 Post
1607 4730 1721 4782 hmo
1750 4729 1974 4783 descen-

390 4812 585 4871 dentes
611 4831 643 4870 e
668 4817 986 4872 dormitorio
1025 4832 1083 4872 se
1104 4819 1249 4871 leant
1285 4818 1335 4872 in
1368 4820 1565 4883 choro;
1594 4818 1827 4873 infantes
1854 4835 1974 4873 cum

394 4905 757 4965 lnminaribus
778 4906 831 4960 in
850 4906 1087 4976 capitulo
1113 4907 1397 4979 diligenter
1429 4926 1458 4964 a
1489 4910 1763 4981 magistris
1796 4923 1978 4967 custo-

390 5005 628 5068 diantur,
681 5010 944 5056 canentes
980 5003 1132 5071 quod
1175 5004 1537 5057 necessarium
1586 5005 1729 5070 erit,
1785 5014 1877 5058 aut
1932 5005 1974 5059 si

391 5096 553 5151 nimis
589 5094 855 5164 profunda
892 5103 1050 5149 nocte
1079 5095 1437 5159 surrexerint,
1479 5106 1706 5165 pauscnt
1733 5097 1977 5165 jacentcs

390 5188 455 5240 ad
485 5187 673 5241 sedilia
706 5201 827 5241 sua.
862 5186 971 5241 Isto
1010 5186 1295 5241 intervallo
1325 5187 1484 5242 debet
1523 5190 1673 5257 prior
1698 5206 1819 5243 eum
1850 5190 1976 5245 abs-

389 5292 552 5333 consa
602 5266 829 5334 accensa
889 5278 1053 5350 (eruca
1105 5278 1329 5350 laterna)
1380 5294 1475 5348 per
1522 5281 1744 5336 chorum
1796 5282 1873 5335 ire
1914 5298 1977 5336 ae

392 5365 577 5420 videre
604 5382 766 5436 quam
794 5366 1117 5439 regulariter
1140 5368 1394 5433 sedeant;
1423 5370 1615 5424 deinde
1639 5386 1733 5439 per
1759 5370 1973 5436 altaria,

390 5464 446 5509 et
485 5459 724 5510 membra
786 5459 1120 5525 monasterii,
1172 5473 1241 5513 ne
1274 5458 1412 5513 forte
1470 5459 1667 5527 aliquis
1723 5462 1805 5514 ibi
1851 5461 1980 5513 dor-

389 5546 542 5600 miat.
605 5546 662 5600 Si
712 5562 843 5601 vero
885 5548 1118 5618 aliquem
1160 5550 1977 5614 orantemiuvcnerit,silenter

390 5649 749 5709 pertranseat.
782 5640 934 5706 Quod
967 5642 1010 5695 si
1036 5642 1265 5711 aliquem
1302 5642 1657 5697 dormientem
1692 5644 1972 5713 repererit,

394 5727 651 5797 rvugilato
687 5728 738 5781 in
766 5729 1012 5794 chorum,
1058 5747 1212 5801 signo
1252 5731 1412 5796 facto,
1449 5732 1645 5788 reverti
1675 5733 1970 5803 prteeipiat.

391 5816 598 5873 Deinde
623 5817 777 5873 debet
804 5835 899 5889 per
925 5820 1217 5877 claustrum
1262 5833 1313 5879 et
1360 5824 1413 5878 iu
1461 5826 1753 5897 capitulum
1782 5826 1880 5893 ire,
1913 5842 1972 5880 ac

2080 4635 2180 4688 bis.
2213 4635 2267 4688 lu
2297 4634 2423 4689 sede
2462 4634 2752 4705 episcopali
2786 4636 3088 4690 institutum
3114 4646 3195 4691 est
3224 4651 3349 4691 esse
3370 4639 3429 4692 in
3456 4640 3654 4708 eappis.

2079 4726 2360 4781 Lectiones
2391 4728 2455 4781 de
2499 4727 2634 4782 Isaia
2676 4728 2937 4797 propheta
2990 4743 3158 4797 usque
3204 4729 3271 4782 ad
3298 4730 3654 4787 nativitatem

2082 4820 2312 4874 Domini.
2346 4820 2399 4874 ln
2433 4821 2712 4874 matutinis
2743 4820 2989 4873 laudibus
3027 4821 3217 4891 psalmi
3250 4821 3505 4876 Miserere
3540 4822 3655 4884 mei,

2036 4916 2042 4922 '
2084 4912 2240 4976 Deus,
2273 4922 2327 4967 et
2373 4913 2589 4980 reliqui.
2638 4911 2719 4966 Ad
2757 4912 3082 4968 Benedictus
3127 4915 3385 4969 sacerdos
3438 4919 3491 4970 in
3542 4915 3655 4969 alba

2081 5002 2320 5057 incensel
2348 5001 2670 5056 altaria.»Ad
2716 5002 2879 5072 256
2911 5002 3142 5057 Primam
3195 5004 3517 5073 capitulum,
3563 5004 3656 5057 Da-

2078 5095 2235 5158 mine,
2286 5094 2527 5147 miserere
2574 5094 2760 5155 nostri,
2795 5092 3043 5147 omnibus
3064 5094 3362 5149 Dominicis
3407 5106 3461 5150 et
3513 5094 3653 5149 festis

2078 5184 2265 5238 diebus
2288 5184 2357 5239 ad
2387 5182 2731 5238 Nativitatem
2760 5184 2991 5237 Domini.
3011 5182 3192 5238 Gloria
3213 5185 3268 5238 in
3292 5186 3514 5240 excelsis
3554 5186 3651 5240 Deo

2079 5276 2299 5331 minime
2349 5277 2577 5338 dicatur,
2617 5275 2683 5328 ad
2738 5273 2995 5341 majorem
3043 5274 3263 5329 missam
3302 5277 3565 5333 diaconus
3604 5286 3650 5330 et

2078 5369 2442 5431 subdiaconus
2473 5366 2674 5422 casulis
2722 5366 2831 5419 sint
2875 5365 3065 5418 induti.
3124 5364 3420 5421 Dominicis
3448 5377 3504 5422 et
3544 5367 3650 5420 aliis

2078 5457 2250 5520 feratis,
2302 5459 2497 5527 quibus
2532 5457 2814 5511 duodecim
2866 5456 3125 5512 lcetiones
3172 5456 3397 5521 faciunt,
3448 5458 3644 5526 adipem

2077 5548 2376 5602 eomedant.
2412 5546 2468 5601 Si
2499 5547 2761 5601 festivitas
2791 5546 2961 5600 sancti
2979 5546 3273 5600 Andreaein
3294 5546 3397 5601 hac
3420 5547 3510 5601 die
3535 5563 3647 5601 ere-

2079 5639 2243 5704 nerit,
2271 5638 2607 5707 prmcedente
2633 5636 2869 5691 Sabbato
2896 5636 3037 5689 sicut
3062 5635 3114 5689 in
3150 5635 3342 5702 Vigilia
3360 5634 3643 5704 jejunetur.

2076 5740 2132 5785 et
2160 5730 2323 5801 missa
2370 5729 2436 5783 de
2473 5727 2663 5798 Vigilia
2707 5727 2945 5781 dicatur"
2995 5725 3440 5780 commemoratio
3463 5725 3532 5780 ad
3556 5738 3640 5779 reo

2077 5835 2283 5891 speras,
2315 5828 2369 5874 et
2397 5818 2449 5874 in
2481 5827 2717 5874 crastino
2748 5816 2813 5872 ad
2856 5815 3146 5871 matutinas
3172 5814 3377 5885 laudes,
3406 5824 3460 5873 et
3488 5814 3638 5872 missa
