3864 6300
132 228 213 282 H9

1009 213 1335 269 DECRETA
1367 212 1504 267 PRO
1545 211 1799 266 OllDlNE
1857 213 1917 268 S.
1958 210 2341 270 BENEDICTI.

3192 223 3303 278 £50

131 327 400 389 matutiinolis
436 325 497 378 de
544 322 781 391 apostolo
817 330 1026 391 agatur.
1084 322 1370 376 Festivitas
1408 335 1535 373 vero
1569 319 1619 371 in
1653 324 1695 379 Α
1727 335 1889 371 untnu
1917 300 2148 389 signum,
2178 321 2423 389 faetaquc
2451 327 2695 379 oratione
2736 342 2896 395 supra
2936 330 3136 385 formas
3182 333 3275 401 pul

130 420 366 472 crastinum
406 412 687 466 differatur.
734 410 817 463 Ad
848 424 1101 478 vesperas
1132 409 1299 478 ipsius
1328 409 1432 463 dici
1481 408 1631 477 capi-

131 506 275 566 tulum,
304 511 350 555 et
378 509 559 554 caetera
600 513 719 566 quae
758 506 1056 568 sequuntur
1082 497 1148 551 de
1177 496 1421 565 apostolo
1447 496 1634 550 dican-

129 610 215 657 tur;
257 591 428 646 delt'nc
484 588 923 651 commemoratio
971 586 1039 640 de
1078 586 1360 651 Adventu;
1410 586 1634 655 privatis

128 683 270 733 diebus
292 692 461 747 preces
489 675 705 729 Oremus
742 690 834 743 pro
861 676 1006 726 aurai
1033 674 1202 740 gradu
1233 672 1501 726 Erclesire.
1529 671 1631 725 Fe—

129 774 185 823 ria
208 781 388 839 quarta,
434 775 604 830 sexta,
654 774 709 819 et
746 762 981 818 Sabbato
1027 765 1269 830 Quatuor
1311 762 1633 831 Tcmporum

127 859 474 930 pronuntientur
517 854 807 926 Evangelia
874 854 1114 924 ipsorum
1176 853 1405 907 diermn.
1444 851 1635 921 Vigilia

128 952 296 1003 Tbomte
321 946 629 1017 apostoli,psi
661 945 777 998 dies
818 942 1131 998 Dominicus
1178 957 1285 996 non
1332 940 1517 1004 fuerit,
1545 957 1635 994 ra.-

127 1042 275 1093 dantur
317 1038 520 1099 fratres,
558 1043 613 1090 et
658 1035 737 1089 sic
783 1032 1104 1087 balneentur
1146 1031 1237 1100 qui
1290 1031 1479 1085 volunt
1522 1028 1638 1085 bal-

127 1130 260 1193 neari,
285 1138 334 1181 ut
356 1128 554 1182 duobus
591 1125 782 1178 diebus
809 1132 937 1177 ante
966 1121 1299 1175 Dominicam
1327 1120 1638 1175 Nativitatis

126 1220 205 1272 sint
227 1232 387 1271 omnes
413 1213 662 1268 balueati.
706 1212 763 1267 Si
810 1226 1030 1268 necesse
1057 1211 1146 1276 sit,
1177 1211 1295 1281 ipso
1330 1198 1638 1281 apostolica:

125 1307 369 1360 festivitatis
403 1305 485 1358 die
513 1302 756 1357 balneari
804 1308 1050 1370 possunt.
1095 1299 1211 1369 Ipsa
1244 1308 1421 1356 autem
1450 1299 1637 1353 balnea

126 1395 203 1447 hoc
242 1393 409 1446 ordine
473 1391 829 1461 disponantur
881 1406 895 1443 :
943 1389 1285 1460 praecedente
1336 1388 1423 1442 die
1480 1386 1639 1441 debet

125 1482 267 1546 abbas,
305 1490 389 1534 aut
412 1479 502 1549 qui
547 1478 795 1533 ordinem
829 1486 995 1542 tenet,
1041 1476 1327 1548 providere
1356 1491 1520 1530 unum
1551 1491 1637 1529 se-

126 1572 281 1625 niorem
311 1570 604 1640 religiosum
652 1578 815 1638 atque
852 1569 1195 1639 prudentem,
1237 1567 1323 1621 cui
1364 1566 1641 1636 praecipiat

125 1675 262 1714 curam
300 1660 484 1714 habere
523 1659 590 1714 de
624 1659 778 1729 ipsis,
809 1661 900 1726 qui
930 1666 1271 1713 commoneat
1302 1656 1497 1712 fratres
1531 1674 1635 1727 qua
1669 1642 1712 1700 Β

125 1750 221 1801 hora
245 1750 310 1802 ire
337 1746 581 1812 debeant,
635 1757 689 1802 et
722 1748 907 1801 videre
957 1762 1118 1816 quam
1168 1746 1412 1801 ordinate
1444 1746 1530 1819 ibi
1581 1761 1640 1801 se

125 1838 393 1893 contineant.
423 1837 520 1906 Qui
554 1839 737 1893 senior
780 1836 905 1892 illuc
933 1852 1162 1909 pergens
1188 1838 1367 1893 videat
1408 1836 1639 1907 qualiter

126 1930 203 1982 sint
226 1942 492 2000 prteparata
535 1942 590 1985 et
634 1930 822 2001 quales
876 1929 1064 1985 famuli
1115 1931 1187 1985 ibi
1238 1932 1347 1985 sint
1374 1924 1637 2001 deputati,

125 2020 283 2075 scilicet
327 2037 421 2075 non
468 2020 724 2085 infantes,
778 2036 876 2075 nec
912 2022 1161 2091 juvenes,
1194 2023 1287 2075 sed
1317 2030 1475 2075 aetate
1516 2036 1641 2091 pro-

123 2111 345 2165 vectiores.
384 2110 531 2177 Quod
582 2113 629 2164 si
680 2111 881 2178 aliquid
936 2112 1289 2181 incongruum
1321 2112 1518 2165 viderit
1560 2113 1641 2166 in-

122 2201 228 2254 dicet
252 2203 547 2265 caruerat-io.
578 2213 633 2256 et
657 2202 743 2257 ille
766 2204 947 2256 statim
972 2205 1240 2257 emendet.
1267 2202 1641 2272 Reversusque

123 2290 259 2345 senior
300 2293 345 2346 in
372 2291 664 2347 claustrum
697 2302 1036 2347 commoneat
1076 2292 1273 2347 fratres
1319 2293 1461 2362 quod
1505 2308 1641 2360 opus

122 2395 209 2435 esse
242 2386 550 2454 cognoverit.
584 2384 693 2440 Sed
733 2385 836 2440 boc
866 2394 1052 2439 caveat
1080 2400 1147 2440 ne
1173 2383 1541 2440 adolescentes
1585 2393 1643 2438 et

123 2474 265 2527 novitii
290 2475 436 2529 simul
463 2485 613 2535 eant.
642 2477 735 2531 sed
768 2491 888 2530 cum
918 2476 1244 2531 senioribus.
1274 2475 1352 2529 Illi
1378 2489 1508 2529 vero
1531 2475 1641 2528 fra-

126 2571 205 2617 tres
260 2581 379 2636 quos
426 2570 860 2630 commouuerit,
914 2575 1198 2636 postquam
1276 2566 1382 2620 rasi
1438 2565 1639 2618 fuerint

124 2655 387 2724 accipientes
412 2660 755 2723 vestimenta,
788 2673 907 2728 quae
935 2666 1147 2712 mutare
1172 2656 1390 2721 debent,
1416 2664 1640 2726 pergant

125 2746 172 2797 ad
194 2747 339 2802 locum
364 2751 411 2803 in
448 2767 556 2820 quo
588 2752 781 2806 balnea
809 2758 1204 2820 praeparantur,
1230 2749 1411 2818 ibique
1439 2763 1638 2803 exuen-

124 2845 181 2889 tcs
211 2841 498 2894 vestimenta
549 2857 649 2895 sua
682 2841 760 2895 sic
794 2841 1059 2905 ordinate,
1097 2838 1183 2911 (ut
1224 2839 1277 2892 in
1321 2837 1638 2892 dormitorio

124 2926 255 2981 facere
284 2930 714 2998 consueverunt.)
767 2928 972 2984 intrent
1024 2931 1391 2999 unusquisque
1446 2929 1535 2983 ubi
1587 2929 1634 2982 ei
1666 2968 1708 3025 ί,

122 3014 192 3068 fuit
214 3014 636 3085 demonstratum,
669 3030 745 3086 et,
789 3020 1033 3090 deposito
1067 3020 1183 3073 velo
1212 3021 1353 3088 quod
1382 3029 1506 3073 ante
1545 3034 1639 3073 eos

54 3102 57 3109 ¹
122 3108 287 3172 pendet,
316 3111 489 3164 sedeat
522 3120 649 3165 cuiu
678 3110 909 3165 silentio.
954 3108 1011 3164 Si
1059 3109 1186 3178 quid
1226 3125 1352 3164 vero
1380 3110 1426 3162 ei
1459 3123 1643 3163 neces-

121 3195 275 3249 sarium
300 3197 469 3259 fuerit,
501 3199 749 3253 modeste
791 3198 945 3265 signo
973 3196 1154 3266 aliquo
1194 3205 1361 3265 pezat,
1412 3196 1642 3249 fanntlus

121 3287 206 3340 velo
238 3287 421 3344 elevato
448 3290 659 3345 deferat
698 3287 772 3342 illi
802 3287 1046 3343 celeriter
1079 3286 1222 3356 quod
1267 3286 1420 3356 petit,
1448 3293 1505 3339 et
1532 3294 1642 3340 sta-

122 3372 189 3424 tim
218 3386 509 3431 revertatur.
565 3376 861 3444 Postquam
894 3375 1024 3428 satis
1067 3372 1281 3428 ablutus
1324 3373 1505 3437 fuerit,
1535 3388 1640 3426 non

120 3465 359 3521 delectetur
397 3469 464 3523 ibi
511 3468 719 3523 diutius
758 3466 1046 3521 demorari.
1087 3466 1329 3535 Surgens
1357 3478 1487 3518 vero
1527 3463 1641 3518 eal-

119 3562 260 3607 reatus
285 3564 434 3626 atque
464 3559 717 3619 vestitus,
742 3557 883 3611 sicut
910 3556 961 3609 in
991 3553 1309 3609 dormitorio
1338 3554 1640 3619 consuevit,

119 3640 271 3697 ablatis
316 3646 554 3700 manibus
614 3653 920 3699 rcVertatur
966 3658 1018 3697 tn
1074 3642 1392 3697 claustrum.
1448 3640 1645 3695 Adole-

119 3743 281 3789 scentes
308 3736 390 3804 qui
436 3747 562 3791 sunt
610 3738 666 3790 in
712 3735 975 3798 custodia.
1008 3747 1131 3789 cum
1186 3731 1500 3787 custodibus
1531 3730 1643 3785 suis

118 3832 231 3884 cant,
263 3836 310 3879 et
336 3835 697 3882 revertantur.
737 3828 783 3879 Α
826 3826 999 3896 prima
1033 3838 1204 3893 usque
1246 3824 1314 3877 ad
1351 3821 1641 3890 completo-

118 3911 222 3964 riunt
246 3915 473 3970 omnibus
515 3915 668 3971 boris
710 3914 916 3984 possint
964 3913 1042 3966 ire
1088 3911 1289 3965 fratres
1319 3911 1387 3965 ad
1426 3910 1639 3972 balnea,

118 4003 186 4052 sed
217 4002 370 4058 nullus
410 4013 703 4073 praesumat
743 4010 823 4057 ire
859 4002 1065 4071 absque
1096 4002 1315 4056 licentia
1343 3999 1641 4055 fratrisicui

119 4086 194 4138 hoc
215 4093 535 4146 commissum
566 4100 670 4146 est.

167 4177 212 4229 Si
236 4182 395 4250 vigilia
425 4183 718 4238 Dominica:
761 4181 1067 4237 Nativitatis
1116 4184 1167 4236 in
1216 4183 1494 4236 Dominira
1546 4182 1639 4237 die

1734 418 1922 460 scntur
1966 410 2145 461 omnia
2178 409 2364 477 signa;
2414 412 2608 478 quibus
2657 418 2993 471 cessantibus
3043 418 3300 488 incipiant

1736 497 2027 551 matutinas
2064 496 2264 550 laulcs.
2306 497 2501 552 Psaltni
2543 500 2792 556 Dominus
2822 507 3045 572 regnavit
3076 516 3128 561 et
3172 509 3297 562 reli-

1734 584 1845 651 qui.
1881 583 2115 637 Primam
2163 587 2510 654 antipltouatn
2559 589 3007 649 lichfomadarius
3055 596 3295 664 incipiat.

1734 670 2059 739 Capitulum,
2096 670 2291 725 I’au'ns
2314 690 2489 728 servus
2518 675 2711 729 Christi
2737 677 2886 732 Jesu.
2939 680 3201 739 Sacerdos
3227 700 3306 736 tu-

1736 761 1896 815 dutus
1943 762 2062 815 alba
2117 763 2360 818 inccustt
2397 764 2607 820 altaria.
2646 766 2838 822 Preces
2874 767 2985 837 Ego
3033 770 3167 835 dixi,
3199 771 3308 825 Do-

1737 857 1891 908 mine.
1922 854 2191 908 Psalmum
2224 858 2384 910 tinum
2413 856 2658 911 Miserere
2702 860 2819 922 mei,
2867 860 3025 913 Deus.
3058 861 3307 917 Comme-

1739 945 1967 1000 metatio
2018 955 2349 1010 sanctorum,
2404 949 2608 1017 prima,
2660 949 2871 1017 pSLlllli,
2919 949 3133 1013 litauia;
3168 951 3309 1006 dicta

1740 1035 1894 1088 tertia
1945 1043 1999 1089 et
2035 1034 2194 1091 missa
2233 1037 2558 1101 matutinali,
2600 1037 2810 1107 signum
2853 1038 3069 1106 capituli
3109 1040 3309 1093 diutius

1738 1122 1895 1178 solito
1951 1133 2034 1178 est
2080 1124 2440 1192 pulsandum,
2491 1134 2547 1178 ut
2599 1126 2807 1179 cunctis
2862 1128 3309 1197 occupationibus

1739 1214 2111 1283 prmtermissis
2145 1215 2209 1266 ad
2260 1200 2467 1269 initium
2496 1216 2710 1284 capituli
2743 1233 2929 1271 omnes
2964 1218 3306 1278 conveniant,

1738 1313 1798 1358 ut
1828 1320 1947 1358 cum
1978 1304 2176 1359 Christi
2202 1305 2408 1357 Domini
2440 1307 2604 1359 nostri
2637 1307 2894 1360 Nativitas
2932 1307 3309 1376 pronuntiatur

1737 1400 2083 1462 prosternant
2112 1407 2169 1446 se
2201 1393 2377 1446 cuncti
2425 1393 2475 1445 iu
2528 1403 2744 1457 terram,
2797 1396 3153 1451 Ic.-tor~etiam
3186 1406 3312 1450 ante

1740 1480 2067 1550 analogium,
2094 1480 2294 1549 pariter
2318 1490 2558 1545 orantes,
2589 1498 2753 1550 usque
2792 1486 2915 1536 dum
2948 1486 3036 1553 qui
3063 1487 3306 1539 ordinem

1743 1580 1908 1636 tenet,
1938 1569 2180 1624 oratione
2206 1569 2367 1635 facta,
2398 1571 2567 1641 erigat
2596 1587 2671 1625 se.
2712 1572 3095 1628 Pronuntiatur
3138 1574 3310 1631 Evan-

1740 1664 1956 1734 gelium,
1998 1673 2051 1718 et
2089 1681 2153 1719 ex
2196 1680 2259 1719 eo
2288 1680 2465 1718 sermo
2492 1674 2703 1734 agatur.
2747 1663 2870 1719 [‘ost
2904 1671 3135 1728 sextam,
3170 1663 3310 1720 facto

1740 1755 2020 1809 intervallo
2067 1756 2310 1826 pulsetur
2355 1757 2586 1826 signum.
2639 1756 2959 1809 cottvcniatt
3012 1754 3205 1807 fratres
3253 1756 3307 1810 in

1739 1848 2046 1913 ecclesiam,
2094 1849 2392 1903 orationem
2444 1848 2799 1901 communiter
2853 1845 3071 1911 faciant,
3119 1846 3308 1902 litania

1741 1935 1961 1989 minime
2019 1924 2281 1997 dicatur,
2333 1934 2623 1988 induantur
2675 1936 2895 1989 missam
2944 1935 3261 1990 celebraturi
3293 1977 3308 1999 ,

1739 2027 1988 2081 sacerdos
2014 2027 2338 2091 honorifice,
2381 2025 2540 2080 levita
2579 2026 2881 2091 dalmatiea,
2936 2028 3040 2079 duo
3089 2026 3306 2081 sublin-

1740 2116 1860 2171 coni
1888 2117 2103 2180 tunicis,
2152 2133 2291 2171 unus
2336 2117 2399 2171 ad
2427 2118 2785 2187 prophetiam,
2837 2129 2892 2171 et.
2924 2116 3059 2170 alter
3088 2117 3153 2170 ad
3184 2116 3306 2185 Epi-

1739 2208 1953 2272 stolam,
1985 2211 2090 2263 duo
2119 2210 2255 2263 albis
2300 2210 2365 2262 ad
2411 2211 2830 2277 responsorium,
2876 2219 3066 2263 cantor
3111 2210 3311 2263 hebdo-

1741 2300 2014 2352 madarius
2039 2314 2205 2369 cappa
2248 2297 2312 2351 ad
2344 2300 2590 2363 chorum,
2642 2308 2749 2353 trcs
2782 2299 3022 2353 conversi
3073 2314 3209 2351 unus
3244 2300 3309 2352 ad

1741 2390 2090 2454 thuribulum,
2137 2391 2241 2445 duo
2273 2391 2337 2443 ad
2366 2390 2714 2453 candelabra,
2764 2390 3005 2459 pulsetur
3028 2388 3309 2443 classicum

1740 2483 1806 2536 ad
1861 2496 2123 2537 canonetn
2175 2498 2334 2551 supra
2386 2480 2607 2547 formas,
2654 2487 3062 2552 prosternamur
3116 2478 3310 2534 tabula:

1738 2570 2005 2626 refect'orti
2029 2580 2310 2640 cooperto.

1808 2659 1863 2713 In
1909 2668 2065 2713 nocte
2095 2660 2385 2713 Domintcm
2428 2657 2735 2712 Nativitatis
2781 2655 2958 2711 omnia
3002 2654 3151 2724 signa
3200 2653 3312 2724 pri-

1739 2767 1882 2806 tnttm
1915 2750 2211 2819 pulsentur,
2245 2751 2309 2803 ad
2342 2749 2706 2803 invitatorittm
2755 2758 2985 2816 quatuor
3034 2745 3228 2800 fratres
3258 2746 3310 2798 in

1739 2844 1939 2912 cappis.
1970 2842 2024 2895 in
2055 2856 2374 2911 unoquoque
2402 2851 2664 2894 nocturno
2691 2839 2756 2892 ad
2787 2837 2997 2892 tertiam
3028 2836 3308 2891 lectionem

1742 2933 1845 2986 duo
1902 2936 2209 2987 sacerdotes
2281 2932 2464 2998 cap‘pis
2518 2929 2685 2983 iudttti
2742 2929 2847 2983 duo
2891 2926 3154 2982 tlmribnla
3208 2926 3313 2981 cir-

1690 3009 1708 3026 ⁴
1744 3037 1865 3075 cum
1895 3021 2064 3075 ferant
2086 3021 2265 3090 257,
2294 3020 2466 3089 primo
2493 3019 2697 3074 duobus
2732 3017 3008 3080 altaribus,
3040 3013 3228 3083 majori
3251 3021 3308 3065 et

1745 3113 2075 3175 malutiuali,
2104 3113 2300 3165 dehinc
2327 3110 2586 3167 fratribus
2616 3110 2667 3164 in
2702 3109 2867 3163 clioro
2896 3105 3225 3161 sedentibus.
3253 3104 3309 3157 In

1745 3204 1907 3258 tertio
1935 3214 2201 3257 nocturno
2229 3200 2645 3271 pronuntientur
2670 3198 2781 3251 haec
2805 3194 3089 3265 Evangelia
3117 3210 3130 3246 :
3158 3191 3313 3245 Liber

1742 3299 2108 3368 generationis,
2136 3296 2276 3350 Exiit
2305 3298 2550 3358 edictum,
2610 3292 2879 3355 Pastores,
2921 3290 2985 3344 1η
3033 3289 3309 3359 principio.

1744 3386 1950 3453 Quibus
1974 3386 2199 3455 expletis
2234 3402 2355 3439 cum
2396 3400 2571 3452 respoz
2595 3397 2623 3438 ι
2662 3383 2754 3435 riis
2804 3380 2914 3435 suis
2944 3376 3160 3447 incipiat
3210 3376 3308 3429 da-

1748 3478 1926 3531 tninus
1953 3477 2122 3530 abbas
2149 3475 2219 3529 Te
2268 3476 2431 3528 Deum
2484 3473 2784 3526 laudamus.
2811 3468 2926 3536 Quo
2957 3467 3116 3527 dicto,
3170 3465 3311 3532 leg..t

1744 3566 2092 3636 Evangelium
2125 3564 2276 3617 Liber
2303 3561 2669 3633 generationis.
2703 3559 2852 3613 Dicta
2876 3564 3145 3619 oratione,
3178 3553 3311 3607 inci-

1744 3660 2067 3728 piatcantor
2092 3655 2439 3724 antipltonam
2471 3651 2515 3707 Ο
2548 3651 2696 3704 beata
2720 3637 2965 3719 infantia.
2998 3646 3167 3714 Quam
3218 3660 3309 3698 ca-

1745 3755 1933 3801 nentes
1959 3753 2083 3799 cant
2128 3744 2194 3797 ad
2224 3742 2393 3796 altare
2431 3740 2642 3794 Sancta:
2673 3737 2873 3803 Illarite,
2922 3745 2975 3789 et
3023 3735 3093 3789 ibi
3150 3735 3307 3787 dict‘s

1744 3836 2019 3890 matutinis
2051 3835 2116 3887 de
2145 3832 2393 3887 omnibus
2423 3829 2655 3893 Sanctis,
2702 3828 2897 3883 vadant
2937 3827 2988 3880 in
3043 3825 3302 3879 dormito-

1745 3928 1903 3980 rium.
1939 3924 2141 3977 Deinde
2169 3922 2411 3991 pulsetur
2458 3934 2619 3972 unum
2665 3918 2731 3972 de
2770 3915 3061 3985 majoribus
3114 3916 3307 3983 Signis,

1742 4016 1880 4071 sicut
1919 4013 2118 4084 pulsari
2172 4012 2307 4065 solet
2352 4009 2505 4064 skilla
2556 4009 2609 4061 in
2667 4007 2945 4061 duodecim
2987 4003 3305 4058 lectionibus

1744 4113 1858 4174 post
1909 4102 2221 4172 capitulum,
2279 4098 2403 4153 ante
2454 4096 2820 4151 matutinalem
2858 4094 3099 4149 missam.
3154 4093 3304 4144 'l‘une

1744 4194 1942 4248 fratres
1972 4192 2061 4259 qui
2087 4191 2153 4243 ad
2204 4190 2423 4242 missam
2451 4184 2704 4238 inducudi
2737 4192 2859 4235 sunt
2899 4182 3090 4234 vadant
3122 4181 3186 4230 ad
3228 4180 3307 4228 lo-

117 4268 328 4334 evenerit,
363 4271 466 4325 duo
515 4273 714 4325 fratres
762 4272 1131 4325 invitatorium
1163 4272 1229 4325 de
1259 4271 1540 4325 Dominica
1586 4272 1636 4323 in

1742 4300 1864 4339 cum
1895 4283 2268 4340 constitutum,
2309 4276 2494 4330 ubisit
2543 4273 2778 4343 optimus
2835 4270 2971 4334 ignis
3013 4284 3040 4321 a
3092 4267 3304 4320 fanmlis

118 4352 231 4408 Albis
252 4359 441 4425 dicant,
491 4362 726 4430 primum
766 4370 823 4414 et
868 4361 1160 4415 secundum
1205 4370 1527 4414 nocturnum
1573 4359 1639 4412 de

118 4442 201 4508 ipsa
228 4446 483 4504 Dominica
522 4451 678 4516 fiant,
711 4451 925 4504 tertium
954 4459 1010 4505 et
1055 4449 1331 4505 matutina:
1362 4448 1545 4503 laudes
1574 4447 1638 4502 de

116 4531 273 4599 vigilia.
317 4537 440 4595 Post
487 4540 721 4608 primam
768 4540 1047 4593 collectam
1098 4538 1545 4594 commemoratio
1574 4539 1638 4591 de

117 4619 378 4694 Dominica;
430 4631 597 4683 missa
648 4629 982 4683 matutinalis
1026 4632 1091 4685 de
1117 4628 1417 4693 Dominica,
1468 4627 1640 4696 major

116 4711 164 4764 de
185 4715 359 4785 vigilia.
389 4720 507 4773 Alia
537 4730 671 4773 vero
692 4720 800 4786 die,
825 4721 965 4774 sicut
992 4720 1218 4789 privatis
1248 4719 1454 4780 dictus,
1485 4719 1637 4787 signa

116 4802 342 4864 Ptllseatur
376 4819 429 4863 et
473 4812 693 4880 triginta
724 4811 914 4880 psalmi
960 4810 1225 4864 dicantur.
1265 4796 1635 4863 luvitatorium

116 4888 194 4943 duo
216 4909 415 4962 canant,
457 4902 553 4954 sed
585 4918 691 4955 non
728 4904 779 4954 in
809 4901 983 4955 albis“
1012 4900 1357 4969 Evangelium
1397 4915 1637 4968 pronun-

116 4976 256 5035 lictor.
283 4986 581 5057 Capitulum
611 4990 679 5042 ad
705 4999 1054 5052 nocturnum,
1078 4999 1133 5043 et
1162 4989 1338 5043 oratio
1363 4997 1417 5042 et
1445 5004 1635 5043 versus

113 5066 164 5119 de
187 5073 359 5142 vigilia.
403 5080 614 5134 (latera
662 5080 801 5135 sicut
853 5081 1135 5135 rctroactis
1181 5080 1388 5145 diebus,
1423 5080 1633 5134 scilicet

114 5161 305 5223 officium
335 5182 689 5233 mortuorum,
737 5175 1013 5227 matutina:
1041 5174 1107 5228 de
1132 5175 1382 5228 omnibus
1406 5174 1628 5239 sanctis,

116 5248 302 5313 infantes
352 5262 403 5316 iu
452 5264 828 5320 dormitorium
875 5265 1085 5324 vadant,
1138 5274 1191 5319 et
1240 5266 1291 5318 in
1338 5266 1628 5334 capitulum

76 5416 81 5423 .
116 5358 427 5409 revertantur.
456 5357 534 5410 Ad
563 5356 747 5410 laudes
799 5359 936 5411 sicut
980 5358 1097 5411 aliis
1137 5357 1345 5422 diebus,
1388 5358 1631 5428 pulsetur

115 5458 564 5596 Baccilium
607 5467 740 5522 forte
769 5465 956 5537 pelvis,
1007 5468 1290 5525 vernacule
1346 5469 1519 5523 bassin
1548 5467 1629 5523 vel

1742 4369 2027 4423 camerarii
2059 4372 2405 4436 praeparatus,
2434 4362 2656 4416 baccilia
2700 4360 2812 4430 (60)
2842 4372 3074 4429 quoque,
3106 4367 3157 4410 et
3190 4372 3240 4409 m
3262 4376 3303 4406 l-

1742 4458 2008 4528 nutergia,
2052 4463 2106 4508 et
2137 4468 2275 4522 aqua
2308 4450 2477 4503 calida
2512 4450 2577 4503 atl
2609 4448 2901 4502 abluendas
2925 4460 3137 4498 manus.
3187 4444 3297 4496 liae,

1741 4549 1854 4606 sola
1879 4549 2014 4611 vice,
2043 4554 2329 4611 antequam
2356 4542 2553 4603 lavent,
2584 4547 2806 4609 pectunt
2829 4538 3000 4605 capita
3033 4553 3161 4599 sua;
3194 4536 3298 4589 alio

1743 4636 1886 4690 enim
1928 4641 2165 4701 tempore
2194 4628 2342 4697 prius
2390 4626 2589 4687 lavant,
2638 4634 2817 4693 postea
2860 4623 3147 4690 pectiuant.
3174 4622 3302 4676 Post

1744 4725 1856 4779 lucc
1882 4729 2107 4791 pergant
2132 4719 2183 4771 in
2216 4716 2519 4779 ecclesiam,
2546 4723 2599 4768 et
2633 4712 2773 4766 facta
2798 4726 2873 4764 or:
2896 4715 3038 4773 t'one
3081 4713 3302 4765 induant

1742 4831 1799 4871 se
1836 4815 1900 4868 ad
1930 4809 2306 4868 celebrandam
2373 4807 2611 4859 missam.
2666 4802 2930 4856 Sacerdos
2984 4800 3298 4864 honorifice,

1738 4907 1896 4963 levita
1944 4903 2247 4963 dalmatica,
2278 4901 2380 4955 duo
2401 4896 2710 4953 subdiaconi
2759 4893 2974 4957 tunicis,
3040 4906 3177 4945 unus
3232 4894 3298 4944 ad

1739 4996 2163 5068 propltctiam,et
2187 4990 2321 5043 alter
2348 4989 2413 5041 ad
2442 4984 2755 5055 Epistulam,
2784 4982 2849 5036 ad
2876 4981 3297 5050 responsorinm,

1738 5063 1791 5139 et
1823 5063 2059 5145 alleluia,
2092 5085 2221 5146 quot
2251 5082 2439 5128 cautor
2466 5070 2802 5139 praeceperit,
2830 5077 2885 5119 et
2912 5066 2963 5118 lii
2995 5066 3045 5117 in
3088 5063 3294 5130 cappis,

1742 5184 1851 5228 tres
1889 5169 2165 5232 conversi,
2222 5176 2331 5220 tres
2379 5172 2626 5217 cantores
2656 5161 2708 5213 in
2760 5160 2944 5213 choro.
2993 5164 3117 5207 ante
3166 5168 3305 5219 qua“.

1740 5267 1846 5320 duo
1873 5261 2198 5319 candelabra
2231 5272 2351 5311 cum
2377 5254 2551 5308 cereis
2580 5250 2847 5311 accensis,»
2900 5244 3133 5299 infantes
3186 5261 3304 5299 cui-

1738 5372 1855 5413 nes.
1903 5354 2152 5409 Pulsctur
2200 5347 2481 5404 classicum
2538 5342 2672 5413 (6t),
2736 5349 2791 5393 et
2840 5345 2959 5405 post
3018 5335 3309 5393 itmhoetur

1812 5465 1922 5536 (6i)
1951 5462 2242 5536 Classicum
2272 5459 2359 5512 hic
2398 5453 2626 5536 sumitur
2649 5450 2729 5530 vel
2774 5451 3092 5536 protlltimo
3114 5447 3305 5536 signa,

1668 5534 1675 5537 ’
1733 5516 2169 5608 vel'pro'niajcri
2199 5541 2476 5597 campana,
2510 5524 2559 5575 ia
2588 5520 2720 5575 turri
2747 5516 2994 5575 ecclesia:
3014 5516 3214 5592 posita}
