3864 6300
145 268 233 322 655
1054 262 1372 320 DECRETA
1411 263 1547 322 PRO
1582 266 1841 323 ORDIAE
1882 266 1941 321 S.
1984 265 2369 321 BENEDICTI.
3255 277 3373 332 ιδι

147 375 487 441 Domi-efﬂet
509 384 709 431 ceterum
732 374 936 446 gloria,
969 391 1139 445 usque
1163 377 1229 430 ad
1261 378 1526 446 paschalis
1557 380 1691 449 γεεί·
1718 392 1764 446 Α
1792 378 1960 433 Facto
2005 378 2168 450 igitur
2210 397 2277 435 ex
2327 397 2392 436 eo
2438 395 2717 448 sermone,
2767 386 3056 455 praedictus
3108 386 3374 450 librorum

145 475 213 528 lia;
236 484 472 538 vesperas
502 469 729 523 dicatur.
755 468 993 523 Historia
1023 468 1089 522 1n
1117 470 1373 538 principio
1398 470 1517 539 fecit
1548 470 1689 524 Deus
1792 478 1976 522 custos
2003 468 2144 539 legat
2172 468 2375 535 Breve,
2411 471 2647 540 qualiter
2692 476 2967 542 praeterito
3004 491 3148 530 anno
3182 483 3379 534 lratrcs

142 570 366 623 canatur;
398 558 633 627 quinque
684 559 805 614 libri
851 558 1048 629 Moysis
1072 599 1088 623 ,
1131 572 1185 614 et
1222 560 1383 615 Josue
1414 602 1427 625 ,
1458 571 1511 616 et
1541 562 1690 617 Judi-
1794 556 2098 610 habuerunt
2137 558 2324 612 libros.
2375 559 2509 613 Cum
2562 575 2692 613 v.1ro
2727 562 2959 616 audierit
3008 567 3379 635 unusquisque

142 669 261 714 cuiu,
300 660 349 705 et
409 650 574 714 Ruth,
622 652 690 705 ad
741 650 1024 720 legendum
1072 663 1344 719 ponantur
1393 653 1688 707 Dominicis
1791 660 1986 698 nomen
2036 660 2194 699 suum
2251 647 2623 714 pronuntiari,
2674 651 2853 703 reddat
2911 651 3106 705 librum
3165 654 3256 721 qui
3307 658 3375 707 ad

141 746 303 800 diebus
348 752 401 798 ei
441 743 650 797 cmtcris
696 741 980 796 duodecim
1030 740 1353 796 lectionibus
1397 757 1565 810 usque
1619 742 1687 796 ad
1789 732 2076 802 legendum
2121 734 2223 789 sibi
2261 736 2366 789 alio
2412 751 2553 791 anno
2598 736 2771 792 fuerat
2829 740 3254 796 commendatus.
3311 742 3377 796 Et

140 837 329 891 Pascha.
361 834 660 904 Capitulum
733 834 801 886 ad
856 834 1085 902 primam
1140 833 1392 896 Domine,
1446 836 1666 886 misereri

1851 824 1879 875 ti
1918 825 2233 893 cognoverit
2264 840 2323 879 se
2354 842 2457 879 non
2488 825 2780 895 pellegisse
2808 826 3004 881 librqu
3034 845 3193 897 quem
3226 847 3377 887 recc-

139 928 301 991 ,πυκινὴ
337 926 547 979 dicatur
579 904 763 977 Clarii;
795 924 847 976 in
876 922 1091 976 εει-εειεῑε
1141 922 1268 988 Deo,
1314 934 1360 976 ει
1404 922 1485 976 Le
1525 924 1684 976 missa
1790 913 1909 982 pit,
1936 924 2240 982 prostratus
2273 914 2483 984 culpam
2514 916 2680 982 dicat,
2709 928 2765 972 et
2792 918 3177 989 indulgentiam
3203 932 3372 991 petat.

137 1030 196 1072 ια
231 1032 387 1086 usque
413 1017 482 1071 ad
534 1016 788 1084 paschale
826 1013 1122 1069 sabbatum
1175 1015 1398 1069 minime
1443 1016 1680 1080 dicatur;
1786 1002 1984 1056 lterum
2028 1005 2313 1073 pra~dictus
2358 1006 2620 1062 libratum
2669 1021 2851 1064 cus:os
2879 1012 3169 1080 unicuique
3220 1014 3373 1068 fratri

138 1107 406 1171 ἀπωλείῃ,
457 1113 512 1160 ει
543 1105 724 1159 [unica
757 1104 824 1159 ad
874 1105 1094 1158 missam
1145 1119 1315 1173 usque
1356 1104 1421 1157 aq]
1470 1120 1681 1158 cumam
1786 1094 1947 1146 alium
1980 1094 2175 1148 libl‘tlllt
2221 1096 2427 1150 tribuat
2473 1098 2539 1151 ad
2582 1099 2900 1167 lebendum;
2941 1101 3248 1158 distributis
3280 1120 3375 1173 per

138 1197 313 1250 Domini
339 1195 557 1250 minime
602 1196 924 1258 induantur;
955 1194 1071 1249 loco
1097 1210 1281 1247 earum
1332 1195 1531 1249 casulis
1579 1194 1681 1247 mi-
1784 1186 2029 1238 Ol‘dillelll
2064 1186 2248 1249 libris.
2275 1188 2532 1257 pl‘wfallls
2582 1189 2842 1245 librorum
2887 1200 3070 1247 custos
3098 1192 3151 1246 in
3181 1194 3372 1249 eodem

136 1286 263 1339 nistri
290 1284 602 1339 vestiantur.
635 1284 756 1353 Ipso
785 1284 871 1338 die
911 1284 1123 1353 adipem
1169 1288 1480 1351 comedam;
1530 1285 1681 1339 dein-
1784 1278 2018 1345 eapitulo
2067 1279 2348 1334 iuibreviet
2381 1284 2596 1336 nomina
2641 1284 2936 1349 librormn,
2991 1295 3046 1341 et
3093 1303 3188 1343 eos
3235 1290 3375 1343 reci-

135 1392 237 1445 ceps
260 1392 418 1445 usque
443 1377 509 1431 ad
538 1376 748 1430 Pascha
772 1375 1103 1430 abstineant,
1402 1432 1403 1435 η
1781 1368 2066 1436 pientium.
2100 1370 2158 1424 Si
2209 1372 2308 1425 hac
2351 1366 2436 1426 dit:
2467 1372 2730 1429 festivitas
2758 1377 3038 1433 dthdCL‘ittl
3069 1379 3362 1436 lectionum

189 1470 322 1524 Feria
349 1478 540 1539 quarta
576 1471 629 1524 in
670 1468 859 1539 Capite
882 1467 1093 1536 jejunii,
1126 1469 1360 1539 capitula
1412 1469 1680 1545 Converte.
1781 1460 2057 1523 evenerit,
2088 1460 2339 1531 legantur
2365 1467 2482 1517 dua:
2509 1464 2768 1520 lectiones
2792 1467 2844 1520 in
2870 1470 3142 1538 capitulo,
3175 1488 3279 1526 una
3304 1475 3370 1529 de

134 1562 234 1614 mini
263 1562 324 1613 ad
353 1577 449 1623 me,
482 1571 537 1615 et
574 1568 766 1615 cmtera
797 1575 918 1629 qua:
946 1568 1264 1628 sequuntur.
1312 1559 1441 1614 Post
1469 1558 1660 1615 sextau

1837 1551 2103 1620 vangelio,
2139 1563 2193 1606 et
2222 1553 2389 1608 altera
2435 1556 2500 1608 de
2533 1557 2877 1613 observantia
2905 1562 3363 1631 quadragesimze;

136 1658 435 1703 revertantur
490 1649 545 1702 in
598 1648 897 1702 claustrum
966 1648 1230 1715 locuturi,
1291 1664 1411 1705 eum
1468 1659 1662 1719 tempus

1842 1650 1948 1694 tera
1982 1641 2188 1711 legatur
2212 1645 2393 1698 stititu
2428 1655 2548 1715 p..st
2579 1648 2840 1714 atteram;
2892 1651 3026 1705 lecta
3059 1656 3368 1721 posteriore

131 1735 261 1790 fuerit
304 1736 543 1806 pulsetur
594 1753 758 1791 unum
802 1737 868 1791 de
918 1738 1278 1793 mediocribus
1330 1739 1522 1809 signis,
1569 1756 1657 1808 qui

1841 1731 2014 1785 cioue
2046 1741 2176 1786 tunc
2224 1734 2456 1802 primum
2502 1737 2646 1791 d‘cat
2676 1737 2867 1804 lcctor,
2898 1740 2973 1793 Tu
3018 1751 3225 1808 autem,
3257 1744 3307 1799 D
3341 1776 3367 1788 -

130 1827 303 1896 pulsato
333 1829 512 1883 statim
542 1828 817 1883 silentium
849 1829 943 1882 fiat
970 1829 1021 1882 iu
1054 1828 1306 1883 claustro.
1338 1829 1674 1885 Discalcecut
1777 1823 1934 1875 ηιὶηεο
1980 1823 2096 1891 Ipsa
2150 1824 2238 1878 die
2287 1826 2548 1896 incipiant
2584 1845 2775 1896 preces
2804 1830 3027 1886 Oremus
3075 1852 3169 1903 pro
3226 1840 3368 1892 omni

130 1937 192 1985 se.
214 1931 261 1976 et
285 1930 503 1990 pergant
529 1920 752 1976 abluere
778 1935 991 1985 manus,
1020 1929 1072 1973 et
1097 1921 1174 1975 sic
1203 1920 1399 1975 vadant
1424 1923 1473 1975 in
1502 1922 1656 1977 eccle

1837 1912 1949 1963 'atlu
1977 1909 2254 1977 Ecclesiw,
2306 1915 2542 1983 p5a1utos
2570 1930 2904 1986 prostratos,
2939 1922 2988 1974 id
3015 1934 3092 1977 est
3114 1963 3129 1989 ,
3158 1941 3363 1994 septem

129 2010 236 2063 siam
275 2010 383 2065 sine
412 2009 520 2063 ulla
567 2024 755 2073 mora,
805 2008 1114 2079 faciantque
1158 2011 1457 2066 orationem
1508 2028 1669 2067 unam
1775 1999 2210 2066 paenitentiales,
2257 2012 2313 2057 et
2356 2016 2562 2074 septem
2611 2024 2644 2076 p
2676 2008 2814 2063 imos
2861 2012 3155 2079 graduum,
3214 2016 3367 2071 hims

129 2098 472 2163 communiter;
509 2114 617 2169 qua
652 2096 791 2153 facta
829 2098 1109 2168 pulsentur
1138 2099 1243 2153 duo
1274 2100 1447 2171 signa,
1483 2102 1655 2156 incho-

1838 2089 2025 2153 tidem,
2053 2107 2218 2146 unum
2249 2094 2408 2161 hinc,
2450 2112 2505 2150 et
2554 2098 2781 2152 alterum
2832 2100 2957 2155 inde
2984 2116 3081 2170 per
3126 2103 3364 2175 singulas

129 2196 228 2239 ante
259 2186 449 2241 infante
478 2186 744 2256 Exsurge,
777 2187 1029 2252 Domine;
1056 2187 1293 2256 psalmus
1336 2190 1495 2252 Dens,
1524 2192 1670 2244 auri-
1772 2179 1941 2236 horas
1973 2199 2142 2253 usque
2169 2188 2236 2240 ad
2266 2202 2553 2257 VCSPL'I‘US;
2587 2192 2652 2243 ad
2686 2206 2940 2261 \‘Cspt'ms
2968 2208 3100 2248 vero
3130 2208 3365 2265 (μιηιυοι-

128 2276 199 2329 bus
242 2278 438 2331 nostris.
502 2276 603 2330 His
648 2277 901 2347 expletis,
952 2277 1096 2351 dicat
1142 2282 1393 2333 sacerdos
1444 2276 1669 2334 Ostende
1771 2288 1894 2327 cum
1921 2276 2199 2344 capitulis,
2230 2286 2286 2331 et
2317 2280 2560 2334 collectis
2583 2298 2682 2349 pro
2706 2284 2965 2351 peccatis,
2996 2285 3360 2357 adjuugentes

128 2366 261 2433 nobis,
284 2365 511 2419 Domine.
543 2364 813 2435 Sequatur
837 2364 1021 2435 Kyrie,
1047 2365 1259 2420 eleison.
1288 2367 1451 2420 Pater
1472 2380 1666 2434 noster,
1771 2362 1826 2416 in
1858 2363 2001 2428 tiue‘,
2032 2375 2078 2418 et
2111 2367 2182 2419 ad
2214 2368 2464 2436 beneﬁcia
2495 2372 2803 2438 recc/cndu,
2830 2376 3016 2442 quibus
3048 2394 3138 2429 nos
3160 2379 3362 2430 instau-

126 2467 162 2508 ιι
188 2473 239 2510 ηε
274 2474 393 2523 nos;
415 2456 659 2527 psalmus
689 2457 829 2511 Deus
876 2457 1187 2510 misereatur
1214 2459 1409 2523 nostri;
1461 2459 1669 2529 capitu-
1770 2466 1888 2505 rare
1914 2453 2196 2522 dignatus,
2226 2457 2395 2510 tribue
2422 2460 2589 2512 renire
2615 2462 2917 2528 gaudentes.
2954 2463 3066 2518 "ac
3098 2466 3185 2519 die
3227 2467 3361 2522 ξηνί-

127 2544 212 2600 lum
250 2546 307 2602 Et
354 2549 565 2603 veniant
607 2564 763 2617 super
818 2564 951 2613 nos,
1004 2547 1227 2603 collecta
1287 2565 1383 2618 pro
1431 2551 1667 2618 peccatis
1766 2544 2159 2613 piantportare
2181 2549 2502 2602 absconsam
2528 2550 2593 2603 ad
2619 2552 2913 2607 secundam
2944 2563 3148 2609 tantum
3174 2556 3361 2612 lectio-

128 2636 321 2701 Ezaudi,
345 2656 667 2710 quasunms,
701 2640 942 2703 Domine,
972 2640 1261 2711 supplicum
1303 2656 1496 2709 preces.
1540 2640 1667 2695 Post
1768 2650 1912 2687 nem.
1944 2626 2143 2690 Tribus
2179 2637 2402 2700 diebus,
2437 2638 2489 2692 id
2523 2648 2641 2704 est,
2664 2642 2903 2694 secunda
2938 2642 3099 2709 feria,
3132 2657 3319 2714 quarta
3340 2687 3357 2712 ,

127 2729 233 2793 haec,
277 2730 559 2786 benedicat
610 2731 863 2786 sacerdos
914 2732 1161 2794 cineres,
1216 2730 1406 2784 stolam
1458 2739 1663 2783 tantum
1767 2736 1822 2779 et
1861 2734 2013 2779 sexta
2058 2742 2232 2797 usque
2278 2731 2344 2782 ad
2373 2729 2581 2784 Pascha
2628 2746 2727 2785 nec
2754 2731 3001 2799 pulsetur
3030 2736 3206 2789 tabula
3240 2748 3361 2806 post

126 2819 309 2887 habens,
356 2831 410 2876 et
452 2837 648 2893 sparsa
690 2822 920 2892 desuper
969 2836 1105 2893 aqua
1158 2822 1436 2877 benedicta
1489 2822 1667 2876 mittat
1765 2816 2088 2885 capitulum,
2128 2834 2228 2873 nec
2288 2819 2584 2889 loquantur
2629 2823 2683 2876 in
2730 2823 2849 2877 clau
2887 2833 2989 2878 tro.
3048 2825 3252 2892 Quarta
3303 2838 3359 2881 et

125 2911 295 2965 cineres
350 2926 512 2982 super
571 2911 749 2980 capita
804 2911 1033 2965 fratrum
1085 2912 1356 2966 dicendo:
1405 2911 1663 2964 Memento
1766 2917 1913 2960 sexta
1943 2907 2076 2961 feria
2106 2919 2228 2978 post
2268 2919 2481 2964 sextam
2529 2921 2820 2981 antequam
2851 2914 2916 2968 de
2962 2916 3127 2970 ιιιοτιι
3158 2929 3359 2973 exeant

124 2999 218 3066 quia
250 3001 368 3053 cinis
402 3018 475 3064 es,
504 3010 558 3053 et
603 3002 655 3054 in
685 3002 906 3053 cinerem
935 3003 1223 3054 reverteris.
1270 3000 1487 3054 lnterim
1527 3016 1659 3052 cau-
1695 3049 1737 3066 ι,
1766 2995 1949 3051 dicant
1985 2996 2122 3050 Drus
2145 3038 2160 3063 ,
2207 3001 2425 3053 auribus
2457 3018 2547 3055 nos
2577 3006 2668 3055 r‘fs.
2720 3001 2772 3055 In
2823 3004 2907 3057 his
2957 3007 3164 3060 duabus
3210 3009 3359 3063 fi-Iiis

126 3095 238 3141 tetur
261 3092 546 3160 antiphoua
601 3093 945 3146 lmmutemus
994 3110 1114 3146 cum
1172 3094 1414 3147 versibus
1472 3091 1662 3160 psalmi
1692 3049 1890 3154 cpost
1939 3103 2135 3142 nouam
2186 3087 2413 3143 sedeant
2462 3091 2515 3143 in
2564 3090 2835 3156 claustro,
2889 3082 3141 3163 factoque
3190 3094 3361 3165 parvo

124 3178 235 3234 Deus
271 3184 577 3237 misereatur
628 3186 811 3250 nostri,
863 3198 969 3237 nuo
1006 3193 1097 3236 aut
1141 3184 1399 3251 pluribus,
1443 3183 1486 3236 si
1527 3197 1663 3253 opus
1766 3176 2080 3244 intervallo,
2117 3180 2293 3248 pulset
2327 3182 2657 3236 secretarius
2688 3198 2850 3236 unum
2883 3183 2947 3237 de
2988 3185 3357 3241 mediocribus

123 3268 267 3326 fuerit.
297 3273 399 3328 Hoc
428 3273 579 3328 facto
616 3282 810 3328 exeant
840 3273 904 3325 ad
934 3274 1357 3342 proccssionem,
1382 3282 1663 3325 cantanti-3
1766 3269 1965 3337 signis;
1998 3281 2124 3325 tunc
2160 3272 2492 3327 discalceeut
2533 3290 2590 3327 se
2617 3289 2806 3327 omnes
2832 3285 2885 3328 et
2914 3274 3094 3329 lavent
3126 3293 3316 3329 manus
3339 3320 3353 3343 ,

123 3357 201 3413 has
220 3362 530 3433 antiphonas
566 3362 776 3417 Exaudi
812 3380 926 3424 nos,
966 3363 1216 3425 Domine;
1250 3363 1413 3416 Juxta
1443 3363 1663 3415 vestibu-
1764 3362 2096 3431 veniamque
2146 3363 2196 3416 in
2246 3364 2510 3428 chorum,
2570 3373 2624 3418 et
2675 3365 2813 3419 facta
2850 3367 3096 3420 oratione
3145 3368 3358 3422 imbuet

123 3451 227 3505 lunt.
267 3452 388 3520 Quae
440 3457 565 3509 duae
596 3454 924 3521 antiphonzc,
978 3454 1027 3507 id
1074 3463 1175 3517 est,
1212 3453 1422 3506 Exaudi
1473 3469 1563 3505 nos
1609 3461 1663 3507 et
1768 3451 1947 3506 infans
1989 3454 2341 3521 antiphonam
2392 3455 2659 3525 Exsurge,
2709 3456 2954 3517 Domine.
2997 3457 3190 3526 cdjuva
3239 3475 3350 3511 ms.

122 3538 251 3594 Juxta
277 3545 599 3608 uestibulum,
625 3543 691 3597 ad
724 3559 912 3598 omnes
946 3544 1320 3613 proceSsiones
1351 3545 1662 3611 Quadragc-
1765 3542 2058 3595 Pulseutur
2093 3545 2199 3597 duo
2231 3544 2417 3613 signa,
2449 3546 2597 3600 dicat
2624 3545 2878 3611 sacerdos
2907 3544 3134 3599 Ostende
3164 3548 3313 3600 nobis
3336 3586 3352 3612 ,

124 3634 259 3696 sima),
303 3650 418 3703 quae
451 3644 648 3705 quarta
687 3644 739 3688 et
780 3643 932 3688 sexta
964 3633 1099 3687 feria
1140 3633 1292 3697 fiunt,
1337 3634 1525 3688 eodem
1568 3650 1660 3688 or-
1764 3630 2018 3696 Domine,
2051 3632 2454 3698 subsequantur
2500 3633 2666 3703 Kgrie
2705 3633 2929 3697 eleisan,
2965 3633 3130 3688 Pater
3159 3645 3357 3703 noster.

123 3720 220 3775 dine
265 3734 568 3779 cantentur.
622 3724 960 3778 Percantatis
1020 3723 1350 3791 autipbonis,
1406 3724 1661 3792 incipiant
1764 3722 2045 3787 Psahnus,
2101 3734 2295 3792 quarta
2364 3725 2519 3790 feria,
2576 3725 2718 3777 Deus
2788 3725 3100 3778 misereatur
3154 3727 3352 3790 nostri;

122 3808 204 3864 duo
229 3813 443 3870 infantes
473 3816 741 3869 litaniant.
797 3815 910 3869 Hoc
946 3816 1133 3869 ordine
1166 3824 1357 3883 agatur
1390 3817 1661 3884 ιιι·οειε›δζυ
1764 3826 1914 3868 sexta
1948 3814 2113 3879 feria,
2149 3815 2318 3881 Deus,
2348 3817 2403 3870 in
2430 3818 2757 3886 ndjutorium
2791 3833 2983 3873 meum.
3018 3815 3149 3871 Item
3177 3832 3354 3871 sacer-

122 3914 241 3955 sexta
265 3903 413 3969 feria,
442 3921 569 3975 qua:
607 3906 854 3975 scquitur
891 3905 1064 3976 Caput
1098 3904 1283 3975 jejunii
1316 3946 1329 3970 ,
1357 3918 1411 3959 et
1442 3917 1659 3975 quarta,
1764 3907 1879 3961 dos.
1911 3904 1978 3958 Et
2006 3908 2173 3960 venint
2206 3925 2363 3978 super
2384 3925 2511 3968 nos;
2536 3910 2712 3963 oratio
2735 3924 2833 3979 pro
2865 3908 3126 3976 peccatis.
3161 3906 3354 3961 Postea

122 4000 158 4041 cl
184 4003 314 4048 sexta
343 3995 473 4050 feria
510 4011 610 4065 per
651 4004 813 4049 totam
864 3995 1361 4064 Quadragesimam,
1394 4011 1563 4064 usque
1594 3997 1659 4049 ad
1765 3997 1984 4051 inchoet
2006 4008 2198 4053 eantor
2220 4000 2666 4068 antiphouam,et
2690 4011 2815 4054 t-aul
2840 4000 2905 4053 ad
2926 4015 3089 4070 ιιι-διε
3121 4000 3348 4053 sionem.

122 4095 327 4144 quartam
368 4087 559 4141 feriam
612 4098 737 4140 ante
784 4087 1090 4155 paschaletu
1142 4087 1508 4159 festi.itatcm,
1560 4088 1658 4141 nisi
1764 4084 1973 4139 Litania
2009 4097 2067 4139 ut
2114 4102 2299 4155 supra.
2327 4088 2407 4141 Ad
2441 4089 2581 4142 hanc
2622 4088 3018 4156 pretessiouem
3054 4088 3233 4141 mlius
3265 4103 3353 4140 va-

122 4170 345 4229 lestivitas
364 4177 645 4232 duodecim
673 4178 960 4232 lectionum
986 4179 1036 4232 in
1066 4179 1195 4248 ipsis
1219 4177 1366 4232 feriis
1393 4179 1656 4234 eieuerit.
1763 4175 1853 4229 dat
1879 4176 2181 4242 calceatus,
2224 4179 2325 4232 nisi
2386 4182 2642 4233 sacerdos
2686 4189 2742 4232 et
2772 4180 2954 4233 levita.
2990 4178 3045 4232 Si
3091 4178 3210 4247 quis
3252 4195 3350 4247 pro

123 4259 380 4321 Notandum
411 4268 540 4338 qnia
566 4307 581 4332 ,
631 4269 676 4321 si
725 4268 775 4321 in
810 4270 981 4337 capite
1004 4268 1193 4336 jejunii
1235 4271 1493 4340 festivitas
1530 4270 1664 4341 ιΙιιοτ
1763 4266 1941 4334 aliqua
1984 4267 2298 4321 infirmitate
2331 4268 2492 4322 nudis
2532 4270 2761 4337 pedibus
2792 4270 2873 4322 ire
2915 4269 3254 4337 nequiverit,
3284 4271 3351 4323 de

122 4351 261 4410 decim
292 4356 578 4414 lectionum
606 4359 864 4423 evenerit,
900 4377 1004 4415 non
1035 4360 1340 4415 celebratur
1386 4362 1500 4430 ipsa
1546 4362 1648 4426 die,

1823 4356 2115 4408 *ocessione
2173 4364 2472 4409 remaneat.
2534 4354 2843 4418 Redeuntes
2890 4356 2955 4408 de
3003 4356 3349 4422 processioue

124 4447 198 4499 sed
226 4446 455 4504 differtur
484 4452 539 4505 in
572 4452 892 4505 crastinum.
1763 4444 1940 4499 nullus
1972 4454 2261 4512 priesumat
2297 4460 2357 4500 se
2388 4446 2633 4500 cal'cearc
2678 4447 2794 4500 sine
2840 4446 3084 4500 licentia.
3118 4447 3346 4515 Expleta

181 4537 430 4595 Dominica
479 4542 658 4612 prima
714 4541 1182 4611 Quadragesimm,
1258 4543 1654 4604 invitatorium,
1762 4535 1960 4599 tnissa,
2008 4545 2062 4589 et
2105 4535 2245 4588 facta
2284 4536 2531 4590 oratione
2578 4536 2647 4589 ad
2678 4551 2931 4605 vesperas
2965 4535 3149 4590 lavent
3183 4538 3348 4605 pedes

124 4624 205 4679 duo
231 4626 277 4681 in
300 4629 463 4693 albis;
491 4639 615 4699 post
638 4629 1044 4700 compleorium
1071 4622 1428 4700 suSpendatnr
1449 4630 1657 4686 cortina
1762 4637 1818 4681 et
1846 4642 2069 4690 manus,
2097 4636 2152 4680 et
2178 4626 2361 4680 dicant
2390 4641 2666 4695 vesperas.

124 4712 235 4769 inter
256 4719 473 4774 chorum
504 4731 562 4774 et
607 4720 796 4775 altare.
822 4721 976 4774 Feria
1006 4723 1243 4775 secunda
1269 4731 1392 4775 ante
1420 4722 1657 4787 tertiam,
1835 4717 2251 4773 Sifestivitatem
2265 4718 3022 4788 celebrariiuquadragesima
3038 4720 3345 4789 contigerit,

122 4804 283 4863 debent
306 4825 421 4866 esse
453 4820 721 4881 cooperta:
762 4827 929 4879 crux,-
959 4828 1202 4876 corouae,
1228 4828 1404 4882 capsa:
1424 4853 1438 4875 ,
1482 4822 1658 4867 textus
1760 4809 2085 4879 praecedenti
2118 4809 2205 4863 die
2227 4808 2353 4863 dum
2378 4810 2593 4864 canitur
2612 4809 2790 4879 Agnus
2826 4809 2958 4875 Dei,
2987 4811 3053 4863 ad
3086 4811 3345 4876 majorem

123 4897 192 4962 qui
215 4898 459 4971 imagines
487 4902 692 4957 deforis
721 4901 939 4957 habent.
980 4901 1296 4971 Priusquam
1343 4902 1506 4972 259
1550 4901 1659 4955 fra-
1761 4903 1981 4957 missam
2002 4900 2284 4970 colligatur
2307 4901 2513 4955 cortina
2544 4911 2597 4955 et
2624 4899 2937 4954 auferantur
2957 4906 3021 4953 de
3040 4901 3208 4956 choro
3239 4899 3346 4953 for-

124 4991 211 5039 lres
230 4987 418 5045 intrent
438 4991 758 5061 capitulum,
787 5000 970 5047 custos
990 4991 1248 5046 librorum
1271 4991 1434 5046 debet
1458 4991 1657 5046 habere
1761 5007 1879 5052 mre.
1898 5005 2017 5059 quae
2038 4988 2239 5045 auferri
2256 4990 2430 5044 solent
2452 4990 2506 5043 in
2528 4990 2808 5045 duodecim
2827 4989 3165 5049 lectionibus.
3184 4988 3342 5042 Missa

123 5084 436 5150 congregatos
464 5082 632 5136 libros
662 5082 716 5136 in
741 5081 977 5151 capitulo
1004 5096 1169 5153 super
1200 5090 1439 5151 tapetum
1467 5091 1657 5137 exten-
1762 5079 1913 5133 finita
1962 5088 2154 5149 agatur
2187 5080 2363 5134 oratio
2409 5079 2713 5150 vespertina
2759 5078 2895 5132 sicut
2928 5076 3184 5131 Sabbato.
3218 5073 3345 5128 Post

122 5173 243 5229 sum.
267 5179 457 5238 praeter
491 5186 585 5225 eos
633 5171 725 5239 qui
772 5171 1043 5240 praterito
1081 5186 1222 5225 anno
1269 5172 1335 5226 ad
1374 5170 1665 5242 legendum
1763 5171 2048 5225 collectam
2083 5171 2149 5225 de
2179 5170 2471 5226 festivitate
2516 5172 2726 5226 dicatur
2756 5169 3050 5239 autiphona
3080 5167 3145 5220 de
3169 5166 3301 5219 feria
3324 5205 3339 5230 ,

123 5249 210 5305 dati
244 5269 394 5323 sunt;
427 5260 549 5315 illos
573 5260 715 5314 enim
752 5261 1015 5314 intrantes
1059 5260 1350 5331 capitulum
1396 5261 1539 5316 ferre
1564 5264 1657 5316 de-
1757 5278 1881 5316 cum
1906 5260 2093 5315 Gloria
2118 5261 2306 5326 Patri;
2335 5264 2526 5332 psalmi
2552 5264 2803 5334 prostrati
2830 5260 3050 5316 nzinime
3068 5258 3337 5312 dicantur.

124 5340 254 5412 bent,
281 5351 501 5421 quisque
544 5367 700 5406 suum
732 5353 784 5406 in
814 5367 972 5407 manu
1018 5367 1133 5405 sua.
1186 5351 1263 5406 De
1302 5338 1406 5422 qua
1435 5368 1489 5406 ie
1520 5368 1657 5422 pr:e-
1758 5354 1886 5408 Post
1917 5368 2174 5423 vespetas
2203 5354 2268 5408 de
2291 5355 2541 5410 omnibus
2564 5355 2780 5409 Sanctis
2802 5361 3070 5407 canantur
3101 5364 3339 5419 vespera

58 5438 71 5451 ‘
123 5442 279 5492 muniti
319 5457 437 5497 esse
482 5444 677 5499 debent
703 5460 732 5496 a
763 5444 1019 5514 praedicto
1048 5445 1307 5500 librorum
1348 5447 1571 5500 custode
1601 5447 1652 5500 iu
1759 5448 2322 5523 Mortuorum;vigilia
2340 5461 2676 5505 mortuorum
2694 5447 2913 5500 minime
2935 5443 3228 5513 agatur;.in
3254 5443 3339 5496 die

123 5529 325 5594 capitulo
354 5539 706 5606 praecedentis
737 5539 876 5603 diei;
909 5538 1118 5606 legatur
1146 5538 1413 5593 sententia
1462 5539 1655 5608 regulae
1759 5540 2068 5597 festivitatis
2092 5554 2213 5611 post
2242 5543 2502 5598 matutina
2535 5542 2600 5595 de
2625 5538 2875 5593 omnibus
2910 5535 3126 5591 Sanctis
3153 5535 3349 5617 dican-r

30 5680 35 5683 τ
123 5625 268 5677 Sancti
318 5626 585 5686 Benedicti
657 5631 724 5687 de
776 5628 1137 5687 ‘observantia
1186 5630 1649 5702 Quadragesimm.
1760 5642 1848 5688 tur
1896 5633 2161 5688 matutina
2208 5642 2565 5688 mortuorum.
2620 5630 2815 5687 Postea
2876 5634 3217 5683 revertantur
3266 5628 3334 5682 ad
