3864 6300
482 305 587 364 853

1445 290 1531 363 ⁸Β.
1575 282 1972 343 ιΑΜτιιΑΝει
2008 283 2362 344 CANTUAR.
2396 279 2717 336 AliClllEP.

3628 270 3713 326 456

486 426 673 473 tectos.
705 415 832 470 Post
859 418 1089 482 primani
1114 447 1128 469 ,
1154 405 1315 458 dictis
1345 400 1620 455 consuetis
1657 397 1876 468 psalmis
1904 395 2062 449 fami-
2090 403 2136 460 Α
2163 399 2298 452 duas
2355 375 2574 460 crttces;
2626 397 2753 448 item
2807 391 2913 447 duo
2960 405 3078 445 ctua
3135 387 3347 443 duobus
3399 386 3713 443 candelabri;

485 509 740 569 liaribns,
778 519 902 560 cum
932 499 1220 570 capitulis,
1254 505 1308 550 et
1351 492 1610 548 collectis.
1641 491 1784 553 suis,
1821 489 2072 542 dicantur

487 609 692 669 septem
721 593 912 663 psalmi
940 608 985 646 Cl
1010 606 1063 644 m
1097 589 1302 641 litania.
1336 584 1437 636 Per
1459 581 1698 651 singulas
1723 582 1882 634 horas
1903 593 2072 646 usque

487 668 560 743 tul
585 702 872 757 vesperas,
906 699 938 736 a-
970 682 1142 751 prima
1190 676 1543 745 incipientes,
1578 673 1762 726 dicant
1801 668 2070 738 psalmum

488 779 686 832 inclina
714 776 954 836 Domine,
986 786 1082 842 pro
1112 770 1196 822 his
1219 783 1354 836 quos
1377 763 1632 833 prostrati
1667 761 1865 815 dicturi
1896 769 2074 814 erant.

489 869 614 923 Post
669 867 968 936 capitulum
1019 862 1246 915 sedeant
1291 860 1341 910 in
1386 859 1624 909 claustro
1660 869 1782 908 cunt
1826 852 2072 911 silentio,

491 973 663 1028 usque
697 959 822 1011 dum
863 955 1106 1025 pulsetur
1157 965 1366 1019 signtnn
1417 947 1483 1000 ad
1531 946 1784 1007 tertium;
1841 943 2077 996 inlantes

491 1065 710 1119 quoque
741 1057 862 1116 post
883 1043 1180 1114 capitulum
1209 1055 1364 1093 suum
1388 1079 1402 1102 ,
1431 1037 1821 1092 descendentes
1847 1033 1914 1087 de
1950 1030 2080 1084 dor-

490 1141 748 1202 mitorio,
793 1139 896 1192 hoc
941 1133 1226 1189 intervallo
1269 1131 1321 1184 in
1365 1127 1549 1182 schola
1603 1141 1701 1179 sua
1751 1125 1981 1178 sedeant
2023 1129 2078 1174 et

491 1233 691 1299 legant.
739 1229 930 1283 'fotant
1004 1226 1144 1279 diem
1212 1222 1526 1278 soletnniter
1577 1224 1768 1287 agant,
1837 1223 2079 1281 utrmque

495 1321 674 1375 missae
710 1319 775 1373 ad
809 1317 985 1386 tnajns
1019 1315 1191 1368 altare
1217 1311 1582 1366 celebrentur.
1617 1307 1694 1359 Ad
1729 1304 1954 1358 missam
1991 1300 2078 1367 je-

488 1412 624 1479 jnnii
658 1426 756 1464 nec
784 1409 974 1462 litania
1005 1405 1385 1476 praeminatur,
1412 1417 1512 1455 nec
1536 1399 1604 1452 ad
1631 1412 1891 1451 cauonem
1918 1407 2078 1462 supra

495 1505 699 1558 formas
736 1511 1052 1557 curventur.
1085 1500 1162 1552 Ad
1196 1509 1453 1566 vesperas
1475 1534 1489 1557 ,
1523 1491 1626 1546 nisi
1661 1491 1713 1544 in
1741 1488 1980 1543 crastino
2010 1485 2082 1539 sit

494 1593 764 1646 festivitas
806 1589 1091 1643 duodecim
1145 1585 1473 1641 lectionum,
1524 1581 1666 1646 inter
1712 1579 1863 1646 signa
1901 1575 2083 1628 dicant

498 1684 636 1736 Deus
665 1683 884 1734 auribus
918 1689 1140 1742 nostris,
1172 1685 1294 1744 post
1323 1673 1606 1728 collectam
1636 1667 1947 1724 festivitatis
1967 1664 2082 1719 col-

495 1775 690 1830 lectam
715 1774 780 1826 de
802 1772 966 1832 feria,
999 1785 1121 1823 cum
1150 1767 1332 1822 Gloria
1365 1765 1549 1828 Patri;
1583 1771 1702 1830 post
1737 1774 1993 1828 vesperas
2016 1759 2082 1811 de

494 1865 749 1919 omnibus
791 1861 1038 1922 Sanctis,
1090 1872 1346 1928 vesperas
1387 1871 1485 1924 pro
1539 1851 1829 1908 defunctis.
1888 1849 2080 1919 \‘igilia

495 1965 838 2012 mortuorum
873 1955 986 2021 ipsa
1012 1952 1101 2006 die
1129 1950 1355 2004 minime
1382 1957 1592 2014 agatur.
1627 1945 1756 1998 Post
1787 1943 2084 2009 completo-

496 2049 638 2102 rium
665 2047 878 2103 cortina
906 2044 1256 2107 extendatur,
1286 2051 1340 2095 ct
1368 2039 1556 2094 forma:
1597 2039 1650 2091 in
1687 2038 1913 2092 chorum
1941 2033 2083 2089 refe-

497 2149 712 2194 rantur.

602 2228 805 2281 SECTIO
855 2221 1310 2290 lib—Tempore
1355 2217 1625 2273 Passionis
1667 2215 1976 2270 Dominicm.

567 2317 811 2371 Sabbato
839 2313 905 2366 ad
938 2325 1192 2380 vesperas
1237 2318 1363 2362 ante
1400 2307 1717 2360 Passionem
1763 2303 1975 2372 Domini
2007 2301 2086 2356 di-

499 2411 750 2463 mittatur
773 2407 950 2460 oratio
977 2405 1041 2457 de
1067 2415 1260 2463 cruce,
1310 2415 1410 2454 nec
1455 2399 1521 2452 ad
1568 2396 1943 2465 responset-ia,
1990 2410 2089 2448 nec

500 2499 567 2552 ad
585 2494 916 2556 invitatoria,
937 2491 1117 2545 nccad
1135 2490 1328 2544 missas
1353 2489 1566 2542 diuatnr
1591 2485 1800 2547 Gloria,
1824 2499 1994 2553 usque
2021 2500 2052 2538 a
2076 2484 2088 2536 l

497 2587 728 2650 Pascha,
758 2585 858 2638 nisi
909 2583 1074 2635 inissa
1117 2579 1402 2632 familiaris
1449 2577 1521 2630 sit
1574 2576 1626 2628 in
1656 2583 1962 2639 conventu,
2009 2570 2090 2626 vel

499 2687 654 2730 extra
684 2683 1038 2733 conventum,
1063 2678 1117 2724 et
1147 2668 1250 2722 nisi
1277 2667 1630 2722 festivitatem
1663 2664 1892 2732 alicujus
1913 2662 2089 2728 sancti

502 2767 604 2820 hoc
633 2775 875 2832 tempore
905 2757 1168 2814 celebrari
1196 2758 1493 2826 contingat.
1529 2758 1660 2820 Quze
1688 2754 1733 2807 si
1763 2751 2094 2814 evenerit,et

503 2857 572 2909 ad
608 2851 974 2923 responsoria,
1004 2857 1058 2902 et
1089 2847 1155 2901 ad
1203 2847 1423 2901 missam
1457 2845 1670 2899 dieatur
1696 2841 1878 2896 Gloria
1911 2840 2090 2904 Patri,

503 2946 649 3000 sicut
686 2943 790 2998 alio
825 2941 988 3011 260
1015 2948 1278 3007 tempore.
1330 2935 1444 2991 lloc
1487 2945 1733 3004 tempore
1774 2932 1986 3003 legatur
2005 2929 2096 2985 Je—

503 3038 710 3094 retnias
754 3049 924 3102 usque
976 3032 1041 3086 ad
1088 3029 1313 3084 Pascha.

577 3127 855 3184 Dominica
882 3125 933 3177 in
960 3122 1157 3176 Palmis
1189 3121 1254 3174 ad
1281 3117 1654 3174 invitatorium
1677 3157 1692 3180 ,
1718 3117 1822 3172 duo
1845 3115 1898 3170 in
1927 3114 2086 3168 albis.

503 3216 855 3288 Evangelium
915 3213 1295 3284 pronuntietur
1320 3209 1452 3263 Cum
1483 3219 1981 3280 appropinquasset;
2022 3208 2089 3262 de

505 3326 614 3382 quo
649 3319 702 3363 et
729 3307 919 3372 lectio,
948 3316 1002 3359 et
1029 3318 1209 3358 sermo
1254 3303 1306 3355 in
1347 3301 1604 3371 capitulo.
1640 3299 1694 3352 ln
1723 3313 1830 3368 quo
1857 3298 2093 3368 capitulo

505 3404 727 3460 ordinet
777 3400 974 3462 abbas,
1040 3396 1120 3450 vel
1180 3395 1348 3466 prior,
1405 3392 1802 3463 processionem
1858 3399 1910 3445 et
1964 3391 2092 3459 quid

504 3495 734 3564 quisque
762 3499 982 3560 portare
1010 3488 1202 3542 debeat
1221 3525 1236 3548 ,
1261 3494 1314 3539 et
1334 3483 1563 3553 qualiter
1594 3482 1846 3536 ordinate
1871 3491 2000 3533 eant
2025 3496 2092 3534 ac

506 3585 731 3638 redeant
757 3580 970 3633 fratres.
1004 3573 1327 3630 Sacerdotes
1347 3573 1413 3626 ad
1439 3573 1678 3643 privatas
1706 3571 1899 3624 missas
1927 3584 2092 3622 unam

509 3683 720 3727 tantum
765 3670 1048 3724 collectam
1095 3668 1314 3728 dicant,
1355 3661 1706 3732 Evangeliutn
1737 3659 1870 3712 Cum
1907 3673 2095 3728 appro-

506 3765 836 3832 pinquasset,
871 3757 1182 3812 Passiouem
1215 3755 1393 3808 nullus
1423 3752 1599 3821 legat,
1635 3751 1734 3804 nisi
1778 3751 1976 3804 fratres
2003 3748 2094 3817 qui

511 3851 564 3904 in
599 3848 788 3902 formis
816 3853 1069 3908 cantant;
1105 3845 1268 3897 missa
1302 3840 1639 3895 matutinalis
1683 3855 1804 3892 cum
1854 3853 1958 3890 una
1989 3837 2099 3890 co!-

517 3942 679 3996 lecta.
705 3938 834 3994 Post
863 3934 1237 3991 matutinalem
1278 3934 1497 3986 missam
1540 3930 1894 3987 benedicatur
1925 3943 2095 3996 aqua,

522 4033 591 4088 ad
621 4029 924 4102 quamsint
944 4040 1137 4080 omnes
1165 4025 1303 4079 albis
1331 4022 1522 4076 induti.
1557 4021 1671 4076 Fiat
1701 4020 1974 4089 processio
2003 4034 2100 4088 per

510 4124 810 4180 claustrum
830 4160 847 4184 ,
880 4127 939 4172 ut
975 4132 1094 4172 mos
1137 4125 1218 4171 est
1238 4156 1254 4182 ,
1282 4113 1534 4170 omnibus
1559 4111 1858 4168 Dominicis
1879 4110 2096 4172 diebus;

509 4214 848 4271 latrantibus
912 4208 1203 4266 ecclesiam
1270 4205 1556 4276 pulsentur
1607 4204 1797 4273 signa,
1849 4211 1905 4257 et
1951 4202 2100 4256 linito

509 4303 884 4374 responsorio,
941 4311 996 4357 et
1048 4299 1210 4356 dictis
1257 4312 1379 4368 qua:
1429 4295 1533 4350 dici
1583 4294 1760 4347 solent
1809 4291 2102 4346 Dominicis

510 4398 730 4460 diebus,
753 4385 1005 4448 cantatur
1029 4392 1212 4447 tertia.
1237 4389 1464 4445 Cantata
1499 4387 1656 4440 tertia
1692 4385 1900 4453 legatur
1923 4383 2099 4436 Evan-

513 4489 708 4558 gelium
757 4485 930 4538 Turba
975 4484 1163 4537 ntulta.
1200 4483 1394 4536 Postea
1448 4479 1712 4533 accedens
1761 4477 1960 4538 abbas,
2009 4484 2101 4527 aut

513 4574 785 4634 sacerdos,
811 4573 1093 4626 benedicat
1121 4570 1353 4638 palmas,
1384 4577 1438 4622 et
1463 4567 1622 4621 ﬂores
1645 4576 1698 4619 et
1729 4564 1950 4619 frondes
1973 4574 2099 4616 ante

515 4678 690 4732 Inapts
728 4663 898 4714 altare
926 4676 1086 4730 supra
1119 4668 1357 4729 tapetum
1409 4657 1579 4726 posita
1600 4696 1615 4720 ,
1648 4671 1786 4724 aqua
1815 4655 2099 4709 benedicta

515 4761 802 4822 aspergat,
833 4761 885 4804 et
925 4753 1185 4805 incenset.
1230 4749 1569 4802 Accedentes
1612 4746 1895 4801 secretatii
1927 4747 2103 4800 distri-

518 4847 688 4899 buant
715 4859 808 4906 ca,
845 4842 1054 4911 palmas
1102 4840 1282 4895 abbati
1305 4879 1319 4903 ,
1356 4849 1413 4894 et
1437 4823 1710 4907 prioribus
1732 4877 1746 4900 ,
1777 4845 1830 4890 et
1859 4837 2102 4904 personis

517 4929 958 4995 honesaioribft‘s,
1006 4931 1164 4986 flores
1214 4941 1276 4988 et.
1316 4931 1534 4984 frondes
1597 4928 1828 4982 caeteris.
1882 4927 2100 4980 Interim

514 5037 740 5082 cantore
786 5025 1110 5094 incipiente,
1140 5031 1399 5090 cantatur
1438 5020 1736 5090 antiphona
1780 5015 1944 5071 Pueri
1988 5015 2099 5070 He-

516 5119 801 5182 bra'orum,
824 5127 877 5170 et
906 5114 1030 5178 alia,
1065 5112 1227 5166 Pueri
1252 5111 1613 5166 Hebrarorum.
1645 5108 1740 5162 His
1768 5101 1843 5162 ita.
1872 5106 2100 5176 expletis

519 5212 896 5282 proficiscatur
933 5207 1206 5276 processio
1228 5245 1241 5268 ,
1275 5213 1499 5258 cantare
1545 5201 1834 5270 incipiente
1864 5215 1989 5269 quae
2034 5199 2099 5253 ad

518 5305 657 5360 hanc
685 5301 1086 5374 processionem
1119 5297 1327 5353 cantari
1367 5304 1603 5364 oportet.
1655 5293 1768 5359 Qua
1822 5293 1888 5347 de
1934 5293 2100 5345 choro

520 5406 783 5460 exeunte,
815 5393 1100 5464 pulsentur
1126 5391 1307 5446 etnnia
1350 5389 1526 5458 signa.
1571 5383 1885 5438 Prtecedant
1913 5382 2099 5436 famuli

519 5501 641 5540 cum
672 5487 880 5540 vexillis
901 5526 915 5550 ,
947 5493 1205 5554 sequatur
1230 5493 1528 5537 conversus
1557 5475 1640 5547 [j.
1690 5472 1947 5544 novitius]
1967 5513 1982 5537 ,
2027 5472 2097 5527 fe-

521 5590 647 5630 rens
668 5577 880 5630 situlam
909 5560 1026 5630 cum
1060 5589 1199 5644 aqua
1221 5573 1531 5631 benedicta,
1557 5568 1645 5622 alii
1679 5571 1782 5621 duo
1817 5575 2100 5635 portantes

595 5667 709 5737 (65)
749 5666 1026 5733 Arculam;
1055 5682 1195 5722 nunc
1223 5663 1521 5720 naviculam
1565 5659 1861 5731 appellant.

2173 488 2420 542 accensis
2452 488 2686 555 desuper
2717 484 2924 548 cereis,
2973 480 3061 536 alii
3092 481 3201 533 duo
3234 477 3468 532 ferentes
3500 475 3594 530 duo
3617 478 3716 532 thu-

2169 564 2345 630 ribula
2379 578 2499 647 igne
2524 584 2578 630 et
2613 575 2772 629 thure
2809 573 3032 626 referta.
3058 569 3213 634 Quod
3245 567 3370 620 thus
3394 567 3449 619 in
3481 565 3718 622 tburibulo

2174 671 2336 723 debet
2374 682 2603 736 ponere,
2631 665 2716 719 vel
2758 664 2927 718 abbas
2962 663 3005 715 si
3044 664 3097 714 in
3143 659 3313 713 choro
3337 666 3450 722 est,
3479 657 3717 711 conversis

2178 759 2484 822 thuribnlis,
2514 767 2568 812 et
2597 756 2835 811 arculam
2863 755 2974 824 (63)
3005 767 3126 806 cum
3158 751 3316 804 thure
3358 747 3714 811 deferentibus;

2176 850 2261 904 vel
2293 850 2406 918 ipse
2434 857 2644 909 cantor,
2671 847 2715 900 si
2742 846 2928 908 abbas,
2963 842 3139 896 deest.
3170 837 3287 908 Ipse
3317 837 3463 892 enim
3485 836 3720 890 distribuit

2144 962 2148 964 ·
2178 957 2298 1010 qua:
2332 939 2598 1008 portanda
2647 946 2803 998 sunt,
2835 945 2890 989 et
2922 931 3323 1004 processiouem
3369 928 3596 982 ordinat.
3635 925 3720 980 llos

2179 1039 2478 1100 sequantur
2523 1030 2629 1082 duo
2675 1024 2990 1081 subdiaconi
3055 1030 3338 1093 portantes
3398 1017 3531 1072 duos
3579 1025 3722 1071 textus

2180 1122 2618 1192 Evangeliorntn.
2646 1119 2776 1174 Post
2808 1131 2944 1186 quos
2972 1114 3098 1168 laici
3148 1111 3436 1171 monachi,
3465 1107 3724 1164 deindein;

2185 1218 2357 1270 {antes
2381 1230 2504 1269 cum
2535 1210 2832 1282 magistris.
2864 1208 2988 1261 l’ost
3016 1220 3151 1276 quos
3175 1203 3360 1258 ctcteri
3399 1203 3588 1255 fratres
3614 1215 3722 1269 prr-

2182 1307 2437 1361 cedentes
2467 1303 2714 1357 abbatem
2745 1299 2839 1370 qui
2868 1297 3093 1353 ultimus
3115 1293 3398 1366 procedit,
3429 1293 3532 1347 duo
3552 1299 3600 1346 et
3622 1289 3721 1355 duo,

2182 1407 2320 1460 sicut
2350 1412 2476 1457 sunt
2508 1401 2736 1470 priores.

2256 1495 2380 1550 llaec
2409 1507 2534 1548 sunt
2563 1506 2684 1561 qua:
2734 1489 2800 1544 ad
2848 1488 2989 1542 hanc
3031 1481 3446 1554 processioaem
3493 1474 3721 1534 cantanda

2185 1597 2339 1652 sunt,
2371 1585 2454 1640 vel
2484 1583 2696 1645 omnia,
2745 1581 2827 1637 vel
2874 1586 3139 1648 quantum
3185 1570 3501 1644 permiserit
3536 1569 3723 1638 spatium

2188 1677 2288 1732 loci
2313 1691 2421 1745 quo
2450 1674 2575 1727 ttttri
2607 1679 2736 1726 sunt
2768 1686 2783 1724 :
2825 1669 2958 1721 Aule
2985 1681 3076 1720 sea:
3122 1664 3272 1722 dies:
3311 1658 3446 1714 Cum
3491 1655 3727 1727 appropin-

2114 1739 2156 1792 Β
2181 1778 2360 1838 quaret
2384 1807 2398 1830 ,
2455 1763 2632 1817 Prima
2674 1771 2848 1813 mitem
2889 1769 3228 1826 azymorum,
3278 1749 3536 1806 Dominus
3573 1744 3724 1808 Iesus,

2185 1834 2584 1928 Cogitarerunt,
2610 1849 2743 1907 Cum
2785 1847 3016 1903 audisset
3047 1843 3301 1913 populus,
3352 1854 3526 1893 omnes
3563 1834 3726 1890 collati-

2185 1951 2334 2002 dunt.
2359 1945 2493 2000 Cum
2523 1952 2703 1996 autem
2728 1945 3049 2010 perventum
3075 1932 3240 1987 fuerit
3266 1929 3338 1984 ad
3364 1921 3534 1998 ipsum
3567 1929 3724 1985 lowm,

2188 2043 2282 2097 fiat
2310 2041 2470 2095 statio
2491 2054 2520 2092 a
2547 2047 2659 2092 toto
2679 2042 2970 2090 conventu.
3001 2029 3237 2084 Cantore
3260 2035 3451 2081 autem
3483 2021 3724 2091 incipe-te

2187 2133 2538 2201 antiphonam
2577 2126 2873 2196 Occurrunt
2897 2120 3084 2184 turba’,
3106 2125 3310 2173 exeant
3333 2111 3724 2176 duosacerdotcs

2189 2225 2326 2278 albis
2377 2221 2571 2283 induti,
2620 2217 2712 2287 qui
2766 2222 2986 2286 portent
3031 2209 3318 2272 feretrum,
3376 2203 3515 2274 quod
3574 2214 3723 2270 pannn

2189 2324 2315 2368 ante
2341 2293 2483 2367 diem
2515 2310 2583 2364 ab
2613 2307 2818 2362 eisdem
2852 2299 3233 2358 sacerdotibus
3274 2297 3407 2350 illuc
3451 2293 3596 2348 debet
3635 2303 3725 2345 esse

2192 2404 2462 2465 delatum,
2537 2398 2590 2453 in
2661 2411 2772 2464 quo
2827 2401 2882 2448 et
2947 2405 3145 2460 corpus
3206 2385 3414 2442 Christi
3462 2396 3575 2438 esse
3607 2377 3725 2434 debet

2196 2491 2552 2551 reconditum.
2595 2486 2675 2540 Ad
2723 2484 2868 2554 quod
2915 2479 3175 2536 feretrum
3227 2473 3543 2546 przecedant
3583 2469 3724 2524 statim

2193 2582 2283 2651 qui
2312 2579 2507 2635 vexilla
2540 2585 2757 2647 portant
2785 2583 2840 2630 et
2867 2585 3061 2628 cruces
3081 2579 3136 2624 et
3161 2558 3363 2622 caetera
3389 2579 3508 2633 quae
3527 2555 3726 2629 superius

2193 2673 2334 2726 dicta
2363 2679 2507 2724 sunt.
2557 2668 2618 2721 Et
2668 2663 2938 2718 stantibus
2982 2660 3049 2714 iis
3083 2657 3174 2728 qui
3229 2655 3492 2710 feretrum
3534 2655 3724 2720 portant,

2195 2763 2418 2818 stabunt
2443 2769 2496 2813 et
2520 2759 2621 2828 ipsi
2657 2773 2686 2810 a
2724 2756 2944 2810 dextera
2972 2760 3028 2806 et
3049 2765 3077 2804 a
3100 2747 3326 2828 sinistra
3359 2744 3524 2828 ipsius
3552 2736 3724 2798 feretri,

2196 2853 2448 2909 ordinate
2522 2850 2664 2903 sicut
2712 2852 2999 2900 venerunt.
3063 2825 3220 2896 l‘ueri
3272 2819 3420 2895 vero,
3462 2834 3727 2910 accedentes

2197 2944 2448 3004 stabunt,
2498 2941 2671 2993 versis
2718 2935 2953 2989 vultibus
3002 2933 3070 2986 ad
3120 2931 3264 3001 ipsos
3328 2927 3590 2994 reliquos.
3636 2933 3726 2973 cum

2122 3063 2165 3125 C
2199 3031 2477 3104 magistris
2524 3029 2639 3084 suis
2684 3035 2738 3081 et
2772 3022 3094 3095 quibusdam
3143 3019 3462 3075 cantoribus
3502 3013 3584 3084 qui
3618 3005 3729 3064 auxi-

2197 3125 2272 3178 lio
2301 3103 2396 3178 eis
2441 3134 2564 3174 esse
2607 3123 2853 3188 possunt.
2914 3111 3147 3182 lllajores
3204 3123 3344 3163 vero
3410 3105 3544 3160 versi
3605 3103 3746 3154 eruut'

2193 3215 2262 3268 ad
2291 3212 2556 3274 invicem,
2589 3187 2655 3262 eo
2685 3209 2844 3260 modo
2872 3218 2980 3274 quo
3011 3202 3066 3256 in
3096 3201 3268 3256 choro
3295 3208 3446 3252 stare
3473 3187 3727 3250 solent.SIc

2193 3315 2374 3361 autem
2395 3303 2677 3359 ordinetur
2696 3301 2812 3354 haec
2836 3297 3019 3357 statio,
3052 3303 3111 3348 ut
3136 3291 3414 3348 modicum
3442 3280 3729 3342 intervallum

2195 3398 2266 3451 sit
2301 3397 2444 3451 inter
2478 3407 2675 3464 pueros
2699 3399 2754 3444 et
2783 3387 3044 3456 majorem
3086 3391 3445 3440 conventum.
3478 3377 3637 3432 Finita
3657 3387 3730 3424 an-

2197 3488 2414 3556 tiphona
2447 3492 2727 3538 occurrunt
2751 3481 2951 3544 turbat,
2980 3477 3240 3546 incipiant
3283 3473 3440 3544 pueri
3467 3479 3521 3525 et
3543 3466 3730 3538 quicum

2195 3579 2278 3633 eis
2318 3583 2444 3631 sunt
2471 3573 2826 3642 antiphonam
2860 3568 3116 3623 llosanua
3160 3565 3269 3634 [ilio
3305 3562 3476 3618 Dauid
3505 3559 3730 3616 ﬂeClCllltS

2197 3683 2368 3738 genua
2401 3677 2455 3722 et
2485 3667 2537 3719 in
2566 3663 2862 3733 principio,
2891 3668 2938 3714 et
2971 3659 3026 3714 in
3055 3659 3162 3712 fine
3187 3656 3532 3724 antiphonze,
3561 3648 3665 3720 quia
3690 3644 3728 3696 in

2201 3773 2432 3828 utroque
2456 3755 2712 3811 Hosanua
2743 3754 2963 3807 dieitttr.
2997 3750 3173 3816 Quam
3203 3747 3552 3816 antiphonam
3577 3741 3731 3796 chorus

2199 3858 2441 3918 repetat,
2479 3855 2536 3899 et
2561 3844 2812 3898 similiter
2839 3855 3010 3914 genua
3045 3839 3245 3894 flectat.
3285 3835 3493 3890 Deinde
3523 3851 3550 3886 a
3587 3829 3730 3900 pueris

2199 3949 2451 3996 cantetur
2495 3937 2790 4006 antiphona
2843 3949 2960 3986 cum
3021 3929 3260 4000 angelis,
3312 3927 3366 3980 in
3421 3925 3525 3978 line
3567 3927 3728 3974 tantum

2201 4030 2505 4098 antipl.o.i:e
2532 4042 2704 4093 genua
2733 4021 3100 4078 flectentibus.
3125 4019 3256 4088 Qua:
3282 4017 3574 4086 antiphona
3593 4022 3730 4064 acut:-

2203 4131 2364 4175 ventu
2397 4126 2674 4186 repetatur
2700 4123 2754 4169 et
2783 4112 3032 4168 similiter
3061 4110 3212 4164 venia
3245 4107 3564 4178 accip‘atur.

2273 4208 2481 4262 Taliter
2508 4206 2593 4260 his
2619 4202 2876 4275 peractis,
2901 4201 3096 4255 abbate
3129 4197 3212 4252 vel
3243 4205 3470 4251 cantare
3495 4186 3732 4258 incipiente

2205 4299 2552 4367 antipho..am
2599 4297 2733 4358 Ave,
2776 4308 2868 4347 rea:
2917 4302 3112 4355 noster,
3163 4295 3447 4342 transeant
3492 4279 3730 4352 portitores

2130 4397 2175 4454 Ι)
2205 4391 2390 4444 Feretri
2421 4404 2518 4459 per
2551 4387 2786 4441 medium
2811 4382 3092 4446 stationis,
3119 4377 3546 4450 prazeedcntibus
3573 4362 3729 4434 bisqui

2206 4481 2398 4536 vexilla
2451 4485 2704 4547 portant,
2731 4485 2786 4530 et
2817 4474 3030 4529 caeteris
3062 4469 3315 4540 superius
3365 4468 3523 4522 dictis
3554 4455 3730 4532 parti-0-

2205 4571 2355 4625 ribus
2375 4609 2389 4632 ,
2419 4576 2636 4622 servato
2657 4565 2724 4618 ab
2747 4563 3000 4617 onmibus
3021 4560 3210 4616 ordine
3239 4560 3291 4614 in
3323 4551 3587 4611 redeundo
3609 4555 3727 4617 quem

2205 4665 2509 4717 habuerunt
2538 4660 2590 4713 in
2641 4657 2843 4711 eundo.
2877 4655 3085 4721 Quibus
3132 4649 3535 4704 transeuntibus
3563 4639 3729 4695 nectent

2205 4769 2409 4823 genua,
2445 4767 2552 4805 non
2583 4747 2742 4804 simul
2772 4761 2963 4802 omnes
2981 4784 3000 4808 ,_
3043 4743 3138 4796 sed
3169 4739 3366 4806 singuli
3397 4739 3519 4794 hinc
3544 4727 3589 4789 et
3609 4725 3727 4788 inde,

2203 4846 2344 4899 sicut
2385 4845 2642 4898 feretrum
2675 4837 2922 4908 transibit
2978 4845 3105 4888 ante
3149 4849 3264 4888 eos.
3307 4830 3613 4885 Percantata
3649 4815 3724 4871 hac

2204 4934 2530 5004 antiphona,
2582 4905 2806 4984 cantent
2846 4933 2903 4979 ct
2938 4924 3076 4989 alia,
3123 4922 3167 4978 si
3205 4921 3447 4991 spatium
3495 4909 3586 4970 loci
3607 4905 3726 4979 pltm

2203 5003 2532 5093 poposcerit.
2563 5019 2699 5074 Cum
2748 5017 2994 5070 venerint
3036 5015 3101 5068 ad
3149 5021 3333 5083 portas
3375 5003 3598 5063 civitatis
3649 5004 3730 5049 st:-

2205 5116 2404 5169 tionem
2452 5112 2685 5175 faciant,
2725 5108 2989 5178 separatis
3034 5107 3102 5160 ab
3149 5104 3416 5178 invicem,
3445 5087 3594 5169 prout
3613 5088 3727 5143 locus

2202 5207 2459 5278 patietur,
2509 5205 2752 5273 utrisque
2814 5200 3106 5278 lateribus,
3166 5195 3428 5249 feretrum
3479 5198 3594 5241 vero
3634 5183 3727 5278 Inle

2205 5298 2485 5352 introitum
2513 5303 2788 5366 portarum
2811 5293 2888 5346 sic
2905 5277 3144 5360 ponatur
3165 5299 3326 5354 super
3349 5289 3580 5335 mensam
3604 5263 3726 5350 ρξΙὶὲο

2203 5399 2512 5458 coepertam
2547 5396 2604 5440 ut
2626 5383 2866 5457 prredicti
2900 5382 3226 5453 portitores,
3257 5391 3321 5430 ex
3352 5380 3572 5438 utroque
3597 5360 3724 5414 latere

2203 5487 2438 5542 stantes,
2498 5454 2730 5532 habeant
2795 5474 2863 5528 ad
2921 5471 3182 5528 feretrum
3245 5468 3297 5521 in
3353 5461 3524 5518 medio
3577 5454 3722 5506 eorum

2204 5575 2437 5644 positum
2467 5587 2650 5627 versas
2681 5568 2848 5640 facies
2874 5582 3018 5623 suas.
3067 5565 3241 5620 Locus
3267 5572 3393 5614 vero
3420 5564 3571 5621 super
3593 5541 3721 5599 ἰιιυυ·
