3864 6300
592 384 696 455 s39
1604 376 1661 443 ιε.
1704 374 2092 446 Laurnsnc't
2119 374 2464 447 claurum.
2512 379 2829 448 ARCHIEF.
2868 380 2869 383 ‘
2914 382 2921 387 ’
3682 399 3765 453 ιω

591 515 808 571 Domine
834 514 989 576 Deus,
1016 511 1103 581 qui
1140 508 1207 563 ad
1234 508 1566 577 principium.
1592 508 1718 562 Post
1758 511 1872 564 lucc
1897 510 2142 564 dicantur
2172 513 2217 567 Α
2244 511 2326 567 lus
2355 528 2385 566 a
2430 512 2805 567 communione
2843 524 2903 567 se
2947 512 3253 589 subtrahat,
3307 511 3411 568 nisi
3458 504 3759 573 subirabendi

592 608 645 662 in
696 604 807 660 alto
847 604 1050 673 septem
1101 600 1289 670 psa1mi
1346 600 1547 668 absque
1586 599 1793 665 Gloria,
1826 615 1947 654 cum
1994 600 2149 654 solita
2258 600 2787 657 rationabilis’causa
2824 603 3021 657 existat
3047 602 3177 672 (65).
3202 602 3488 658 Celebrata
3514 603 3615 658 fere
3641 608 3763 660 missa

594 694 803 759 Iitania;
847 690 1038 745 deinde
1088 688 1309 743 sedeant
1351 688 1403 739 in
1438 686 1675 741 claustro
1718 701 1886 756 usque
1915 687 2150 741 tertiam.

2267 700 2607 760 repOrtentur
2646 693 2699 745 in
2747 695 2971 746 chorum
3008 692 3225 757 formae;
3268 692 3512 762 pulsetur
3546 695 3693 748 tabula
3715 700 3763 751 ad

592 785 727 840 Cum
774 792 982 851 tempus
1012 776 1184 833 tertiae
1229 775 1409 841 fuerit,
1453 782 1606 831 sonet
1645 776 1967 831 secretarius
2004 775 2155 830 mini-
2256 795 2532 849 vesperas.
2556 780 2784 850 Expleta
2810 782 2977 836 missa
3012 782 3107 834 fiat
3131 782 3310 835 oratio
3336 783 3622 852 vespettita
3646 801 3763 853 supra

595 891 741 930 mum
770 873 1006 943 signum,
1052 871 1193 924 sicut
1220 868 1343 922 aliis
1368 867 1577 921 diebus.
1619 864 1770 921 Tunc
1795 875 2022 937 pergant
2043 864 2151 919 fra-
2257 868 2480 924 formas.
2532 868 2743 925 Interea
2815 869 3069 926 sacerdos
3113 871 3454 940 praecedente
3486 873 3764 940 processiOnc

598 980 706 1023 tres
738 981 797 1022 sc
824 965 1084 1027 calceare,
1131 970 1183 1015 et
1212 968 1429 1023 czctera,
1482 959 1622 1041 sicut
1662 958 1782 1013 aliis
1816 958 2002 1012 diebus
2041 956 2156 1011 fieri
2259 973 2384 1013 cum
2414 959 2482 1013 ad
2527 959 2699 1014 altare
2731 960 2905 1024 venit,
2944 959 3108 1017 vadat
3154 959 3219 1012 ad
3258 958 3436 1013 locum
3467 958 3758 1015 constitutum

596 1058 749 1124 solet,
773 1056 983 1126 pulsato
1024 1048 1334 1107 adtertiam
1368 1050 1540 1119 signo,
1570 1049 1726 1103 factis
1756 1049 1923 1102 tribus
1952 1047 2154 1102 oratio-
2258 1047 2635 1127 decentissime
2704 1058 3085 1119 prmparatum,
3135 1048 3321 1118 ibique
3373 1060 3584 1119 reponat
3616 1066 3761 1120 COpr‘S

594 1147 754 1201 nibus
785 1143 975 1198 solitis.
1005 1139 1226 1195 Pulsato
1261 1138 1368 1191 alio
1401 1138 1554 1206 signo
1583 1136 1800 1191 inchoet
1841 1133 2018 1189 infans
2046 1142 2161 1188 sta-

596 1237 693 1290 tim
725 1236 981 1305 hymnum
1010 1231 1105 1285 Dei
1131 1230 1236 1297 ﬁde
1264 1244 1367 1299 qua
1409 1227 1655 1290 vivimus;
1680 1226 1772 1281 sed
1802 1241 1907 1280 non
1950 1226 2160 1280 dicatur

594 1320 816 1377 ultimus
844 1320 1031 1377 versus
1058 1316 1240 1372 Gloria
1277 1316 1391 1381 tibi,
1436 1314 1687 1368 Trinitas.
1718 1315 1785 1367 Et
1816 1315 2157 1382 pronuntiata

596 1414 884 1483 antiphona
924 1412 1172 1467 dicantur
1215 1407 1405 1479 psalmi
1435 1405 1709 1473 regulares
1740 1421 1770 1459 a
1798 1407 1955 1461 beato
1990 1406 2162 1460 Bene-

597 1507 739 1560 dicto
767 1502 993 1559 instituti
1025 1501 1141 1555 sine
1165 1497 1343 1553 ϐίοι-ἔα
1365 1515 1385 1562 ;
1409 1497 1568 1553 dictis
1586 1496 1826 1565 psalmis,
1850 1506 1900 1550 et
1932 1502 2161 1565 percan-i

596 1602 707 1649 tata
752 1594 1086 1662 antiphona,
1140 1589 1348 1644 curvati
1413 1602 1576 1657 supra
1626 1586 1828 1643 formas
1873 1587 2054 1642 dicant
2107 1587 2160 1641 in

2259 1134 2496 1201 Domini,
2526 1136 2804 1193 incensato
2835 1137 2953 1207 ipso
2997 1138 3141 1203 loco,
3185 1147 3240 1192 et
3270 1148 3397 1192 ante
3424 1141 3758 1208 repositionem,

2259 1233 2312 1277 et
2337 1234 2454 1293 post
2483 1225 2889 1295 repositionem.
2918 1228 3057 1281 Ante
3081 1226 3241 1297 quem
3268 1228 3444 1283 locum
3483 1228 3637 1282 lumen
3664 1247 3760 1284 con-

2261 1312 2407 1366 tinue
2434 1313 2643 1368 ardeat.
2691 1313 2808 1380 Quo
2837 1314 3141 1384 completo,
3176 1316 3380 1369 vadant
3404 1316 3455 1370 iu
3487 1319 3760 1372 refectorium

2260 1401 2501 1471 accipere
2523 1402 2768 1457 mistum.
2797 1402 3029 1472 lngressi
3053 1414 3233 1458 autem
3261 1402 3591 1459 refectorium
3611 1405 3759 1460 faciant

2260 1500 2407 1555 ante,
2453 1500 2507 1546 ct
2549 1502 2695 1547 retro
2743 1502 2868 1547 ante
2915 1494 3111 1548 sedilia
3135 1511 3253 1559 sua,
3283 1503 3340 1548 et
3376 1498 3757 1552 considentessu'

2261 1582 2648 1635 mantmistum
2680 1582 2746 1636 de
2788 1598 2929 1650 pane
2968 1593 3176 1637 tantum
3216 1594 3273 1639 et
3303 1593 3453 1654 potu,
3488 1602 3625 1653 quem
3645 1603 3761 1655 super

597 1686 813 1740 silentio
866 1682 1029 1752 Kyrie
1078 1680 1295 1743 eleisou,
1336 1690 1391 1733 et
1442 1686 1637 1733 ezctera
1683 1694 1803 1748 qua:
1844 1674 2173 1748 sequuntur;
2254 1673 2495 1742 juslitias
2543 1688 2672 1729 suas
2732 1690 2767 1727 a'
2808 1674 3171 1731 refectorariis
3229 1675 3287 1729 in
3334 1675 3538 1747 scyphis
3576 1678 3755 1746 positum

595 1773 829 1829 Collecta
863 1771 1092 1841 Respice,
1124 1782 1442 1839 quwsunms,
1484 1768 1719 1821 Domine.
1753 1767 1879 1821 Post
1905 1768 2021 1822 haec
2048 1767 2161 1836 pul-

2261 1762 2569 1817 invenirint.

597 1871 749 1919 setur
773 1860 988 1916 solitum
1013 1860 1223 1929 signum
1247 1857 1313 1911 ad
1333 1857 1647 1927 capitulum,
1674 1857 1834 1913 lectio
1863 1857 1982 1912 sine
2006 1857 2159 1923 lube,
2192 1872 2236 1927 Β
2332 1853 2465 1907 Dum
2496 1859 2609 1917 hzec
2631 1861 2880 1924 aguntur,
2918 1853 3232 1911 eellerarius
3260 1864 3311 1911 et
3341 1850 3747 1927 eleemosynarius,

598 1942 804 2016 domne,
843 1964 1030 2006 versus
1059 1949 1113 2003 in
1156 1947 1372 2004 silentio
1398 1948 1629 2013 dicatur,
1660 1948 1868 2018 legatur
1896 1942 2169 2002 sententia"

598 2045 665 2099 de
698 2041 881 2113 regula
919 2039 1089 2094 sancti
1117 2036 1394 2092 Benedicti
1430 2036 1547 2091 sine
1577 2034 1653 2088 Tu
1686 2046 1881 2101 autem,
1913 2034 2163 2105 factoque

598 2147 664 2189 ex
692 2146 756 2186 ea
782 2143 1059 2195 sermone,
1104 2124 1363 2182 correctis
1397 2139 1519 2193 qua:
1560 2124 1764 2195 corrigi
1798 2132 2033 2193 oportet,
2079 2124 2164 2178 di-

597 2228 793 2276 cantur
838 2217 1256 2274 consuetudines
1309 2229 1427 2285 qua:
1481 2215 1698 2285 agendae
1746 2222 1870 2268 sunt
1931 2215 1998 2269 ab
2048 2214 2171 2285 ipso

607 2310 846 2382 capitulo
864 2324 1032 2379 usque
1052 2308 1118 2363 ad
1144 2306 1437 2362 crastinum
1460 2304 1775 2375 capitulum;
1799 2305 1994 2362 dehinc
2022 2306 2167 2362 ordi-

598 2413 799 2460 nentur
828 2417 946 2472 quae
976 2400 1043 2455 ad
1071 2397 1349 2453 servitium
1373 2397 1537 2451 totius
1565 2396 1668 2450 diei
1697 2397 1992 2451 ordinanda
2018 2404 2165 2452 sunt;

598 2495 808 2562 Quibus
847 2491 1111 2548 ordinatis
1149 2497 1375 2559 surgant
1416 2498 1671 2544 canentes
1711 2488 1817 2544 alte
1853 2487 2021 2543 Verba
2051 2505 2167 2544 mea

599 2586 651 2641 si
690 2584 1023 2648 defunctum,
1070 2589 1162 2635 aut
1203 2580 1373 2635 Breve
1418 2594 1517 2649 pro
1559 2578 1808 2649 defuncto
1832 2579 2086 2643 habeant.
2109 2578 2167 2634 ln

598 2676 819 2734 silentio
850 2683 1025 2730 autem
1058 2672 1242 2727 dicant
1284 2670 1446 2725 Pater
1485 2680 1682 2735 uoster,
1721 2668 1765 2721 Α
1808 2679 1957 2738 porta
1989 2669 2166 2738 inferi,

602 2766 839 2835 Absolve,
863 2766 1104 2821 Domine.
1148 2763 1368 2820 Pulsata
1399 2762 1578 2818 tabula
1610 2762 1900 2832 loquantur
1926 2764 1980 2817 in
2022 2763 2170 2818 clau-

603 2868 739 2916 stro.
1530 2908 1533 2909 ν
1962 2860 1965 2863 ⁷
2132 2856 2135 2859 ‘
2154 2872 2158 2877 ·

673 2950 808 3006 Cum
855 2956 1065 3019 tempus
1116 2946 1280 3003 fuerit
1318 2946 1560 3018 pulsetur
1599 2946 1811 3016 signum
1841 2947 1907 3002 ad
1937 2955 2170 3013 sextam,

604 3048 661 3096 et
710 3039 851 3095 facta
897 3038 1141 3094 oratione
1187 3036 1503 3107 pulsatoque
1558 3036 1667 3092 alio
1728 3038 1902 3108 signo,
1959 3037 2175 3094 inchoet

607 3128 784 3184 infans
809 3128 1069 3199 hymnum
1092 3134 1143 3181 et
1166 3132 1381 3190 caetera,
1405 3125 1544 3180 sicut
1571 3123 1812 3181 fecerunt
1834 3126 1902 3181 ad
1924 3126 2168 3192 tertiam;

2263 1944 2524 1998 et-czeteri
2546 1944 2738 2013 quibus
2772 1943 3069 2014 injunctum
3096 1945 3287 2015 fuerit,-
3315 1946 3639 2000 introducam
3656 1962 3751 2015 pau-

2264 2047 2417 2102 peres
2450 2034 2501 2087 in
2533 2034 2851 2100 claustrum,
2874 2045 2929 2093 et
2965 2035 3169 2093 faciant
3205 2051 3311 2093 eos
3337 2037 3571 2091 ordinate
3602 2037 3753 2097 sedero,

2265 2120 2487 2176 alterum
2531 2123 2685 2192 juxta
2740 2124 2992 2180 alterum.
3034 2126 3134 2193 Qui
3179 2141 3470 2197 pauperes,
3506 2128 3749 2196 priusquam

2264 2213 2552 2269 claustrum
2606 2216 2894 2283 introeant,
2950 2217 3115 2287 pedes
3177 2233 3313 2274 suos
3367 2217 3567 2274 abluere
3613 2218 3751 2271 debent

2264 2322 2401 2377 aqua
2427 2306 2622 2373 calida,
2652 2322 2680 2360 a
2711 2309 3023 2363 camerariis
3053 2307 3381 2363 ministrata.
3406 2306 3578 2363 Omnia
3603 2307 3749 2361 verbis

2263 2402 2398 2457 lacis
2428 2401 2869 2457 convenientibus
2898 2403 3095 2457 debent
3131 2417 3256 2458 esse
3277 2411 3575 2472 praeparata,
3601 2398 3748 2470 quaid

2266 2492 2574 2546 mandatum
2599 2508 2732 2562 opus
2751 2502 2875 2547 sunt
2900 2494 3230 2559 necessaria,
3259 2495 3461 2548 scilicet
3485 2488 3601 2561 aqua
3624 2490 3748 2543 calida

2270 2599 2301 2636 a
2333 2584 2671 2649 camerariis,
2707 2586 2759 2638 in
2802 2586 2943 2638 vasis
2975 2584 3185 2640 idoneis
3223 2594 3442 2655 parata;
3482 2583 3570 2653 alia
3595 2594 3749 2650 quoque

2267 2687 2419 2737 vasa,
2462 2688 2528 2727 ac
2564 2673 2788 2728 tcrsoria
2825 2674 2891 2726 ad
2925 2675 3109 2743 pedes,
3150 2675 3480 2746 manutergia
3515 2675 3570 2727 ad
3595 2684 3744 2730 uiantis,

2269 2783 2299 2822 a
2346 2768 2623 2823 cellerario
2661 2768 2844 2839 scyphi
2881 2777 2935 2824 et
2962 2778 3139 2837 potus,
3182 2779 3241 2825 et
3281 2771 3326 2825 si
3356 2784 3468 2839 qua:
3493 2777 3598 2821 sunt
3618 2762 3745 2833 brius-

2269 2862 2432 2916 modi.
2473 2861 2674 2916 Praesto
2720 2862 2825 2915 sint
2876 2861 2942 2915 ad
2987 2862 3332 2918 serviendum
3379 2861 3743 2915 fatuulicameno

2272 2953 2358 3015 rii,
2386 2964 2438 3008 ct
2460 2952 2687 3006 aliorum
2729 2952 3098 3008 ministrorum
3135 2954 3227 3023 qui
3262 2956 3327 3008 ad
3352 2954 3449 3008 hoc
3469 2960 3577 3006 sunt
3601 2947 3742 3003 idonei.

2273 3042 2373 3110 Qui
2398 3042 2568 3112 prius,
2616 3058 2713 3113 per
2758 3057 2857 3098 eos
2898 3045 3094 3113 quibus
3124 3042 3337 3111 jussum
3372 3044 3536 3107 fuerit,
3559 3043 3664 3096 bene
3685 3038 3743 3089 de-

2273 3130 2401 3186 bent
2419 3146 2539 3187 esse
2562 3130 2806 3187 instructi
2839 3132 3076 3202 qualiter
3105 3148 3199 3188 eos
3226 3135 3430 3189 servire
3450 3137 3667 3201 oporteat.
3681 3126 3744 3179 llis

604 3218 800 3274 dehinc
847 3215 1054 3286 pulsato
1096 3214 1248 3285 signo
1274 3214 1562 3285 loquantur
1591 3215 1785 3271 iterum
1828 3215 1879 3270 in
1912 3215 2167 3272 claustro.
2197 3217 2239 3278 C
2272 3223 2346 3277 ita
2371 3224 2655 3289 ordinatis,
2679 3240 2799 3295 cum
2824 3225 2998 3280 visum
3028 3224 3190 3281 fuerit
3223 3226 3427 3291 abbati,
3451 3230 3622 3293 surgat.
3647 3216 3742 3272 licii-

604 3305 758 3361 Tunc
802 3304 1128 3373 secretarius
1160 3302 1335 3373 pulset
1379 3318 1567 3372 parum
1616 3304 1826 3374 signum
1860 3305 2168 3372 minimum,

604 3394 743 3450 sicut
792 3394 847 3448 in
913 3391 1194 3447 duodecim
1248 3378 1572 3447 lectionibus
1625 3402 1748 3447 ante
1802 3394 2171 3449 matutinalem

600 3486 846 3561 missam.
876 3482 1191 3539 Celebretur
1223 3490 1352 3538 tunc
1385 3485 1452 3537 ab
1482 3481 1907 3538 hebdomadario
1945 3484 2175 3538 minoris

602 3575 783 3631 missae
846 3573 1011 3628 missa
1062 3571 1387 3643 pauperibus
1439 3572 1529 3641 qui
1602 3572 1856 3626 mandato
1911 3573 2171 3627 interesse

604 3650 827 3728 debent,
880 3665 1109 3718 ducente
1158 3678 1252 3718 eos
1292 3661 1464 3717 fratre
1500 3661 1929 3725 eleemosinario,
1980 3677 2173 3730 coope-

606 3753 853 3807 rantibus
890 3753 1098 3807 caeteris
1142 3752 1399 3807 fratribus
1428 3753 1624 3821 quibus
1654 3750 1956 3818 injunctum
1986 3751 2170 3807 fuerit.

606 3842 830 3917 Erpleta
859 3841 1045 3910 missa.
1062 3839 1423 3899 communicet
1448 3837 1700 3895 sacerdos
1734 3841 1877 3910 ipsos
1906 3855 2174 3911 pauperes

608 3936 675 3990 de
702 3935 896 3990 oblatis
947 3949 1055 3989 non
1106 3930 1455 3993 consecratis,
1502 3930 1657 4001 signo
1722 3937 1928 3984 tantum
1968 3942 2172 3985 sanctae

608 4022 804 4088 crucis,
836 4022 890 4076 in
926 4021 1141 4077 nomine
1169 4021 1380 4076 Domini
1411 4031 1572 4092 super
1622 4032 1719 4075 eos
1762 4017 1937 4086 facto;
1976 4017 2174 4075 dehinc

609 4112 872 4167 ducantur
896 4111 963 4165 ad
987 4110 1355 4165 reﬁciendum.

685 4203 783 4259 llis
807 4202 963 4269 actis,
1011 4202 1219 4273 pulsato
1242 4203 1392 4272 signo
1418 4202 1483 4257 ad
1511 4218 1733 4270 nonam,
1764 4203 1902 4260 facta
1932 4207 2174 4262 oratione

614 4294 936 4365 pulsataque
982 4293 1087 4347 alio
1129 4294 1302 4363 signo,
1343 4303 1566 4349 canatttr
1615 4310 1779 4362 nona,
1824 4306 1880 4352 ut
1930 4299 2087 4352 tertia
2118 4306 2175 4354 et

609 4397 784 4441 sexta.
805 4387 917 4452 Qua
944 4378 1179 4450 cantata,
1196 4385 1485 4440 induantur
1509 4386 1744 4443 infantes
1764 4398 1817 4443 et
1834 4389 1923 4457 qui
1950 4388 2172 4442 missam

610 4484 736 4533 sunt
778 4472 1121 4542 celebraturi,
1153 4476 1405 4532 sacerdos
1446 4477 1715 4544 videlicet,
1752 4480 1833 4534 vel
1869 4479 2035 4533 abbas
2070 4479 2168 4533 ho-

2271 3315 2360 3386 qui
2387 3315 2543 3385 263
2574 3330 2787 3385 quoque
2818 3315 3011 3371 fratres
3036 3322 3325 3388 surgentes
3361 3326 3478 3370 ante
3495 3322 3541 3369 et
3564 3319 3672 3366 retro
3690 3308 3742 3359 in-

2269 3409 2489 3464 clinent.
2517 3410 2728 3479 Egressi
2764 3408 3104 3477 refectorium
3142 3404 3381 3466 infantes
3404 3409 3630 3463 diveruut
3657 3414 3736 3461 cum

2268 3500 2543 3570 magistris
2571 3502 2684 3556 suis
2728 3502 2781 3556 in
2814 3502 3011 3556 scolam
3052 3517 3226 3568 suam,
3281 3502 3453 3571 ibique
3491 3504 3608 3553 stetit
3642 3488 3739 3545 misti

2269 3592 2542 3664 magistris
2570 3593 2681 3647 suis
2719 3601 2843 3647 ante
2884 3606 3146 3662 pauperes
3197 3608 3348 3658 suos,
3390 3588 3563 3659 reliqui
3592 3593 3738 3654 (ιυοίίηθ

2272 3684 2467 3739 fratres
2487 3694 2767 3756 surgentes
2787 3684 3009 3739 veniant
3029 3693 3151 3738 ante
3174 3698 3431 3755 pauperes
3451 3694 3573 3739 suos,
3593 3684 3633 3729 et
3643 3678 3736 3726 stent

2271 3775 2514 3829 ordinate
2532 3785 2655 3830 ante
2681 3789 2795 3840 eos,
2837 3775 2977 3829 sicut
3011 3784 3136 3829 sunt
3175 3776 3384 3844 priores
3410 3804 3429 3838 ,η
3467 3764 3623 3837 singuli
3656 3768 3737 3813 ante

2271 3861 2510 3931 singulos
2536 3879 2549 3927 ;
2578 3862 2746 3923 abbas
2775 3877 2902 3918 vero
2935 3864 3069 3919 duos
3093 3863 3311 3919 habeat.
3345 3861 3482 3916 Tunc
3502 3857 3619 3928 prior
3634 3852 3733 3920 jussu

2272 3952 2477 4007 abbatis
2499 3954 2761 4022 percutiat
2786 3954 3021 4008 tabulam
3047 3955 3218 4009 tribus
3250 3955 3453 4020 ictibus,
3481 3958 3527 4005 et
3552 3944 3733 4001 inclinas-
3812 3990 3813 4003 χ

2273 4050 2353 4099 tes
2377 4058 2434 4098 se
2462 4042 2617 4099 ﬂexis
2638 4043 2703 4098 ad
2739 4053 2937 4099 terram
2965 4044 3189 4115 genibus
3231 4046 3449 4100 adorent
3474 4038 3679 4096 Christum
3699 4028 3732 4079 in

2271 4135 2615 4206 Pauperibus.
2645 4135 2825 4191 Abbas
2853 4136 2935 4191 vel
2983 4144 3173 4191 cantor
3218 4136 3437 4206 incipiat
3478 4126 3731 4198 antiphonam
3810 4146 3811 4155 ι

2271 4225 2527 4283 Dominus
2544 4225 2722 4296 Iesus,
2748 4234 2801 4281 et
2823 4226 2956 4282 alias
2977 4242 3095 4300 qua:
3120 4227 3457 4282 conveniunt.
3484 4215 3643 4287 Singuli
3660 4211 3731 4265 sin-
3808 4290 3809 4301 χ

2273 4316 2409 4387 gulis
2438 4318 2659 4373 abluant
2699 4317 2888 4389 pedes,
2936 4327 3148 4391 tergant
3192 4326 3250 4376 et
3292 4314 3567 4374 osculentur
3597 4317 3664 4363 ore
3699 4308 3729 4352 α
3806 4358 3807 4391 ἦ

2273 4408 2461 4462 oculis.
2486 4407 2700 4462 Ablntis
2741 4416 3061 4463 cunctorum
3106 4409 3330 4479 pedibus
3374 4416 3633 4477 pauperum,
3661 4393 3729 4446 dm

2273 4512 2337 4550 ex
2362 4496 2617 4552 fratribus
2642 4495 2836 4566 quibus
2868 4497 3080 4567 jussum
3119 4496 3281 4553 fuerit
3309 4496 3576 4552 ministrent
3594 4482 3725 4540 abluti.

610 4559 857 4637 norilice,
907 4552 1164 4623 diaconus
1215 4553 1522 4634 dalmatica,
1545 4564 1919 4626 Subdiaconus
1964 4571 2169 4637 tunica,
2200 4553 2248 4615 Ῑ)
2277 4596 2415 4642 unus
2456 4552 2676 4657 aquam:
2724 4596 2778 4642 ει
2806 4552 2946 4643 alt-er
2975 4590 3367 4660 manurergium
3387 4629 3402 4654 ,
3433 4582 3584 4641 famuli
3611 4585 3724 4632 autem

612 4658 718 4713 duo
752 4658 819 4713 ad
856 4660 1278 4729 responsorium,
1318 4660 1429 4714 tres
1456 4662 1697 4715 conversi
1729 4661 1841 4732 (64)
1881 4662 1947 4715 ad
1978 4663 2173 4718 cande-

610 4744 783 4811 labra,
847 4756 902 4802 et
956 4746 1307 4801 thuribulum.
1367 4747 1585 4802 Interim
1637 4736 1954 4805 auferantur
1990 4751 2175 4806 fortnas

610 4838 678 4892 de
709 4838 873 4892 chero
898 4853 1019 4908 qua:
1057 4836 1256 4893 auferri
1286 4830 1491 4901 solent;
1531 4839 1811 4907 pulsentur
1839 4839 1991 4910 signa
2030 4840 2173 4895 sicut

608 4930 663 4985 in
689 4928 838 4985 festis
861 4922 1066 4985 diebus.
1096 4929 1295 4985 Cantor
1333 4930 1784 4986 hebdomadarius
1832 4933 2056 4986 chorum
2096 4942 2174 4988 te-

607 5029 733 5073 neat
770 5019 822 5073 in
864 5033 1054 5089 cappa,
1110 5019 1282 5074 missa
1331 5019 1518 5076 festive
1555 5022 1879 5087 celebretur,
1913 5019 2092 5077 Gloria
2124 5024 2178 5080 in

605 5101 823 5162 excelsis
851 5105 957 5160 Deo
978 5107 1210 5161 ‘minitne
1236 5108 1465 5176 dicatur,
1497 5102 1601 5165 nisi
1636 5112 1920 5182 episcopus
1948 5114 2169 5168 missam

611 5198 840 5257 celebret
869 5206 923 5251 et
950 5197 1187 5252 chrisma
1217 5197 1411 5264 faciat;
1458 5215 1599 5255 nunc
1625 5200 1787 5255 etiam
1823 5204 1876 5257 in
1904 5202 2013 5257 fine
2041 5196 2170 5258 mis-

2277 4677 2497 4746 rcliquis
2534 4677 2808 4733 fratribus.
2841 4678 3036 4733 Postea
3086 4681 3356 4751 accipiens
3399 4677 3544 4732 abbas
3576 4663 3725 4725 sacci“!

2274 4777 2331 4822 et
2358 4769 2746 4838 manutergium
2776 4784 2806 4823 a
2833 4768 3089 4825 fratribus
3120 4772 3208 4840 qui
3233 4773 3280 4826 ci
3304 4771 3581 4827 servierunt.
3602 4752 3721 4823 ηιῖηυλ

2275 4860 2473 4917 fratres
2519 4879 2549 4916 a
2598 4861 2833 4924 famulis.
2874 4864 3110 4918 serviant
3148 4875 3201 4918 et
3251 4865 3348 4933 ipsi
3388 4855 3674 4931 pauperibus;
3705 4860 3721 4892 ³

2274 4954 2468 5022 quibus
2499 4952 2890 5022 subsequcntcs
2931 4954 3125 5009 fratres
3170 4957 3477 5025 accipientes
3512 4942 3719 5003 utinistn’ﬂ'

2274 5043 2471 5106 abbati,
2503 5052 2558 5097 et
2586 5043 2775 5110 reliqui
2810 5042 3068 5113 fratribus
3095 5046 3326 5114 scyphos
3354 5057 3465 5100 cum
3489 5044 3603 5109 poln-
3635 5026 3718 5114 Tm

2272 5133 2419 5199 prior
2441 5136 2706 5202 percutiat
2734 5135 2968 5192 tabulam
3008 5139 3176 5193 tribus
3198 5113 3413 5199 ictibus,
3439 5143 3485 5188 et
3510 5113 3717 5212 dicatnrtb

2267 5214 2517 5279 ornnibus
2547 5225 2829 5282 moderata
2863 5216 2993 5285 voce
3020 5227 3330 5287 Beuedicite.
3361 5237 3409 5280 et
3440 5224 3540 5277 data
3571 5203 3717 5268 bella“

601 5302 677 5344 sa:
699 5288 779 5342 lte
812 5289 970 5341 missa
1020 5298 1093 5341 est
1134 5287 1348 5343 dicitur.
1393 5288 1495 5343 Tot
1546 5289 1733 5345 hostia:
1781 5300 2054 5361 ponantur
2100 5292 2168 5347 ad

2267 5313 2444 5369 ctione
2472 5315 2712 5370 tribuant
2742 5326 2926 5386 potum
2969 5318 3290 5395 pauperibus
3316 5304 3714 5373 osculanteseortlm

604 5379 926 5433 sacrandum
953 5376 1084 5447 quot
1129 5377 1373 5433 su'ﬂicer'e
1411 5378 1617 5449 possint
1638 5378 1753 5450 ipso
1780 5376 1867 5435 die
1887 5390 1941 5435 et
1964 5381 2016 5435 in
2040 5395 2163 5435 cra-

603 5467 744 5523 stino
772 5469 839 5523 ad
876 5469 1400 5525 communicandum.
1443 5469 1685 5537 Quatuor
1712 5471 1798 5528 llis
1822 5472 2012 5529 diebus
2039 5471 2159 5527 nul-

673 5640 787 5712 (δι)
821 5642 877 5695 Id
905 5651 1008 5710 est,
1050 5646 1264 5712 novitii,
1295 5660 1391 5703 seu
1422 5648 1626 5703 tirones
1662 5649 1933 5715 monachi,
1965 5649 2057 5721 qui
2096 5665 2165 5708 ex

607 5727 740 5785 laico
767 5731 953 5788 ordine
978 5746 1381 5811 convertuntur,
1417 5746 1475 5795 ut
1500 5739 1888 5823 patetinfra-c.
1911 5740 2002 5797 20.

2273 5420 2483 5472 manus,
2507 5415 2561 5460 et
2589 5409 2815 5477 receptis
2836 5410 3047 5479 scyphis
3087 5411 3217 5465 dent
3239 5407 3416 5479 singuli
3441 5395 3614 5467 singulis
3630 5398 3712 5479 μέθ’

2270 5497 2489 5567 poribus
2506 5497 2639 5554 duos
2650 5474 3038 5569 deinarios,-aut
3058 5511 3189 5571 quot
3211 5474 3367 5556 abbas
3380 5474 3713 5568 pratccl’e'i‘tm‘

2342 5663 2454 5743 (65)
2494 5669 2625 5725 Nola
2661 5672 2801 5743 quod
2825 5668 2927 5727 fer.
2954 5689 3027 5741 tv,
3069 5689 3119 5743 ν,
3163 5690 3236 5742 vi,
3261 5680 3313 5730 et
3351 5666 3547 5727 Sabbato
3568 5640 3710 5708 3W"

2272 5739 2479 5796 riStiatn
2510 5739 2897 5813 percipiebant.
