3864 6300
103 354 191 410 κει
1068 337 1391 393 DEtlllE'l‘A
1434 333 1570 389 PRO
1608 331 1867 390 ORDINE
1906 330 1967 386 S.
2009 326 2393 384 BENEDICTI.

3261 322 3361 377 15?.

106 461 955 521 tumosculanteseormnmanus.
974 453 1126 523 Ipsos
1154 440 1406 508 denarios
1428 451 1557 506 dare
1580 450 1672 503 de-
1706 455 1752 515 Λ
1783 447 2131 509 monasterio,
2170 444 2312 514 quod
2349 453 2475 498 ante
2523 442 2866 497 collationem
2913 442 2966 496 in
3016 438 3360 502 refertorium

105 561 182 612 bet
209 554 465 609 fratribus
499 548 813 623 cellerarius
844 556 961 619 aut
992 544 1347 609 caruerarius,
1380 543 1673 618 secundum

102 648 225 719 quod
238 645 415 700 abbati
436 639 1048 697 visuutftterit.Fratres
1067 640 1160 708 qui
1188 652 1253 692 eo
1277 651 1420 690 anno
1436 634 1674 691 defuncti

104 748 231 801 sunt,
258 750 383 790 suos
398 747 667 803 pauperes
681 731 746 784 ad
766 731 867 785 hoc
885 730 1195 783 mandatum
1216 727 1421 799 habere
1436 725 1633 780 debent
1658 741 1671 789 ;

102 820 813 884 similiteretfamiliarcsilli,
839 820 1141 890 proquibus
1161 831 1302 872 unus
1319 817 1369 870 in
1396 815 1500 871 hoc
1520 830 1675 868 man-

104 918 207 969 dato
234 930 501 986 pauperes
536 913 730 966 debere
762 899 886 980 poni
914 910 1080 963 abbas
1110 908 1429 963 decreverit.
1470 906 1676 974 Quibus

103 1006 404 1074 pauperibus
443 1002 757 1073 supradicto
796 1000 957 1055 modo
986 1000 1226 1054 serviant
1253 997 1450 1052 fratres
1473 997 1670 1066 quibus

107 1094 377 1164 injunctum
412 1094 604 1157 fuerit,
633 1092 771 1147 alter
794 1091 969 1146 nullus
987 1099 1299 1160 praesumat.
1333 1090 1581 1157 Quamliu
1607 1089 1674 1143 ad

106 1186 511 1242 boemandatum
524 1196 769 1249 cantant,
792 1185 842 1239 id
859 1193 961 1248 est,
977 1184 1101 1238 dum
1118 1199 1414 1253 pauperum
1430 1184 1591 1254 pedes
1610 1199 1673 1239 ac

109 1290 274 1329 silanus
319 1274 599 1339 lavantur,
629 1274 818 1328 sedere
848 1281 1075 1344 possunt
1105 1274 1195 1342 qui
1242 1272 1450 1336 volunt,
1478 1287 1545 1326 eo
1590 1280 1676 1325 ta-

108 1383 211 1421 men
242 1367 394 1421 modo
444 1381 557 1434 quo
601 1367 819 1421 sedetur
877 1366 929 1419 in
958 1366 1155 1429 choro,
1207 1379 1314 1418 uno
1357 1363 1563 1418 scilicet
1591 1378 1673 1417 se-

108 1460 244 1514 dente
273 1460 411 1513 inter
437 1458 581 1513 duos
601 1467 831 1513 stantes.
858 1458 999 1512 Dum
1023 1467 1205 1512 autem
1231 1457 1551 1526 propinatur
1570 1470 1672 1525 po-

108 1564 197 1615 tus,
224 1551 405 1603 sedere
440 1560 673 1619 possunt
726 1567 916 1606 omnes
947 1551 1254 1620 quicunque
1283 1550 1490 1613 volunt,
1537 1550 1674 1605 alter

104 1640 233 1707 iam
260 1642 514 1707 alterum,
547 1659 652 1697 non
679 1630 967 1698 observato
1000 1643 1091 1698 illo
1119 1644 1295 1698 standi
1344 1643 1426 1698 vel
1452 1642 1672 1698 sedendi

107 1732 287 1785 ordine.
324 1731 468 1786 later
500 1732 618 1787 bmc
644 1733 977 1789 sccretarius
1005 1734 1297 1787 observare
1344 1734 1505 1788 debet
1550 1747 1675 1787 con-

1779 540 2109 609 deportetur.
2147 537 2436 607 Postquam
2474 535 2667 590 fratres
2694 551 2725 589 a
2768 536 2951 590 mensa
2993 534 3361 598 surrexerint,

1778 640 1833 685 et
1866 632 1931 686 de
1984 630 2317 684 monasterio
2354 645 2417 683 ac
2457 628 2775 683 dormitorio
2803 626 2959 680 solito
3001 636 3149 682 more
3183 626 3360 680 redic-

1781 722 1909 787 rint,
1940 720 2119 775 lavcnt
2143 720 2241 776 sibi
2276 720 2457 789 pedes,
2490 728 2548 772 ut
2580 716 2824 773 Sabbato
2854 717 2969 771 fieri
3012 716 3189 781 solet;
3218 730 3359 784 prte-

1778 820 2039 882 parentur
2061 820 2261 867 cuncta
2285 826 2404 881 qua:
2428 811 2493 863 ad
2520 810 2827 863 tnandatum
2874 815 2999 861 sunt
3029 806 3357 861 necessaria.

1782 902 2017 958 licfeclis
2045 888 2401 957 servitoribus
2432 910 2485 955 et
2515 900 2743 970 pedibus
2774 897 2993 961 ablutis,
3020 896 3262 967 pulsetur
3288 904 3366 949 ta-

1780 991 1924 1057 bula,
1958 1002 2013 1047 et
2043 992 2108 1045 ad
2140 990 2430 1046 bibcndmu
2463 990 2515 1044 in
2553 984 2897 1043 rcfcctorium
2926 987 3147 1041 vadunt.

1848 1081 1971 1137 Post
2012 1083 2128 1137 haec
2175 1083 2411 1153 egressfs
2458 1068 2713 1135 fratribus
2757 1082 2822 1135 de
2872 1078 3176 1142 refectorio,
3220 1076 3367 1148 prior

1777 1174 2021 1239 claustri,
2042 1165 2271 1243 jubente
2298 1174 2514 1239 abbate,
2550 1173 2822 1243 percutiat
2850 1172 3082 1227 tabulam
3111 1172 3176 1224 ad
3209 1186 3365 1225 man-

1776 1266 1982 1319 datum.
2014 1263 2365 1334 lntrogrcssis
2407 1263 2460 1317 in
2512 1263 2809 1333 capitulum
2858 1262 3136 1326 fratribus,
3187 1262 3367 1329 priore

1776 1356 1998 1411 claustri
2028 1356 2250 1411 sedente
2277 1356 2331 1409 in
2361 1355 2477 1410 loco
2520 1355 2754 1420 abbatis,
2793 1354 3128 1424 prmeingant
3177 1367 3235 1406 se
3266 1351 3368 1404 lin-

1778 1449 1880 1503 teis
1905 1447 2073 1520 264
2098 1448 2265 1504 abbas
2290 1458 2346 1502 et
2382 1448 2552 1517 prior,
2584 1457 2639 1503 et
2671 1447 2960 1502 inchoante
2997 1446 3180 1516 priore
3215 1440 3364 1499 clau-

1778 1539 1881 1594 stri
1904 1539 2255 1608 antipltonant
2273 1538 2530 1593 Dominus
2546 1539 2722 1601 Iesus,
2746 1540 2964 1592 veniant
2978 1537 3030 1591 in
3048 1536 3366 1605 capitulum,

1776 1632 1946 1687 abbas
1977 1633 2045 1687 ad
2074 1633 2354 1687 dexteram
2378 1641 2433 1686 et
2457 1633 2609 1704 prior
2651 1633 2717 1686 ad
2750 1632 3048 1698 sinistram,
3091 1630 3369 1701 sequenti-

1776 1721 1878 1776 bus
1903 1736 1999 1799 cos
2028 1712 2288 1777 fratribus
2339 1722 2429 1791 qui
2468 1723 2534 1777 ad
2561 1723 2845 1779 servitium
2892 1738 3081 1777 eorum
3129 1723 3242 1792 ipsa
3283 1721 3369 1776 die

108 1836 220 1890 gma
266 1822 561 1876 intervalli
584 1823 779 1893 quibus
811 1822 1048 1878 tabulam
1078 1823 1147 1877 ad
1182 1836 1435 1892 vesperug
1460 1823 1676 1893 pulsare
1709 1806 1752 1866 Β
1783 1811 1836 1868 ll]
1862 1814 2100 1884 capitulo
2126 1812 2332 1869 [ιιονὲιιι
2352 1815 2611 1880 ordinati,
2641 1823 2696 1870 ει
2716 1815 2932 1885 utrique
2953 1814 3109 1870 ﬂexis
3139 1815 3366 1885 genibus

108 1912 297 1967 debeat.
322 1911 503 1968 Semel
534 1912 788 1968 videlicet
816 1912 942 1969 lotis
968 1913 1217 1983 pedibus,
1248 1922 1305 1969 et
1352 1914 1518 1969 semel
1551 1914 1674 1970 lotis

112 2007 359 2073 manibus,
393 2008 702 2078 prepinato.
720 2007 971 2061 omnibus
1000 2015 1156 2077 potu,
1193 2008 1427 2063 reversis
1451 1996 1675 2080 singulis

127 2096 168 2149 in
192 2095 295 2149 loca
330 2088 449 2161 sua,
478 2095 638 2167 prior
663 2105 747 2152 ter
774 2097 1044 2166 percutiat
1091 2096 1349 2153 tabulam.
1400 2099 1551 2155 Tunc
1580 2101 1675 2155 ab—

117 2186 198 2242 bas
241 2188 314 2242 vel
373 2189 639 2245 sacerdos
688 2186 949 2243 mediocri
1000 2202 1131 2244 voce
1176 2190 1323 2244 dicat
1376 2190 1673 2261 capitulum

115 2279 309 2334 Ostende
334 2281 507 2346 nobis,
552 2279 794 2345 Domine,
822 2279 1235 2334 misericordiam
1263 2290 1427 2334 tuam.
1454 2281 1677 2337 Fratres

111 2384 270 2425 cernes
291 2368 441 2425 flexis
466 2370 543 2426 ad
578 2380 778 2425 terram
792 2367 1027 2440 genibus
1048 2370 1413 2440 respondeant
1439 2371 1504 2425 Et
1529 2371 1676 2426 salu-

117 2471 365 2514 Iarettttmt
414 2448 707 2526 (instabis,
760 2461 955 2517 dehinc
1004 2461 1245 2517 inclinati
1290 2477 1453 2532 super
1500 2479 1673 2536 genua

116 2558 291 2603 tantum
343 2550 532 2606 dicant
583 2547 747 2620 Hyrie
784 2549 1001 2617 eleison,
1041 2550 1205 2606 Pater
1250 2563 1456 2617 noster;
1507 2553 1676 2609 abbas

119 2641 182 2695 vel
204 2645 442 2697 sacerdos
473 2642 626 2697 dicet
666 2642 925 2697 mediocri
967 2658 1097 2698 voce
1136 2641 1202 2697 Et
1233 2661 1295 2698 ne
1321 2661 1435 2700 nos.
1486 2645 1676 2702 Susce-

117 2733 275 2798 yimiis,
304 2734 465 2800 Deus,
500 2735 923 2788 misericordiam
960 2745 1129 2789 luant.
1176 2734 1244 2791 In
1282 2738 1455 2791 medio
1498 2741 1675 2810 templi

116 2824 195 2876 tui.
221 2823 290 2897 Tu
318 2826 591 2879 vitandain
624 2827 876 2879 mandata
916 2836 1008 2879 tua
1052 2827 1309 2881 custodiri
1345 2831 1521 2885 nimis.
1571 2831 1678 2886 Do-

120 2911 247 2977 mine,
276 2915 464 2967 exaudi
493 2914 790 2969 orationem
828 2931 1016 2969 meam.
1048 2913 1115 2969 Et
1146 2916 1345 2972 clamor
1364 2935 1508 2974 unus
1539 2922 1607 2975 ad
1628 2930 1677 2976 te

119 3004 273 3055 veniat.
300 3002 558 3057 Dominus
598 3004 883 3058 vobiscum.
914 3002 1156 3059 Oremus.
1202 3006 1417 3073 Adesto,
1457 3009 1678 3066 Domine

119 3088 223 3142 λεια
235 3090 445 3159 Christe,
464 3094 639 3164 officio
666 3104 860 3149 nostra:
885 3095 1172 3162 servitutis,
1199 3105 1269 3162 et,
1293 3098 1416 3167 quia
1442 3107 1499 3151 tu
1521 3100 1676 3169 pedes

121 3180 267 3237 lavere
292 3184 536 3255 dignatus
564 3202 618 3240 es
657 3186 759 3240 tuis
794 3186 1085 3256 discipulis,
1133 3204 1197 3242 ne
1232 3189 1490 3258 despicias
1520 3208 1676 3261 opera

125 3286 594 3343 manumatuarum,
618 3294 734 3347 qua:
764 3278 910 3331 nobis
943 3277 1213 3334 retinenda
1245 3282 1546 3348 mandasti;
1589 3285 1679 3339 sed

125 3363 230 3417 sicut
250 3366 321 3419 liis
349 3369 615 3422 exteriora
645 3368 933 3422 abluuntur
954 3370 1347 3440 inquinamenta
1376 3390 1678 3445 corporum,

127 3456 185 3506 sic
207 3466 300 3512 ate
326 3460 499 3514 omnia
532 3469 713 3513 nostra
734 3460 984 3515 interiora
1009 3460 1249 3517 laventur
1264 3476 1499 3533 peccata.
1526 3469 1679 3534 Quod

128 3546 213 3614 ipse
237 3562 470 3618 prestare
498 3551 754 3621 digneris,
790 3553 882 3622 qui
908 3568 1050 3619 cum,
1091 3562 1196 3609 etc.
1224 3553 1307 3609 Ad
1337 3557 1489 3627 cujus
1516 3558 1678 3616 linem

134 3652 291 3695 OlltllCS
316 3643 704 3713 respondentes
729 3644 916 3709 Amen,
941 3653 994 3699 et
1025 3644 1347 3703 inclinantes
1372 3663 1429 3704 se
1456 3658 1581 3706 ante
1625 3664 1682 3710 et

131 3741 267 3797 retro,
311 3737 503 3789 vadant
531 3735 599 3789 ad
626 3734 913 3790 ecclesiam
956 3738 1213 3793 mediocri
1257 3754 1388 3795 voce
1419 3753 1680 3800 canentes

130 3825 355 3891 psalmum
386 3827 638 3882 Miserere
660 3828 782 3894 mei,
823 3828 980 3882 Deus.
1011 3828 1230 3885 Interim
1255 3834 1580 3891 secretarius
1624 3846 1682 3893 et

132 3912 264 3983 aliqui
310 3916 503 3973 fratres
546 3932 731 3972 secum
778 3919 1084 3986 percutiant
1128 3922 1336 3979 tabulas
1385 3926 1674 3996 gradatim,

134 4018 275 4076 coque
304 4011 456 4065 modo
488 4020 656 4080 atque
684 4010 872 4065 ordine
918 4026 1027 4080 quo
1054 4012 1211 4082 signa
1258 4014 1463 4086 pulsari
1504 4018 1679 4074 solent

136 4098 178 4152 in
201 4098 386 4158 festivis
411 4103 622 4160 diebus.

190 4192 325 4249 Dicto
348 4197 556 4266 psalmo
580 4236 596 4262 ,
628 4206 680 4251 et
705 4195 968 4252 fratribus
999 4196 1051 4252 in
1084 4197 1275 4254 ordine
1301 4215 1399 4256 suo
1427 4200 1481 4256 in
1508 4203 1677 4260 choro

136 4286 383 4354 stantibus,
409 4289 595 4343 statim
631 4304 765 4357 puer
806 4288 1028 4359 incipiat
1064 4289 1416 4359 antiphonam
1448 4293 1677 4350 Calicem

136 4374 363 4433 mixturis.
394 4379 473 4434 Ad
524 4378 679 4447 cujus
728 4379 1125 4434 inchoationem
1172 4381 1375 4450 petitur
1420 4386 1573 4439 venia
1609 4386 1678 4441 ab

1779 1902 1962 1958 lavent
1990 1904 2155 1974 pedes
2185 1904 2443 1972 fratrum,
2481 1914 2535 1960 et
2561 1914 2776 1975 tergant
2805 1916 2859 1961 et
2887 1905 3219 1961 osculentur.
3266 1905 3370 1960 Ca-

1780 1998 1998 2052 merarii
2027 2007 2225 2068 prmslo
2246 2014 2370 2055 esse
2401 1982 2619 2069 debent,
2645 2001 2738 2070 qui
2770 2001 3085 2055 madefactis
3124 2000 3371 2055 tersoriis

1778 2087 1884 2143 alia
1922 2090 2255 2157 ministrent,
2291 2091 2503 2162 quoties
2548 2105 2684 2162 Opus
2729 2089 2932 2155 fuerit;
2967 2090 3089 2145 lotis
3124 2090 3367 2145 omnium

1777 2182 1867 2250 qui
1896 2182 1948 2235 iu
1977 2182 2212 2253 capitulo
2241 2192 2367 2238 sunt
2397 2183 2621 2253 pedibus
2647 2223 2661 2248 ,
2709 2185 2929 2238 sedeant
2955 2184 3087 2238 foris
3117 2192 3242 2236 ante
3271 2199 3366 2237 ca—

1777 2273 2002 2342 pitulum
2059 2275 2209 2342 prior
2233 2284 2287 2328 et
2322 2274 2565 2344 praedicti
2593 2275 2888 2329 scrvitorcs
2918 2291 3039 2329 cum
3087 2290 3169 2330 eo.
3224 2274 3369 2341 Quo.-

1779 2380 1896 2418 rum
1928 2364 2091 2434 pedes
2120 2366 2447 2435 prmeinctus
2476 2367 2703 2420 ters'orio
2728 2366 2897 2420 abbas
2943 2364 3098 2421 ﬂexis
3142 2367 3368 2435 genibus

1778 2455 1982 2521 abluat,
2031 2466 2086 2511 et
2115 2464 2286 2527 tergat
2315 2465 2369 2511 et
2395 2455 2699 2522 osculetur,
2733 2456 3095 2512 servientibus
3128 2455 3228 2519 sibi
3258 2455 3370 2523 fra-

1781 2547 1953 2603 tribus
1978 2549 2048 2602 ad
2078 2549 2182 2603 hoc
2207 2549 2529 2619 obsequium
2556 2549 2849 2619 deputatis.
2878 2548 3009 2604 Post
3040 2549 3153 2605 hate
3183 2550 3368 2604 redeat

1779 2639 1947 2696 abbas
1973 2642 2024 2695 in
2052 2642 2235 2697 sedem
2267 2656 2460 2707 suam;
2508 2641 2575 2696 ad
2618 2658 2782 2713 quem
2830 2642 2996 2713 prior,
3047 2642 3370 2712 przccinctus

1780 2733 2033 2800 tersorio,
2092 2735 2312 2789 veniens
2369 2749 2494 2789 cum
2563 2734 2823 2790 fratribus
2878 2736 2978 2789 sibi
3036 2734 3365 2804 .deputatis,

1780 2822 1922 2878 lavet
1942 2825 2106 2895 pedes
2142 2824 2277 2894 ejus,
2310 2834 2365 2880 et
2407 2834 2583 2896 tergat
2628 2834 2683 2880 ct
2727 2825 3123 2890 osculetur,“
3164 2825 3368 2880 ablutis

1779 2900 2028 2971 mallibus
2053 2918 2167 2971 suis
2190 2917 2377 2972 statim
2402 2918 2610 2972 deferat
2637 2918 2739 2972 sibi
2761 2932 2956 2987 aquam
2980 2916 3050 2972 ad
3071 2917 3371 2973 abluendas

1782 3025 1995 3074 manus,
2015 3026 2123 3064 uno
2148 3026 2334 3065 eorum
2358 3010 2451 3080 qui
2480 3010 2582 3065 sibi
2596 3013 2903 3067 servierunt
2934 3020 3152 3067 tenente
3173 3027 3368 3065 manu-

1784 3101 2034 3171 tergium.
2066 3100 2268 3157 Deinde
2313 3102 2572 3157 redeunte
2614 3103 2797 3171 priore
2836 3102 3062 3159 claustri
3092 3102 3147 3157 in
3184 3101 3365 3157 locum

1783 3192 2018 3255 abbatis,
2050 3203 2210 3248 exeat
2256 3193 2448 3260 abbas,
2497 3203 2553 3249 et
2587 3195 2920 3265 accipientes
2966 3195 3083 3266 ipse
3126 3204 3181 3250 et
3223 3197 3372 3267 prior

1783 3286 2004 3342 baccilia
2044 3302 2169 3341 eum
2201 3302 2369 3356 aqua,
2406 3296 2462 3341 et
2511 3287 2874 3357 manutergia,
2908 3287 3015 3344 duo
3049 3287 3250 3347 fratres
3276 3290 3372 3358 qui

1781 3374 1849 3429 de
1883 3376 2115 3445 coquiua
2150 3376 2263 3447 ipsa
2292 3376 2596 3446 septimana
2619 3377 2884 3441 serviunt,
2914 3377 3006 3446 qui
3032 3376 3178 3432 inter
3211 3389 3372 3431 emta--

1783 3481 1873 3521 ros
1909 3468 2182 3537 adjutores
2215 3469 2285 3522 ad
2314 3466 2473 3537 hujus
2517 3469 2755 3522 mandati
2786 3469 3102 3537 obsequium
3127 3470 3368 3525 ordinari

1782 3556 2001 3621 debent,
2025 3558 2265 3612 serviant
2295 3558 2549 3613 omnibus
2579 3559 2649 3611 ad
2674 3558 2969 3612 abluendas
2991 3574 3203 3626 manus,
3228 3561 3372 3615 sicut

1781 3649 2086 3703 servierunt
2132 3648 2200 3702 ad
2248 3649 2543 3704 abluendas
2584 3649 2766 3719 pedes.
2818 3650 2913 3706 llis
2949 3650 3181 3721 expletis
3206 3664 3372 3709 exeat

1779 3740 1971 3804 abbas,
2011 3750 2063 3793 et
2094 3740 2238 3810 prior
2268 3751 2324 3795 et
2349 3741 2644 3796 servitores
2665 3756 2876 3806 eorum,
2907 3752 2963 3798 et
2995 3754 3122 3799 ante
3150 3748 3369 3814 capitu-

1782 3829 1890 3884 lum
1921 3832 2158 3901 psa‘beat
2185 3832 2266 3888 eis
2290 3832 2460 3887 abbas
2502 3848 2700 3903 aquam
2730 3833 2798 3887 ad
2825 3833 3121 3889 abluendas
3149 3851 3363 3900 manus,

1782 3928 1997 3975 tenente
2045 3922 2441 3991 manutergium
2494 3938 2602 3977 uno
2653 3935 2841 3977 eorum
2883 3923 3116 3979 fratrum
3169 3926 3261 3995 qui
3291 3928 3364 3980 ad

1780 4013 1881 4067 huc
1911 4014 2229 4084 obsequium
2254 4014 2301 4068 ei
2328 4015 2567 4085 deputati
2601 4024 2746 4069 sunt.

1848 4104 1966 4171 Quo
1989 4123 2141 4176 perat
2158 4116 2231 4171 to,
2255 4108 2563 4177 price-edens
2588 4108 2754 4162 abbas
2777 4109 3052 4173 etczcteri,
3078 4120 3367 4181 sequentes

1778 4211 1923 4263 eum,
1956 4199 2232 4254 introeant
2260 4201 2587 4270 capitulum,
2612 4200 2905 4256 et°faciattt
2942 4212 3066 4258 ante
3093 4215 3149 4258 et
3196 4215 3364 4269 retro,

1779 4288 1916 4343 sicut
1948 4289 2083 4344 solet
2114 4290 2228 4343 fieri
2279 4290 2364 4345 die
2414 4289 2638 4344 Sabbati
2677 4292 2745 4346 ab
2790 4293 2868 4345 cis
2913 4292 3006 4360 (iui
3051 4294 3366 4348 mandatum

1777 4378 2040 4434 fecerunt.
2071 4379 2262 4434 Postea
2304 4388 2494 4451 pergat
2534 4380 2701 4435 abbas
2729 4382 2796 4435 ad
2827 4382 3011 4437 sedem
3036 4398 3214 4450 suam,
3238 4398 3366 4440 sur-

136 4470 344 4526 omnibus
373 4487 535 4543 supra
569 4471 791 4534 formas,
822 4471 967 4525 dicto
1009 4471 1215 4541 psalmo
1262 4472 1587 4544 Magniﬁcat,
1622 4487 1675 4532 et
1706 4494 1753 4553 ι)
1780 4479 1940 4541 gente
1966 4481 2235 4527 conventu
2285 4472 2458 4526 donec
2490 4471 2698 4536 sedeat,
2755 4472 2947 4543 reliqui
2999 4473 3250 4530 similiter
3294 4478 3366 4531 ad

139 4564 323 4630 repetita
346 4567 639 4636 antiphona
665 4563 783 4620 sine
809 4563 931 4619 linis
962 4562 1189 4620 melodia
1218 4581 1232 4632 ;
1272 4568 1481 4622 curvati
1513 4584 1676 4639 supra

138 4649 323 4720 formas,
343 4658 522 4713 dicant
550 4657 604 4710 iu
627 4656 843 4711 silentio
866 4654 1028 4725 Kyrie
1049 4655 1266 4722 elcisou,
1294 4655 1455 4712 Pater
1482 4670 1673 4727 noster,

140 4758 292 4811 preces
333 4747 438 4821 Ego
483 4751 620 4818 dixi,
664 4749 906 4815 Domine,
956 4750 1221 4820 psalmum
1265 4750 1511 4805 Miserere
1553 4754 1674 4819 mei,

140 4833 271 4904 Deus,
297 4842 511 4898 collecta
546 4841 783 4911 Respice,
805 4857 1126 4914 qua‘sumus.
1160 4840 1218 4895 Si
1249 4840 1464 4912 aliquis,
1498 4843 1564 4898 dc
1593 4842 1675 4898 fo-

142 4926 200 4982 ris
221 4932 441 5000 veniens,
480 4934 914 4989 benedictionem
950 4935 1184 5004 petierit,
1234 4936 1482 4991 omnibus
1529 4937 1676 4992 horis

141 5021 334 5091 accipiat
361 5026 471 5096 ipso
498 5027 585 5081 die
625 5042 733 5096 quo
769 5026 995 5081 venerit.
1031 5027 1125 5082 llis
1173 5026 1345 5083 tribus
1388 5028 1577 5085 diebus
1606 5039 1678 5085 ta-

144 5110 253 5169 bulae
271 5117 527 5175 refectorii
550 5127 817 5190 cooperta:
841 5119 969 5173 sint.
997 5118 1078 5173 Ad
1101 5119 1404 5189 cymbalum
1432 5132 1486 5175 et
1513 5138 1677 5191 super

145 5203 339 5262 tabulam
390 5210 599 5266 abbatis
647 5220 917 5282 ponantur
972 5209 1169 5265 tabula:
1212 5226 1334 5266 cum
1389 5212 1673 5269 malleolis.

154 5291 315 5354 Versus
345 5314 397 5357 et
440 5304 843 5360 benedictiones
886 5303 940 5359 in
991 5302 1296 5368 refectorio,
1330 5313 1384 5358 et
1428 5303 1676 5361 Miserere

146 5385 240 5448 mi,
255 5385 399 5457 Deus,
424 5401 541 5461 post
564 5408 807 5449 mensam
832 5391 1017 5448 humili
1043 5406 1174 5447 voce
1189 5393 1478 5460 dicantur;
1508 5394 1676 5450 lector

144 5472 236 5530 sine
252 5482 403 5545 petita
425 5485 796 5541 benedictione
824 5484 985 5555 legat,
1013 5492 1070 5539 et
1092 5484 1209 5539 sine
1243 5482 1321 5537 Tu
1342 5495 1539 5551 autem,
1570 5483 1676 5539 Do-

146 5565 270 5631 nunc,
292 5577 545 5633 terminet.
563 5578 780 5634 Interim
794 5579 920 5633 dum
943 5579 1140 5632 fratres
1154 5578 1205 5631 in
1222 5576 1511 5631 refectorio
1528 5587 1671 5644 sunt,

147 5667 384 5721 secretarii
409 5670 805 5741 discooperiant
824 5671 1005 5726 omnia
1034 5669 1248 5735 altaria,
1279 5677 1332 5723 ct
1360 5679 1549 5739 parent
1570 5670 1674 5725 duo

148 5750 371 5823 iamlitigio,
410 5776 565 5817 unum
599 5762 742 5832 quod
776 5763 828 5819 in
860 5761 1098 5832 capitulo
1144 5770 1246 5828 est,
1279 5771 1333 5818 et
1361 5761 1590 5818 alterum
1619 5760 1671 5816 in

1780 4562 1895 4617 loca
1933 4579 2051 4616 sua.
2093 4563 2353 4619 Cessante
2385 4571 2562 4617 autem
2603 4572 2787 4628 cantu,
2815 4575 2874 4619 et
2911 4566 3205 4622 secretario
3243 4583 3367 4637 per-

1779 4656 2017 4710 cutiente
2050 4655 2283 4709 tabulam
2315 4656 2381 4709 ad
2408 4655 2775 4720 collationem,
2812 4656 2904 4725 qui
2955 4659 3119 4727 petita
3148 4656 3367 4714 licentia

1742 4770 1749 4777 -
1779 4746 1846 4800 ad
1873 4762 1994 4799 earn
2031 4745 2433 4815 pcrcutiendam
2466 4748 2725 4817 perrexit,
2759 4749 2893 4803 hora
2922 4763 3161 4819 congrua
3187 4750 3367 4819 ingre-

1779 4839 1959 4894 diatur
1985 4838 2246 4894 diaconus
2285 4839 2608 4908 capitulum,
2638 4842 2728 4912 qui
2765 4849 2889 4913 post
2934 4857 3194 4898 manuum
3246 4861 3365 4900 sua-

1780 4947 1900 4985 rum
1943 4932 2273 4987 ablutiouem
2304 4931 2370 4986 ad
2399 4947 2458 4987 se
2505 4936 2915 5003 praeparandum
2960 4935 3080 5000 ivit,
3124 4935 3242 4991 alba
3266 4977 3281 5001 ,
3311 4946 3367 4990 et

1779 5022 1914 5077 szola
1935 5031 1989 5076 et
2008 5022 2294 5076 dalu:alica
2319 5022 2561 5088 indutus,
2589 5030 2790 5077 textum
2816 5025 3088 5095 Evangelii
3118 5033 3363 5094 portans,

1778 5113 2209 5185 przccedentibus
2262 5114 2435 5169 tribus
2472 5116 2748 5171 conversis
2794 5119 3132 5187 portantibus
3168 5119 3366 5174 cande-

1778 5206 1950 5273 labra,
1976 5214 2033 5261 et
2072 5206 2401 5261 thuribulum
2451 5208 2570 5278 igne
2620 5217 2675 5263 ct
2713 5210 2870 5266 thure
2921 5209 3199 5266 refertum.
3246 5211 3366 5281 Ipse

1778 5297 1921 5353 enim
1940 5298 2201 5352 diaconus
2221 5308 2512 5368 antequam
2539 5310 2694 5355 exeat
2716 5301 2781 5354 de
2806 5303 3136 5357 monasterio
3163 5317 3365 5372 ponere

1777 5390 1939 5447 debet
1968 5391 2092 5445 thus
2122 5389 2176 5444 in
2208 5389 2325 5458 ipso
2359 5390 2650 5445 thuribulo.
2695 5391 2901 5457 Quibus
2941 5393 3364 5462 ingredientibus

1776 5479 2094 5550 capitulum,
2136 5488 2281 5534 totus
2338 5489 2635 5535 conventus
2686 5492 2932 5551 assurget
2980 5492 3131 5537 sta‘ns
3192 5485 3363 5539 donec
3452 5530 3461 5537 .

1780 5587 1919 5627 unus
1951 5587 2141 5628 versus
2171 5571 2239 5626 de
2261 5570 2553 5640 Evangelia
2587 5571 2855 5640 perlectus
2885 5581 2987 5628 est.

1846 5666 1983 5722 Cum
2020 5676 2199 5721 autem
2231 5681 2351 5721 esse
2383 5675 2592 5733 tempus
2642 5669 2998 5735 perspexerit,
3042 5669 3229 5725 innuat
3267 5669 3361 5722 ab.

1778 5764 1873 5818 bas
1899 5759 2067 5831 priori
2102 5769 2157 5813 ut
2189 5760 2342 5814 vadat
2383 5764 2670 5828 perculere
2715 5758 2970 5816 tabulam.
3018 5762 3083 5815 Et
3113 5778 3234 5817 cum
3262 5776 3359 5813 au-
