3864 6300
538 359 645 415 sos
1528 347 1587 405 tt.
1629 309 2018 405 lassasset
2059 347 2408 405 caurum.
2452 346 2769 404 ARCIIIEI‘.
3629 351 3707 407 tsi

533 463 692 528 diei-it
728 468 874 540 prior
899 485 928 522 a
950 467 1176 522 diacono
1212 464 1443 535 Surgite,
1468 480 1646 518 eamus
1671 462 1810 528 hinc,
1840 460 2101 532 percutiat
2134 468 2172 523 Λ
2206 459 2399 513 ferant.
2434 456 2560 514 Post
2584 459 2698 513 haec
2721 458 2889 511 abbas
2909 462 3113 528 surgat,
3140 467 3193 513 et
3217 450 3401 512 humili
3423 472 3541 513 voce
3563 461 3705 519 dicat.

532 559 786 625 tabulam,
838 563 979 613 sicut
1021 556 1157 611 solet
1206 553 1407 624 perculi
1441 552 1762 623 cymbalum.
1794 550 1942 616 Quod
1976 550 2101 603 dum
2206 548 2540 618 Adjutorinm
2575 561 2807 603 nostrum
2867 550 2919 603 in
2972 551 3177 603 nomine
3221 548 3445 616 Domini,
3478 560 3528 605 ct
3560 554 3710 611 eadem

532 656 841 721 til,surgant
860 662 1069 711 omnes,
1097 661 1180 709 ac,
1206 643 1541 713 pixcccdenlc
1564 641 1787 696 diacono
1811 656 1930 694 cum
1959 648 2101 693 textu
2205 653 2336 693 voce
2382 648 2679 694 conventus
2724 638 3070 709 respondeat,
3102 639 3204 705 Qui
3244 640 3367 709 fecit
3396 639 3558 693 celum
3580 652 3618 695 et
3636 654 3709 698 ter-

529 724 583 798 (ιι
605 740 882 796 conversis
905 754 1025 794 cum
1049 734 1388 791 candelabris
1437 744 1489 788 et
1516 732 1808 797 thuribulo,
1850 738 2105 800 sequatur
2206 744 2319 783 ram
2360 740 2379 781 .'
2423 729 2625 783 deinde
2662 728 3005 799 praecedente
3052 728 3280 784 diacono
3337 743 3454 784 cum
3484 734 3712 789 conversis

531 826 833 886 conventus
859 828 912 883 in
962 825 1328 890 refcctorium,
1377 823 1514 878 sicut
1556 825 1613 876 lit
1654 822 1707 877 in
1756 820 1989 875 Sabbato
2036 818 2102 873 ad
2204 818 2523 873 candelabra
2604 829 2659 873 et
2708 817 3039 872 thuribulum
3097 818 3456 889 portantibus,
3508 829 3712 888 sequatur

530 904 881 975 charitatem.
940 916 1015 970 lhi
1070 913 1394 970 sc‘cretarius
1441 912 1637 967 habeat
1688 909 1988 978 analogium
2039 908 2103 962 de
2205 918 2501 964 conventus
2532 910 2598 963 ad
2629 909 3387 977 monasterium,'sccretario
3435 911 3712 979 percutients

534 1010 763 1079 ecclesia
791 1003 1439 1078 paratum,impositoquc
1460 1003 1688 1072 desuper
1711 1011 1877 1066 textu,
1910 1000 2101 1054 iterum
2206 1001 2441 1057 tabulam
2502 1001 2567 1057 ad
2625 1001 3055 1073 complctorium,
3089 1012 3161 1067 et,
3229 1001 3371 1056 facta
3415 1001 3710 1067 confessione,

535 1100 712 1153 mittat
759 1099 1015 1152 diaconus
1071 1097 1192 1151 thus
1244 1096 1296 1148 in
1348 1091 1709 1158 tlmribulum,
1757 1098 1809 1145 et
1865 1090 2102 1145 incenset
2205 1091 2387 1146 dicant
2414 1092 2976 1160 completorium,bini
2999 1101 3090 1147 aut
3116 1092 3255 1147 terni
3282 1093 3379 1148 sub
3401 1092 3711 1148 silentio.Post

533 1188 839 1259 analogiam
878 1198 930 1244 et
978 1197 1199 1243 textum.
1246 1185 1313 1241 Et
1341 1185 1560 1241 sedente
1609 1182 1808 1251 majore
1847 1182 2020 1252 priore
2051 1177 2100 1235 in
2205 1180 2611 1251 completorium
2672 1190 2781 1236 tres
2825 1183 3098 1237 orationes
3145 1181 3306 1236 solito
3355 1194 3499 1236 more
3540 1180 3709 1246 faciant,

534 1282 658 1338 loco
687 1283 920 1347 abbatis,
945 1284 1008 1336 ad
1040 1280 1154 1348 ejus
1182 1290 1365 1333 nulum
1400 1277 1619 1347 incipiat
1638 1278 1893 1332 diaconus
1924 1276 2103 1329 lcctio—
2206 1272 2354 1341 prior
2383 1271 2616 1327 tabulam
2643 1274 2914 1342 percutiat
2939 1273 3112 1328 tribus
3141 1272 3337 1327 ictibus
3358 1280 3473 1342 post
3497 1270 3711 1327 orationes

535 1391 657 1429 nem
688 1375 755 1429 ab
785 1390 845 1429 co
876 1373 993 1428 loco
1026 1374 1112 1427 ubi
1142 1373 1437 1427 dimiserat.
1478 1372 1543 1425 Et
1589 1371 1920 1441 percutienti:
1969 1369 2104 1423 γυῖα-
2207 1362 2490 1425 infantum,
2522 1364 2661 1415 sicut
2680 1361 2890 1417 skillam
2917 1362 3133 1432 pulsare
3174 1362 3335 1417 solet.
3368 1360 3635 1416 Notandum
3656 1370 3708 1413 est

532 1454 769 1518 ctorario
799 1462 1031 1516 tabulam
1062 1478 1168 1515 uno
1198 1462 1327 1523 ictu,
1369 1460 1555 1525 abbas,
1587 1468 1639 1513 et
1671 1458 1866 1513 fratres
1905 1459 1994 1527 qui
2037 1458 2102 1510 ad
2206 1464 2403 1520 autem,
2424 1457 2475 1508 in
2505 1454 2787 1525 hujusdiei
2820 1455 3245 1529 nbsequio,_quia
3279 1454 3321 1508 si
3348 1452 3504 1507 abbas
3524 1449 3715 1505 sufficere!

536 1552 699 1621 pedes
720 1551 977 1606 lavandos
1000 1551 1165 1620 ipsius
1188 1550 1457 1619 adjutores
1479 1548 2020 1610 exstiterant,vad:mt
2040 1546 2103 1600 asl
2208 1546 2373 1611 valet,
2392 1545 2633 1600 omnium
2672 1544 2901 1599 fratrum
2920 1546 3085 1614 pedes
3105 1545 3257 1599 solus
3289 1546 3341 1597 in
3370 1545 3464 1597 hac
3489 1544 3714 1597 del-arare

537 1642 715 1696 locum
749 1641 834 1695 ubi
866 1650 1021 1711 potus
1044 1641 1324 1694 charitatis
1349 1650 1571 1710 paratus
1598 1647 1703 1702 est,
1738 1638 1975 1693 ferentes
2019 1637 2102 1689 vi-
2206 1638 2391 1704 debet,
2428 1646 2659 1693 testante
2689 1637 2830 1693 enim
2858 1639 3016 1692 beato
3060 1637 3375 1699 Benedicto,
3406 1635 3537 1689 vices
3560 1630 3713 1686 Christi

540 1744 684 1788 treas
714 1734 942 1803 phialas,
973 1743 1065 1786 aut
1094 1733 1324 1802 scyphos
1352 1732 1580 1785 fratrum
1612 1730 1940 1785 inmanibus
1968 1729 2099 1783 suis.
2136 1794 2174 1803 __
2209 1728 2318 1797 agit
2376 1729 2429 1783 in
2497 1729 2851 1795 monasterio,
2918 1737 2973 1783 et
3034 1728 3275 1783 maxime
3342 1726 3394 1779 ia
3454 1726 3545 1779 hoc
3594 1723 3711 1778 mini-

531 1826 600 1880 Et
630 1835 853 1894 accepto
905 1825 1026 1877 vino
1062 1824 1112 1876 in
1160 1822 1428 1891 prtedictis
1455 1821 1613 1886 vasis,
1649 1828 1857 1874 tacente
1886 1820 2103 1885 lectore,
2134 1794 2181 1854 Β
2208 1820 2395 1875 sterio.

534 1916 841 1985 praecedant
871 1916 936 1969 ad
967 1915 1209 1982 gradum,
1252 1912 1390 1966 sicut
1418 1926 1530 1965 mos
1567 1917 1669 1964 est.
1712 1907 2107 1964 Refectorarius
2279 1911 2435 1965 Fcria
2484 1920 2633 1965 sexta
2682 1919 2809 1964 ante
2859 1917 3121 1965 nocturna
3185 1908 3432 1980 pulsetur
3480 1904 3631 1960 tabula
3676 1903 3717 1957 in

538 2010 692 2070 Vero,
715 2020 783 2059 ex
808 2018 915 2074 quo
961 2012 1183 2071 accepto
1230 2010 1355 2070 potu
1398 1992 1657 2071 incipiunt
1708 2000 1785 2054 ire
1832 2000 2106 2070 paulatim,
2209 2002 2467 2066 claustro,
2490 2011 2544 2054 et
2567 2010 2690 2055 ante
2712 1999 3016 2063 cellarium,
3049 2008 3101 2053 et
3133 2009 3264 2053 ante
3294 1999 3502 2052 domum
3530 1994 3717 2049 infirmo

536 2088 801 2163 percutiat
833 2092 1065 2146 tabulam
1112 2106 1264 2144 suam
1313 2105 1590 2159 quousque
1627 2089 1693 2144 ad
1731 2089 1952 2160 gradum
1991 2104 2109 2158 per—
2211 2110 2350 2157 rum,
2386 2094 2449 2145 ad
2478 2092 2795 2145 excitandos
2821 2085 3167 2144 dormieittes.
3215 2089 3344 2143 Post
3375 2087 3615 2141 orationes
3649 2092 3711 2135 so;

478 2260 483 2263 ‘
537 2185 798 2248 Veniant;
831 2198 937 2253 quo
962 2198 1083 2237 eum
1136 2182 1496 2253 pervenerint,
1541 2192 1622 2235 ter
1671 2190 1764 2235 aut
1804 2191 1993 2250 quater
2029 2180 2109 2236 fc-
2210 2187 2351 2248 iitas,
2380 2185 2519 2237 sicut
2543 2183 2593 2235 in
2616 2182 2801 2251 quinta
2832 2169 2986 2243 feria,
3020 2180 3334 2250 quindecim
3365 2177 3538 2247 psalmi
3574 2176 3715 2228 ("CMF

534 2273 830 2329 ‘stiuantius
863 2273 1127 2342 percutiat
1155 2281 1209 2327 et
1235 2282 1428 2327 cesset.
1462 2270 1612 2325 Tunc
1644 2270 1895 2325 omnibus
1922 2270 2109 2325 humili
2212 2279 2326 2339 tur,
2386 2271 2625 2326 candelae
2679 2273 3122 2341 exstinguuntur,
3181 2268 3443 2324 lectiones
3493 2266 3539 2320 iu
3588 2264 3715 2334 primo

529 2380 673 2422 “voce
703 2364 1006 2418 dicentibus
1036 2362 1349 2425 Bcnedicite,
1376 2361 1630 2415 sacerdos
1662 2359 2114 2415 ltcbdomadarius
2210 2374 2474 2420 nocturno
2532 2371 2586 2418 et
2615 2363 2851 2417 secundo
2873 2360 3146 2431 lcgantur,
3176 2359 3324 2414 unde
3372 2358 3514 2412 lecta:
3547 2362 3649 2409 sunt
3677 2354 3714 2404 in

534 2464 743 2528 surgat,
773 2465 827 2511 et
873 2456 1058 2510 eadem
1089 2470 1221 2510 voce
1251 2454 1679 2509 benedictionem
1730 2452 1912 2507 faciat.
1942 2453 2111 2507 Bene-
2210 2454 2395 2523 quinta
2442 2452 2597 2506 feria.
2625 2438 2682 2504 in
2710 2451 2871 2505 tertio
2900 2459 3167 2504 nocturno
3194 2450 3266 2503 de
3306 2444 3529 2518 Epistola
3563 2443 3617 2497 ad
3641 2440 3715 2495 lle—

534 2548 773 2602 dictionc
799 2546 961 2611 facta,
1009 2546 1250 2615 porrigat
1296 2545 1462 2599 abbas
1494 2544 1657 2613 priori
1688 2552 1872 2613 potum
1903 2552 1957 2597 et
1989 2542 2106 2597 reli-
2210 2546 2382 2599 bracos
2408 2542 2646 2606 Fratres,
2677 2541 2980 2610 festinemus
3008 2540 3235 2608 ingredi,
3270 2547 3323 2593 et
3366 2545 3546 2591 caetera
3582 2529 3713 2587 omnia

533 2638 673 2706 quis,
724 2637 861 2691 sicut
907 2645 1033 2689 sunt
1085 2636 1311 2704 priores,
1362 2633 1613 2688 osculans
1659 2647 1847 2686 eorum
1894 2646 2054 2684 manu

2210 2649 2379 2704 usque
2409 2634 2476 2687 ad
2507 2633 2753 2702 primam,
2797 2631 2936 2685 sicut
2965 2631 3017 2684 in
3044 2632 3240 2699 quinta
3266 2628 3418 2684 feria.
3441 2627 3515 2683 Ad
3540 2625 3716 2695 primaut

468 2762 474 2767 ι
536 2724 972 2781 ministrantibus
1008 2725 1055 2778 ei
1096 2724 1353 2777 fratribus
1394 2722 1637 2791 quicum
1677 2721 1793 2791 ipso
1828 2729 2012 2789 potum
2042 2719 2109 2773 ad
2210 2726 2416 2795 pulsata
2452 2724 2629 2777 tabula
2685 2716 2965 2793 Sui-gemes
3001 2722 3161 2776 nudis
3209 2722 3436 2792 pedibus
3476 2711 3715 2771 vadautad

536 2817 762 2888 gradum
806 2814 1147 2878 detulerunt;
1183 2814 1488 2868 ministrato
1519 2823 1648 2882 pom
1688 2812 2008 2881 majoribus,
2055 2820 2112 2865 et
2212 2817 2623 2881 monasterium,
2657 2823 2711 2869 et
2736 2815 2815 2870 sic
2838 2822 3092 2869 maneant
3124 2828 3340 2876 omnes,
3368 2812 3527 2867 donec
3548 2804 3715 2877 implea-

536 2907 855 2970 infantibus,
884 2914 1000 2976 post
1025 2904 1255 2973 majores
1276 2904 1497 2958 accedat
1516 2903 1683 2956 abbas
1704 2902 1773 2955 ad
1799 2902 2107 2967 diaconum,
2210 2918 2297 2964 tur
2344 2911 2449 2964 dici
2499 2908 2757 2972 omcium,
2788 2907 2890 2961 nisi
2911 2907 3066 2977 jussu
3093 2906 3312 2961 abbatis
3351 2904 3623 2961 calceenlttt'
3646 2911 3719 2967 pro

541 2998 631 3067 qui
661 2996 1001 3052 collationem
1030 2996 1174 3065 legit,
1208 3005 1261 3049 et
1290 3003 1599 3063 exspectato
1624 2994 1726 3048 fine
1747 2993 1966 3063 incmpti
1992 3008 2109 3047 ver-
2209 2999 2372 3054 nimia
2401 2999 2689 3068 aSperitate
2724 2995 2963 3066 frigoris.
3009 2995 3158 3061 Quod
3211 2996 3257 3050 si
3315 2992 3555 3057 evenerit,
3589 2984 3717 3043 ollicio

537 3102 633 3142 sus
688 3088 923 3155 praebeat
958 3086 1005 3139 ei
1049 3094 1251 3153 potum,
1304 3084 1497 3137 dehinc
1540 3083 1710 3137 tribus
1758 3081 1863 3135 illis
1910 3083 2002 3152 qui
2044 3082 2110 3135 de
2137 3127 2183 3189 ϐ
2215 3100 2420 3146 tantum
2451 3088 2933 3145 intcrornninndis
2961 3089 3209 3157 pedibus,

538 3177 880 3232 candelsbris
904 3186 958 3230 et
981 3174 1253 3229 thuribulo
1284 3174 1551 3237 serviunt,
1575 3174 1928 3228 scrvitoribus
1949 3174 2111 3227 abba-
2140 3174 2183 3189 “
2280 3184 2515 3238 primam
2546 3191 2601 3237 οι
2628 3196 2818 3236 omnes
2864 3181 3025 3234 noras
3078 3181 3208 3246 dici,
3263 3180 3458 3249 praster-
3497 3184 3715 3245 vesperas,

536 3269 612 3327 tis
659 3266 980 3321 candelabra
1046 3275 1101 3320 et
1154 3264 1479 3319 tburibulum
1525 3265 1736 3318 interim
1786 3263 2107 3317 tenentibus.
2212 3292 2381 3346 usque
2432 3276 2498 3328 ad
2544 3284 2798 3343 γεερεης
2830 3273 3054 3327 sanna“
3103 3272 3293 3327 ninam
3322 3273 3457 3327 εῖριη
3491 3271 3535 3324 in
3575 3266 3717 3336 quinia

538 3357 638 3425 QUi
696 3365 749 3412 0⁸
773 3358 1003 3427 scyphos
1039 3373 1069 3410 ει
1095 3356 1320 3409 diacono
1341 3364 1395 3409 οι
1423 3355 1490 3409 ab
1518 3356 1598 3410 eis
1623 3355 1960 3422 recil’iellmsi
1984 3370 2110 3423 PO"
2211 3365 2363 3431 feria,
2387 3376 2614 3434 excepto
2635 3366 2777 3435 quod
2811 3365 2862 3418 in
2893 3366 3077 3433 quinta
3110 3362 3251 3418 feria
3280 3366 3332 3419 in
3363 3366 3467 3418 alto
3489 3366 3718 3417 cantantur

528 3457 656 3503 teut
684 3449 752 3502 ad
794 3447 1030 3502 tabulam
1078 3447 1310 3510 abbatis,
1351 3456 1405 3501 et
1432 3462 1592 3517 super
1619 3463 1736 3499 eam
1767 3456 1985 3516 ponant.
2018 3445 2054 3498 l-l

2213 3460 2416 3530 hymni,
2468 3459 2783 3513 intonantur
2837 3457 3052 3527 psalmi,
3102 3466 3401 3511 cantantur
3436 3455 3712 3525 antiphontc:

526 3540 698 3603 aclis.
724 3538 965 3608 praedicti
997 3536 1538 3599 serviloresabbalis.
1570 3537 1661 3605 qui
1687 3552 1807 3589 cum
1837 3551 1901 3589 θο
1928 3545 2109 3605 velum
2213 3552 2263 3606 in
2290 3553 2373 3606 his
2401 3564 2530 3603 vero
2550 3550 2742 3604 diebus
2783 3549 2992 3603 duobus
3041 3549 3155 3603 time
3183 3550 3371 3604 omnia
3406 3550 3455 3603 in
3482 3543 3658 3601 silentio
3677 3546 3716 3593 et

533 3630 610 3683 ad
639 3630 861 3699 gradum
913 3630 1240 3692 detulerunt,
1289 3637 1413 3683 ante
1456 3630 1628 3697 ipsum
1681 3629 1904 3697 gradum
1951 3628 2114 3683 simul
2210 3641 2264 3695 in
2296 3640 2562 3693 directum
2592 3639 2870 3702 dicuntur;
2901 3639 3043 3693 dicta
3069 3639 3272 3709 prima.
3312 3646 3510 3708 septem
3537 3632 3717 3704 psalmos

530 3721 785 3784 veniant,
815 3728 868 3773 et
891 3729 1019 3773 ante
1045 3729 1100 3774 et
1133 3730 1276 3774 retro
1324 3720 1541 3781 faciant,
1573 3728 1627 3773 et
1672 3730 1857 3788 postea
1901 3735 2108 3774 sessum
2209 3739 2265 3786 οι
2293 3730 2536 3783 iiinniain
2568 3730 2623 3783 in
2642 3728 2753 3783 suo
2776 3730 2979 3783 dicam,
3015 3729 3212 3784 postea
3262 3731 3481 3785 sedeam
3505 3739 3657 3783 omnes
3677 3720 3716 3773 in

544 3811 744 3864 vadant
770 3825 786 3875 ;
816 3812 1008 3878 quibus
1033 3810 1198 3864 abbas
1221 3810 1470 3863 similiter
1490 3819 1670 3877 potum
1694 3810 1831 3863 ferat
1858 3811 2114 3885 osculans
2210 3820 2477 3886 claustro,
2510 3829 2563 3873 ei
2594 3819 2881 3873 inoiioanie
2912 3819 3130 3885 sonare,
3157 3820 3349 3875 dicam
3378 3816 3646 3889 pssimi-iuni
3668 3825 3714 3863 es

537 3914 729 3966 eorum
763 3914 973 3963 manus,
1006 3898 1434 3952 ministrantibus
1463 3899 1536 3951 illi
1567 3899 1823 3953 fratribus
1868 3899 1972 3953 illis
2016 3902 2108 3970 qui
2210 3909 2459 3978 integro;
2490 3921 2598 3976 quo
2626 3907 2897 3977 completo
2929 3909 3126 3961 variam
3172 3910 3244 3964 ad
3275 3907 3631 3965 confessionem
3647 3896 3715 3968 qui

539 3991 591 4045 ei
619 3990 687 4044 ad
722 3989 977 4045 lavandos
1002 3989 1165 4059 pedes
1186 3989 1386 4060 prioris
1414 3998 1471 4045 et
1511 3991 1747 4060 ipsorum
1787 3992 2109 4047 serviturum
2210 4000 2501 4063 voluerint,
2534 4014 2706 4070 usque
2729 4001 2795 4057 ad
2822 3999 3013 4057 horam
3035 3999 3216 4056 oﬂicii.

544 4079 1007 4153 ministraverunt.
2276 4089 2755 4161 Appropinquante
2790 4090 2923 4144 hora
2950 4091 3130 4154 tertia,
3163 4091 3377 4160 pulsata
3415 4087 3591 4150 tabula,
3611 4083 3714 4137 sicut

611 4168 727 4232 Ηοο
764 4168 932 4239 ἷίιειοι
963 4170 1129 4226 abbas
1168 4169 1235 4227 ad
1259 4169 1441 4228 sedem
1469 4184 1620 4226 suam
1665 4169 1847 4237 πάθει
1893 4179 1949 4225 ει
1986 4179 2109 4226 3M0
2209 4180 2404 4245 solent,
2436 4189 2667 4250 pergant
2714 4180 2767 4234 in
2818 4180 3221 4235 dormitorium.
3275 4181 3477 4236 Dehinc
3509 4172 3647 4239 abluti
3672 4181 3710 4225 et

536 4275 659 4318 eam
690 4269 816 4315 ante
839 4270 895 4323 et
933 4272 1080 4319 retro
1109 4261 1290 4328 faciat,
1340 4270 1654 4332 assurgente
1693 4261 1795 4317 sibi
1841 4272 2109 4318 conventu
2209 4273 2492 4342 pociinnii,
2530 4272 2739 4341 pulsata
2773 4270 2958 4325 tabula
3004 4272 3207 4326 sanan;
3253 4272 3324 4326 ad
3366 4263 3714 4325 monasterium.

536 4352 708 4408 donec
731 4352 952 4419 sedeat;
983 4354 1130 4424 prior
1148 4368 1276 4409 vero
1303 4368 1529 4423 surgens
1555 4352 1794 4424 porrigat
1820 4353 1895 4407 illi
1920 4364 2062 4425 potui

2208 4373 2264 4417 et
2293 4361 2452 4417 factis
2474 4362 2651 4417 solitis
2680 4361 3019 4415 orationibus
3041 4361 3227 4416 dicant
3251 4361 3479 4416 tertiam.
3506 4357 3613 4412 Post
3633 4362 3712 4406 ter-

534 4444 787 4498 osculans
825 4445 940 4513 ejus
968 4460 1184 4498 manum
1214 4461 1230 4509 ;
1269 4445 1408 4500 lecto
1434 4461 1683 4501 sermone
1708 4455 1971 4514 quantum
2005 4444 2103 4498 ab-
2138 4456 2182 4515 [)
2212 4455 2339 4508 tium
2382 4454 2591 4522 pulsata
2638 4451 2815 4506 tabula
2845 4461 3070 4522 pergant
3126 4452 3181 4507 in
3210 4451 3531 4522 capitulum;
3565 4448 3610 4501 iu
3637 4455 3717 4513 quo

538 4529 655 4586 bati
686 4532 854 4585 visum
905 4532 1087 4597 fuerit,
1141 4534 1394 4589 innuente
1426 4550 1491 4589 eo
1521 4536 1779 4591 diaconus
1824 4536 2108 4591 lectionem
2211 4557 2401 4597 versus
2447 4543 2500 4596 in
2543 4541 2759 4598 silentio
2811 4541 3043 4608 dicatur,
3099 4551 3155 4597 et
3194 4541 3483 4605 sententia,
3524 4538 3641 4594 sicut
3676 4533 3714 4599 in

536 4621 743 4686 absque
768 4618 843 4708 Tu
865 4631 1057 4685 autem,
1080 4622 1314 4687 Domine,
1341 4624 1507 4687 finiat,
1532 4636 1586 4678 et
1606 4625 1786 4679 clauso
1805 4625 1962 4689 libro,
1983 4634 2109 4679 ante
2209 4636 2394 4708 quinia
2420 4634 2585 4701 feria,
2609 4636 2674 4690 de
2701 4633 2883 4703 regula
2906 4634 3138 4705 legatur,
3169 4635 3299 4691 Ροει
3325 4645 3604 4689 sci-nionem
3622 4637 3714 4679 sar-

537 4715 593 4761 et
609 4717 758 4761 retro
777 4707 961 4773 faciat,
978 4718 1031 4763 et
1052 4719 1237 4783 postea
1258 4711 1597 4766 dalmaticatn
1617 4723 1670 4767 et
1692 4714 1889 4771 stolam
1914 4724 1969 4768 et
1991 4730 2108 4769 nsa-
2210 4734 2401 4780 remur
2437 4732 2493 4778 ei
2524 4724 2847 4778 ordinentur
2890 4738 3011 4793 qum
3062 4724 3271 4793 agenda
3317 4731 3441 4779 sunt
3484 4730 3627 4789 usque
3667 4710 3715 4766 ad

539 4797 778 4871 “Pi-ilum
803 4799 964 4869 265
985 4815 1147 4869 ευρνθ
1162 4801 1466 4871 ωκδΙοῧίυιιι
1482 4811 1664 4871 Donato
1688 4802 1948 4857 COllVel'Si
1974 4820 2105 4860 VCI‘O
2208 4814 2502 4869 crastinum
2533 4812 2850 4884 capitulum.
2880 4813 3155 4868 Exeuntes
3185 4813 3252 4868 de
3267 4810 3516 4883 capitulo,
3541 4805 3714 4873 κᾱωηι

534 4888 865 4944 candelabra
911 4900 965 4946 et
1024 4892 1352 4947 thuribulum
1400 4909 1563 4963 super
1618 4909 1860 4949 mensam
1897 4896 2107 4959 abbatis
2207 4903 2260 4956 in
2294 4902 2532 4957 claustro
2568 4916 2676 4956 non
2715 4900 3016 4969 loquentes,
3064 4902 3161 4956 sed
3210 4908 3493 4957 caninum
3545 4900 3623 4950 aut
3655 4888 3712 4943 leo

533 4980 737 5046 ferant,
766 4990 822 5035 et
847 4991 971 5037 ante
1003 4981 1172 5052 ipsam
1203 4998 1443 5039 mensam
1473 4996 1599 5039 ante
1629 4996 1683 5041 et
1712 4996 1857 5042 retro
1880 4987 2109 5049 faciant.
2206 5001 2415 5062 gentes.

534 5066 665 5124 Post
689 5069 805 5124 haec
831 5078 886 5123 et
906 5068 1167 5125 diaconus
1196 5080 1251 5126 et
1275 5074 1541 5138 conversi,
1563 5074 1630 5128 ad
1664 5075 1836 5145 ipsam
1859 5091 2102 5132 mensam
2277 5086 2431 5140 Dicta
2456 5098 2619 5149 nona,
2656 5084 2955 5138 induantur
2983 5085 3241 5141 sacerdos
3269 5094 3323 5139 et
3349 5082 3521 5145 levita,
3544 5085 3590 5132 et
3617 5069 3710 5127 reli-

532 5159 803 5225 sedentes,
828 5160 1036 5224 bibant,
1061 5160 1318 5216 diaconus
1343 5161 1497 5231 juxta
1550 5165 1820 5232 abbatem,
1854 5168 2101 5222 conversi
2204 5173 2299 5243 qui
2334 5173 2427 5243 qui
2468 5174 2536 5228 ad
2579 5173 2814 5230 cilicium
2860 5182 2987 5228 sunt
3043 5175 3318 5229 servituri.
3362 5169 3629 5227 Procedunt
3660 5156 3709 5214 ad

526 5250 683 5317 juxta
705 5249 1017 5316 diaconum,
1046 5250 1187 5305 sicut
1213 5261 1339 5306 sunt
1362 5253 1785 5321 priores.Abbas
1811 5271 1940 5310 vero
1957 5256 2103 5311 lecto
2204 5243 2379 5319 altare
2409 5265 2667 5321 sacerdos
2700 5275 2755 5320 ct
2796 5264 2959 5319 levita
3008 5264 3142 5328 soli,
3191 5265 3435 5320 sacerdos
3464 5262 3513 5315 in
3549 5249 3709 5313 casula.

531 5357 781 5397 sermone
814 5342 998 5398 statim
1024 5342 1289 5412 percutiat
1311 5360 1416 5399 uno
1439 5345 1545 5399 ictu
1572 5346 1825 5409 tabulam,
1846 5356 2098 5416 etpostea
2202 5353 2466 5408 diaconus
2494 5354 2548 5407 in
2581 5353 2751 5419 stola;
2781 5354 3035 5423 nullaque
3062 5355 3341 5424 praemissi:
3380 5344 3710 5423 supplicatio»!

426 5504 439 5513 .
531 5441 614 5487 tot
642 5433 851 5490 vicibus
893 5443 1026 5504 quot
1055 5435 1262 5490 vicibus
1287 5435 1495 5491 skillam
1525 5439 1732 5508 percuti
1769 5441 2098 5497 consuetudo
2200 5444 2344 5500 dicat
2374 5446 2630 5501 sacerdos
2663 5446 2908 5510 Oremus,
2963 5447 3224 5502 diaconus
3252 5444 3539 5499 Flectamus
3558 5446 3707 5508 gn“.

533 5533 619 5576 est
646 5522 882 5580 Sabbato
902 5527 970 5581 ad
999 5528 1322 5583 eharitatem
1345 5538 1469 5599 post
1511 5528 1845 5583 mandatum.
1879 5531 2105 5586 Interim.
2198 5549 2253 5593 ei,
2279 5539 2597 5593 adulteram
2622 5539 2901 5595 collectam
2938 5540 3213 5595 similiter.
3237 5538 3419 5594 Allare
3447 5536 3705 5596 siteoopﬂ'

534 5613 641 5667 duo
663 5618 939 5671 secretarii
970 5621 1627 5694 surgant,etanalogium
1651 5620 2090 5689 ctdaluiaticam,
2200 5636 2313 5680 tum
2373 5627 2607 5697 desuper
2663 5644 2772 5683 uno
2840 5638 3048 5683 tantum
3118 5628 3449 5683 linteamine.
3504 5612 3707 5687 Singulos

535 5720 663 5771 cum
692 5715 860 5773 ιθλιυι
898 5718 952 5763 Cl
981 5712 1136 5778 stola,
1165 5722 1221 5769 et
1268 5714 1563 5785 manipulo,
1610 5713 1676 5770 ad
1708 5715 2101 5785 monasterium
2199 5724 2402 5773 tractus
2429 5718 2533 5775 duo
2556 5718 2608 5774 in
2634 5719 2772 5775 albis
2792 5728 3010 5776 canant.
3063 5717 3246 5776 Passio
3274 5718 3471 5786 absque
3498 5703 3703 5767 Domi!“
