3864 6300
166 410 295 466 465
1147 405 1465 463 DECRETA
1491 404 1627 462 PRO
1666 402 1922 460 0RDlNE
1958 400 2016 456 S.
2062 398 2439 456 BENEDICTI.
3330 400 3434 463 ‘66

152 523 459 578 .eobiscum
486 520 728 590 legatur;
750 520 822 581 ad
875 535 1034 590 quam
1080 535 1181 578 nec
1224 520 1626 585 candelabrum,
1660 532 1758 574 nec
1788 522 1834 577 Α
1859 516 1912 570 in
1942 516 2303 578 tentationem,
2329 523 2383 570 et
2409 513 2607 571 chorus
2639 514 2985 585 respondeat,
3017 517 3124 573 Sed
3148 518 3310 573 libera
3342 537 3439 579 nc:

171 610 659 674 thuribulum,ct,
684 626 808 665 cum
837 611 1347 680 perventum.fuerit
1375 611 1443 665 ad
1473 611 1649 665 locum
1673 610 1765 666 ubi
1865 623 1898 660 α
1942 605 2105 662 malo.
2161 606 2366 663 Dehinc
2417 605 2672 660 sacerdos
2726 605 2781 659 in
2835 604 3054 663 silentio
3094 606 3280 665 Libera
3322 627 3436 666 nos.

162 702 387 757 dicitur
422 697 764 754 Partitisunt
794 701 1095 756 vestimenta
1134 719 1248 757 mea
1289 702 1409 767 sibi,
1440 702 1680 758 sintduo
1699 703 1764 756 de
1863 713 2186 769 qua'sumus,
2242 696 2486 762 Domine,
2536 704 2592 751 et
2646 704 2840 751 caetera
2896 711 3069 765 usque
3122 697 3188 753 In
3238 701 3437 754 unitate

162 792 392 847 indutis
434 792 593 864 juxta
638 791 833 857 altare,
862 791 991 848 hinc
1041 801 1096 849 ct
1139 793 1263 850 inde
1304 794 1585 849 trahentes
1610 794 1677 847 ad
1705 809 1764 850 se
1866 787 2099 858 Spiritus
2146 788 2335 852 δαηειδν
2384 786 2546 841 Πευει
2573 786 2641 840 Et
2673 793 2796 856 Ροδι
2838 786 3113 840 ωοάενθιθ
3152 802 3283 842 νοω
3337 788 3438 842 Ρεν

167 882 321 936 duos
345 896 560 951 pannos
586 882 676 952 qni
700 890 826 937 ante
849 880 1080 936 ofﬁcium
1107 898 1271 953 super
1291 882 1461 938 altare
1481 883 1628 938 missi
1650 881 1764 936 fue-
1866 878 2046 932 omnia
2091 876 2289 931 urcula
2337 876 2672 930 swculorum.
2742 874 2806 928 Et
2861 876 3217 944 respondente
3271 877 3436 932 choro

159 980 337 1037 rant,
367 969 541 1026 linteo
571 979 750 1025 tamen
781 979 1097 1027 remanente
1130 972 1320 1027 subtus
1346 972 1593 1038 missale;
1627 971 1762 1029 lecta
1869 966 2057 1033 Amen,
2103 968 2236 1022 nihil
2269 966 2500 1036 amplius
2544 966 2715 1031 dicat;
2764 964 3038 1033 missaque
3086 965 3139 1019 in
3185 965 3432 1034 calicem,

154 1062 438 1131 passione
470 1048 721 1117 dicantur
745 1061 1027 1116 orationes
1053 1061 1345 1127 solemnes,
1374 1062 1520 1116 sicut
1552 1061 1604 1114 in
1634 1061 1765 1115 mis-
1864 1054 2005 1135 sicut
2032 1055 2189 1121 solet,
2219 1056 2483 1127 particula
2517 1054 2780 1110 Dominici
2810 1054 3074 1123 corporis,
3129 1054 3434 1113 communi~

158 1152 271 1206 sali
300 1161 685 1208 continentur.
738 1151 844 1206 Pro
896 1152 1112 1208 cunctis
1157 1152 1437 1208 ordinibus
1480 1151 1762 1208 ﬂectantur
1862 1155 1950 1205 cet
1978 1162 2036 1201 se
2066 1156 2121 1201 et
2153 1146 2352 1202 fratres
2378 1161 2586 1211 omnes,
2615 1146 2731 1199 sine
2760 1144 2946 1200 osculo
2976 1144 3146 1214 pacis.
3179 1144 3436 1199 Commu-

150 1259 375 1319 genua,
401 1244 506 1299 nisi
532 1260 628 1314 pro
651 1242 868 1305 Iuda-is.
1860 1238 2058 1294 nicatis
2085 1237 2335 1294 omnibus
2362 1237 2608 1307 pulsetur
2625 1236 2807 1290 tabula
2832 1232 2888 1291 et
2912 1236 3003 1290 fiat
3024 1236 3199 1291 oratio
3219 1250 3437 1303 vesper-

235 1334 346 1390 Uis
366 1336 605 1406 expletis
627 1336 867 1405 deposita
893 1338 1071 1392 casula
1126 1338 1371 1402 etstolis,
1404 1346 1745 1394 revertantur

1911 1341 1991 1393 na,
2021 1326 2138 1403 Qua
2164 1325 2454 1399 completa,
2484 1334 2683 1381 exeant
2738 1326 2792 1379 iu
2824 1325 3150 1390 claustrum,
3177 1334 3233 1380 et
3259 1324 3437 1378 lavent

156 1424 440 1477 sacerdos
486 1433 541 1478 et
585 1422 744 1478 levita
797 1424 849 1477 in
903 1426 1129 1479 chorum
1161 1428 1213 1480 in
1250 1426 1408 1480 albis.
1444 1425 1594 1481 Tunc
1634 1428 1737 1483 duo
1862 1416 2026 1486 Pedes
2051 1418 2117 1472 de
2162 1432 2300 1488 aqua
2356 1416 2551 1481 calida:
2600 1424 2654 1471 (δι
2690 1416 2934 1481 εθιοερηι
2979 1431 3040 1470 δε
3094 1414 3436 1470 dllll‘nallbus

154 1511 495 1566 sacerdotes
520 1512 717 1581 quibus
747 1511 1210 1580 cautorjusserit,
1257 1516 1430 1569 induti
1477 1516 1634 1580 albis,
1666 1532 1755 1573 ac-
1857 1509 1991 1564 θυῖε.
2020 1509 2215 1565 Postea
2259 1508 2487 1580 pulsalls
2543 1507 2739 1562 labllwlls
2786 1506 3078 1562 redeunles
3124 1505 3177 1560 in
3208 1506 3433 1567 charum

148 1603 375 1657 cedant
410 1602 481 1656 ad
512 1617 751 1667 crucem,
800 1619 919 1673 quae
968 1603 1126 1659 debet
1167 1621 1287 1663 esse
1327 1616 1634 1679 praeparata
1701 1617 1756 1665 et
1857 1600 2039 1655 dicant
2067 1612 2320 1669 vesperas
2350 1599 2405 1653 in
2444 1598 2683 1664 silentio,
2724 1597 2930 1653 eisdem
2978 1598 3121 1651 sicut
3160 1598 3212 1650 in
3242 1599 3432 1666 quinta

153 1701 438 1762 cooperta
487 1693 555 1748 ad
602 1692 775 1748 altare
828 1695 1167 1762 matutinale,
1216 1713 1375 1767 quam
1427 1699 1679 1770 accipient

1901 1690 1993 1744 :ria
2034 1689 2282 1760 psalmis,
2334 1688 2665 1758 antiphnuis,
2715 1688 2991 1759 precibus,
3025 1686 3297 1752 collectis;
3326 1689 3427 1741 nisi

154 1783 365 1838 ferunt
402 1800 525 1839 eam
588 1784 845 1855 paulatim
898 1787 1322 1859 progredientes,
1368 1798 1423 1845 et
1472 1799 1680 1847 cautam

1902 1779 1997 1834 uod
2024 1793 2123 1849 pro
2149 1777 2357 1849 psalmo
2417 1777 2555 1833 Voce
2603 1795 2739 1845 mea,
2771 1778 2861 1848 qui
2922 1778 3098 1832 dictus
3128 1786 3211 1833 est
3238 1778 3428 1845 quinta

154 1891 371 1930 versus
402 1873 604 1944 Popule
634 1892 800 1942 meus,
850 1875 955 1931 duo
989 1858 1212 1943 Levitm,
1260 1879 1313 1933 in
1364 1880 1500 1936 albis
1548 1890 1753 1941 stantes
1784 1858 1827 1918 Β
1855 1868 2014 1937 feria,
2045 1867 2149 1925 bac
2176 1868 2264 1925 die
2311 1866 2511 1925 dicitur
2536 1867 2778 1938 psalmus
2824 1865 3142 1921 Bcnedictus
3178 1866 3431 1921 Dominus

155 1974 297 2020 autc
332 1966 565 2037 gradus,
596 1974 723 2021 ante
752 1965 921 2021 altare
970 1968 1145 2039 majus
1194 1972 1553 2041 respondeant
1596 1974 1751 2044 Agios
1858 1961 1996 2015 θαι*
2032 1976 2197 2016 mel“-

153 2074 186 2117 ο
212 2055 437 2124 Theos;
470 2060 666 2115 chorus
696 2072 875 2119 autem
902 2064 1057 2133 dicat
1102 2064 1335 2123 Sanctus
1380 2066 1540 2132 Deus,
1566 2084 1747 2126 sacer-
1926 2054 2096 2119 ῡῖειῖε
2120 2054 2359 2125 γεερετίε
2408 2060 2462 2108 ει
2502 2053 2711 2123 Plllsala
2738 2050 2937 2119 “bula:
2967 2058 3093 2107 eam
3122 2049 3175 2105 ίη
3201 2050 3432 2107 ’δίαιθ’

154 2152 326 2206 dotes
359 2151 503 2217 Quia
531 2154 687 2209 eduxi
720 2172 827 2218 vos.
852 2153 1051 2213 Levita:
1074 2158 1252 2228 Agios,
1283 2159 1480 2214 chorus
1502 2159 1748 2227 Sanctus,
1857 2142 2017 2209 "illm,
2051 2144 2139 2199 “bl
2188 2145 2505 2199 νθηοίθηίυν
2548 2158 2685 2213 P3"e
2715 2152 2923 2198 ιθηῑυπι
2956 2152 3011 2198 el
3040 2157 3203 2212 αψιθ,
3231 2152 3285 2196 οι
3308 2144 3426 2197 lle"

152 2241 494 2298 sacerdotes
521 2243 661 2310 Quid
686 2244 850 2311 ultra,
868 2247 1065 2303 Levita:
1087 2248 1263 2318 Agios,
1287 2251 1486 2305 chorus
1502 2251 1678 2305 Sum-tt

1903 2238 1937 2289 ‘s
1966 2237 2171 2290 crudis.
2204 2236 2317 2291 Cibi
2351 2236 2577 2290 fratrum
2606 2243 2910 2303 coquantur
2930 2235 2982 2290 in
3015 2234 3267 2303 coquina,
3291 2233 3429 2295 sicut

153 2328 327 2386 Tunc
372 2333 715 2398 sacerdotes,
770 2350 983 2392 crucem
1044 2337 1301 2405 ferentes,
1353 2339 1574 2395 veniam
1624 2351 1751 2399 ειηιο
1853 2324 2063 2379 caeteris
2095 2325 2299 2388 diebus,
2336 2334 2391 2378 et
2416 2325 2537 2378 inde
2564 2332 2849 2394 portentur
2894 2324 2962 2378 ad
3005 2324 3426 2391 eleemosynam.

152 2421 372 2488 altare,
406 2430 467 2479 et
509 2438 630 2479 cum
682 2414 919 2482 finierint
964 2427 1215 2495 Sanctus,
1256 2430 1439 2486 statim
1471 2430 1678 2500 discoo;

1903 2411 2059 2467 olitus
2082 2426 2296 2483 quoque
2327 2421 2491 2483 potus
2539 2412 2700 2467 detur
2742 2412 3095 2483 pauperibus.
3130 2411 3429 2467 Reﬁciente

154 2514 380 2569 rientes
397 2529 523 2569 eam
545 2514 808 2585 incipiant
823 2518 979 2571 ambo
1002 2520 1346 2590 antiphonam
1366 2520 1498 2574 Ecce
1515 2520 1680 2590 Iignm

1893 2510 2138 2571 omentu,
2208 2502 2487 2557 secretarii
2536 2500 2803 2570 adiunctis
2852 2502 2956 2557 sibi
3021 2500 3419 2574 sacerdotibus,

150 2612 206 2663 et
240 2613 388 2660 tunc
440 2605 656 2660 demttm
697 2622 886 2663 omnes
939 2607 1156 2665 ﬂectant
1205 2626 1399 2680 genua.
1456 2609 1676 2677 Repetat

1902 2600 1983 2646 tot
2011 2593 2301 2648 necessarii
2350 2592 2552 2647 fuerint
2574 2602 2629 2649 et
2654 2595 2848 2663 quibus
2881 2592 3094 2662 iussum
3124 2592 3306 2658 fuerit,
3334 2598 3428 2647 re-'

154 2696 478 2764 antiphona
521 2712 646 2751 cum
704 2699 950 2754 versibus
997 2700 1184 2770 psalmi
1216 2701 1368 2756 Beati
1399 2701 1745 2766 immaculati,
1852 2694 2109 2737 mancam
2160 2683 2213 2738 ίη
2246 2684 2496 2748 θεωρεῖθ’
2547 2685 2614 2739 ad
2670 2684 2930 2739 abluenda
2980 2685 3172 2740 illum
3220 2684 3426 2749 omnia:

152 2796 441 2852 quantum
490 2786 699 2841 cantori
748 2788 921 2842 visum
986 2789 1171 2845 fuerit.
1227 2789 1431 2846 Dehinc
1480 2799 1748 2844 canuntur
1852 2786 1973 2842 qua?
2003 2772 2155 2843 Ρτίηε
2190 2773 2417 2828 lavanda
2444 2784 2570 2829 ευηῑ
2608 2790 2770 2844 aqua:
2800 2775 2993 2831 demde
3013 2775 3156 2831 Vino-
3186 2774 3426 2831 Refecus

152 2874 261 2928 alia
295 2876 372 2929 ad
426 2875 530 2930 hoc
571 2878 853 2933 servitium
900 2878 1254 2948 pertinentia,
1304 2891 1561 2950 quantum
1612 2897 1678 2950 np

1897 2860 2226 2926 :rvitoribus,
2251 2870 2533 2932 postquam
2557 2862 2624 2917 de
2667 2864 2999 2919 monasterio
3028 2872 3084 2920 et
3104 2863 3423 2920 dormitorio

149 2962 353 3018 {um-3;,
380 2962 609 3033 Τειρειῖει
638 2966 747 3020 sim
774 2976 996 3022 extensa
1025 2969 1189 3041 266
1213 2981 1338 3023 ante
1366 2969 1557 3029 amre,
1584 2986 1747 3040 super
1851 2951 1904 3006 in
1935 2953 2227 3007 claustrum
2258 2954 2542 3020 redierint,
2572 2953 2782 3025 pulsata
2841 2954 3043 3022 tabula,
3074 2955 3268 3011 fratres
3295 2964 3428 3012 eant

150 3071 276 3124 qua:
308 3065 741 3124 prosternantur
770 3058 1000 3126 primum
1030 3060 1221 3114 domus
1244 3059 1431 3124 abbas,
1455 3070 1509 3113 et
1539 3061 1676 3114 indtr

1896 3042 2274 3099 Irefectorium
2308 3055 2528 3115 propter
2582 3047 2909 3102 servandum
2956 3047 3222 3113 ordinem,
3265 3047 3422 3117 quasi

148 3146 390 3214 interim
426 3146 481 3198 in
510 3145 681 3202 locum
712 3162 897 3201 eorum
956 3150 1043 3217 qui
1078 3158 1264 3204 tenent
1305 3165 1522 3203 crucem
1558 3165 1674 3204 sncc

1890 3135 1916 3189 d
1944 3135 2253 3201 bibendum,
2283 3148 2337 3193 et
2362 3137 2549 3194 bibant
2579 3154 2773 3209 aquam
2816 3139 2906 3208 qui
2934 3139 3226 3204 voluerint,
3254 3138 3416 3193 alium

149 3236 427 3290 dentibus
454 3235 591 3296 aliis.
625 3236 817 3292 deinde
839 3239 1039 3303 cetera,
1070 3238 1215 3293 sicut
1250 3248 1333 3293 est
1368 3240 1503 3293 ordo
1530 3254 1739 3295 eorum.
1772 3220 1818 3231 “’
1847 3234 2031 3294 potum
2082 3227 2323 3282 minime-
2360 3228 2469 3284 Illis
2496 3228 2818 3285 exeuntibus
2848 3230 2913 3285 de
2958 3229 3251 3284 refectoriu
3276 3238 3334 3284 ει
3362 3229 3425 3283 in

154 3325 221 3379 Et
269 3341 392 3379 non
446 3325 653 3395 prolixe
681 3326 971 3381 adorantes
1021 3337 1259 3392 taceant,
1301 3330 1394 3383 sed
1427 3329 1663 3383 breviter

1902 3326 2087 3373 austro
2115 3317 2501 3384 residentibus,
2529 3318 2674 3375 facto
2700 3334 2940 3389 congruo
2970 3319 3276 3385 intervallo,
3303 3318 3425 3389 pule

150 3431 291 3484 pure
319 3423 553 3471 orantes
578 3431 592 3469 :
625 3424 809 3486 postea
853 3417 1227 3486 unusquisque
1276 3419 1551 3474 osculetur
1580 3418 1744 3487 pedes
1848 3416 2000 3465 Sel!"
2027 3408 2230 3475 labula.
2252 3418 2307 3465 ει
2330 3410 2528 3465 vada"!
2552 3426 2744 3467 omnes
2767 3411 2833 3467 ad
2860 3411 3225 3467 collationem.
3245 3412 3288 3464 Α
3312 3425 3417 3479 qua

149 3503 443 3570 cruciﬁxi,
488 3506 549 3560 et'
594 3515 715 3574 post
764 3515 1072 3560 revertatur
1118 3506 1171 3560 in
1214 3507 1464 3561 chorum.
1507 3507 1661 3573 Quod
1694 3505 1740 3562 si
1842 3499 2065 3570 lubente
2107 3500 2319 3568 abbate,
2349 3517 2605 3571 percussa
2646 3519 2677 3559 a
2719 3505 2901 3573 priore
2934 3503 3139 3567 tabula,
3190 3518 3417 3573 surgen—

147 3594 529 3659 convenerint
576 3593 738 3664 aliqui
798 3592 877 3649 vel
930 3594 1115 3667 clerici
1196 3595 1283 3649 vel
1326 3594 1450 3649 laici
1503 3595 1743 3651 volentes
1848 3600 1931 3647 tes
1982 3602 2207 3663 pergant
2255 3593 2306 3647 in
2353 3592 2699 3649 refectorium
2752 3596 2817 3650 ad
2867 3596 3188 3659 charitatem
3227 3596 3420 3651 hiben-

156 3685 409 3737 adorare
433 3698 671 3748 crucem,
700 3692 945 3760 portetur
970 3684 1049 3739 eis
1084 3699 1215 3743 crux
1248 3685 1301 3738 in
1330 3684 1497 3739 alium
1539 3685 1740 3752 locum,
1847 3683 1990 3741 dam.

150 3776 241 3831 ubi
277 3774 477 3846 aptius
501 3775 726 3830 adorent
751 3791 889 3830 eam.
916 3776 1046 3843 Qum
1076 3776 1119 3831 si
1141 3792 1235 3847 per
1254 3778 1479 3831 'chornm
1505 3777 1731 3833 transie-
1918 3772 2158 3830 Sahbato
2185 3786 2371 3831 sancto
2400 3776 2733 3847 percutiatur
2765 3777 2947 3833 tabula
2971 3787 3099 3834 ante
3128 3788 3414 3849 nocturna,

152 3864 244 3936 rit,
280 3867 452 3922 ﬂexis
480 3867 547 3921 ad
582 3877 779 3931 terram
822 3868 1046 3936 genibus
1088 3868 1348 3924 adoretur
1390 3885 1419 3922 a
1460 3868 1739 3937 fratribus,
1853 3863 1996 3919 sicut
2022 3864 2077 3919 in
2110 3874 2258 3921 sexta
2287 3867 2443 3935 feria,
2468 3876 2523 3923 et
2544 3876 2743 3924 caxtera
2772 3868 3024 3923 similiter
3069 3871 3201 3924 [lant
3246 3880 3419 3939 usque

153 3973 263 4011 non
312 3956 487 4011 simul
542 3957 812 4021 omnibus,
866 3959 961 4013 sed
1010 3959 1155 4013 sicut
1198 3958 1504 4029 portabitnr
1554 3974 1743 4013 coram
1846 3946 1913 4008 ad
1938 3954 2191 4023 primam.
2241 3955 2298 4011 lu
2356 3959 2516 4013 tertio
2560 3967 2825 4015 nocturno
2856 3960 3066 4030 legatur
3086 3961 3154 4017 de
3181 3961 3416 4030 Epistola

151 4048 254 4107 eis.
290 4044 548 4099 Adorata
578 4044 646 4100 ab
667 4047 918 4102 omnibus
947 4063 1127 4113 cruce,
1156 4050 1451 4119 portitores
1481 4050 1602 4121 ejus
1628 4050 1742 4104 elc-
1847 4042 1996 4105 Pauli
2018 4046 2246 4119 apostoli
2276 4046 2514 4105 Christus
2559 4051 2804 4105 assistens
2830 4050 3065 4121 pontifex
3100 4050 3419 4121 futurorum.

151 4134 362 4187 vantcs
382 4147 505 4187 eam
534 4132 793 4204 incipiant
814 4136 1170 4206 antiphouam
1196 4138 1369 4210 Super
1390 4141 1569 4195 omnia
1599 4142 1745 4213 ligna
1844 4133 1928 4191 Ad
1950 4138 2179 4206 primam
2206 4148 2427 4209 surgant
2457 4141 2511 4195 in
2535 4140 2945 4196 nocturnalibus
2973 4141 3123 4206 suis;
3154 4142 3408 4210 primum,

150 4226 472 4295 cedrorum,
495 4233 550 4280 et
578 4226 657 4282 sic
681 4230 881 4283 vadant
907 4229 973 4283 ad
1004 4230 1185 4285 locum
1210 4231 1300 4286 ubi
1325 4249 1443 4287 eam
1472 4234 1743 4291 collocare
1844 4234 1901 4281 cl
1928 4235 2130 4297 septem
2157 4230 2411 4300 psalmOS,
2460 4240 2514 4285 et
2565 4232 2807 4285 lilauiam
2854 4238 2908 4285 et
2963 4239 3186 4285 exteras
3250 4231 3419 4286 horas

154 4316 391 4370 debent.
426 4314 577 4372 Tunc
600 4332 789 4374 omnes
815 4326 1003 4390 petant
1024 4308 1240 4377 veniam
1264 4321 1417 4378 ﬂexis
1442 4326 1510 4380 ad
1538 4334 1740 4380 terram
1846 4329 2016 4385 usque
2053 4318 2123 4373 ad
2162 4332 2418 4387 νοερθνίιε
2450 4320 2655 4384 (licam.
2686 4321 2826 4374 εἱειιι
2880 4320 2933 4373 in
2964 4327 3113 4374 Scxla
3164 4317 3317 4373 lcrla-
3357 4319 3412 4372 l"

155 4407 424 4477 genibus.
1845 4406 2079 4474 capitulo
2124 4407 2333 4477 legatur
2378 4409 2641 4463 sententia
2694 4410 2759 4463 de
2814 4409 2997 4479 regula
3037 4409 3210 4463 sancti
3248 4400 3413 4463 Bene?

224 4498 333 4552 llis
385 4498 464 4553 ita
517 4499 681 4569 gestis
735 4503 988 4559 sacerdos
1024 4508 1317 4575 resumpta
1375 4506 1562 4560 casula
1612 4522 1737 4561 cum
1773 4496 1997 4572 Ddicti,
2049 4506 2106 4553 et
2154 4498 2511 4567 disponantur
2540 4515 2658 4569 quae
2703 4501 2903 4569 agenda
2958 4510 3085 4556 sunt
3123 4515 3293 4569 usque
3348 4501 3415 4567 ad

153 4588 325 4653 stola,
356 4596 415 4643 et
467 4588 732 4646 diaconus
776 4593 937 4655 stola,
994 4595 1426 4662 prmccdentibus
1461 4597 1740 4652 conversis
1844 4588 2094 4658 paschale
2126 4590 2437 4659 capitulum.
2485 4592 2623 4645 Ante
2659 4592 3066 4660 capitulum,et
3095 4600 3217 4662 post
3265 4593 3417 4661 οτιρί-

152 4695 279 4732 cum
306 4677 657 4743 candelabris
703 4691 757 4735 et
789 4682 1083 4749 thuribnlo,
1115 4684 1313 4739 vadunt
1344 4684 1411 4738 ad
1439 4684 1619 4739 locum
1650 4685 1742 4740 ubi
1844 4677 2014 4733 tulum
2065 4679 2264 4735 debent
2315 4681 2598 4736 secretarii
2659 4681 3053 4735 monasterium
3110 4690 3165 4736 et
3224 4681 3407 4736 omnia

156 4769 350 4838 quinta
380 4768 520 4823 feria
545 4785 741 4840 corpus
767 4772 979 4827 Domini
1011 4773 1110 4828 fuit
1135 4775 1463 4845 repositum;
1489 4784 1542 4831 et
1563 4775 1741 4846 posito
1844 4767 2037 4829 altaria
2068 4784 2289 4839 Ornare,
2322 4786 2509 4827 cereos
2548 4772 2853 4842 ubicunque
2882 4787 3001 4828 esse
3025 4773 3221 4829 debent
3251 4773 3416 4829 collo-

156 4857 391 4913 incenso
426 4858 484 4912 in
526 4858 797 4915 lhuribulo
838 4862 1078 4916 incenset
1121 4864 1276 4929 illud,
1318 4873 1372 4920 et
1411 4865 1492 4920 sic
1547 4865 1727 4920 tradat
1841 4873 1989 4925 care,
2012 4873 2226 4914 cereum
2262 4862 2327 4914 ad
2368 4860 2790 4915 benedicendum
2826 4861 2876 4914 in
2916 4859 3037 4915 loco
3091 4876 3192 4915 suo
3238 4861 3407 4915 stabi-

158 4948 403 5004 diacono
456 4949 523 5001 ad
574 4951 979 5019 reportandum.
1033 4954 1089 5008 In
1137 4957 1312 5009 eundo
1362 4966 1416 5011 et
1469 4956 1740 5014 redeundo
1843 4943 1961 5002 llrc-
1987 4947 2040 4999 l"
2072 4963 2177 5016 ‘1"0
2204 4963 2234 5002 ³
2267 4958 2487 5003 “more
2517 4949 2679 5004 Scribi
2710 4949 2870 5003 debet
2901 4958 3100 5018 Ψιοίιιε
3123 4962 3299 5003 3""“3
3324 4949 3413 5002 me

156 5054 465 5094 conversos
512 5050 768 5110 sequatur
817 5042 1095 5110 diaconus,
1158 5049 1408 5103 sacerdos
1463 5058 1682 5103 extremt

1886 5038 1999 5092 tab
2025 5038 2401 5093 incarnatione
2431 5038 2659 5103 Domini,
2696 5048 2749 5094 et
2780 5055 2908 5093 crux
2935 5038 3208 5111 designari
3233 5036 3412 5091 iullus

158 5131 371 5185 veniat.
414 5129 549 5184 Ctnn
594 5134 1027 5203 appropinquant
1069 5136 1246 5202 altari,
1278 5139 1503 5193 adorent
1553 5157 1740 5196 omnes
1843 5129 2157 5199 ἱυίιυῑιιιιυθ
2185 5130 2317 5184 Ῑοείδ
2346 5131 2585 5201 ιιιιίιιίιυθ
2611 5130 3035 5201 8Γ³¹¹Ῐ³Ῑ¹¹⁰θηδί·

156 5218 365 5275 fratres
388 5234 587 5289 corpus
620 5220 829 5275 Domini
879 5221 1031 5277 ﬂexis
1062 5226 1320 5294 genibus;
1353 5227 1618 5283 collocato
1649 5220 1737 5283 su-
1911 5218 2041 5275 Ροει
2070 5233 2267 5275 nonam
2299 5220 2591 5273 induantur
2622 5220 2713 5290 qui
2747 5218 2979 5274 oﬂicium
3013 5226 3138 5274 sunt
3167 5215 3409 5271 celebra-

158 5324 258 5378 pcr
285 5309 467 5364 altare
495 5309 695 5365 Christi
737 5325 986 5380 corpore,
1031 5312 1165 5367 facta
1217 5315 1267 5368 in
1309 5298 1475 5373 calice
1517 5317 1627 5372 vini

1878 5308 1975 5374 uri,
2003 5319 2060 5364 et
2091 5308 2159 5363 ad
2188 5307 2419 5363 ollicium
2450 5310 2759 5379 Specialiter
2785 5308 3061 5373 servituri,
3093 5315 3147 5361 et
3174 5306 3404 5362 infantes

160 5411 323 5466 aquae
352 5397 755 5463 commistione,
802 5400 943 5454 dicta
977 5415 1005 5454 a
1038 5404 1317 5458 sacerdote
1344 5420 1465 5459 cum
1512 5407 1740 5462 diacono
1841 5414 2054 5466 omnes,
2077 5400 2330 5454 sacerdos
2356 5399 2475 5453 alba
2532 5407 2585 5453 et
2622 5400 2781 5463 stola,
2813 5398 3015 5453 ctrteriq
3040 5397 3177 5452 albis
3211 5394 3405 5452 indutt.

159 5486 532 5552 confessione,
563 5486 704 5542 facta
728 5490 1043 5559 suppliciter
1076 5507 1105 5545 a
1138 5493 1422 5548 sacerdote
1467 5495 1532 5549 ad
1568 5495 1740 5550 altare
1843 5491 1895 5546 in
1925 5492 2149 5547 chorum
2183 5490 2437 5557 redeant;
2470 5489 2665 5545 dehinc
2716 5488 3010 5567 procedant
3060 5489 3130 5543 ad
3181 5498 3406 5542 sacrano'

159 5577 438 5647 emtique,
470 5578 710 5633 incenset
732 5579 984 5637 sacerdos
1012 5598 1207 5653 corpus
1248 5584 1448 5640 Christi
1498 5593 1553 5641 et
1589 5584 1727 5642 cali-
1842 5583 1967 5639 dum
2002 5583 2200 5653 ignem,
2250 5591 2503 5638 canentes
2556 5581 2822 5651 psalmum
2874 5581 3399 5653 quinquagesimum.

162 5685 322 5734 cem;
355 5668 550 5727 deinde
567 5671 710 5727 dicat
735 5673 993 5729 mediocri
1021 5689 1153 5735 voce
1176 5674 1431 5741 Oremus;
1455 5673 1739 5746 Prwceptis
1826 5672 2054 5729 ‘Primus
2080 5675 2317 5727 omnium
2361 5673 2685 5728 secretarius
2710 5674 2800 5743 qui
2852 5674 3062 5729 hastam
3104 5682 3309 5747 portat,
3349 5674 3409 5735 in’

167 5760 496 5817 salutaribus
520 5762 721 5833 moniti,
744 5771 799 5819 et
817 5771 1013 5820 caetera
1037 5778 1205 5836 usque
1229 5764 1295 5820 Et
1319 5782 1382 5823 ne
1407 5783 1497 5823 nos
1521 5766 1737 5822 inducas
1844 5778 1945 5837 qua
1974 5772 2241 5821 sacratum
2276 5765 2452 5836 ignem
2481 5773 2749 5835 reportet;
2781 5764 2976 5822 dehinc
3004 5768 3237 5839 portitor
3254 5780 3406 5838 aqua

1628 5967 1685 5980 νου
