3864 6300
455 427 566 482 667

1464 422 1521 476 ll.
1558 421 1953 478 LANFRANCI-
1990 421 2342 478 CANTUAR.
2385 422 2703 481 ARCHIEP.

3620 420 3719 475 ιω

457 535 781 598 impedit-ue;
817 541 939 602 post
968 531 1089 597 hos,
1125 532 1215 600 qui
1269 539 1489 613 portant
1540 546 1759 613 crucem
1792 542 1847 589 et
1874 532 2043 588 thurl-
2073 535 2120 595 Α
2149 532 2443 601 diaconus,
2479 543 2595 609 tres
2630 534 2898 611 conversi,
2932 542 2991 590 et
3027 532 3218 589 induat
3247 545 3311 588 se
3355 532 3606 588 sacerdos
3634 549 3719 590 ca.

454 625 669 690 indum;
706 625 901 678 deinde
929 624 1184 678 sacerdos
1220 624 1311 693 qui
1348 611 1528 695 ignem
1571 611 1887 681 sacraturus
1912 636 2031 691 est;

454 708 575 786 post
596 731 757 786 quem
794 714 1051 791 infantes,
1081 714 1281 769 dehinc
1306 715 1500 787 reliqui
1528 716 1732 783 induti;
1758 724 1877 786 post
1898 731 2035 787 quos

456 804 548 860 alii
591 804 817 867 fratres,
848 805 988 859 sicut
1017 803 1321 875 procedunt
1369 806 1662 861 Dominicis
1694 807 1901 861 diebus.
1927 807 2037 861 Sa-

455 905 611 952 rrato
644 897 791 967 igne,
829 896 1082 967 projiciat
1139 898 1395 956 sacerdos
1448 914 1643 967 aquam
1696 900 2035 956 benedictum

457 1002 622 1054 super
667 1003 811 1053 eum,
865 997 918 1043 et
968 1000 1154 1057 postea
1206 1004 1273 1044 ex
1319 990 1648 1046 carbonibus
1685 991 1853 1060 ipsius
1896 992 2039 1066 ignis

458 1080 750 1151 impleatur
797 1080 1156 1147 lhttribulum,
1210 1097 1318 1152 quo
1372 1083 1620 1156 impleto,
1665 1085 1907 1155 imponat
1944 1100 2035 1140 sa-

460 1173 654 1226 cerdos
705 1173 852 1239 tbus,
914 1183 971 1229 et
1022 1175 1264 1245 incenset
1319 1175 1521 1246 ignem.
1569 1175 1722 1230 Tunc
1769 1177 2038 1251 accenda-

463 1277 552 1321 tur
598 1267 761 1339 267
818 1282 1033 1332 cereus,
1084 1284 1243 1339 quem
1294 1280 1515 1339 portare
1571 1270 1625 1325 in
1678 1271 1834 1325 hasta
1882 1271 2041 1331 debet

462 1357 816 1411 secretarius.
854 1358 1203 1413 Accendatur
1230 1367 1284 1413 et
1309 1358 1533 1414 candela
1566 1359 1620 1415 in
1655 1359 1887 1426 laterna,
1915 1370 1973 1416 ut
1996 1361 2038 1427 si

466 1450 608 1504 forte
634 1449 685 1503 in
709 1449 887 1504 eundo
917 1450 1297 1521 cxstinguatur
1325 1467 1537 1517 cereus,
1567 1467 1633 1507 ex
1662 1465 1724 1507 ea
1774 1453 2043 1509 accenda-

462 1549 582 1603 tur;
616 1541 756 1594 hanc
781 1541 1047 1614 laternam
1071 1551 1291 1621 portare
1320 1543 1482 1619 debet
1502 1558 1642 1599 unus
1673 1545 1738 1600 de
1769 1545 2043 1622 magistris

458 1650 771 1703 puerorum.

528 1728 608 1781 Ad
637 1728 776 1797 hanc
804 1728 1208 1797 processionem
1232 1729 1554 1791 candelabra
1584 1745 1691 1786 non
1715 1739 2041 1803 portantur;

458 1818 708 1872 eumdem
747 1819 993 1874 ordinem
1045 1828 1265 1875 servent
1303 1821 1357 1875 in
1406 1821 1680 1878 redeundo
1728 1839 1890 1893 quem
1948 1825 2045 1880 ha-

456 1912 693 1965 buerunt
722 1910 775 1965 in
805 1911 1002 1965 eundo.
1030 1911 1385 1968 Revertentes
1427 1913 1613 1969 dicant
1652 1915 1751 1970 hos
1777 1915 2041 1984 psalmos:

458 2004 625 2071 Deus,
649 2006 952 2079 innomine
981 2014 1106 2069 tuo;
1149 2005 1397 2062 Miserere
1426 2009 1546 2074 mei,
1586 2007 1759 2072 Deus,
1804 2009 2048 2062 miserere

458 2097 598 2169 nilei;
642 2095 785 2153 Deus
826 2096 1133 2155 misereatur
1168 2096 1367 2162 nostri;
1417 2095 1587 2161 Deus,
1620 2098 1673 2150 in
1703 2096 2043 2165 adjutorium.

458 2185 520 2240 In
548 2187 675 2259 sede
704 2186 995 2265 episc0pali
1029 2197 1254 2267 canatur
1292 2205 1328 2265 at
1354 2188 1562 2268 duobus
1590 2190 1775 2268 pueris
1816 2191 2047 2260 hymnus

458 2276 715 2331 Inventor
751 2277 916 2332 rutili.
958 2264 1106 2353 ignis
1146 2264 1540 2345 sanctiliCatus,
1565 2265 1654 2349 qui
1700 2281 1754 2335 in
1809 2282 2047 2335 claustro

458 2369 755 2445 remansit,
776 2384 815 2443 ac
839 2368 1054 2425 famulis
1099 2369 1367 2425 cellcrarii
1403 2353 1725 2441 colligatur,
1756 2380 1809 2427 et.
1836 2386 1900 2425 ex
1945 2372 2047 2439 hoc

460 2460 585 2529 igne
612 2474 803 2514 omnes
832 2458 935 2514 luci
985 2461 1039 2513 in
1085 2461 1338 2515 omnibus
1378 2461 1610 2516 ollicinis
1648 2463 1800 2531 prius
1831 2463 2041 2518 exstin-

461 2548 535 2610 cti
563 2549 757 2602 iterum
783 2551 1166 2604 accendantur.
1196 2549 1431 2605 Plurima
1457 2551 1841 2606 monachorum
1864 2566 2046 2605 emno-

462 2637 784 2715 bia'faciunt
823 2640 964 2715 hanc
1007 2639 1074 2713 ad
1112 2640 1559 2715 sanctiﬁcainhnn
1609 2641 1785 2712 ignem
1831 2655 2044 2710 proces-

460 2713 691 2792 siouem,
736 2729 788 2789 in
825 2713 1010 2797 quinta
1051 2713 1225 2808 etiam,
1260 2713 1507 2784 etscxta
1562 2729 1720 2794 feria,
1753 2729 2046 2784 secretario

460 2820 785 2888 prmferepte
837 2834 1053 2881 cereum
1089 2820 1141 2873 in
1187 2821 1340 2874 hasta
1372 2821 1455 2875 vel
1487 2822 1636 2890 virga
1675 2822 1727 2874 in
1755 2822 1945 2891 quinta
1970 2821 2046 2875 le-

463 2911 567 2973 ria,
596 2911 778 2979 priore
823 2911 876 2963 in
904 2922 1081 2974 sexta,
1110 2911 1306 2969 abbate
1335 2912 1386 2965 in
1420 2910 1683 2966 Sabbato.

533 3000 887 3053 l’rocessionc
919 3000 971 3053 in
1014 3001 1240 3055 chorum
1290 3014 1502 3054 reversa
1546 3000 1662 3054 sine
1708 2997 2046 3069 candelabris

469 3100 523 3143 ει
568 3089 882 3167 thuribulo,
911 3093 1167 3163 sacerdos
1206 3092 1425 3146 indutus
1466 3092 1651 3145 casula
1700 3092 1955 3161 procedat
1980 3090 2045 3165 ad

2136 625 2275 691 Snla,
2302 626 2460 681 levita
2492 627 2800 692 dalmatica,
2829 626 3193 681 subdiaconus
3220 624 3424 681 tunica.

2207 716 2383 773 Finita
2422 717 2630 783 litania,
2665 718 3288 792 pronuntientcantores
3313 718 3490 772 tribus
3522 717 3723 773 vicibus

2138 807 2246 863 alta
2297 824 2430 864 voce
2463 809 2760 874 Accendite,
2813 818 2867 865 et
2912 818 3039 864 tunc
3085 810 3321 881 primum
3362 808 3722 863 accendantur

2139 901 2463 957 candelabra
2524 913 2579 958 ct
2614 911 2808 958 cariora
2869 902 3154 956 luminaria
3209 915 3330 972 quze
3391 909 3520 971 ante
3563 899 3722 954 altare

2138 1000 2194 1046 et
2222 992 2365 1046 circa
2411 992 2584 1049 altare
2614 1003 2761 1060 sunt,
2801 1003 2851 1048 et
2900 1001 3154 1048 cantores
3186 983 3450 1064 incipiant
3482 992 3722 1047 festivum

2142 1084 2309 1156 Kyrie
2337 1084 2531 1140 eleison
2562 1104 2583 1151 ;
2612 1096 2667 1142 ct
2691 1087 2946 1141 sacerdos
2966 1128 2985 1150 ,
3012 1102 3133 1141 curm
3168 1085 3524 1156 processione
3552 1078 3721 1146 solita,

2142 1178 2212 1230 ad
2255 1177 2425 1231 altare
2453 1178 2730 1247 procedat.
2759 1187 2815 1232 et
2851 1178 3004 1247 signa
3046 1186 3172 1231 tunc
3201 1177 3404 1247 pulsari
3450 1176 3722 1245 incipiant,

2143 1280 2246 1321 nec
2274 1267 2546 1347 desinant,
2579 1284 2753 1338 usque
2781 1270 2847 1324 ad
2874 1271 3035 1325 linem
3078 1268 3245 1341 Kyrie
3262 1270 3481 1324 eleison.
3514 1269 3583 1323 Et
3606 1278 3722 1324 tunc

2142 1358 2374 1428 primum
2412 1360 2503 1414 det
2544 1369 2739 1436 cantor
2766 1377 2967 1431 cappas
2993 1361 3076 1419 his
3104 1362 3197 1431 qui
3254 1361 3485 1416 Alleluia
3513 1369 3568 1416 et
3620 1370 3721 1416 trs-

2144 1439 2289 1503 ctum
2317 1452 2587 1510 cantutari
2636 1460 2782 1506 sunt.
2827 1442 3010 1508 Finito
3038 1452 3206 1525 Kyrie
3244 1452 3463 1516 eleison,
3515 1452 3723 1521 incipiat

2145 1542 2397 1619 sacerdos
2446 1540 2627 1622 Gloria
2678 1544 2733 1597 in
2781 1544 3000 1605 excelsis
3053 1544 3182 1599 Deo.
3231 1544 3473 1621 Quando
3529 1544 3725 1622 legetur

2146 1633 2520 1712 Evangelium,
2548 1620 2659 1692 non
2712 1646 2998 1692 teneantur
3036 1637 3388 1704 candelabra,
3424 1638 3523 1693 sed
3562 1620 3724 1691 solum

2148 1727 2502 1797 tlmribulnm.
2531 1727 2720 1806 lnlhac
2755 1728 3146 1801 consuetudine
3175 1727 3520 1783 concordant
3550 1742 3726 1782 omnes

2150 1817 2260 1873 fere
2292 1820 2616 1892 principales
2664 1821 3051 1877 monachorum
3080 1821 3343 1887 Ecclesia:
3390 1837 3515 1891 quae
3555 1831 3729 1876 nostro

2152 1920 2391 1980 tempore
2406 1911 2628 1980 majoris
2651 1897 2992 1969 auctoritatis
3014 1921 3161 1977 sunt,
3184 1913 3326 1968 sicut
3345 1922 3400 1966 et
3419 1913 3474 1965 in
3503 1928 3570 1967 eo
3598 1913 3726 1982 quod

2147 2001 2442 2066 oll'erenda,
2475 2010 2530 2058 et
2555 2002 2734 2074 Agnus
2764 2002 2885 2067 Dei,
2915 2011 2970 2058 et
3000 1996 3310 2056 Communia
3338 2002 3408 2055 ad
3436 2002 3581 2057 hanc
3609 2002 3726 2056 mis—

2147 2108 2262 2149 sam
2294 2108 2402 2149 non
2446 2093 2717 2157 dicuntur,
2754 2094 2877 2150 licet
2907 2102 3105 2151 czetera
3152 2091 3349 2170 festive
3380 2080 3655 2167 dicantur.
3678 2090 3729 2144 ln

2147 2185 2469 2255 quibusdam
2529 2200 2746 2256 quoque
2794 2201 2898 2239 non
2953 2184 3324 2253 improbandae
3397 2184 3729 2238 auctoritatis

2147 2276 2429 2339 coenobiis,
2464 2291 2568 2329 nec
2602 2285 2730 2329 ante
2772 2275 3112 2330 sacerdotem
3142 2274 3210 2328 ad
3240 2273 3417 2329 altare
3449 2275 3727 2355 proceden-

2150 2374 2255 2421 tem
2284 2367 2387 2421 hac
2416 2366 2502 2421 die
2528 2365 2854 2421 candelabra
2884 2372 3192 2435 portantur.

2217 2455 2497 2533 Celebrata
2542 2455 2658 2511 fere
2712 2456 2898 2522 missa,
2942 2455 3225 2511 sacerdote
3292 2454 3593 2526 incipiente
3642 2453 3731 2508 Per
3810 2522 3817 2531 ⁴

2148 2548 2433 2619 Ποιηίηιιηι⁸
2477 2546 3020 2619 nostrum,incipiant
3082 2543 3281 2616 pulsari
3332 2545 3460 2599 dua:
3486 2545 3649 2600 skill:
3670 2544 3729 2596 ad

2146 2651 2421 2707 vesperas,
2457 2643 2515 2691 ut
2545 2651 2662 2690 mos
2686 2628 2769 2691 eSt
2799 2636 2852 2689 in
2886 2635 3143 2690 maximis
3171 2634 3592 2691 festivitatibus.
3639 2636 3731 2689 Rc-

2146 2729 2366 2800 spousio
2393 2727 2503 2782 Deo
2538 2727 2738 2798 gratias
2767 2727 2834 2781 ad
2881 2725 2965 2780 lle
3006 2729 3167 2803 missa
3194 2736 3291 2790 est,
3337 2726 3439 2779 llat
3466 2726 3639 2780 oratio
3659 2740 3731 2780 ve-

2148 2820 2427 2890 spertina;
2467 2834 2571 2887 qua
2597 2818 2739 2873 facta
2778 2818 2979 2872 vadant
3004 2816 3239 2872 infantes
3277 2818 3332 2871 in
3370 2817 3729 2877 refectorium,
3810 2852 3815 2859 .

2146 2911 2190 2965 si
2239 2909 2402 2980 aliqui
2437 2910 2574 2963 adeo
2619 2908 2774 2978 parvi
2809 2917 2935 2964 sunt
3002 2919 3059 2961 ut
3101 2923 3269 2986 usque
3316 2917 3445 2989 post
3496 2923 3732 2977 vcspcras

2148 3009 2467 3070 exspectare
2512 3014 2618 3053 non
2674 2999 2902 3068 possint.
2947 2997 3172 3053 Interim
3204 2994 3499 3069 pulsentur
3542 2996 3729 3064 majora

2148 3072 2301 3161 signa
2344 3092 2448 3147 duo
2485 3098 2540 3144 et
2588 3091 2693 3145 duo
2721 3107 2734 3154 ;
2770 3092 2835 3144 ad
2866 3098 3194 3152 extremum,
3220 3088 3459 3158 pulsatis
3491 3088 3732 3143 omnibus

464 3181 676 3253 altare;
708 3183 968 3237 diaconus
987 3198 1114 3237 vero
1138 3184 1277 3240 stola
1307 3193 1361 3240 et
1396 3184 1681 3259 dalmatica
1714 3184 1926 3239 indutus
1956 3200 2046 3239 vc-
2075 3212 2121 3274 ο
2152 3182 2345 3252 signis,
2399 3189 2667 3236 canantur
2721 3194 2963 3248 vesperae
2988 3219 3003 3244 ,
3060 3187 3119 3232 ut
3164 3178 3320 3233 decet
3343 3218 3359 3242 ,
3400 3177 3729 3233 solemniler.

450 3273 585 3344 piat
626 3282 751 3341 ante
787 3274 1131 3336 ahbatem,ct
1172 3284 1321 3344 petat
1359 3275 1425 3329 ab
1461 3290 1527 3329 eo
1576 3274 2046 3337 benedictionem;

465 3363 665 3416 dehinc
687 3363 849 3418 vadat
870 3364 938 3417 ad
966 3350 1184 3420 cereum
1217 3376 1272 3419 et
1303 3366 1588 3439 benedicat
1626 3380 1771 3431 eum,
1806 3382 1907 3421 nec
1927 3374 2052 3423 ante

463 3453 915 3520 benedictionem,
967 3472 1064 3511 nec
1092 3466 1213 3526 post
1257 3448 1691 3511 benedictionem
1723 3464 1852 3512 ante
1881 3465 1936 3510 et
1971 3470 2053 3511 re-

464 3554 550 3612 tro
582 3545 806 3611 faciens,
838 3563 980 3602 unus
1028 3557 1205 3601 autem
1243 3563 1309 3602 ex
1340 3547 1636 3612 conversis,
1683 3563 1805 3602 cum
1843 3557 2052 3616 tempus

463 3636 648 3701 fuerit,
679 3638 953 3692 indicante
980 3649 1224 3704 cantore,
1261 3638 1470 3693 deferat
1517 3639 1695 3693 abbati
1725 3641 1906 3710 ignitis
1934 3654 2053 3694 car-

464 3725 699 3805 bonibus
736 3727 951 3795 plenum
994 3728 1323 3783 thuribulum
1359 3745 1374 3794 ;
1419 3731 1471 3783 in
1512 3746 1620 3799 quo
1658 3732 1814 3784 thure
1854 3731 2054 3800 injecto

468 3815 692 3870 accedat
730 3808 795 3869 ad
836 3818 1155 3883 diaconum,
1195 3828 1251 3872 et
1302 3819 1455 3886 juxta
1501 3836 1626 3874 eum
1657 3822 1761 3888 sit,
1800 3828 1875 3884 ut,
1928 3839 2050 3877 cum

468 3918 681 3975 tempus
721 3907 904 3972 fuerit,
930 3910 1159 3979 accipiat
1193 3909 1452 3964 diaconus
1491 3911 1558 3965 ab
1586 3926 1651 3965 eo
1704 3913 2051 3986 thuribulum,

468 3986 524 4051 et
556 3999 797 4053 incenset
846 4013 1086 4054 cereum.
1138 4000 1482 4057 Secretarius
1512 4015 1640 4055 vero
1669 3987 1748 4055 sit
1786 4012 2009 4071 paratus
2036 4045 2050 4070 ,

467 4098 529 4141 nt
554 4103 675 4143 cum
704 4088 905 4144 dictum
952 4087 1115 4144 fuerit
1154 4087 1405 4169 R‘ntilans
1422 4089 1557 4160 ignis
1586 4092 1841 4157 accendit,
1870 4093 2051 4148 statim

469 4178 733 4234 accendat
761 4192 1000 4234 cereum.
1846 4168 1847 4171 “

542 4271 927 4351 Benedictione
976 4257 1216 4342 peracta,
1255 4272 1539 4338 diaconus,
1580 4272 1819 4343 deposita
1852 4274 2055 4351 dalma-

470 4350 661 4418 tiraet
688 4363 846 4433 stola,
896 4363 963 4417 ad
994 4370 1149 4418 ‘suum
1182 4363 1358 4418 locum
1384 4364 1437 4418 in
1476 4365 1701 4420 chorum
1732 4350 2051 4420 revertatur.

470 4455 675 4507 Cereus
719 4470 849 4509 vero
888 4470 994 4509 non
1030 4456 1408 4525 exstinguatnr
1447 4471 1618 4525 usque
1654 4457 1706 4510 in
1757 4457 2052 4510 crastinum

2151 3272 2614 3330 llehdomadarius
2656 3280 2847 3325 cantor
2896 3270 3121 3340 incipiat
3160 3268 3390 3323 Alleluia
3442 3284 3507 3323 ex
3570 3268 3732 3337 aliqua

2153 3366 2448 3435 antiphuna
2477 3380 2542 3417 ex
2590 3378 2698 3433 qua
2751 3371 2941 3417 cantor
2967 3361 3306 3432 praeceperit.
3342 3360 3547 3415 Psalmi
3576 3358 3732 3427 Conﬁ-

2152 3466 2381 3520 teantur,
2412 3453 2701 3522 capitulum
2753 3453 2814 3508 Si
2866 3453 3284 3517 consurrexislis,
3338 3452 3730 3522 responsorium

2153 3548 2381 3617 Angelus
2409 3546 2623 3601 Domini
2665 3546 2870 3600 loeutus
2895 3556 2991 3607 cst,
3021 3545 3259 3617 hymnus
3289 3545 3362 3597 ad
3392 3562 3599 3598 (mnam
3629 3544 3733 3611 agni

2152 3637 2371 3707 providi,
2399 3651 2587 3691 versus
2609 3634 2913 3701 Resurrexit
2946 3620 3223 3699 Dominus.
3272 3631 3355 3705 Ad
3412 3631 3732 3709 Magniﬁcat,

2166 3712 2385 3796 Vespere
2408 3736 2583 3779 autent
2629 3724 2866 3791 Sabbati.
2905 3722 3167 3797 Collecta,
3192 3720 3337 3775 Dens
3358 3723 3451 3792 qui
3488 3723 3627 3773 hanc
3661 3737 3732 3773 sn-

2155 3818 2508 3872 cratissimam
2557 3825 2777 3870 noctem.
2817 3814 2946 3869 Post
3003 3826 3283 3882 vesperas,
3325 3812 3633 3882 procedant
3675 3808 3733 3862 ad

2156 3907 2470 3963 Crucilixum
2481 3946 2494 3958 .
3294 3894 3297 3897 ἰ

2300 3998 2498 4055 SECTIO
2525 3998 2591 4055 V.
2620 4028 2688 4038 —-
2709 3997 2786 4052 De
2819 3996 3065 4067 Tempore
3088 4004 3271 4071 sancta
3307 3991 3615 4047 Paschalis.

2148 4152 2153 4159 ,
2226 4092 2325 4147 Die
2345 4101 2535 4146 sancto
2573 4089 2796 4147 Pascbze
2846 4097 2969 4143 ante
3018 4087 3231 4157 vigilias
3278 4088 3590 4139 matutinas
3628 4082 3731 4155 pul-

2152 4162 2344 4241 santur
2372 4183 2551 4239 omnia
2587 4182 2738 4252 signa
2770 4198 2784 4247 ;
2823 4180 3017 4243 dehinc
3058 4180 3163 4235 duo
3191 4187 3247 4234 et
3288 4178 3413 4241 duo,
3452 4178 3593 4232 sicut
3633 4188 3732 4228 mes

2156 4282 2258 4328 est.
2291 4273 2371 4327 Ad
2418 4268 2789 4327 invitatorium
2837 4278 3071 4339 quatuor
3109 4269 3161 4322 in
3204 4265 3433 4337 cappis,
3480 4265 3668 4337 psalmi
3706 4279 3729 4314 a

2156 4367 2315 4421 beato
2359 4364 2653 4419 Benedicto
2695 4362 2949 4426 instituti,
2987 4361 3037 4415 id
3067 4369 3170 4427 est,
3207 4358 3432 4413 Domine
3476 4360 3529 4412 in
3567 4360 3734 4411 virtute

2159 4456 2325 4526 268
2353 4465 2475 4518 tua,
2513 4463 2568 4508 et
2608 4452 2810 4515 caeteri.
2852 4452 2933 4506 Ad
2987 4449 3248 4505 lectiones
3292 4448 3731 4503 circumferautur

475 4551 600 4607 post
625 4556 899 4611 vesperas,
938 4543 1202 4604 lectiones
1250 4545 1435 4603 statim
1489 4545 1830 4603 inchoentur.
1866 4546 2059 4603 Sacer-
2086 4546 2136 4606 D
2166 4545 2460 4609 thuribula,
2485 4546 2625 4600 sicut
2651 4544 2705 4598 in
2733 4544 2819 4598 die
2856 4541 3150 4622 Dominicze
3180 4537 3502 4593 Nativitatis
3535 4537 3730 4591 institu-

478 4636 574 4687 dos
601 4632 806 4703 absque
846 4642 1007 4688 cantu
1051 4635 1195 4689 dicat
1233 4636 1512 4697 orationes
1564 4637 1630 4690 ad
1680 4636 1871 4703 altare,
1912 4639 2054 4693 sicut

476 4731 603 4778 sunt
642 4738 739 4792 per
776 4724 1052 4789 ordinem;
1088 4725 1274 4779 ultima
1316 4726 1561 4780 oratione
1590 4725 1733 4780 dicta
1760 4735 1969 4793 cantor,
2000 4736 2055 4791 et

475 4815 615 4874 alter
648 4814 816 4868 frater
857 4828 1018 4883 quem
1075 4812 1321 4878 voluerit,
1350 4813 1525 4868 induti
1574 4814 1757 4883 cappis
1797 4816 2056 4887 incipiant

474 4908 535 4962 in
561 4905 729 4961 choro
763 4904 1003 4967 litaniam
1043 4914 1275 4972 ternam,
1307 4906 1410 4960 hoc
1437 4906 1595 4962 modo
1621 4924 1633 4959 :
1667 4890 1918 4962 cantores
1944 4907 2055 4977 K3;-

475 5000 553 5065 rie
581 4997 793 5066 eleisan,
822 4997 1010 5051 dexter
1053 4997 1254 5057 chorus
1304 4997 1554 5052 similiter
1580 4999 1902 5071 respondeat
1945 4998 2054 5070 Κρι-

475 5091 554 5144 rie
596 5088 809 5152 eleison,
840 5087 1034 5157 deinde
1061 5086 1303 5151 sinister,
1345 5096 1399 5141 ct
1424 5096 1616 5142 caztcra
1653 5088 1842 5143 eodem
1876 5089 2050 5153 modo,

478 5194 651 5251 usque
688 5179 754 5235 ad
789 5178 950 5233 linem
983 5177 1213 5243 litaniae;
1250 5186 1434 5235 ternos
1472 5187 1690 5233 sanctos
1718 5179 1782 5233 de
1810 5194 2053 5247 unoquo-

473 5286 582 5341 que
635 5270 826 5326 ordine
861 5268 1067 5323 dicant.
1106 5268 1187 5322 Ad
1230 5266 1437 5336 singula
1477 5275 1785 5322 sanctorum
1836 5268 2054 5343 nomina

476 5370 707 5431 uterque
734 5360 935 5416 chorus
964 5357 1206 5422 inclinet,
1236 5365 1487 5426 cantores
1524 5358 1588 5421 ad
1624 5357 1852 5411 nullum.
1885 5358 2057 5427 Inete-

474 5462 569 5524 pta
598 5451 787 5519 litania
810 5451 1009 5506 fratres
1032 5449 1296 5505 accedant
1327 5449 1393 5504 ad
1418 5448 1655 5527 formas,
1674 5450 1819 5504 sicut
1844 5450 1899 5504 in
1925 5450 2056 5506 duo.

472 5543 653 5607 decim
692 5541 1032 5605 lectionibus,
1079 5540 1146 5596 ad
1190 5541 1402 5597 tertiam
1451 5541 1706 5596 sacerdos
1754 5549 2058 5605 revertatur

466 5650 533 5700 ιδ)
560 5618 932 5711 secretarium,
958 5640 1016 5687 et
1054 5631 1295 5701 deposita
1336 5629 1519 5687 casula
1547 5639 1602 5686 et
1633 5629 1768 5686 stola
1795 5630 1978 5685 redeat
2001 5630 2054 5684 in

467 5734 728 5793 αιιοηιιη.
769 5722 903 5778 Cum
930 5723 1169 5799 dixerint
1186 5734 1436 5779 cantores
1471 5721 1662 5778 Omnes
1686 5724 1880 5788 sancti,
1913 5733 2055 5777 orate

462 5800 567 5912 pro.
609 5821 753 5877 nobis
778 5862 792 5889 ,
834 5822 1029 5877 exeant
1078 5814 1140 5868 de
1172 5815 1337 5869 choro
1377 5814 1667 5878 sacerdos,
1699 5813 1881 5883 levita,
1925 5813 2053 5870 sub-

2158 4649 2279 4701 tum,
2301 4646 2401 4691 est.
2437 4624 2628 4691 Totum
2653 4614 2885 4703 denique
2908 4613 3141 4687 alliciunt
3173 4644 3324 4683 more
3356 4629 3729 4682 monachorum

2157 4736 2348 4797 agatur
2420 4723 2704 4779 Processio
2749 4723 2815 4777 ad
2878 4719 3200 4775 crucifixum
3260 4729 3385 4790 post
3454 4719 3731 4773 matutinas

2158 4815 2373 4880 laudes,
2408 4825 2463 4868 et
2505 4822 2627 4884 post
2676 4826 2975 4881 vesperas,
3021 4825 3117 4878 per
3170 4817 3337 4862 totam
3388 4809 3729 4878 septimanam

2158 4907 2341 4962 vadat.
2373 4905 2531 4971 Missa
2576 4900 2910 4958 matutinalis
2946 4900 3048 4955 hac
3085 4900 3171 4955 die
3208 4913 3332 4952 cum
3365 4915 3475 4953 una
3503 4898 3728 4953 collecta.

2156 4997 2434 5069 processio
2462 4995 2513 5048 in
2552 4994 2756 5067 cappis.
2788 4993 2869 5046 Ad
2907 5005 3160 5060 vesperas
3201 4987 3395 5059 psalmi
3440 4987 3730 5058 regulares.

2159 5090 2214 5144 id
2238 5097 2322 5144 est
2351 5087 2495 5141 Dixit
2534 5086 2813 5151 Dominus,
2840 5093 2894 5137 et
2935 5081 3127 5153 reliqui
3156 5082 3247 5152 qui
3275 5079 3471 5136 diebus
3505 5077 3729 5133 Domini-

2157 5180 2237 5236 cis
2264 5179 2365 5233 dici
2414 5176 2609 5233 solent.
2649 5175 2821 5245 Super
2861 5173 3125 5244 psalmos,
3168 5171 3489 5241 antiphonte
3523 5158 3637 5239 qua
3675 5166 3733 5220 ad

2158 5270 2459 5346 matutinas
2488 5267 2675 5323 laudes
2699 5266 2854 5321 dicta:
2879 5272 3025 5318 sunt.
3080 5250 3081 5255 “
3486 5250 3487 5253 “

2234 5360 2434 5419 Tribus
2460 5354 2813 5429 sequentibus
2843 5354 3034 5427 diebus
3065 5361 3193 5407 ante
3229 5351 3447 5422 vigilias
3466 5350 3732 5431 pulsentur

2157 5453 2332 5529 signa,
2354 5451 2460 5506 duo
2487 5456 2543 5505 et
2590 5448 2726 5523 duo;
2759 5445 2828 5500 ad
2856 5442 3238 5525 invitatoriam
3272 5450 3385 5497 tres
3434 5441 3489 5495 in
3520 5439 3725 5510 cappis;

2157 5540 2354 5612 psalmi
2378 5538 2598 5594 leriales
2624 5535 2900 5601 dicantur,
2938 5549 3031 5590 sex
3063 5532 3164 5587 sub
3192 5548 3298 5607 una
3330 5531 3626 5602 antipbona
3650 5568 3664 5591 ,
3685 5536 3731 5578 et

2158 5613 2253 5690 sex
2289 5617 2392 5685 sub
2429 5627 2567 5693 alia;
2609 5626 2715 5681 duo
2747 5633 2803 5680 et
2834 5624 2938 5679 duo
2963 5623 3219 5694 primum,
3246 5631 3305 5676 et
3333 5621 3629 5677 secundum
3660 5633 3733 5685 re-

2159 5721 2605 5794 sponsoriorum;
2648 5717 2871 5772 tertium
2910 5725 3059 5779 tres,
3108 5712 3298 5782 laudes
3347 5712 3448 5767 sub
3479 5727 3580 5767 una
3609 5708 3735 5789 anti-

2159 5786 2361 5886 pbona.
2395 5812 2477 5869 Ad
2522 5801 2796 5867 thuribula
2836 5808 2941 5864 duo
2990 5804 3305 5861 sacerdotes
3335 5804 3521 5882 cappis
3566 5786 3733 5857 induti
