3864 6300
150 325 265 382 669
1124 329 1437 388 DECRETA
1479 329 1618 389 PRO
1655 332 1910 390 0RDlNE
1949 333 2008 390 S.
2046 332 2423 390 BENEDICTI.
3296 332 3400 386 ιτα

142 437 220 493 ad
274 438 469 495 laudes
508 448 566 495 et
610 441 676 495 ad
724 454 992 511 vesperas.
1022 440 1184 498 Missa
1226 444 1559 500 matutinalis
1601 459 1722 501 cum
1755 452 1806 510 Α
1831 447 2025 501 vadunt
2054 446 2107 499 in
2144 443 2550 507 dormitorium,
2582 443 2720 498 sicut
2745 441 2849 498 alio
2886 450 3152 513 tempore,
3183 442 3401 510 quando

147 542 263 583 una
302 529 554 597 collecta,
583 532 651 585 ad
683 532 941 602 majorem
984 547 1174 588 omnes
1203 534 1307 589 sint
1331 536 1516 604 cappis
1542 536 1732 592 induti.
1841 539 2150 595 meridianis
2175 539 2321 594 horis
2360 538 2414 592 in
2440 536 2592 593 lectis
2613 538 2888 607 quiescere
2921 537 3127 604 solent,
3164 543 3221 591 et
3257 534 3401 591 facto

146 620 233 674 Ad
266 635 528 689 vesperas
567 637 663 693 per
693 633 861 677 totam
909 624 1303 678 hebdomadam
1356 626 1456 680 sub
1482 642 1590 681 una
1637 642 1735 682 an-
1839 627 2156 697 parvissima
2202 625 2480 681 intervallo
2524 625 2976 696 pulseturskilla,
3014 624 3207 679 dehinc
3244 624 3400 679 nudis

150 710 385 778 tiphoaa
416 712 666 767 dicantur
695 713 884 781 psalmi
924 713 1016 782 qui
1062 714 1114 768 in
1161 714 1247 769 die
1276 713 1500 771 Pascha:
1550 717 1619 773 ad
1647 731 1738 773 ve-
1838 716 2065 786 pedibus
2099 716 2166 771 de
2193 715 2511 772 dormitor-io
2553 715 2897 779 descendant,
2940 729 3131 769 manus
3157 711 3397 773 abluunt.

142 813 353 865 Speras
394 800 526 854 ἀίειῖ
563 812 706 855 δυηῐ-
1042 824 1048 829 '
1727 856 1735 864 .
1839 810 1908 863 sd
1937 807 2222 863 ecclesiam
2251 806 2482 873 vadunt,
2512 806 2810 862 oralionem
2836 804 3058 860 faciant.
3095 801 3213 869 Qua
3260 802 3398 856 facta

224 886 437 943 Tribus
478 889 833 959 sequentibus
865 889 1076 957 diebus,
1119 893 1185 946 ad
1231 891 1599 951 invitatorium
1630 896 1738 953 duo
1839 894 2262 966 incipiatinfaus
2289 894 2658 965 antiphonam,
2697 893 2956 964 Exsurge,
2999 890 3403 947 DomineJnte-

146 978 203 1032 in
243 978 476 1044 froccis,
509 982 577 1035 ad
617 989 879 1035 nocturna
915 982 1108 1051 psalmi
1148 981 1388 1051 feriatos,
1414 994 1525 1042 tres
1554 988 1739 1043 Iectio-
1838 985 1938 1041 rim
1961 984 2242 1055 pulsentur
2260 983 2367 1039 duo
2389 984 2559 1054 signa.
2579 982 2813 1039 Cantata
2837 980 3129 1050 antipboua
3156 978 3299 1033 dicat
3318 993 3403 1031 sa-

142 1084 255 1125 stes
285 1070 359 1127 de
402 1073 754 1141 pronuntiato
794 1072 1104 1143 Evangelia,
1152 1074 1327 1144 major
1351 1077 1514 1132 missa
1551 1086 1605 1132 et
1639 1093 1740 1132 εω-
1838 1074 2025 1131 cerdos
2047 1072 2279 1127 Ostende
2312 1072 2479 1139 nobis,
2518 1073 2759 1136 Domine,
2792 1069 3199 1125 misericordiam
3233 1078 3400 1122 tuam.

150 1168 271 1213 tera
325 1159 543 1226 omnia,
571 1161 713 1215 sicut
759 1162 812 1214 in
851 1161 1131 1216 duodecim
1162 1162 1512 1219 lectionibus.
1532 1165 1594 1219 lu
1638 1167 1739 1222 hac
1839 1163 2108 1231 Sequatur
2128 1159 2291 1232 Kyrie
2314 1162 2538 1227 .eleison,
2566 1161 2729 1215 Pater
2762 1171 2953 1225 noster,
2995 1158 3239 1214 Psalmus
3262 1158 3401 1212 Deus

143 1248 507 1305 hebdomada
546 1266 650 1304 non
680 1249 971 1319 loquantur
1006 1252 1060 1306 in
1091 1251 1346 1309 claustro.
1374 1253 1539 1311 Missa
1563 1265 1737 1311 rnatu.
1836 1253 2146 1306 misereatur
2173 1252 2361 1305 nostri.
2404 1250 2460 1304 lu
2510 1251 2745 1306 crastino
2783 1250 2922 1305 Deus
2972 1250 3027 1303 in
3074 1249 3402 1318 adjutorium

136 1339 341 1395 Atinatis
374 1338 660 1395 Βριαντρεὶ
689 1358 709 1407 ;
740 1356 931 1414 omnes
961 1343 1106 1396 horae
1149 1358 1270 1396 cum
1314 1345 1624 1414 antiphom's
1640 1362 1737 1403 ea-
1838 1357 2027 1395 ineunt.
2054 1341 2254 1396 Dehinc
2277 1341 2531 1396 sacerdos
2553 1341 2620 1395 Et
2640 1342 2811 1395 veniat
2829 1356 2982 1410 super
2995 1356 3107 1405 nos,
3128 1338 3405 1394 collectam

136 1435 383 1491 ,nantur.
440 1427 683 1485 Sabbato
727 1412 931 1485 tantum
990 1431 1055 1486 ad
1093 1446 1349 1501 vesperas
1388 1412 1579 1504 psalmi
1612 1451 1737 1491 cum
1835 1446 1935 1501 pro
1964 1432 2220 1501 peccatis.
2264 1430 2455 1487 Postea
2504 1430 2820 1486 sonantibus
2864 1430 3031 1499 signis
3064 1437 3406 1497 excautpro-

144 1517 388 1571 Alleluia
420 1518 699 1575 dicantur.
1837 1520 2041 1576 cessuri
2085 1530 2364 1586 canentes,
2412 1522 2702 1590 incipiente
2735 1528 2979 1585 cantore,
3010 1534 3127 1588 quae.
3168 1519 3233 1572 ad
3283 1534 3407 1586 N0-

136 1649 147 1655 -
220 1602 435 1661 Octava
464 1607 551 1661 die
580 1610 649 1662 ad
685 1608 1054 1671 invitatoriam
1078 1619 1197 1665 tres
1231 1612 1282 1665 in
1316 1614 1519 1683 cappis.
1548 1615 1628 1669 Ad
1650 1617 1735 1672 le-
1835 1609 2133 1665 cessionem
2155 1609 2443 1680 pertinent,
2477 1609 2779 1679 pratcedant
2806 1608 2988 1663 famuli
3016 1622 3137 1662 cum
3172 1606 3402 1662 xexillis.

139 1693 367 1749 ctiones
435 1696 684 1765 legantur
744 1698 1032 1753 Paschales
1086 1715 1404 1768 sermones;
1453 1705 1507 1759 in
1576 1706 1735 1761 tertio
1836 1706 2091 1767 sequetur
2116 1712 2411 1755 conversus
2437 1714 2556 1752 cum
2580 1713 2751 1767 aqua,
2789 1706 2912 1767 post
2935 1711 3100 1766 quem
3129 1696 3265 1751 alius
3285 1711 3405 1750 cum

138 1795 434 1841 nocturno
474 1784 852 1856 pronuntietur
881 1790 1227 1861 Evangelium
1256 1793 1386 1847 Cum
1421 1806 1555 1851 esse;
1595 1814 1733 1866 gero,
1766 1778 1811 1833 Β
1836 1801 2015 1842 cruce.
2041 1788 2244 1842 Dehinc
2257 1789 2635 1854 subdiaconus,
2664 1788 2839 1861 ferens
2860 1797 3087 1851 textum,
3107 1796 3226 1856 post
3246 1802 3403 1854 quem

138 1875 323 1929 missa
367 1870 712 1934 matutinalis
747 1879 914 1945 Quasi
959 1883 1113 1935 modo
1154 1886 1332 1954 geniti.
1374 1876 1655 1946 Processio
1681 1891 1734 1945 in

1842 1877 2032 1933 fratres
2066 1877 2210 1943 laici,
2256 1878 2452 1933 deliine
2486 1877 2719 1932 infantes
2766 1894 2888 1933 cum
2935 1878 3225 1947 magistris,
3285 1886 3408 1945 post

142 1966 315 2033 albis.
362 1965 543 2034 Major
570 1969 733 2033 missa
773 1969 1077 2040 Βεεαννεωῑ,
1106 1974 1172 2028 ad
1198 1990 1358 2044 quam
1401 1979 1509 2033 sim
1546 1994 1737 2038 omnes
1836 1980 1970 2036 quos
1998 1975 2264 2031 cantores,
2288 1968 2545 2022 extremis
2573 1968 2860 2036 prioribus,
2893 1976 2947 2024 et
2980 1967 3404 2038 praecedentibus

152 2054 341 2122 eappis
368 2054 572 2123 induti.
978 2094 981 2097 -
1832 2053 2160 2123 junioribus,
2189 2056 2329 2110 sicut
2355 2065 2438 2110 est
2477 2056 2609 2111 ordo
2634 2072 2842 2113 eorum.
2893 2057 2949 2111 ln
2990 2072 3242 2128 eggressu
3278 2073 3399 2111 mo-

220 2143 387 2205 Feria
419 2145 655 2200 secunda
684 2156 916 2215 ponatur
942 2150 1313 2222 adimendum
1340 2156 1476 2213 mm
1505 2160 1737 2216 Acmum
1836 2143 2058 2199 nasterii
2105 2144 2216 2199 sint
2239 2142 2424 2198 famuli
2455 2145 2759 2211 camerarii,
2788 2146 3047 2201 habentes
3075 2145 3147 2199 ibi
3185 2144 3405 2211 baculos

148 2232 528 2300 apostolorum
574 2251 744 2306 usque
785 2239 851 2292 ad
894 2250 1209 2309 sequentem
1254 2245 1627 2316 pmninicam;
1669 2254 1738 2306 ad
1837 2242 2168 2305 praeparatos
2190 2249 2326 2305 quos
2354 2234 2591 2291 tribuant
2617 2234 2875 2292 fratribus
2902 2236 2971 2292 ad
2993 2249 3053 2293 se
3094 2243 3405 2299 sustentan-

150 2333 455 2392 utrmnque
493 2334 838 2391 nocturnum,
865 2337 921 2382 et
972 2331 1039 2384 al
1064 2346 1257 2388 omnes
1303 2335 1464 2389 horas
1512 2338 1737 2393 Alleluia
1841 2325 1958 2383 dos.
2602 2388 2607 2397 .

155 2411 372 2483 dicatur
418 2429 594 2483 .usque
636 2418 702 2471 ad
740 2418 1122 2476 Aseensionem
1160 2422 1390 2479 Domini.
1423 2425 1551 2482 Post
1591 2430 1736 2499 capi-

1907 2415 2041 2474 Cum
2079 2415 2423 2486 pervenerint
2466 2417 2535 2472 ad
2592 2416 2874 2485 ecclesiam
2927 2420 2997 2474 ad
3054 2432 3217 2489 quam
3279 2417 3409 2473 ituri

138 2499 322 2563 talum
363 2503 585 2571 pulsata
626 2506 825 2571 tabula,
875 2507 1166 2577 loquantur
1210 2512 1263 2565 in
1310 2512 1565 2571 claustro.
1615 2519 1736 2576 Post

1842 2514 1983 2572 sunt,
2014 2505 2449 2576 incipiatcantor
2486 2507 2858 2580 antiphonam,
2892 2508 2979 2571 .vel
3010 2511 3407 2581 responsorium

154 2606 391 2659 nonam,
422 2610 546 2650 cum
568 2597 794 2653 exierint
823 2599 887 2654 de
931 2601 1240 2670 refcctorio,
1261 2619 1487 2676 pergant
1512 2609 1564 2664 in
1593 2612 1739 2681 capi'
1836 2597 1904 2653 de
1937 2605 2125 2651 εθηοίο
2151 2596 2204 2651 Ῐη
2237 2597 2389 2671 cuius
2429 2598 2684 2665 honorem
2707 2598 2870 2669 269
2900 2597 3121 2669 fundi“?
3163 2607 3246 2654 εει
3289 2599 3405 2669 ipsa

154 2684 350 2751 talum,
370 2696 432 2741 et
448 2688 749 2757 supplicent
775 2701 922 2757 ante,
937 2702 993 2747 et
1017 2702 1184 2759 retro,
1206 2696 1487 2766 pulsetque
1499 2700 1647 2769 prior
1660 2711 1739 2757 ta—

146 2773 333 2829 bulam
353 2775 536 2829 tribus
558 2776 773 2843 ictibus,
793 2778 1043 2850 dicatque
1061 2790 1141 2836 ter
1160 2782 1321 2851 Deus,
1345 2785 1400 2840 in
1417 2788 1738 2856 adjutorium

138 2883 324 2923 meum
373 2865 611 2932 intende,
647 2867 879 2933 Domine,
908 2871 976 2923 ad
1006 2872 1361 2940 adjut'andttnt
1397 2893 1477 2930 tne
1516 2877 1736 2947 festina;

140 2964 204 3025 et
227 2963 543 3027 conventus
560 2954 701 3011 idem
725 2966 805 3011 ter
838 2961 1160 3027 respondeat
1179 2961 1527 3033 adjungentes
1556 2965 1737 3031 Gloria

153 3044 327 3111 Patri,
361 3044 538 3115 Hyrie
581 3045 794 3112 eleison,
830 3048 1031 3105 Christe
1059 3051 1275 3118 eleison,
1320 3053 1478 3124 Kyrie
1519 3057 1730 3126 eleison,

138 3132 317 3195 Pater
340 3143 561 3199 noster;
586 3143 641 3189 ct
662 3136 811 3204 prior
836 3136 901 3190 Et
921 3155 982 3205 ne
1007 3155 1118 3206 nos,
1146 3114 1478 3210 Adjutorium
1503 3114 1734 3205 nostrain
1762 3114 1807 3178 C

153 3224 209 3279 in.
249 3226 470 3278 nomine
518 3224 766 3290 Domini,
813 3238 1111 3289 conventus
1166 3232 1268 3297 Qui
1303 3234 1422 3301 [erit
1468 3236 1654 3290 caelum
1683 3250 1736 3299 et

152 3324 371 3389 terram,
410 3324 467 3368 et
492 3315 726 3390 aprinre
755 3315 899 3370 dicto
942 3315 1259 3386 Benedicite,
1282 3332 1406 3395 post
1453 3325 1741 3394 loquantur

154 3404 207 3458 in
249 3405 524 3469 claustro.
552 3404 647 3459 Hic
694 3403 945 3474 loquendi
996 3407 1130 3463 ordo
1176 3418 1425 3466 teneatur
1470 3429 1639 3484 usque
1672 3418 1740 3472 ad

154 3493 277 3553 ldus
315 3494 661 3565 Septembris
694 3496 921 3566 privatis
950 3497 1156 3567 diebus,
1190 3501 1292 3557 nisi
1327 3502 1589 3574 jejunium
1621 3506 1739 3563 fue-

152 3586 245 3662 git.

221 3678 514 3733 Dominica
533 3679 703 3748 prima
724 3689 849 3753 post
874 3689 1093 3737 octavas
1121 3683 1340 3739 Pascha:
1366 3685 1572 3756 legatur
1600 3687 1742 3757 Apo-

144 3770 431 3841 _g:aly'psis,
471 3780 527 3825 et
561 3781 794 3827 canatur
840 3772 1067 3827 historia
1114 3773 1313 3844 Dignus
1359 3793 1444 3842 es,
1496 3777 1740 3844 Domine,

160 3861 371 3919 duabus
430 3860 768 3933 septimanis.
814 3863 859 3915 Δ
913 3862 1191 3917 Dominica
1238 3865 1394 3919 tertia
1446 3882 1619 3935 usque
1675 3867 1743 3922 ad

162 3950 558 4005 Ascensionem
622 3951 831 4006 Domini
901 3952 1145 4022 lcgantur
1199 3963 1404 4023 septem
1468 3955 1740 4012 canonica:

162 4038 443 4111 Epistolas,
470 4050 525 4095 et
553 4051 779 4096 canatur
805 4043 1032 4097 historia
1060 4041 1117 4097 Si
1144 4044 1350 4099 oblitus.

232 4126 439 4180 Diebus
462 4125 814 4196 Rogationum
832 4129 992 4185 dictis
1022 4131 1300 4185 matutinis
1321 4148 1417 4201 pro
1446 4132 1734 4202 defunctis,

164 4212 366 4268 fratres
410 4215 480 4268 ad
516 4215 684 4271 lectos
722 4218 965 4281 redeant,
998 4227 1053 4272 ct
1094 4220 1186 4289 qui
1230 4222 1415 4276 volunt
1442 4223 1559 4291 plus
1580 4224 1738 4279 solito

164 4301 467 4373 dormiant.
507 4304 603 4371 llis
640 4307 784 4360 cnim
834 4308 1021 4363 diebus
1072 4310 1384 4365 meridianis
1432 4313 1579 4368 horis
1632 4329 1738 4369 non

1837 2684 2084 2741 ecclesia.
2109 2684 2375 2740 latrantes
2404 2684 2613 2755 fratres.
2629 2687 2853 2760 reddant
2884 2689 3100 2753 baculos
3126 2689 3403 2759 praedictis

1837 2775 2074 2840 famulis,
2093 2776 2160 2831 ab
2185 2776 2389 2833 eisdem
2410 2777 2610 2833 iterum
2632 2779 2894 2848 recepturi
2923 2788 3193 2835 exeuntes.
3226 2777 3406 2839 Finito

1837 2866 2071 2935 incoepta
2098 2854 2295 2932 cantu,
2330 2867 2474 2921 dicat
2516 2868 2698 2922 statim
2743 2869 2992 2924 sacerdos
3019 2869 3309 2939 capitulum
3341 2868 3407 2921 de

1837 2964 2023 3019 sancto
2045 2954 2156 3021 illo,
2181 2963 2235 3009 et.
2258 2954 2535 3016 collectam
2565 2971 2686 3011 cum
2722 2956 2972 3017 Dominus
3007 2966 3266 3012 vobiscum
3294 2958 3403 3011 alta

1837 3056 1969 3098 voce
2015 3050 2069 3098 et
2106 3042 2457 3115 solemniter,
2503 3044 2677 3113 infans
2716 3044 3091 3101 Benedieamus
3156 3046 3403 3109 Domino,

1838 3150 1943 3205 quo
1972 3136 2141 3202 dicto,
2172 3134 2494 3213 inclinantes
2534 3152 2592 3192 se
2641 3137 2838 3191 faciant
2875 3138 3194 3192 orationem.
3226 3139 3269 3191 A
3299 3152 3404 3205 qua

1843 3229 1983 3287 facto
2025 3228 2179 3299 signo
2207 3237 2492 3299 surgentes
2531 3228 2787 3283 inclinent
2816 3236 2939 3283 ante
2981 3237 3035 3284 et
3075 3236 3238 3283 retro.
3272 3228 3406 3282 Dum

1840 3318 1956 3373 haec
1996 3317 2131 3371 fiunt
2171 3318 2528 3383 sacerdos,'et
2570 3318 2732 3372 levita
2781 3326 2836 3373 et
2890 3318 3071 3373 caeteri
3120 3319 3211 3388 qui
3262 3319 3415 3389 circa.

1841 3408 2011 3463 altare
2038 3407 2289 3462 servituri
2320 3415 2474 3470 sunt,
2500 3422 2804 3478 prmparare
2843 3423 2901 3464 se
2930 3408 3124 3463 debent
3157 3414 3224 3463 ad
3269 3409 3408 3482 cele-

1839 3496 2097 3551 brandam
2134 3494 2373 3562 missam,
2414 3497 2737 3552 sccretarius
2778 3511 2988 3565 quoque
3036 3497 3209 3565 pallio,
3234 3499 3409 3573 etho.-

1843 3589 2011 3644 nestis
2058 3586 2252 3658 pannis
2294 3588 2465 3643 altare
2487 3590 2739 3643 decenter
2760 3602 3001 3657 parare;
3041 3588 3219 3663 omnia
3266 3590 3408 3659 enim

1841 3693 1961 3748 qua:
2013 3678 2081 3732 ad
2131 3679 2232 3734 hoc
2279 3678 2557 3734 servitium
2603 3685 2728 3733 sunt
2783 3677 3087 3732 necessaria
3152 3678 3406 3751 instantia

1842 3768 2118 3824 secretarii
2163 3768 2289 3823 illuc
2334 3768 2484 3839 prius
2534 3768 2730 3824 debent
2775 3782 2897 3822 esse
2949 3767 3140 3845 delata.
3195 3767 3409 3833 Paratis

1842 3860 2120 3926 omnibus,
2159 3859 2462 3916 celebretur
2505 3858 2696 3912 iterum
2718 3857 2881 3935 missa
2917 3856 2983 3911 de
3027 3856 3250 3926 jejunio.
3281 3856 3410 3911 Post

1840 3950 2075 4020 primam
2103 3949 2404 4005 orationem
2438 3948 2649 4015 dicatur
2687 3947 2863 4007 oratio
2903 3947 2971 4011 de
2993 3936 3189 4025 sancto
3208 3945 3297 4000 illo
3318 3961 3409 4000 cu—

1834 4039 1924 4109 jus
1953 4049 2037 4095 est
2057 4039 2305 4107 ecclesia,
2343 4038 2593 4108 nullaque
2632 4037 2880 4107 amplius.

1911 4128 2192 4185 Celebrata
2221 4129 2335 4185 fere
2382 4129 2570 4199 missa,
2602 4128 2708 4184 duo
2740 4127 2939 4181 fratres
2970 4126 3063 4196 qui
3094 4126 3278 4195 cappis
3328 4125 3410 4189 in-

1842 4221 1955 4277 duti
1998 4222 2197 4276 debent
2223 4220 2404 4275 dicere
2428 4213 2606 4289 Agnus
2636 4218 2754 4282 Dei,
2780 4217 2846 4273 ad
2874 4226 3059 4287 portas
3099 4210 3407 4270 monasterii

1843 4308 2164 4369 inclinantes
2208 4326 2265 4376 se
2290 4320 2414 4366 ante
2443 4317 2498 4363 et
2523 4317 2690 4375 retro,
2720 4310 3085 4379 egrediantur,
3128 4315 3405 4375 sumentes

164 4394 447 4461 dormiunt
516 4410 614 4450 nec
662 4396 842 4465 aliquo
870 4399 1045 4463 sonitu
1067 4439 1081 4463 ,
1116 4406 1173 4453 ut
1208 4400 1323 4455 aliis
1376 4402 1563 4457 diebus
1618 4419 1734 4459 mos
1759 4428 1814 4489 Β
1838 4420 2017 4469 secum
2061 4402 2268 4479 aliquos
2301 4416 2367 4455 ex
2397 4399 2629 4464 famulis,
2658 4392 2852 4469 quibus
2880 4398 3089 4468 jussum
3125 4398 3305 4463 fuerit,
3334 4410 3390 4452 et

162 4492 261 4549 est,
306 4498 476 4539 mane
500 4486 820 4554 excitantur,
847 4488 938 4542 sed
978 4504 1097 4543 cum
1141 4499 1350 4560 tempus
1373 4493 1545 4547 visum
1573 4494 1736 4551 fuerit

161 4592 492 4647 congruum,
521 4578 760 4632 excitare
784 4581 979 4635 debent
1001 4580 1234 4638 infantes
1272 4584 1514 4654 magistri
1547 4600 1736 4657 eorum

158 4683 324 4743 quam
374 4669 617 4738 quietius
650 4679 907 4740 possunt;
940 4674 1135 4742 quibus
1158 4674 1211 4728 in
1250 4674 1482 4731 claustro
1513 4677 1736 4749 legenti-

158 4755 278 4822 bus,
297 4767 530 4828 surgant
553 4758 668 4813 sine
696 4774 844 4813 mora
872 4760 960 4829 qui
982 4762 1033 4815 in
1055 4761 1209 4817 lectis
1232 4764 1408 4819 adlmc
1431 4767 1732 4835 quiescunt.

160 4842 287 4901 Post
313 4846 550 4917 primam
577 4856 630 4901 et
651 4846 938 4904 familiares
955 4851 1187 4920 psalmos
1216 4854 1422 4924 primm,
1446 4865 1500 4910 et
1528 4866 1732 4927 septem

162 4936 425 5003 psalmos,
473 4946 528 4991 et
560 4937 824 5006 litaniam,
872 4941 1085 4996 dicatur
1115 4944 1278 4998 missa
1320 4945 1384 4999 de
1422 4945 1628 5015 jejunio
1669 4950 1736 5003 ad

165 5024 340 5094 majus
363 5027 555 5093 altare,
585 5039 707 5098 post
732 5030 884 5099 cujus
912 5034 1140 5103 primam
1166 5036 1462 5091 oralionem
1488 5038 1734 5105 dicantur

164 5111 301 5178 alite,
344 5129 466 5184 qua:
513 5118 575 5169 ad
617 5119 870 5186 majorem
921 5123 1138 5177 missam
1181 5127 1506 5194 quotidianis
1550 5129 1737 5185 diebus

168 5200 266 5255 dici
300 5201 500 5271 solent,
535 5205 716 5277 addita
764 5214 812 5259 in
856 5208 957 5261 line
999 5210 1121 5275 alia,
1166 5213 1215 5264 id
1264 5221 1366 5281 est,
1420 5213 1733 5269 Sanctorum

168 5298 375 5341 tuorum
420 5291 883 5349 intercessionibus.
931 5296 1128 5350 Omnes
1171 5298 1397 5359 oderant
1423 5303 1488 5363 ad
1524 5284 1734 5373 pacem,

170 5376 311 5430 solus
337 5376 517 5449 prior,
551 5388 641 5432 aut
678 5381 766 5450 qui
809 5383 860 5435 iu
895 5383 1007 5438 loco
1048 5386 1240 5454 prioris
1268 5394 1351 5441 est
1380 5391 1554 5445 vadat.
1600 5391 1735 5446 Sen-

174 5464 338 5529 tentia
377 5465 443 5520 de
484 5467 669 5535 regula
717 5468 922 5538 legatur
957 5471 1008 5524 in
1046 5462 1318 5542 capitulo,
1360 5483 1413 5530 et
1454 5479 1734 5536 ordinetur

173 5558 465 5622 processio.
503 5556 634 5614 Post
674 5560 887 5614 tertiam
928 5570 1142 5617 sumant
1177 5565 1393 5621 mistum
1443 5569 1635 5637 pueri,
1678 5578 1731 5625 et

174 5643 368 5709 inﬁrmi
426 5648 517 5720 qui
559 5648 803 5719 jejunarc
852 5666 955 5707 non
1006 5663 1251 5721 possunt.
1298 5655 1527 5714 Cantata
1579 5668 1729 5717 sexta

1844 4501 2082 4555 dicentes
2105 4498 2243 4550 inter
2270 4511 2328 4550 se
2365 4494 2603 4548 litaniam
2629 4508 2789 4565 quam
2823 4501 3118 4549 conventus
3148 4492 3202 4547 in
3231 4491 3404 4547 reditu

1843 4596 2156 4657 cantaturtts
2195 4594 2296 4639 est.

1852 4658 1859 4664 ’
1908 4675 2128 4751 Expleta
2186 4675 2345 4749 missa
2396 4674 2653 4729 accedant
2716 4673 2894 4727 statim
2949 4672 3164 4739 fratres,
3213 4673 3405 4747 quibus

1834 4765 2043 4837 jussum
2074 4762 2274 4828 fuerit,
2301 4770 2355 4817 et
2385 4768 2590 4817 stantes
2632 4761 2686 4816 in
2733 4761 2909 4816 medio
2953 4762 3299 4831 pronuntient
3342 4764 3407 4817 li-

1840 4857 2063 4911 taniam.
2104 4855 2322 4910 Interim
2359 4855 2629 4923 sacerdos,
2672 4863 2727 4909 et
2759 4853 2884 4923 quia
2932 4854 2996 4908 ad
3037 4854 3254 4909 missam
3292 4869 3403 4910 ser.

1838 4950 2072 5011 vierunt,
2106 4948 2391 5017 expediant
2421 4962 2501 5011 se,
2531 4954 2585 5001 et
2608 4946 2686 5000 sic
2710 4952 3047 4999 revertantur
3073 4945 3130 5009 in
3157 4945 3395 4998 chorum.

1839 5038 1966 5095 Post
2003 5037 2248 5093 Sanctum
2296 5035 2551 5091 Joannem
2585 5044 2640 5103 et
2676 5035 2858 5089 Omnis
2895 5035 3081 5088 chorus
3126 5034 3404 5103 propheta—

1840 5144 1993 5191 rum,
2050 5127 2393 5196 pronuntient
2442 5126 2588 5178 illum
2644 5131 2887 5178 sanctum
2942 5123 3146 5178 duabtts
3198 5122 3403 5177 vicibus

1841 5216 1893 5271 in
1931 5216 2081 5283 cujus
2112 5231 2305 5280 nomen
2331 5224 2412 5270 est
2437 5216 2663 5289 ecclesia
2707 5217 2968 5271 dedicata.
3012 5212 3203 5267 Postea
3254 5212 3403 5285 incli-

1837 5298 2029 5360 nautes
2071 5320 2128 5371 se
2164 5318 2351 5359 omnes
2379 5313 2504 5360 ante
2531 5314 2585 5359 et
2626 5314 2790 5367 retro,
2821 5303 3191 5372 regrediantur
3217 5316 3280 5355 co
3306 5317 3401 5371 ore

1840 5394 1962 5449 dine
2014 5406 2120 5464 quo
2149 5402 2427 5448 venerunt.
2453 5392 2713 5448 Cantores
2740 5384 2941 5446 litanias
2977 5390 3272 5463 producant
3307 5400 3399 5445 aut

1836 5481 2081 5539 brevient
2141 5481 2312 5550 ipsam
2384 5481 2626 5535 litaniam
2690 5479 2981 5535 secundum
3045 5478 3396 5548 quantitatem

1836 5570 2064 5636 itineris,
2092 5571 2180 5639 qui
2229 5571 2281 5625 in
2329 5571 2598 5624 redeundo
2639 5584 2861 5645 pergere
2912 5569 3105 5625 debent
3146 5580 3265 5641 post
3310 5572 3395 5626 in-

1837 5661 2030 5726 fantes,
2058 5669 2183 5717 ante
2211 5661 2470 5719 relicuum
2496 5670 2810 5716 conventum
2843 5650 3160 5719 cantorum.~
