3864 6300
513 293 613 349 ιη

584 400 932 475 νϐωιῳιυιρω
957 396 1229 469 processio
1273 394 1489 473 rediens
1523 402 1650 449 ante
1677 393 1991 461 monasterii
2017 394 2100 463 in-

2205 401 2331 450 ante
2367 393 2560 451 altare.
2581 393 2717 451 Cum
2742 395 3069 470 iners-perint
3086 398 3254 470 Kyrie
3272 402 3485 468 eiciam,
3504 405 3725 473 pubem"
3822 388 3823 449 ξ

2203 487 2385 555 omnia
2415 487 2591 557 signa.
2624 487 2896 557 Sequatur
2918 489 3083 559 270
3106 487 3290 545 Gloria
3322 493 3377 546 iu
3401 494 3595 550 excelsis
3627 497 3721 555 Ba.
3822 542 3823 549 η

518 492 744 553 troitum
797 490 1067 557 venerit,
1099 488 1337 544 statione
1382 486 1527 543 facta
1577 486 1826 557 litaniam
1878 486 2098 559 ﬁniant;

523 599 632 654 qua
661 583 811 637 ﬁnita
843 592 1095 639 cantores
1123 581 1241 650 ejus
1276 581 1330 633 in
1371 580 1619 635 ordinem
1666 595 1825 635 suum
1853 581 2105 647 redeant,

526 684 583 733 et
626 673 870 744 praedicti
920 673 1027 729 duo
1058 680 1310 727 cantores
1338 671 1430 741 qui
1477 679 1886 741 praecesserant,
1916 670 2103 747 cappis

524 764 696 823 induti
729 763 886 818 nudis
915 762 1141 833 pedibus
1170 770 1298 816 ante
1325 770 1509 832 portas
1543 761 1862 817 monasterii
1891 754 2105 819 stantes

522 855 710 908 dicant
749 854 930 924 Agnus
958 854 1077 925 Dei,
1098 857 1188 921 qui
1212 853 1351 917 tollis
1379 863 1590 923 peccata
1620 854 1825 922 mundi,
1858 855 2104 911 miserere

521 943 701 1006 nobis;
728 945 930 1002 chorus
956 946 1208 1001 similiter
1234 946 1575 1015 respondeat.
1603 945 1865 1007 Cantores
1889 944 2105 1014 Suscipe

520 1032 933 1103 deprecationem
964 1048 1213 1099 nostrum,
1229 1039 1318 1109 qui
1342 1038 1488 1096 sedes
1515 1039 1583 1101 ad
1602 1037 2102 1109 dexteramPatrisI;

520 1124 734 1183 Chorus
755 1128 933 1198 Agnus
959 1128 1091 1199 Dei,"
1109 1129 1247 1184 sicut
1270 1144 1459 1199 supra.
1494 1131 1758 1187 Cantores
1789 1126 1972 1185 Gloria
1994 1128 2104 1183 Pa-

521 1217 617 1284 tri,
643 1227 689 1271 et
710 1217 874 1287 Filio,
903 1232 949 1274 et
975 1220 1195 1291 Spiritui
1219 1233 1421 1289 sancto,
1442 1232 1574 1277 sicut
1592 1231 1713 1278 erat
1738 1223 1795 1275 in
1824 1221 2106 1290 principio,

521 1315 571 1365 et
601 1323 737 1373 nunc
764 1318 813 1381 et
842 1325 1045 1379 semper
1068 1351 1082 1377 ,
1128 1320 1177 1364 et
1202 1312 1256 1365 in
1282 1312 1478 1365 amcitia
1516 1310 1865 1366 naucularum.
1913 1309 2099 1365 Amen.

521 1394 746 1467 biterim
784 1400 1218 1467 praecedentibus
1255 1401 1346 1471 qui
1383 1400 1639 1457 vexillum
1670 1409 1893 1471 portant
1923 1408 1979 1454 et
2006 1414 2105 1455 cre-

520 1495 639 1551 tera
680 1501 800 1559 quae
848 1491 1099 1558 superius
1142 1490 1287 1546 dicta
1318 1500 1478 1559 sunt,
1508 1501 1807 1562 sequantur
1850 1499 2104 1547 cantores

524 1584 577 1655 et
596 1575 836 1647 reliquus
864 1590 1192 1648 conventus.
1222 1582 1377 1642 Dicto
1404 1581 1586 1637 Gloria
1614 1582 1938 1651 respondeat
1975 1594 2107 1635 con-

518 1673 715 1741 ventus
743 1667 924 1739 Agnus
952 1669 1069 1736 Dei,
1104 1680 1171 1729 ut
1190 1686 1372 1741 supra.
1402 1672 1680 1729 Conventu
1706 1673 1943 1728 intrante
1981 1686 2102 1727 mo-

524 1736 825 1829 nasterium
858 1736 1338 1833 pulsentursigna.
1363 1760 1624 1818 Cantores
1657 1762 1893 1828 Exaudi,
1924 1761 2100 1829 Deus;
2132 1736 2179 1793 Β

522 1854 823 1902 conventus
857 1836 1163 1913 Orationem
1210 1851 1389 1921 populi
1435 1855 1531 1909 lui.
1581 1851 1805 1911 Cunctis
1843 1851 2107 1909 fratribus

519 1934 744 2019 oliorum
796 1937 1089 2007 ingressis,
1122 1939 1387 1998 collocata
1423 1956 1583 1998 cruce
1621 1952 1675 1998 et
1722 1942 1943 2014 reliquis
1981 1957 2103 2012 qua

518 2034 733 2099 portata
778 2038 907 2084 sunt
956 2030 1007 2085 in
1045 2031 1177 2088 locis
1217 2034 1362 2099 suis,
1392 2034 1635 2105 praedicti
1690 2035 1798 2090 duo
1848 2045 2109 2093 cantores

518 2118 575 2171 in
606 2119 783 2174 medio
809 2120 961 2176 chori
1007 2132 1214 2179 stantes
1242 2126 1593 2193 pronuntient
1624 2125 1866 2181 litaniam
1906 2126 2107 2183 Sancte

517 2220 818 2265 sanctorum
839 2212 1005 2277 Deus,
1033 2216 1277 2271 miserere
1318 2217 1492 2284 nobis,
1525 2218 1737 2287 priores
1779 2233 1807 2271 a
1840 2228 1996 2288 parte
2024 2218 2105 2273 αι..

516 2302 650 2373 raris
678 2302 814 2368 sint,
846 2304 1035 2374 reliqui
1085 2316 1208 2377 post
1235 2323 1349 2375 eos,
1389 2310 1533 2365 sicut
1576 2318 1661 2365 est
1706 2311 1838 2365 ordo
1886 2326 2101 2365 eorum.

514 2389 741 2463 Expleta
770 2394 957 2453 Iitania
986 2399 1233 2468 pulsetur
1262 2388 1477 2473 signum
1499 2402 1568 2457 ad
1600 2417 1823 2468 nonam,
1851 2403 2103 2473 factaque

514 2484 763 2550 oratione
812 2503 991 2555 nonte,
1035 2491 1233 2547 vadant
1267 2492 1321 2546 in
1357 2492 1654 2549 claustrum
1680 2493 1862 2548 lavare
1905 2496 2098 2565 pedes;

518 2578 718 2649 quibus
759 2579 906 2647 lotis,
962 2594 1299 2642 revertentes
1342 2586 1398 2641 in
1442 2587 1692 2655 chorum,
1742 2587 1956 2658 pulsato
1995 2588 2102 2644 alio

513 2684 691 2741 signo,
721 2683 917 2729 canent
955 2691 1175 2734 nonam.
2098 2694 2105 2697 “

584 2763 665 2817 Ad
697 2780 975 2833 chperas,
1001 2770 1239 2825 secunda
1262 2780 1315 2825 et
1342 2771 1500 2826 tertia
1532 2770 1689 2835 feria,
1721 2769 2006 2839 pulsentur
2029 2769 2105 2824 si-‘

514 2868 651 2923 gua,
695 2855 836 2911 sicut
889 2859 1114 2927 privatis
1166 2861 1389 2928 diebus;
1439 2862 1583 2916 inter
1641 2862 1793 2930 signa
1856 2862 2105 2916 dicantur

514 2945 709 3013 psalmi
759 2947 940 3014 Deus,
996 2953 1214 3008 auribus
1274 2955 1499 3020 nostris;
1558 2963 1681 3024 post
1726 2968 1987 3022 vesperas
2037 2954 2107 3011 de

516 3032 782 3133 Omnibus
824 3037 1073 3109 Sanctis,
1131 3043 1383 3099 dicantur
1435 3058 1675 3115 vesperae
1735 3044 2098 3111 Mortuornm;
2129 3075 2172 3133 ο

515 3124 711 3195 Yigilia
752 3128 1086 3188 Morinorum
1139 3134 1226 3189 b's
1254 3135 1445 3193 diebus
1490 3151 1596 3190 non
1638 3145 1851 3207 agatur,
1886 3137 1930 3191 si
1978 3151 2099 3207 pro-

516 3216 692 3283 cessio
720 3228 880 3275 extra
922 3220 1220 3279 claustrum
1253 3225 1589 3296 porrexerit,
1618 3226 1856 3297 alioquin
1910 3233 2103 3294 agatur

514 3306 659 3361 sicut
696 3307 856 3365 solet.
1272 3306 1277 3313 ’
1942 3332 1945 3333 ν

572 3395 685 3455 etiis
712 3400 884 3456 tribus
913 3403 1105 3459 diebus
1148 3405 1219 3461 ad
1257 3413 1527 3461 nocturna
1552 3447 1567 3471 ,
1602 3405 1838 3475 capitula
1889 3415 1944 3459 et
1992 3402 2104 3459 col--

515 3484 671 3559 laeta:
699 3489 1225 3562 de'resurrectione,
1266 3504 1321 3551 et
1350 3496 1420 3551 ad
1448 3509 1708 3567 vesperas
1756 3493 2008 3551 secunda:
2050 3502 2104 3547 et

515 3578 693 3655 tertia:
723 3578 893 3636 ferite.
928 3582 1011 3637 Ad
1048 3586 1347 3640 matutinas
1375 3599 1506 3642 vero
1536 3585 1743 3652 laudes,
1776 3594 1833 3640 et
1882 3583 1949 3639 ad
1993 3592 2102 3637 ter-

516 3669 674 3735 tiam,
711 3679 765 3725 et
816 3673 883 3727 ad
944 3686 1182 3741 sextam,
1233 3687 1289 3732 et
1350 3679 1417 3731 ad
1457 3693 1655 3733 nonam
1695 3676 1991 3748 capitulum
2051 3683 2106 3728 et

519 3757 761 3833 collecta:
790 3764 856 3817 de
878 3762 1119 3833 jejuuii's.
1152 3766 1209 3821 Si
1244 3768 1296 3821 iu
1336 3767 1420 3822 bis
1457 3768 1630 3822 tribus
1678 3767 1869 3821 diebus
1900 3762 2106 3819 festivi-

518 3861 604 3904 tas
629 3852 919 3907 duodecim
964 3854 1257 3911 lectionum
1298 3858 1564 3924 evenerit,
1598 3865 1767 3912 totum
1822 3854 2106 3910 servitium

517 3943 698 4021 noctis
720 3954 775 3997 et
803 3944 908 3999 diei
937 3946 1005 4001 de
1031 3947 1144 4016 ipsa
1178 3946 1479 4003 festivitate
1511 3940 1723 4020 agatur.
1762 3947 1916 4001 Dicta
1948 3944 2106 4000 tertia

516 4044 575 4087 et
603 4035 829 4105 pulsatis
858 4039 1115 4097 omnibus
1140 4039 1335 4111 signis,
1368 4041 1533 4096 missa
1566 4040 1740 4113 ipsius
1769 4038 2107 4110 festivitatis,

515 4128 663 4184 sicut
688 4128 797 4185 alio
852 4139 1117 4205 tempore,
1147 4132 1461 4187 solemniter
1508 4132 1835 4189 celebretur.
1876 4131 2105 4187 Proces-

513 4221 598 4293 sio
620 4222 800 4290 vadat,
823 4225 964 4279 sicut
1002 4224 1123 4280 aliis
1158 4226 1349 4281 diebus
1371 4265 1386 4292 ,
1414 4234 1644 4295 excepto
1694 4225 1837 4297 quod
1881 4222 2106 4279 calceati

516 4322 570 4366 et
596 4315 712 4369 sine
740 4317 945 4373 baculis
977 4317 1151 4373 ibunt.
1185 4318 1348 4373 Missa
1379 4315 1572 4389 jejunii
1604 4317 1671 4371 ad
1711 4316 2105 4371 monasterium

1505 283 1566 347 Β.
1588 280 1999 354 mussans:
2037 281 2103 353 Ci

2203 280 2392 339 lUAR.
2410 302 2415 307 ι
2433 282 2771 346 sacratae.
3646 294 3724 354 ιη
3822 268 3823 363 ξ

2202 577 2288 645 Ad
2302 616 2307 643 ς
2338 577 2690 651 Evangelium
2730 587 3037 634 teneantur
3075 582 3401 637 candelabra
3444 593 3498 637 et
3534 587 3726 643 inurit»

2206 668 2341 735 lum.
2383 670 2515 731 Post
2571 670 2792 727 missam
2835 670 3062 738 pulsatis
3108 671 3325 729 duobus
3370 674 3635 744 majoribus
3675 681 3727 735 si-
3822 656 3823 677 ἰ

2208 761 2347 833 guis,
2376 761 2585 817 faciant
2612 762 2936 817 orationem.
2956 762 3123 818 Nona:
3148 766 3320 819 etiam
3340 767 3447 819 duo
3463 772 3671 825 cantores
3688 771 3726 826 ia

2204 854 2414 924 saepis.
2446 853 2504 910 in
2551 855 2816 911 crastino
2844 862 2903 912 et
2942 856 3071 911 totis
3104 857 3319 912 octavis
3354 868 3536 929 agatur
3556 858 3667 915 sicut
3687 862 3724 916 in

2203 946 2447 1017 paschali
2475 947 2818 1003 solemnitate
2845 956 2905 1003 et
2924 948 3135 1004 octavis
3160 948 3439 1019 paschalis
3478 949 3726 1006 solariu-

2208 1040 2292 1103 tis,
2324 1040 2426 1095 nisi
2459 1039 2605 1109 quod
2640 1048 2834 1095 octava
2866 1039 3030 1110 hujus
3055 1038 3373 1096 festivitatis
3407 1038 3524 1107 die,
3551 1050 3725 1113 utraque

2205 1133 2369 1187 missa
2401 1139 2488 1184 est
2517 1128 2750 1200 Spiritus
2776 1130 3013 1185 Domini.

2274 1222 2435 1278 Feria
2466 1223 2787 1290 secunda,si
2812 1223 2960 1277 nulla
2992 1223 3267 1279 festivitas
3294 1224 3387 1290 sit,
3403 1223 3724 1278 dicaturum:

2206 1314 2450 1380 Domine,
2476 1315 2533 1369 in
2587 1323 2678 1368 tua
2723 1314 3112 1368 misericordia.
3161 1313 3278 1371 Hae
3327 1310 3632 1369 hebdomade
3670 1314 3728 1367 ia-

2204 1407 2450 1464 cboanda
2476 1414 2609 1462 sunt
2639 1406 2845 1477 jcjnnia
2889 1421 3011 1477 qua:
3044 1405 3231 1477 regula
3272 1402 3530 1474 pmcipit,
3565 1413 3726 1475 Quarta,

2204 1508 2260 1556 et
2278 1507 2429 1554 sexta
2458 1499 2613 1563 feria,
2645 1513 2821 1569 usque
2853 1498 2921 1552 ad
2952 1497 3076 1552 ldus
3108 1497 3469 1568 Septembris,
3493 1494 3583 1550 nisi
3607 1495 3727 1549 ratio-

2204 1588 2400 1645 nabilis
2432 1603 2599 1645 causa
2621 1589 2823 1644 existat
2850 1602 2951 1644 cur
2996 1588 3169 1643 abbas
3233 1587 3320 1643 vel
3358 1588 3497 1657 prior
3540 1586 3610 1641 bis
3638 1583 3727 1639 reli-

2204 1678 2380 1735 eiendi
2399 1679 2670 1735 licentiam
2705 1678 2927 1733 tribuat.
2944 1676 3077 1733 Post
3101 1677 3400 1747 capituium
3429 1675 3725 1747 ipsisjejuaie-

2203 1786 2323 1827 rum
2348 1771 2539 1828 diebus
2591 1771 2817 1827 sedeant
2840 1770 2895 1825 in
2937 1770 3180 1827 claustro
3218 1768 3515 1840 loquentes.
3540 1767 3727 1822 secreta-

2202 1863 2318 1918 rius
2338 1876 2466 1918 vero
2493 1878 2600 1918 non
2642 1861 2880 1933 pulsabit
2923 1861 3212 1916 minimum
3240 1862 3477 1932 signum,
3496 1858 3613 1914 sicut
3631 1870 3723 1911 coo-

2202 1956 2433 2011 suetudo
2462 1964 2583 2022 est,
2632 1963 2758 2027 post
2789 1954 3109 2025 capitulum,
3132 1954 3203 2008 ad
3247 1959 3551 2024 apparatum
3576 1948 3722 2003 missa.

2202 2045 2331 2102 Post
2356 2046 2571 2103 tertiam
2609 2054 2844 2117 pergant
2872 2043 3131 2110 infantes,
3171 2053 3230 2100 et
3277 2041 3466 2098 minuti
3507 2038 3722 2110 sanguine.

2202 2145 2257 2192 et
2279 2136 2482 2192 inﬁrmi
2520 2136 2719 2206 quibus
2746 2122 2967 2201 licentia
3013 2134 3139 2189 data
3166 2142 3259 2190 est
3288 2132 3524 2203 accipere
3544 2129 3722 2183 mistam.

2203 2224 2332 2282 Post
2366 2236 2580 2281 sextam
2622 2235 2818 2297 agatur
2865 2225 3205 2293 meridiana;
3254 2239 3285 2279 a
3337 2238 3437 2295 qua
3482 2228 3720 2292 surgentes.

2204 2317 2361 2372 nudis
2392 2317 2618 2387 pedibus
2674 2318 2728 2372 in
2773 2316 3071 2371 claustrum
3092 2316 3353 2381 veniant,
3384 2310 3631 2368 afferentes
3652 2321 3717 2363 sua

2203 2392 2591 2463 calceamenta.
2620 2407 2748 2463 Post
2773 2406 2889 2463 luce
2929 2405 3096 2463 abluti
3118 2415 3172 2463 et
3198 2404 3457 2477 pectinati
3482 2402 3657 2458 veniant
3676 2398 3714 2454 in

2201 2500 2515 2565 ecclesiam,
2549 2507 2605 2554 ct
2639 2497 2782 2554 facta
2813 2498 3086 2563 oratione,
3120 2496 3458 2569 pulsatisque
3482 2493 3651 2549 duobus
3670 2489 3721 2544 si-

2202 2588 2345 2659 gnis,
2395 2587 2612 2642 inchoet
2638 2587 2818 2641 infans
2867 2586 3130 2657 Exsurge,
3159 2585 3419 2649 Domine,
3451 2592 3500 2638 et
3538 2589 3715 2643 cetera,

2202 2678 2348 2733 sicut
2372 2676 2533 2748 longe
2563 2677 2817 2746 superius
2845 2676 3049 2732 dictum
3078 2682 3182 2732 est.
3208 2672 3313 2732 ilic
3339 2672 3466 2729 ordo
3488 2666 3718 2727 servandus

2201 2777 2287 2825 est
2340 2768 2474 2824 feria
2524 2775 2721 2837 quarta
2767 2775 2825 2822 et
2874 2776 3027 2822 sexta
3054 2807 3069 2832 ,
3109 2778 3289 2836 usque
3333 2762 3397 2841 ad
3445 2759 3715 2817 festivitatem

2203 2860 2455 2917 Omnium
2481 2860 2832 2925 Sanctorum,
2858 2858 2960 2913 nisi
2984 2859 3060 2912 sit
3087 2856 3297 2924 vigilia,
3335 2853 3482 2925 cujus
3499 2851 3717 2904 misane-

2202 2951 2456 3010 lemniter
2502 2952 2837 3016 celebretur;
2887 2960 3014 3006 tunc
3053 2949 3203 3005 enim
3248 2944 3515 3021 processio
3549 2954 3602 2997 ex
3636 2942 3715 2992 toto

2203 3044 2514 3100 dimittitur.

2276 3135 2557 3189 Dominica
2586 3134 2759 3205 prima
2789 3140 2910 3204 post
2937 3140 3158 3188 octavas
3204 3131 3537 3188 Pentecostes
3570 3132 3717 3178 anan-

2204 3236 2293 3281 tur
2356 3225 2542 3297 bymui
2583 3225 2650 3279 ad
2711 3233 3001 3293 nocturna,
3047 3232 3104 3280 et
3155 3225 3226 3280 ad
3268 3220 3543 3278 matutinas
3581 3208 3712 3266 laude!

2206 3317 2376 3373 Nocte
2400 3327 2690 3388 surgentes,
2724 3317 2858 3371 Ecce
2879 3317 2994 3387 jam
3045 3317 3234 3383 noctis,
3268 3316 3358 3386 qui
3400 3306 3596 3369 canendi
3627 3307 3713 3356 snll

2204 3406 2501 3463 Dominicis
2549 3406 2780 3472 diebus,
2837 3418 3011 3475 usque
3050 3407 3115 3460 ad
3159 3404 3488 3460 Dominicam
3536 3393 3708 3465 primam

2206 3498 2411 3553 mensis
2464 3495 2747 3561 Octobris;
2799 3503 3073 3566 ponantur
3105 3494 3173 3549 ad
3209 3492 3483 3566 legendum
3523 3480 3619 3538 libri
3643 3476 3713 3577 lle-

2206 3602 2331 3657 gum
2370 3595 2424 3641 et
2475 3585 2929 3655 Paralipomenon
2975 3599 3148 3654 usque
3193 3586 3264 3639 ad
3307 3577 3605 3638 Dominicam
3635 3580 3710 3639 ΡΠ·

2208 3687 2351 3729 mam
2392 3674 2597 3730 mensis
2630 3673 2894 3744 Augusti;
2934 3673 3172 3729 Historia
3201 3672 3348 3727 Deus
3382 3667 3609 3741 omnium.

2212 3788 2213 3793 π
2284 3764 2558 3820 Dominica
2590 3764 2767 3836 prima
2818 3765 3023 3820 mensis
3049 3762 3291 3835 Augusti
3325 3750 3707 3834 ponantsamo'

2208 3872 2357 3921 nem,
2384 3871 2555 3926 usque
2582 3858 2649 3911 ad
2686 3855 3027 3911 Douiinicam
3057 3855 3291 3926 primam
3319 3849 3505 3909 mensis
3527 3844 3709 3914 Seplcﬂr

2207 3942 2341 4005 bris.
2374 3946 2737 4018 Responsoria
2768 3947 2835 4001 In
2861 3947 3138 4017 principio.

2280 4037 2564 4092 Dominica
2609 4039 2787 4108 prima
2816 4038 3018 4093 mensis
3056 4034 3392 4108 Septembris
3426 4018 3704 4103 pousetiob.

2210 4128 2365 4196 Tobi,
2393 4128 2594 4194 Juditb,
2630 4128 2845 4195 liester,
2868 4129 3094 4185 Esdram
3134 4143 3308 4199 usque
3333 4126 3397 4182 ad
3432 4114 3699 4179 Dominicam

2208 4214 2438 4293 primam
2470 4221 2671 4276 mensis
2700 4221 2971 4277 Octobris.

2279 4314 2362 4369 Ab
2411 4313 2590 4368 Idibus
2638 4312 3004 4382 Septembris,
3052 4312 3281 4382 privatis
3324 4310 3497 4367 diebus
3537 4300 3704 4373 agam“.

516 4423 624 4476 quo
676 4412 1041 4477 processerint
1094 4386 1444 4467 celebraturi
1472 4410 1529 4465 Si
1586 4418 1765 4465 autem
1837 4408 2102 4464 festivitas
2132 4405 2462 4468 Deontinue
2504 4401 2710 4473 jejunia
2747 4417 2867 4471 qua:
2912 4400 3096 4471 regula
3148 4399 3422 4472 praecipit,
3461 4396 3593 4461 atque
3623 4386 3700 4457 ῑρδι

515 4502 682 4568 trium
735 4502 1025 4559 lectionum
1078 4507 1356 4569 evenerit,
1430 4504 1879 4561 commemoratio
1933 4503 2101 4573 ipsius

517 4596 892 4665 tantummodo
923 4596 1019 4649 fiat
1047 4597 1115 4651 ad
1140 4610 1417 4667 vesperas,
1455 4606 1511 4651 et
1540 4597 1608 4651 ad
1637 4596 1935 4651 matutinas
1978 4592 2105 4649 laui-

520 4682 619 4758 des
639 4692 693 4738 et
719 4686 784 4741 ad
812 4687 1044 4755 priorem
1079 4689 1298 4743 missam
1322 4689 1390 4742 de
1406 4686 1636 4764 jejunio.

552 4764 555 4765 ν
792 4777 989 4833 SECTIO
1020 4779 1107 4834 Vl.
1140 4811 1209 4820 ——-
1238 4780 1458 4849 Tempus
1493 4776 1845 4833 Pentecostes.

592 4865 832 4921 Sabbato
882 4867 935 4921 in
975 4868 1153 4938 vigilia
1202 4870 1552 4924 Pentecostes
1599 4876 1883 4937 surgentes
1916 4882 1945 4920 a
1989 4868 2100 4921 me;

518 4957 752 5037 ridiana,
779 4958 945 5013 abluti
974 4970 1029 5014 et
1049 4962 1327 5029 pectinati,
1362 4961 1429 5014 ad
1456 4960 1741 5015 ecclesiam
1778 4958 2017 5026 veniant,
2048 4965 2103 5025 et

518 5061 763 5119 oratione
802 5049 978 5117 facta,
1012 5050 1303 5106 induantur
1346 5050 1581 5107 otiicium
1638 5049 1998 5114 celebraturi,
2048 5054 2103 5114 et

521 5143 588 5215 ad
624 5143 856 5198 cilicium
904 5128 1178 5198 servituri.
1211 5143 1433 5213 Agatur,
1455 5142 1686 5198 cilicium
1741 5142 1931 5198 festive
1962 5140 2103 5197 sicut

519 5237 576 5290 in
631 5237 869 5293 Sabbato
905 5246 1133 5303 sancto;
1185 5247 1398 5313 cantor,
1445 5244 1499 5292 et
1558 5235 1695 5292 alius
1720 5234 1893 5291 frater
1940 5231 2101 5306 quem

517 5328 792 5399 voluerit,
849 5322 1025 5385 induti
1069 5330 1254 5402 cappis
1303 5329 1657 5400 pronuntient
1699 5328 1940 5384 litaniam
1994 5337 2111 5409 ter:

516 5433 674 5489 nam,
739 5422 881 5478 sicut
931 5423 986 5477 iu
1035 5423 1216 5499 vigilia
1266 5422 1506 5495 Pasclue.
1569 5420 1703 5477 Cum
1777 5421 2101 5491 pronuntia-

517 5518 632 5579 tum
684 5521 858 5589 tuom
908 5498 1231 5581 Accendite,
1280 5498 1613 5585 accendatur
1683 5528 1873 5569 cereus
1931 5514 2103 5568 bene.

517 5602 720 5670 dictus,
741 5615 798 5660 et
826 5607 1032 5677 reliqua
1060 5608 1367 5671 luminaria,
1400 5622 1540 5664 unus
1576 5606 1731 5662 enim
1779 5621 1969 5662 cereus
2020 5620 2099 5660 so-

519 5693 791 5765 tummodo
846 5710 970 5771 ante
1002 5700 1371 5776 illamboram
1421 5699 1744 5778 debetcsse
1794 5711 2101 5781 accensus,

2206 4496 2293 4551 die
2325 4496 2509 4549 iduum
2540 4493 2801 4564 incipiant
2819 4492 3237 4563 jejunare,sicut
3258 4478 3440 4547 beatus
3460 4478 3701 4540 Benedictus

2204 4588 2475 4653 instituit,
2515 4602 2623 4641 una
2661 4594 2871 4640 tantum
2930 4586 3047 4640 vice
3102 4584 3391 4656 loquantur
3426 4580 3474 4633 in
3528 4571 3699 4627 clausit0

2204 4698 2375 4751 usque
2401 4682 2465 4736 ad
2505 4680 2772 4734 Kalendas
2814 4677 3086 4742 Octobris,
3113 4676 3164 4731 id
3205 4683 3291 4730 est
3321 4680 3433 4746 post
3475 4656 3701 4735 capitulum,

2100 4794 2105 4797 η
2205 4790 2371 4845 usque
2418 4772 2484 4827 ad
2518 4772 2757 4837 tertiam.
2788 4769 2918 4841 Post
2953 4779 3162 4824 sextam
3195 4771 3247 4821 in
3293 4757 3698 4845 dermitoriutun'

2205 4841 2375 4929 dant,
2426 4873 2482 4920 et
2534 4874 2654 4933 post
2704 4862 3086 4934 parvissimqu
3145 4857 3508 4915 intervallum,
3547 4841 3698 4937 ριιῑξδιξθ

2205 4955 2428 5011 minimo
2452 4931 2626 5023 signo,
2670 4931 3023 5016 descendant,
3053 4949 3255 5014 lavent,
3303 4947 3366 5001 ad
3392 4931 3701 5001 monasterium

2203 5036 2448 5118 pergant,
2480 5045 2728 5113 factaque
2756 5042 3005 5119 oratione
3050 5040 3302 5119 dictaque
3323 5033 3512 5093 litania,
3536 5023 3694 5119 missan:

2204 5099 2496 5193 celebrent.
2531 5099 2813 5190 Celebrate
2849 5133 2962 5188 fere
2992 5114 3157 5187 missa
3197 5131 3432 5200 pulsetur
3456 5099 3692 5201 signum"tl

2205 5228 2425 5283 nonam.
2454 5226 2583 5301 Post
2618 5227 2859 5290 missam,
2904 5224 3046 5279 facta
3068 5224 3333 5286 oratione.
3363 5216 3556 5288 Pergam
3576 5209 3694 5301 ’F'T

2205 5329 2357 5393 tores,
2377 5298 2626 5388 accipere
2647 5289 2889 5373 mistum.
2920 5316 3126 5393 Quibus
3149 5306 3515 5369 revertentibus
3541 5289 3692 5375 Ρυ¹³²ω

2204 5413 2310 5468 alio
2332 5412 2484 5482 signo
2510 5418 2736 5466 canatur
2767 5424 2928 5464 nona.

2263 5490 2490 5560 ’δερ-[ιο
2540 5502 2723 5558 γιιρ-
2756 5502 2998 5581 Quinque
3040 5499 3337 5567 festivitates
3380 5484 3624 5585 pracipes:

2273 5597 2525 5666 Quinque
2546 5584 2672 5651 sum
2709 5559 2998 5667 partcipem
3018 5559 3441 5655 festivitates,'i‘d
3465 5586 3534 5638 est

2213 5664 2452 5761 Domini,
2478 5664 2833 5748 Resurre—ctio
2868 5684 3004 5761 ejus,
3055 5676 3393 5757 Pentecostes
3414 5714 3429 5748 ,
3453 5664 3693 5730 Αεειιωρίιο.
