3864 6300
159 277 281 367 ἠδ

1142 325 1462 390 DECRETA
1498 329 1637 388 PRO
1673 328 1933 389 ΟΒΒΙΝΕ
1969 333 2029 391 S.
2067 334 2451 398 BENEDICTI.

3337 343 3438 397 474

159 439 382 486 sanctzc
408 431 506 486 Dei
537 435 815 502 genitricis
844 437 1044 506 Maria,
1075 440 1343 499 festivitas
1368 446 1492 500 loci.
1517 445 1762 502 Servatis
1791 449 1837 505 Α
1863 447 1918 502 in
1942 447 2102 506 albis.
2127 449 2188 506 Si
2214 450 2384 509 abbas
2406 451 2754 522 Evangelinm
2779 452 2989 523 legerit,
3021 461 3141 524 post
3193 453 3440 526 Evange-

158 520 430 575 omaibus
487 539 610 592 quae
657 526 723 582 de
770 526 1010 586 Sabbato
1061 544 1251 588 sancto
1293 536 1432 590 dicta
1485 546 1653 603 sunt,
1707 538 1762 595 in

159 609 370 664 harum
395 609 749 671 festivitatum
792 619 990 689 vigiliis
1019 634 1246 679 ornetur
1281 633 1448 680 totum
1490 637 1763 682 monaste-

159 699 316 754 rium
337 741 356 763 ,
384 710 441 755 et
469 705 653 759 omnia
681 707 899 776 altaria,
929 714 1226 769 secundum
1272 714 1585 773 facultatem
1613 717 1716 774 loci
1741 759 1758 786 ,

157 789 320 844 sicut
339 789 626 848 honestius
653 795 767 852 fieri
808 809 1006 868 petest.

234 879 574 939 Mundentur
598 887 845 956 oﬂicinte,
881 903 936 948 et
955 894 1272 953 claustrum.
1301 899 1498 955 Sedilia
1526 901 1760 957 refecto-

153 971 251 1032 l‘ii.
287 974 540 1042 capituli,
572 978 794 1035 claustri
830 991 1101 1054 tegantur,
1136 988 1452 1046 banealibus
1489 1001 1762 1047 sternatur

144 1075 382 1128 juncus.

228 1152 315 1204 Ad
361 1155 591 1211 missam
643 1159 831 1229 jejunii
884 1165 1178 1222 induantur
1215 1169 1441 1226 honeste
1482 1172 1572 1241 qui
1636 1192 1758 1232 eam

151 1253 293 1299 sunt
324 1250 684 1317 celebraturi,
715 1259 970 1313 sacerdos
1000 1260 1328 1318 honorifice:
1355 1266 1614 1322 diaconus
1643 1270 1760 1324 dal-

151 1338 387 1403 matica,
440 1343 808 1403 subdiaconus
841 1351 1052 1418 tunica;
1105 1363 1217 1409 tres
1249 1360 1517 1423 conversi,
1567 1371 1759 1416 cantor

149 1430 629 1491 bebdomadarins
657 1455 860 1510 cappa;
913 1445 1019 1499 duo
1051 1445 1248 1502 fratres
1287 1449 1354 1503 ad
1392 1454 1754 1519 responset-ia.-

148 1522 298 1577 Ante
328 1525 558 1580 missam
588 1530 871 1598 pulsentur
899 1535 1080 1605 signa,
1111 1539 1253 1593 sicut
1285 1541 1336 1594 in
1364 1541 1518 1598 festis
1543 1544 1751 1612 diebus,

145 1610 346 1666 litania
371 1615 603 1672 minime
625 1620 867 1688 dicatur;
900 1623 1063 1694 Κριτία
1088 1627 1282 1683 eleison
1300 1632 1548 1688 festivum
1587 1651 1753 1692 cana-

148 1712 263 1767 tur,
317 1720 431 1759 una
491 1716 702 1765 tantum
750 1713 975 1770 collecta
1007 1718 1239 1775 dicatur.
1281 1719 1337 1775 Si
1390 1721 1654 1780 festivitas
1696 1727 1750 1782 in

144 1792 252 1847 hac
282 1796 374 1849 die
406 1802 675 1866 evenerit,
709 1804 875 1858 missa
903 1810 1238 1865 matutinalis
1284 1813 1351 1866 de
1387 1828 1449 1867 ea
1479 1826 1746 1872 cantetur.

141 1882 227 1935 Ad
263 1900 478 1940 nonam
512 1891 618 1945 duo
644 1893 845 1961 majora
876 1896 1024 1964 signa
1055 1899 1355 1967 pulsentur.
1384 1902 1464 1956 Ad
1497 1919 1750 1976 vesperas

142 1974 252 2027 duo
293 1977 559 2044 minima,
590 1981 786 2038 dehinc
829 1988 1093 2055 gradatim
1143 1991 1248 2046 duo
1286 1999 1340 2046 et
1371 1995 1512 2061 duo,
1559 1974 1626 2051 ad
1657 2013 1750 2052 ex-

141 2070 391 2120 tremum
424 2069 632 2124 omnia.
676 2072 820 2128 Inter
861 2074 1014 2145 signa
1040 2117 1055 2143 ,
1100 2077 1387 2135 luminaria
1436 2087 1748 2141 monasterii

138 2153 332 2208 omnia
367 2159 768 2216 accendantur.
798 2164 937 2220 Ante
963 2167 1172 2239 singula
1195 2170 1384 2226 altaria
1422 2190 1540 2243 qua:
1594 2186 1744 2232 extra

139 2246 560 2316 presbyterium
592 2261 718 2305 sunt
742 2294 757 2318 ,
785 2254 995 2325 singula
1037 2259 1323 2316 luminaria
1367 2265 1611 2321 ardeant.
1645 2268 1750 2322 An-

141 2333 409 2402 tiphonas
442 2355 608 2408 super
643 2343 900 2411 psalmos,
945 2349 1137 2416 quibus
1186 2361 1376 2406 cantor
1407 2360 1743 2426 pra-ceperit,

140 2423 444 2494 incipiant.
489 2430 910 2501 Responsorium
944 2449 1176 2508 quatuor
1207 2443 1258 2496 in
1297 2423 1481 2514 cappis
1523 2423 1742 2503 canant.

140 2514 466 2585 Antiphona
508 2522 574 2574 ad
623 2522 931 2594 Magniﬁca:
985 2538 1066 2584 ter
1126 2533 1368 2600 dicatur;
1437 2539 1606 2593 abbas
1687 2551 1742 2595 et

140 2605 294 2670 prior
348 2611 546 2677 cappis
594 2612 764 2667 induti
813 2616 1092 2673 incensent
1143 2632 1373 2693 utraque
1418 2629 1744 2699 presbyterii

142 2693 364 2757 altaria,
393 2709 524 2751 ante
575 2709 629 2753 ct
656 2702 886 2773 desuper
913 2709 1130 2777 utrique
1177 2713 1361 2778 simul,
1398 2693 1596 2786 singuli
1628 2721 1744 2774 sin-

141 2785 262 2852 gula
301 2789 510 2848 latera.
549 2791 729 2850 Parati
762 2797 872 2852 sint
904 2803 1008 2854 duo
1048 2804 1139 2857 alii
1175 2785 1506 2864 sacerdotes,
1535 2812 1743 2867 hebdo-

141 2879 407 2946 madarii,
443 2884 652 2941 scilicet
677 2889 895 2957 majoris
913 2893 1117 2957 niissze,
1149 2905 1203 2950 et
1234 2898 1479 2965 minoris,
1503 2905 1592 2971 qui
1625 2905 1745 2958 thu-

142 2967 324 3021 ribula
359 2972 430 3024 de
452 2988 639 3028 eorum
668 2979 916 3034 manibus
949 2985 1239 3052 accipiant,
1263 2997 1317 3041 et
1354 2967 1588 3053 hinc,_et
1620 2993 1743 3050 inde

142 3071 233 3123 per
265 3058 473 3114 altaria
529 3079 648 3132 qua:
679 3078 830 3122 extra
872 3083 995 3125 sunt
1045 3074 1464 3147 circumferant;

142 3158 434 3206 vertentes
479 3154 530 3206 in
581 3157 804 3212 chorum
847 3162 1027 3216 abbati
1084 3167 1273 3235 prius,
1329 3170 1498 3238 priori
1553 3183 1738 3242 postea

140 3236 354 3303 ferant,
379 3251 526 3308 post,
559 3245 638 3298 eis
670 3248 761 3315 qui
789 3252 1192 3319 responsorium
1220 3267 1604 3326 cantaverunt,
1634 3280 1739 3317 non

139 3329 313 3382 ambo
365 3330 551 3397 simul,
583 3336 677 3390 sed
705 3352 842 3392 unus
871 3340 998 3394 hinc
1023 3381 1037 3405 ,
1076 3349 1131 3394 ct
1176 3343 1311 3398 alter
1352 3346 1506 3412 inde;
1548 3350 1744 3406 dehinc

141 3421 245 3474 duo
291 3425 551 3479 conversi
611 3427 664 3481 in
719 3429 900 3496 albis,
942 3434 1154 3488 caeteris
1210 3435 1488 3492 fratribus.
1548 3441 1742 3497 Abbati

141 3511 204 3564 de
245 3511 404 3565 libro
446 3515 650 3569 serviat
689 3519 779 3586 qui
819 3522 1146 3578 thuribulum
1193 3525 1259 3579 de
1308 3526 1424 3595 ejus
1458 3545 1617 3584 manu
1657 3548 1746 3587 ac-

142 3604 319 3671 cepit.

212 3696 390 3765 271
427 3697 483 3752 lu
509 3699 573 3755 iis
603 3702 796 3771 vigiliis
848 3705 1038 3761 tabulae
1082 3708 1350 3765 rcfectorii
1391 3711 1587 3767 debent
1629 3728 1748 3771 esse

144 3796 454 3855 cooperire.

213 3875 273 3930 in
316 3878 556 3933 crastino
578 3889 703 3936 ante
728 3891 1020 3940 nocturnas
1060 3887 1269 3959 vigilias
1323 3890 1389 3945 ad
1437 3893 1750 3952 excitandos

147 3970 358 4026 fratres
382 3972 665 4042 pulsentur
687 3978 864 4031 omnia
895 3979 1077 4050 signa;
1123 3983 1314 4039 dehinc
1343 3987 1609 4054 gradatim
1643 3988 1751 4046 duo

147 4071 198 4115 et
235 4064 381 4129 duo,
416 4065 480 4116 ad
521 4079 824 4122 extremum
853 4073 1051 4125 omnia.
1077 4073 1158 4127 Ad
1200 4074 1569 4133 invitatorium
1619 4095 1750 4149 qua-

151 4162 271 4208 tuor
317 4154 370 4207 in
405 4157 610 4226 cappis.
635 4156 812 4213 Terna
847 4163 1191 4231 responsoria
1223 4165 1276 4218 in
1314 4168 1484 4222 tribus
1536 4179 1754 4225 nocturv

151 4245 253 4309 nis,
288 4246 404 4299 duo
435 4255 487 4299 et
523 4247 659 4313 duo;
695 4261 972 4319 quartum,
999 4267 1263 4323 quatuor;
1292 4269 1568 4327 octavum,
1595 4263 1753 4331 quin-

151 4352 292 4406 que;
333 4337 737 4406 duodecimum,
775 4359 868 4398 sex
900 4358 1115 4400 canant.
1149 4348 1203 4402 In
1249 4350 1420 4405 tribus
1474 4354 1753 4410 nocturnis

1863 539 1993 596 lium
2022 542 2242 598 indutus
2264 559 2430 615 cappa
2461 543 2514 598 in
2543 545 2768 598 chorum
2794 545 3439 617 revertatur.Antiphona

1863 632 1930 686 ad
1958 632 2267 689 Benedictus
2292 643 2372 690 ter
2399 635 2628 690 dicatur.

1930 726 2011 780 Ad
2034 727 2290 795 primam,
2318 726 2424 782 duo
2452 725 2659 797 majora
2690 726 2845 795 signa
2872 725 3178 796 pulsentur.
3199 725 3334 780 Tres
3357 739 3441 781 ce-

1861 817 1942 872 rei
1972 825 2100 872 ante
2123 817 2297 874 altare
2348 819 2736 882 accendantur,
2787 816 3039 873 similiter
3081 816 3150 870 ad
3202 818 3438 883 tertiam,

1861 917 1915 966 et
1938 919 2170 974 sextam,
2194 919 2249 964 et
2284 923 2512 975 nonam;
2540 910 2834 980 capitulum
2864 909 3103 964 breviter
3124 917 3438 978 peragatur.

1871 1029 1874 1032 -
1931 999 2090 1054 Missa
2127 999 2460 1054 matutinalis
2479 1014 2612 1054 cum
2636 1014 2738 1053 una
2759 998 2985 1052 collecta
3041 1006 3096 1051 et
3127 995 3441 1065 praefatione

1860 1088 2092 1143 dicatur.
2115 1087 2252 1142 Dum
2279 1087 2534 1142 sacerdos
2560 1088 2613 1141 in
2639 1101 2850 1142 canone
2871 1095 2978 1151 est,
3035 1083 3440 1139 remanentibus

1861 1179 2160 1235 infantibus
2193 1194 2327 1235 cum
2362 1179 2639 1250 magistris
2687 1179 2800 1234 suis
2851 1178 2905 1233 in
2952 1177 3143 1242 choro,
3175 1176 3267 1245 qui
3315 1184 3441 1229 ante

1860 1269 2080 1324 missam
2107 1270 2306 1326 debent
2334 1283 2455 1324 esse
2480 1269 2674 1334 induti,
2714 1269 2892 1324 caeteri
2935 1275 3162 1337 pergant
3216 1266 3440 1320 induere

1858 1375 1946 1426 se;
1972 1360 2088 1430 qui,
2119 1360 2450 1430 accipientes
2497 1375 2527 1414 a
2562 1359 2858 1415 secretario
2896 1359 3239 1421 vestimenta,
3284 1364 3438 1411 extra

1859 1451 2214 1505 secretariam
2241 1466 2300 1504 se
2329 1451 2576 1506 induant.
2622 1450 2679 1504 Si
2726 1464 2854 1503 vero
2882 1462 3081 1516 parvus
3132 1446 3281 1500 locus
3332 1453 3436 1508 est,

1857 1553 2055 1598 exeant
2079 1542 2243 1611 aliqui
2281 1542 2333 1597 in
2353 1541 2650 1598 claustrum
2677 1542 2762 1597 vel
2783 1541 3103 1611 capitulum,
3133 1547 3190 1594 et
3238 1538 3310 1592 ibi
3352 1537 3438 1591 in-

1857 1634 2127 1688 duantse.
2153 1631 2402 1689 Meliores
2455 1647 2583 1687 vero
2623 1632 2760 1688 albae
2808 1631 3118 1686 tribuantur
3163 1627 3438 1700 prioribus

1857 1731 1911 1779 et
1942 1723 2345 1778 benestioribus
2407 1722 2690 1792 personis;
2760 1721 3130 1792 unusquisque
3177 1733 3324 1782 mox.
3379 1725 3440 1771 ut

1782 1784 1826 1844 Β
1855 1812 2074 1868 indutus
2096 1811 2278 1877 fuerit,
2303 1815 2612 1867 revertatur
2633 1813 2685 1867 in
2715 1813 2971 1878 chorum;
3003 1811 3167 1866 missa
3194 1816 3436 1879 peracta,

1853 1903 1898 1958 si
1929 1902 2047 1958 dies
2076 1902 2393 1958 Dominicus
2418 1917 2522 1956 non
2547 1901 2731 1967 fuerit,
2757 1910 3007 1957 cessante
3031 1899 3234 1967 majore
3252 1898 3436 1968 signo,

1851 1992 1994 2060 quod
2022 1991 2262 2061 incoepta
2321 1990 2509 2045 ultima
2541 1991 2764 2046 collecta
2794 1990 2972 2046 missae
2994 1989 3197 2059 pulsari
3247 1987 3435 2057 coepit.

1849 2080 1943 2134 fiat
1962 2081 2139 2135 oratio
2170 2081 2364 2136 tertiae.
2389 2080 2518 2135 Post
2541 2081 2862 2146 orationem,
2891 2079 3105 2149 pulsato
3125 2077 3232 2132 alio
3259 2077 3436 2147 signo,

1849 2178 2100 2224 cantetur
2126 2170 2308 2224 tertia.

1919 2259 1978 2314 Si
2013 2273 2142 2313 vero
2163 2260 2476 2315 Dominieus
2497 2260 2678 2324 fuerit,
2703 2259 2909 2330 expleta
2923 2258 3223 2313 matutinali
3247 2257 3434 2322 missa,

1848 2365 1953 2405 non
1977 2350 2188 2418 pulsato
2218 2351 2393 2404 adhuc
2419 2350 2591 2404 tertia:
2615 2350 2791 2419 signo,
2823 2348 2918 2403 fiat
2951 2362 3090 2417 aqua
3115 2347 3426 2409 benedicta,

1847 2441 1988 2495 sicut
2020 2439 2141 2493 aliis
2176 2439 2470 2492 Dominicis
2500 2440 2690 2493 diebus
2727 2439 2841 2492 fieri
2870 2437 3038 2502 solet;
3064 2438 3192 2492 dum
3249 2445 3437 2491 cantat

1846 2531 2097 2600 Asperges
2123 2547 2205 2583 me
2235 2528 2476 2600 pulsetur
2499 2529 2672 2599 majus
2692 2529 2901 2598 signum
2957 2529 3024 2583 ad
3053 2529 3288 2583 tertiam.
3335 2528 3439 2581 As-

1846 2636 2001 2693 persa
2037 2637 2175 2690 aqua
2207 2620 2508 2687 benedicta,
2542 2621 2704 2674 vadat
2729 2622 2985 2675 sacerdos
3015 2635 3111 2689 per.
3168 2618 3434 2681 officinas,

1844 2731 1966 2771 cum
1993 2714 2341 2785 portitoribus
2367 2729 2518 2782 aqua:
2541 2723 2594 2768 ct
2627 2713 2824 2768 crucis.
2870 2712 3136 2767 Cessante
3165 2711 3319 2781 signo
3341 2711 3437 2762 fiat

1845 2804 2018 2857 oratio
2055 2804 2246 2857 tertiae.
2279 2801 2392 2869 Qua
2421 2804 2658 2872 expleta,
2685 2802 2897 2872 pulsato
2918 2801 3023 2856 alio
3045 2801 3220 2870 signo,
3271 2815 3436 2855 cana-

1851 2901 1937 2947 tur
1962 2893 2136 2948 tertia.
2163 2891 2429 2948 Sacerdos
2455 2893 2692 2955 interim,
2747 2891 2837 2961 qui
2879 2906 2978 2962 per
3029 2888 3268 2944 oﬂicinas
3316 2888 3432 2952 ivit,

1845 2992 2121 3036 revertens
2150 2991 2276 3036 ante
2320 2983 2601 3036 introitum
2653 2981 2992 3044 monasterii,
3044 2979 3189 3034 dicat
3235 2978 3435 3032 oratio-

1518 3084 1607 3150 qui
1659 3100 1716 3139 re
1769 3115 1811 3171 Ο
1846 3085 1967 3145 nem
2000 3071 2245 3136 solitam;
2279 3072 2474 3127 dehinc
2501 3073 2712 3128 intrans
2762 3080 2888 3128 ante
2923 3086 3090 3126 unum
3135 3070 3202 3126 de
3253 3068 3436 3123 altari-

1842 3163 1962 3228 bus,
2006 3161 2096 3215 Via
2123 3173 2445 3216 sanctorum.

1917 3253 2069 3306 Dicta
2099 3253 2282 3317 tertia,
2307 3253 2610 3307 distributis
2636 3252 2844 3322 cappis,
2879 3251 3155 3322 dispositis
3185 3250 3238 3303 in
3265 3250 3435 3304 choro

1845 3351 2134 3404 acantore,
2180 3343 2272 3410 qui
2310 3357 2372 3395 ea
2401 3357 2521 3410 qua:
2576 3341 2840 3410 portanda
2887 3348 3018 3396 sunt
3070 3347 3290 3408 portare
3333 3337 3434 3390 de-

1847 3433 2082 3504 bent[f.,
2115 3432 2315 3504 debet],
2346 3443 2544 3488 exeant
2571 3449 2760 3488 omnes
2811 3433 2916 3488 hoc
2971 3432 3161 3487 ordine
3216 3443 3435 3499 proces-

1848 3526 1983 3579 suri.
2011 3524 2251 3578 Primum
2281 3539 2576 3578 conversus
2621 3523 2804 3577 ferens
2860 3521 3074 3577 situlam
3131 3535 3252 3574 cum
3295 3533 3434 3587 aqua

1849 3616 2161 3672 benedicta:
2192 3614 2386 3668 dehinc
2414 3615 2519 3667 duo
2545 3623 2825 3682 portantes
2859 3613 2994 3667 duas
3033 3625 3256 3675 cruces;
3308 3619 3432 3677 post

1849 3721 1985 3777 quos
2011 3707 2114 3760 duo
2137 3719 2259 3758 cum
2284 3702 2493 3757 duobus
2518 3701 2880 3766 candelabris,
2904 3700 3151 3757 accensis
3203 3699 3435 3768 desuper

1850 3799 2056 3865 cereis;
2087 3797 2177 3851 alii
2205 3797 2311 3852 duo
2341 3795 2580 3871 ferentes
2605 3795 2710 3851 duo
2746 3795 3016 3850 thuribula
3051 3794 3175 3863 igne
3191 3802 3245 3846 et
3275 3791 3436 3845 thure

1849 3897 2040 3966 plena;
2068 3895 2168 3950 bos
2199 3902 2500 3963 sequantur
2523 3893 2630 3947 duo
2657 3891 2971 3948 subdiaconi
3012 3888 3209 3943 tunicis
3235 3885 3432 3990 induti,

1849 3996 2132 4058 portantes
2167 3985 2303 4040 duos
2327 3983 2742 4054 Evangeliorum
2773 3988 3132 4078 textus_;_post
3158 3992 3319 4078 quos,
3351 3983 3435 4030 in-

1854 4078 2028 4132 fantes
2052 4091 2172 4130 cum
2204 4074 2479 4144 magistris
2503 4073 2644 4138 suis;
2679 4072 2906 4127 extremi
2924 4069 3091 4123 abbas
3115 4069 3433 4136 etpriores,

1853 4169 2280 4240 praecedentibus
2294 4167 2414 4222 aliis
2428 4166 2567 4220 binis
2581 4174 2632 4219 ct
2647 4165 2807 4229 binis,
2831 4160 3208 4218 sieutestordo
3223 4159 3434 4212 eorum.

1923 4262 2056 4317 Cum
2088 4260 2362 4332 processio
2393 4260 2458 4314 de
2485 4259 2653 4313 choro
2697 4258 2885 4326 incipit
2939 4256 3113 4347 exire,
3149 4251 3434 4320 pulsentur

1841 4351 1961 4408 duo
1985 4352 2188 4420 majora
2214 4353 2389 4421 signa,
2423 4365 2529 4404 non
2586 4357 2861 4403 cessatura
2912 4343 3080 4415 usque
3128 4343 3252 4398 dum
3305 4355 3430 4410 pro-

154 4427 277 4481 dum
316 4428 516 4500 legitur
546 4434 704 4486 tertia
739 4433 897 4489 lectio
922 4439 1026 4490 duo
1053 4441 1383 4506 sacerdotes,
1437 4446 1623 4514 cappis
1673 4446 1752 4500 in-
1782 4445 1828 4505 Ε
1857 4443 2032 4499 cessio
2055 4443 2107 4497 in
2140 4443 2367 4498 chorum
2398 4441 2469 4495 sit
2493 4455 2734 4505 reversa,
2765 4446 3085 4505 cessentque
3127 4434 3230 4489 alia
3259 4445 3437 4504 signa.

153 4520 289 4584 duti,
322 4519 606 4576 inccnsent
633 4525 846 4591 altaria,
887 4527 1059 4595 majus
1090 4537 1142 4583 ct
1175 4531 1388 4595 minus;
1449 4534 1642 4588 dehinc
1670 4535 1752 4590 fc-

154 4620 274 4664 rant
303 4610 512 4677 abbati,
550 4623 604 4667 et
625 4615 812 4684 priori,
843 4627 896 4671 et
925 4620 1135 4674 cancris
1166 4619 1426 4676 fratribus
1475 4637 1573 4692 per
1607 4625 1756 4678 ordi-

154 4717 313 4768 nem;
343 4713 624 4771 octavum,
663 4717 717 4762 et
759 4708 1136 4766 duodecimum
1175 4716 1575 4782 responsorium
1635 4726 1754 4785 post

157 4790 401 4847 Gloriam
435 4811 462 4848 a
494 4796 671 4865 capite
699 4808 1045 4867 repetantur;
1085 4805 1433 4873 pronuntiato
1465 4807 1753 4878 Evangelia

155 4883 330 4939 altare
356 4886 810 4956 disc00periatur,
839 4899 893 4945 et
913 4895 1096 4947 omnia
1125 4894 1409 4951 luminaria
1454 4901 1751 4955 acCendan-

159 4983 263 5028 tur.
307 4977 394 5029 Ad
428 4974 497 5028 Te
526 4976 694 5032 Deum
725 4980 1005 5038 laudamus
1052 4984 1158 5040 duo
1188 4987 1392 5058 majora
1428 4990 1580 5060 signa
1636 4993 1752 5060 pul-

157 5076 378 5142 sentur;
451 5069 588 5125 lecto
639 5072 951 5146 Evangelia),
1007 5079 1231 5134 collecta
1283 5081 1424 5136 dicta
1455 5122 1469 5148 ,
1528 5084 1752 5153 pulsatis

156 5160 416 5220 omnibus
441 5162 630 5232 signis,
663 5165 881 5222 inchoet
915 5170 1169 5230 sacerdos
1203 5173 1496 5227 matutinas
1541 5174 1746 5231 laudes.

160 5247 370 5308 Dehinc
401 5253 455 5306 in
488 5255 805 5311 vestiarium
843 5275 1034 5314 rursus
1063 5261 1302 5315 casulam
1333 5272 1387 5318 et
1437 5264 1630 5323 stolam
1655 5267 1748 5320 de-

161 5352 363 5409 ponat,
395 5353 453 5398 et
487 5346 564 5401 sic
593 5347 645 5401 in
674 5348 796 5402 alba
830 5365 955 5405 cum
987 5351 1263 5421 manipulo
1309 5354 1362 5408 in
1409 5356 1634 5410 chorum
1667 5373 1750 5411 rc-

162 5429 313 5496 deat;
347 5435 589 5507 incoepta
616 5441 819 5510 hymno
872 5455 1051 5509 exeat,
1107 5445 1439 5514 manipulum
1493 5447 1749 5519 deponat,

163 5537 394 5595 cappam
424 5528 630 5595 induat,
661 5544 720 5585 et
743 5548 865 5585 cum
895 5532 1003 5588 alio
1062 5533 1231 5590 fratre
1277 5536 1529 5594 similiter
1575 5555 1747 5609 cappa

166 5615 374 5683 induto,
405 5621 543 5676 sicut
571 5624 638 5678 ad
667 5623 955 5681 hesternas
982 5641 1256 5696 vesperas,
1307 5643 1427 5682 eum
1461 5630 1748 5686 thuribulis

168 5722 266 5792 per
292 5711 481 5772 altaria
510 5715 691 5787 vadat,
716 5717 923 5780 duobus
972 5721 1247 5782 conversis
1282 5728 1404 5782 eum
1434 5722 1512 5781 eis
1545 5723 1747 5783 indutis

1855 4533 2217 4588 Proeedentes
2247 4547 2343 4602 per
2396 4527 2628 4598 majores
2664 4529 2859 4600 januas
2909 4526 3293 4582 monasterium
3349 4524 3432 4577 iu-

1857 4635 2090 4691 troeant,
2127 4637 2182 4680 et
2217 4635 2339 4680 ante
2361 4625 2677 4681 crucifixum
2704 4623 2992 4678 stationem
3054 4618 3274 4674 faciant.
3315 4618 3442 4684 Qua,

1856 4716 2251 4787 facta,explcto
2289 4729 2448 4774 cantu
2498 4733 2658 4789 quem
2693 4717 3048 4786 incmperant,
3099 4710 3434 4782 incipiatab-

1855 4810 1950 4864 bas
2006 4809 2086 4864 vel
2125 4820 2317 4865 cantor
2375 4810 2520 4879 quod
2549 4809 2614 4864 ad
2641 4809 2813 4880 ipsum
2862 4808 3003 4863 idem
3034 4805 3325 4874 pertineat,
3379 4809 3441 4856 et.

1853 4904 1932 4958 sic
1956 4905 2274 4959 sonantibus
2297 4906 2547 4959 omnilms
2570 4903 2736 4972 signis
2761 4902 2983 4955 chorum
3013 4899 3304 4960 introeant,
3329 4893 3434 4946 eis-

1852 5012 1956 5066 que
1980 4999 2320 5051 cessantibus
2349 4997 2565 5051 missam
2592 4995 2869 5065 incipiant.

1926 5091 2061 5144 Ante
2088 5090 2264 5145 missa:
2306 5091 2586 5144 introitum
2636 5097 2912 5143 sternatur
2958 5100 3120 5138 unum
3192 5089 3284 5135 aut
3328 5079 3452 5139 duo._

1855 5180 2054 5249 tapetia
2095 5195 2193 5249 per
2250 5188 2615 5235 transversum
2666 5178 2845 5243 chori,
2907 5175 2993 5229 ubi
3046 5183 3192 5226 stare
3241 5169 3436 5221 debeat

1852 5278 2045 5325 cantor
2097 5271 2355 5342 etcaetcri
2387 5286 2524 5340 quos
2572 5271 2638 5325 ad
2690 5285 2750 5324 se
2780 5266 3052 5324 vocaverit
3087 5264 3154 5318 ad
3205 5262 3438 5342 chorum

1854 5362 2165 5431 regendum.
2204 5362 2404 5417 Omnes
2436 5361 2601 5426 cerei,
2651 5361 2742 5430 qui
2794 5360 2846 5413 in
2897 5354 3111 5442 coronis
3161 5360 3309 5416 sunt,
3375 5358 3433 5410 et

1852 5463 2050 5508 cratera
2082 5452 2366 5508 luminaria
2425 5467 2544 5522 quae
2596 5451 2649 5505 in
2693 5451 2860 5505 choro
2905 5455 2958 5502 ct
3001 5442 3334 5515 presbyterio
3371 5447 3436 5530 et

1853 5551 1977 5597 ante
2004 5543 2317 5597 crucifixum
2347 5551 2496 5608 sunt,
2519 5541 2897 5595 accendantur.
2930 5538 3130 5591 Cantor
3153 5532 3438 5604 provideat

1853 5642 1985 5702 quot
2009 5642 2064 5687 et
2091 5633 2207 5704 qui,
2237 5649 2356 5704 quze
2401 5632 2769 5705 singulariter.
2799 5628 3063 5685 cantanda
3128 5637 3274 5689 sunt.
3302 5643 3428 5681 can-

1857 5734 1990 5784 teut.
2019 5725 2100 5784 Ad
2128 5724 2474 5804 sequentium
2533 5723 2635 5780 duo
2670 5720 2873 5793 majora
2923 5721 3073 5794 signa
3124 5718 3424 5801 pulsentur.
