1932 3150
285 161 337 190 475

776 161 806 189 Β.
824 159 1018 189 LANFRANCI
1036 160 1212 191 CANTUAIL
1231 160 1383 189 ARCIHEP.
1404 199 1407 201 η
1826 165 1866 194 4τό

285 219 449 250 Connimnio,
464 218 486 245 si
498 226 565 253 opus
579 218 669 259 fuerit,
691 221 826 253 repetatur
846 226 907 246 cum
925 226 1015 252 versu,
1036 222 1064 247 et
1077 219 1100 249 Α
1114 223 1238 247 octavum
1251 222 1375 254 quattuor,
1393 216 1580 246 duodecimum
1601 217 1728 253 quinque,
1743 220 1806 254 quod
1818 227 1865 256 post

285 263 376 292 Gloria
391 264 475 291 Patri.
491 264 602 299 Expleta
615 264 696 291 missa
709 260 848 298 pulsentur
862 264 953 292 omnia
967 264 1043 299 signa
1058 272 1066 296 ς

285 309 470 345 unusquisque
491 309 680 336 vestimentum
697 315 777 337 suum
799 313 827 337 et
849 316 972 344 cappam,
995 313 1071 337 utra-

253 387 255 390 ι
269 389 272 390 ν
285 362 339 388 quc
349 354 417 382 bene
430 353 539 388 plicata,
553 353 659 381 deferat
672 353 817 381 secretario
828 353 862 381 ad
877 361 979 382 arcam.
1012 356 1029 379 .'

268 389 288 415 λ
318 398 436 426 Festiva
447 405 551 433 mappas
563 394 645 432 super
666 398 774 425 tabulas
798 398 932 427 refectorii
954 399 1010 426 sint
1022 406 1069 426 ex-

283 448 378 473 tensae,
400 443 439 470 itu
463 447 494 470 ut
515 448 576 470 ante
598 442 744 477 pendeant.
764 443 825 470 Sint
847 447 875 470 et
894 443 1067 477 quotidianae,

282 488 345 515 Iota:
360 487 461 520 tamen,
476 492 564 522 ‘super
580 495 646 522 quas
660 487 828 515 ‘Inanducent
844 487 952 515 fratres.
975 488 1068 515 Manu-

283 533 369 566 tergia
382 532 463 559 etiam
479 532 593 559 candida
608 536 634 559 et
649 531 758 559 honesta
779 539 860 566 super
875 532 988 560 terseria
1001 540 1068 568 quo-

283 576 387 603 tidiana
395 576 449 604 sint
458 574 589 609 extensa;
602 583 662 610 qua:
677 576 842 611 manutergia
851 582 912 611 post
921 577 1067 612 capitulum

281 622 299 647 ‘a
315 621 474 648 camerariis
484 625 546 648 sunt
556 621 734 648 extendenda.
747 620 840 648 Nullus
852 626 941 649 tamen
953 622 1066 650 fratrum

240 674 244 676 >
282 663 363 691 debet
376 663 411 690 ibi
424 670 519 691 manus
530 668 642 697 tergere,
656 663 707 690 nisi
720 663 887 691 solummodo
898 664 932 691 ad
944 665 1069 693 refectio-

280 714 345 735 nem
359 709 486 743 primam,
499 712 526 736 et
541 715 601 735 sero
616 708 779 736 ad.’eoenam.
829 714 831 736 ζ
859 733 861 735 .
940 716 956 739 '_
1015 707 1018 710 ’

279 763 282 766 ο
318 752 360 779 Ad
370 760 470 780 nonam
483 752 535 780 duo
551 752 652 787 majora
666 752 741 788 signa
758 753 907 788 pulsentur.
922 753 962 781 Ad
975 761 1068 789 vespe-

283 804 330 824 ης
341 801 436 831 agatur
448 796 481 824 de
496 797 628 832 signiset
653 797 763 830 cereis,
776 798 846 825 sicut
872 799 953 833 272
977 804 1066 827 actum

281 841 370 869 estad
380 849 505 876 vesperas
521 843 697 877 praecedentis
711 843 774 871 diei.
787 843 851 879 Post
870 851 976 872 coenam
993 845 1065 873 refe—

1119 263 1236 292 Glariam
1250 271 1265 290 a
1281 264 1368 298 capite
1379 267 1525 298 repetatur.
1552 261 1726 291 Pronuntiato
1748 264 1864 302 Evangelia

1119 307 1206 335 altare
1219 307 1445 342 discooperiatur,
1456 307 1610 340 luminaria,
1633 307 1703 335 sicut
1715 308 1747 336 ad
1770 317 1862 344 vespera

1118 353 1294 388 praecedentis
1301 352 1369 386 diei,
1381 352 1571 392 accendantur.
1583 352 1734 388 Antiphone
1754 353 1784 381 ad
1802 353 1863 383 Bm-

1121 398 1207 424 dicms
1221 397 1264 425 bis
1280 397 1396 432 dicatur,
1409 401 1437 424 et
1448 396 1583 424 thuribnla
1610 396 1732 424 similiter
1754 397 1866 427 circuie-

1118 445 1227 469 rantur.
1241 441 1281 469 Ad
1295 441 1410 476 primam
1424 441 1476 468 duo
1487 441 1563 476 signa
1586 441 1735 476 pulsentur,
1757 447 1804 470 tres
1813 444 1865 471 emi

1118 486 1311 517 accendantur,
1324 485 1450 513 similiter
1465 485 1498 512 ad
1514 485 1634 516 tertiam.
1647 489 1675 513 ct
1686 490 1781 513 sextam
1799 492 1821 514 et
1831 495 1865 514 no-

1118 537 1192 557 nam.
1206 529 1343 557 Ornentur
1352 529 1456 560 sedilia,
1473 530 1653 558 extendantur
1666 537 1773 565 mappae,
1794 535 1816 557 ct
1825 535 1865 557 ter-

1118 575 1201 607 seria,
1212 575 1282 602 sicut
1295 581 1375 609 supra
1390 574 1490 601 dictum
1504 578 1554 601 est.
1570 574 1652 601 Missa
1674 574 1825 602 matutinalis
1843 576 1865 601 tle

1118 619 1175 654 ipsa
1189 619 1358 646 solemnitate
1371 626 1433 646 cum
1447 626 1500 646 una
1513 618 1638 651 collecta,
1652 618 1703 646 nisi
1715 619 1748 646 sit
1765 618 1866 646 festivitas

1117 664 1229 699 alicujus
1243 665 1341 698 sancti,
1360 665 1431 693 unde
1441 664 1683 697 commemoratio;
1693 664 1758 699 quod
1768 665 1866 692 sievcac-

1118 710 1164 744 rit,
1179 709 1343 738 matutinalis
1368 709 1449 738 missa
1476 709 1529 736 erit
1550 709 1584 736 de
1608 714 1723 744 sancto,
1738 714 1763 736 et
1783 709 1867 737 collecta

1117 754 1214 789 prima,
1230 753 1348 781 secunda
1365 754 1398 781 de
1413 753 1471 788 ipsa
1486 748 1667 785 solemnitate,
1680 757 1706 780 et
1716 753 1865 788 nonamplins.

1091 818 1099 822 -
1118 797 1277 826 Sacerdotes
1290 797 1324 825 ad
1349 798 1445 825 missas
1471 798 1590 834 privatas
1613 798 1737 825 similiter
1757 798 1865 832 collectam

1118 850 1207 882 unam.
1222 842 1298 870 Dicta
1309 842 1459 876 matutinali
1475 843 1569 875 missa,
1585 847 1701 882 canatur
1719 843 1796 874 tertia,
1816 841 1865 870 oele~

277 886 336 914 .etis
352 887 528 914 seri-itoribus
549 887 676 923 colligant
688 887 853 915 refectorarii
868 896 977 924 mappas
989 888 1065 917 festi-
1079 896 1104 926 Β
1117 877 1210 914 bratur
1225 887 1305 915 missa
1321 887 1349 916 in
1364 887 1467 923 cappis,
1480 893 1592 922 excepta
1604 879 1865 917 Purilicationesaacu:

233 967 234 970 η
277 931 350 963 .vas,’
363 937 391 959 et
405 931 474 960 bene
494 931 607 966 plieatas
622 933 734 962 reddant
745 932 886 961 cellerario
901 941 1066 965 conservan-

277 975 350 1008 dae;
375 976 539 1004 camerarius
560 984 624 1004 vero
648 977 804 1005 honestiora
825 978 937 1005 tersoria
952 978 1067 1013 accipiat

276 1025 311 1050 ,ει
322 1020 466 1050 custodiat.
541 1052 544 1055 Δ
677 1046 679 1048 .
849 1029 851 1031 ‘

232 1076 235 1079 -
283 1061 383 1090 SEC'I'IO
396 1062 459 1090 Vlll.
470 1063 674 1092 -κιτεδιὶυἰιαιει
687 1060 824 1100 principum
836 1067 955 1098 «cupida:
964 1066 1065 1100 clauis.

275 1128 281 1137 .
317 1107 456 1136 Suntaliac
470 1108 639 1143 festivitates,
655 1118 715 1145 quae
729 1111 871 1146 magnifice
883 1112 1064 1146 celebrantur,

227 1146 229 1150 ’
279 1152 404 1186 quamvis
429 1157 487 1189 non,
503 1154 643 1188 aequaliter
665 1155 867 1190 superioribus;
891 1162 952 1187 sunt
974 1162 1064 1185 autem

273 1196 339 1224 hac:
354 1195 514 1231 Epiphania,
527 1198 682 1229 Purilicatio
693 1204 793 1227 sancta:
810 1200 909 1233 Mariae,
936 1201 1065 1237 festivitas

271 1241 369 1269 -saneti
387 1240 521 1276 Gregorii,
548 1242 724 1272 Annuutiatio
753 1244 867 1275 Christi,
891 1250 984 1272 octava
1009 1247 1065 1274 dies

273 1285 416 1318 ,pasehalis
430 1285 618 1319 solemnitatis,
636 1286 770 1315 festivitas
783 1289 868 1315 sancti
892 1288 977 1324 Alfegi
992 1298 1064 1326 mar-

280 1328 357 1362 tyris,
375 1328 507 1357 Ascensio
519 1328 631 1366 Christi,
647 1330 791 1358 Festivitas
815 1332 900 1358 sancti
923 1332 1063 1367 Augustini

272 1373 426 1407 Anglorum
442 1375 650 1410 archiepiscopi,
677 1382 773 1404 octava
797 1377 969 1412 Pentecostes
993 1379 1064 1413 dies,

272 1417 414 1450 ,Nutivitas
425 1417 453 1446 S.
467 1418 578 1450 Joannis
603 1415 737 1455 Baptism,
768 1421 860 1448 Passio
884 1422 1063 1459 apostolorum

282 1461 355 1488 Petri
363 1462 490 1495 etPauli,
505 1463 658 1498 Translatio
672 1466 756 1492 sancti
768 1461 915 1499 Benedicti,
933 1467 1063 1498 Nativitas

271 1507 496 1540 .sanctmlilariat,
509 1507 641 1536 festivitas
654 1510 740 1536 sancti
763 1510 909 1543 Michaelis,
929 1512 1061 1542 festivitas

1117 931 1218 964 Mariae,
1233 932 1259 959 iu
1273 939 1326 966 qua
1339 931 1373 959 ad
1396 931 1505 960 missam
1536 931 1590 958 sint
1612 938 1707 960 omnes
1727 930 1787 959 albis
1802 930 1864 958 induti

1116 981 1225 1012 propter
1243 984 1350 1010 cereos,
1370 981 1467 1012 praeter
1484 981 1634 1010 cautorem,
1645 981 1672 1004 et
1684 984 1729 1004 eos
1757 976 1796 1012 qui
1812 976 1864 1004 circa

1115 1029 1176 1049 eum
1190 1014 1262 1056 sunt,
1278 1029 1346 1056 quos
1357 1022 1449 1057 cappis
1462 1021 1543 1049 etiam
1558 1021 1669 1049 indutos
1682 1028 1738 1049 esse
1747 1025 1839 1056 oportet.

1152 1065 1328 1100 Excipiuntur
1344 1058 1451 1100 quoque
1465 1065 1535 1093 beati
1558 1064 1683 1099 Gregorii
1705 1069 1731 1091 et
1752 1063 1863 1091 Dominica

1115 1109 1335 1137 Annuntiationis
1349 1109 1522 1142 festivitates,
1538 1110 1648 1144 quando
1658 1109 1730 1146 intra
1749 1108 1863 1143 quadrage-

1115 1154 1211 1182 simam
1223 1154 1404 1182 celebrantur.
1420 1154 1448 1181 In
1460 1155 1503 1182 his
1517 1154 1585 1182 enim
1603 1154 1726 1182 similiter
1739 1154 1786 1180 sint
1795 1159 1863 1179 omnes

1115 1199 1182 1226 albis
1199 1199 1296 1232 induti,
1312 1203 1410 1234 praeter
1424 1199 1604 1234 supradictos,
1619 1203 1646 1226 et
1662 1205 1716 1231 eos,
1728 1197 1767 1233 qui
1780 1203 1862 1231 respon-

1113 1244 1214 1270 sorium
1230 1248 1257 1271 et
1269 1249 1383 1271 tractum
1399 1248 1521 1271 cantant.
1534 1244 1565 1271 Hi
1582 1251 1699 1279 namque
1725 1242 1863 1278 prmcipientc

1115 1294 1236 1321 cantare,
1253 1290 1414 1317 accedentes
1427 1289 1460 1316 ad
1474 1290 1639 1316 cantandum
1655 1296 1751 1327 cappas
1763 1288 1784 1325 iu
1802 1287 1860 1313 choro

1114 1333 1236 1371 induant,
1248 1338 1346 1362 etcum
1360 1335 1576 1370 pcrcautaverjnt
1592 1336 1729 1364 venientes
1752 1334 1775 1363 in
1788 1335 1861 1361 vesti:-

1114 1379 1184 1406 t'iuut
1204 1387 1251 1407 eas
1264 1379 1300 1407 ibi
1316 1381 1460 1415 deponant.
1473 1380 1573 1414 Cantor
1587 1387 1656 1416 quot
1667 1387 1694 1409 et
1707 1388 1767 1416 quos
1779 1379 1862 1406 voluerit

1113 1424 1146 1451 ad
1158 1431 1187 1451 sc
1200 1428 1284 1451 vocet.
1297 1423 1429 1453 Numerus
1443 1426 1611 1452 cantantium
1633 1425 1821 1461 responsoriutn,
1842 1427 1861 1449 et

1113 1469 1236 1501 Alleluia,
1250 1474 1278 1499 et
1292 1474 1389 1502 caetera
1411 1478 1471 1505 qu:e
1496 1471 1630 1502 cantanda
1653 1475 1715 1499 sunt
1734 1470 1757 1497 in
1779 1468 1861 1496 arbitrio

1113 1515 1231 1541 cantoris
1243 1514 1288 1545 sit.
1303 1514 1442 1542 Celebrata
1469 1515 1551 1546 missa
1572 1516 1713 1551 pulsentur
1732 1514 1817 1543 omnia.
1841 1512 1860 1545 Si

281 1549 406 1578 Omnium
422 1551 740 1587 Sanctorum,festivitas
755 1556 840 1591 sancti
864 1557 987 1592 Audrcat,
1009 1559 1060 1588 De-
1074 1561 1096 1593 C
1112 1558 1200 1593 aliqua
1215 1558 1309 1591 harum
1330 1559 1505 1586 festivitatqu
1534 1549 1675 1588 Dominica
1698 1560 1738 1587 die
1761 1557 1859 1586 creuerit.

269 1596 336 1625 .dica
341 1597 377 1625 tio
387 1598 522 1627 Ecclesia}.

314 1641 413 1670 Harum
428 1644 546 1673 omnium
563 1644 738 1674 festivitatum
764 1649 977 1682 przeccdcutibus
1001 1650 1060 1678 die-

268 1686 585 1720 .bttsornenturaltaria.
607 1691 815 1726 presbyterium,
841 1693 951 1731 chorus,
976 1702 1060 1731 mem.

270 1731 333 1764 τιν-ει,
343 1734 508 1766 monasterii,
525 1742 557 1761 ex
574 1739 687 1769 utraque
701 1741 778 1771 parte
806 1738 894 1771 chori,
919 1739 1060 1774 pulsentur

278 1775 354 1810 signa
367 1776 436 1803 sicut
450 1777 477 1804 in
489 1779 633 1814 praecipuis
648 1779 849 1815 festivitatibus,
876 1773 1060 1812 accendantur

265 1822 338 1849 una:
353 1827 444 1856 partes
460 1830 598 1863 cereorum
611 1832 717 1853 corona:
728 1827 888 1862 presbyterii
918 1833 945 1856 et
967 1829 1058 1857 omnia

276 1865 420 1893 luminaria
443 1875 501 1902 quae
517 1868 587 1900 circa
611 1868 697 1905 majus
717 1871 802 1898 altare
819 1876 892 1905 sunt,
915 1877 943 1900 et
965 1881 1060 1903 cereus

266 1915 341 1949 ante
353 1911 519 1939 crucifixum.
542 1913 715 1948 Antiphonta,
740 1916 761 1943 si
781 1909 896 1951 propriae
914 1918 1058 1953 habentur,

277 1956 376 1992 quibus
392 1961 488 1986 cantor
498 1959 666 1994 pra‘ceperit,
681 1967 763 1995 super
772 1962 889 1996 psalmos
902 1962 1058 1998 imponant;

264 2003 318 2039 ,ιή
331 2008 432 2036 autem,
448 2012 509 2031 cum
534 2012 586 2032 una
611 2005 758 2041 antiphona
781 2007 814 2035 de
834 2007 890 2042 ipsa
915 2008 1060 2038 festivitate

275 2051 424 2078 cluantur;
442 2048 643 2082 rcsponsorium
659 2049 711 2077 duo
730 2050 756 2077 in
783 2051 888 2086 cappis;
913 2053 1059 2088 antiphona

275 2090 308 2116 ad
321 2089 474 2126 Magni/icui
502 2092 544 2120 bis
563 2092 684 2126 dicatur;
707 2094 759 2122 duo
778 2095 942 2129 θῆρα-Δοκεῖ,
969 2098 1059 2132 (appis

275 2136 369 2168 induti.
387 2138 421 2165 ad
444 2139 591 2172 tliuribula,
616 2141 687 2174 sicut
710 2143 833 2178 superius
857 2144 890 2171 de
916 2145 1059 2180 prmcipuis

261 2181 466 2222 festivitatibus
476 2184 576 2212 dictum
594 2191 646 2214 cst.

234 2246 237 2249 μ
263 2257 269 2259 ἒ
311 2226 398 2255 Missa:
417 2229 572 2262 vigiliarum
601 2231 773 2261 Ascensiouis
800 2233 920 2267 Christi,
944 2225 1094 2263 Joannis-0

274 2268 412 2304 Baptistae,
428 2273 608 2306 apostolorum
623 2275 692 2302 Petri
706 2281 732 2304 et
747 2277 831 2309 Pauli,
847 2278 971 2306 Omnium
987 2278 1056 2306 Sau-

274 2318 378 2341 ctorum
398 2315 492 2344 festive
503 2318 679 2346 celebrentur.
695 2321 721 2347 Si
740 2322 863 2358 quaelibet
879 2323 972 2349 harum
988 2323 1055 2358 vigi-

274 2355 382 2392 liarum,
396 2360 435 2387 vel
448 2360 499 2387 alia
510 2362 610 2396 aliqua,
620 2371 679 2397 quae
691 2356 784 2393 festive
795 2366 953 2400 celebratur,
966 2355 1056 2396 Domi-

276 2403 337 2431 nica
352 2405 396 2432 die
411 2407 539 2441 evenerit,
558 2412 641 2436 totum
653 2411 792 2438 servitium
815 2412 911 2445 noctis,
924 2418 951 2440 et
966 2403 1054 2442 inissa

275 2450 442 2480 matutinaﬁis
452 2452 485 2479 de
497 2453 634 2482 Dominica
655 2460 767 2491 agatur;
786 2458 871 2492 major
885 2466 949 2485 vero
962 2456 1054 2494 missa,

275 2504 335 2522 cum
350 2497 462 2525 Alleluia
473 2500 752 2534 pest'responsorium
776 2502 807 2530 de
830 2503 918 2538 vigilia
940 2504 1055 2539 dicatur,

275 2545 386 2574 cxcc‘ta
401 2541 547 2570 Dominica:
567 2543 719 2573 Nativitatis
734 2547 833 2582 vigilia,
856 2548 882 2575 in
896 2557 948 2583 qua
973 2550 994 2577 si
1019 2551 1055 2578 ita

276 2585 397 2613 evenerit
412 2586 437 2613 in
451 2587 530 2615 tertio
544 2593 676 2616 nocturno
693 2591 725 2617 de
740 2591 795 2626 ipsa
816 2592 903 2629 vigilia
918 2599 1054 2628 cantatur,

275 2635 302 2657 cl
317 2631 423 2666 legitur.
449 2633 476 2660 lu
491 2635 609 2662 crastino
629 2640 691 2664 ante
712 2642 856 2665 nocturnas
878 2639 980 2673 vigilias
1000 2641 1056 2675 pul-

253 2674 258 2678 ”
276 2680 369 2703 sentur
381 2678 465 2713 signa,
481 2679 554 2713 bina,
568 2685 595 2707 ct
609 2680 681 2714 bina,
693 2681 789 2710 dehinc
802 2682 881 2710 simul
901 2674 1056 2711 omniafAd

277 2718 459 2750 iuvitatorinm
475 2729 528 2752 tres
543 2724 569 2752 in
587 2726 688 2761 cappis,
711 2726 761 2754 tria
787 2729 954 2763 respousoria
970 2729 996 2755 in
1012 2730 1057 2756 tri-

253 2765 258 2768 “
275 2764 326 2792 bus
340 2770 477 2797 nocturnis
490 2770 552 2802 duo,
576 2775 600 2798 et
615 2771 667 2799 duo
690 2776 811 2806 cantant,
837 2778 960 2808 quartum
989 2779 1054 2806 tres,

255 2857 275 2862 Η
310 2817 368 2865 (66)
384 2821 491 2854 Videtur
503 2825 595 2857 deesse
611 2836 659 2856 vox
674 2828 801 2866 indigent,
818 2834 861 2857 aut
877 2829 927 2857 alia
940 2829 1044 2863 similis.

1111 1603 1182 1630 dicta
1198 1604 1346 1630 matutinali
1362 1603 1454 1636 missa,
1468 1604 1513 1631 fiat
1528 1611 1597 1639 aQua
1613 1605 1758 1636 benedicta,
1778 1607 1799 1630 et
1814 1608 1860 1636 pro-

1110 1648 1195 1675 cessio
1208 1655 1256 1682 per
1268 1647 1426 1681 claustrum,
1437 1648 1506 1676 sicut
1529 1648 1598 1676 solet
1626 1649 1763 1676 Dominicis
1780 1645 1858 1675 diebus.

1109 1700 1203 1720 omnes
1215 1697 1303 1720 tamen
1317 1693 1370 1720 sint
1383 1693 1451 1721 albis
1467 1693 1562 1722 inlati.
1576 1694 1619 1721 Ad
1635 1702 1730 1722 nonam
1751 1691 1857 1728 pulsentur

1109 1737 1186 1773 signa
1211 1738 1274 1770 duo,
1294 1743 1321 1765 et
1349 1743 1464 1774 agantur
1488 1739 1619 1773 vesperae,
1642 1740 1711 1767 sicut
1734 1735 1858 1774 praecedenti

1109 1781 1162 1809 die.
1195 1782 1379 1809 Festivitatem
1406 1783 1478 1810 beati
1503 1782 1626 1818 Gregorii
1654 1783 1722 1811 inter
1740 1780 1858 1816 superiores

1109 1827 1170 1855 ideo
1182 1831 1378 1863 computamus,
1405 1828 1468 1864 quia
1487 1832 1597 1861 nostrae,
1625 1828 1654 1857 id
1680 1833 1721 1856 est
1746 1825 1857 1861 Anglorum

1109 1874 1196 1908 sentis
1211 1874 1346 1909 apostolus
1359 1878 1410 1901 est.

1144 1919 1173 1946 Si
1187 1919 1332 1947 Dominicae
1343 1919 1563 1947 Annttntiationis
1578 1919 1711 1954 festivitas
1724 1918 1800 1953 aliqua
1810 1921 1855 1957 qut-

1109 1963 1266 1999 dragesimaa
1281 1964 1418 1993 Dominica
1430 1964 1563 1997 evenerit,
1582 1964 1609 1992 in
1629 1964 1768 1998 crastinum
1778 1959 1857 1988 diferr-

1109 2012 1167 2041 tur;
1188 2008 1305 2044 alioquin
1333 2008 1474 2035 servitium
1500 2008 1649 2037 Dominica:
1668 2003 1855 2036 diei'restaurari

1109 2060 1162 2079 non
1174 2057 1272 2087 posset.
1295 2052 1417 2086 Vespera:
1433 2056 1516 2087 nsque
1531 2053 1564 2080 ad
1576 2053 1722 2088 capitulum
1743 2051 1773 2079 de
1792 2047 1856 2076 Domi-

1107 2100 1166 2127 nica
1183 2105 1306 2136 agantur,
1322 2100 1468 2134 capitulum
1483 2099 1516 2127 de
1530 2099 1680 2128 festivitate
1694 2100 1795 2127 dicatur.
1810 2095 1856 2122 Post

1107 2146 1221 2181 primam
1235 2145 1373 2172 collectam
1390 2145 1611 2173 commemoratio
1623 2144 1762 2172 Dominica:
1769 2139 1854 2169 diciliai-

1108 2191 1137 2218 Si
1154 2191 1272 2219 Sahbato
1295 2192 1423 2222 evenerit,
1445 2195 1529 2218 totum
1554 2192 1608 2218 diei
1625 2191 1759 2219 servitium
1777 2186 1854 2220 ἀείρει
1897 2183 1901 2189 ’

1108 2236 1274 2265 solemnitate
1295 2240 1398 2271 agatur.
1422 2235 1485 2263 Post
1508 2236 1624 2270 primam
1642 2234 1803 2270 vespertinam
1815 2227 1852 2255 σοι’

1108 2281 1215 2318 lectam,
1229 2281 1338 2308 collecta
1353 2282 1386 2308 de
1403 2280 1541 2308 Dominica
1556 2280 1674 2312 dicatur,
1695 2281 1794 2318 excepto
1805 2273 1854 2301 Sab-

1107 2316 1171 2353 hato
1186 2331 1248 2353 ante
1263 2326 1374 2361 palmas,
1390 2326 1415 2352 in
1430 2333 1483 2360 quo
1499 2325 1521 2352 si
1537 2325 1593 2352 haec
1611 2324 1740 2352 festivitas
1755 2316 1852 2349 evenerit.

1108 2370 1140 2402 de
1157 2371 1211 2405 ipsa
1224 2371 1367 2398 festivitate
1391 2376 1485 2410 agatur
1499 2372 1650 2410 servitium,
1668 2378 1747 2406 usque
1765 2369 1793 2396 ad
1803 2367 1852 2401 tapi-

1109 2415 1192 2442 tulum
1206 2416 1285 2451 273
1302 2417 1495 2450 vespertinum.
1518 2417 1576 2452 Ipsa
1600 2417 1644 2444 die
1663 2417 1713 2444 duo
1737 2415 1816 2442 fratres
1834 2412 1851 2436 in

1109 2459 1205 2488 froccis
1222 2461 1417 2495 responsorium
1433 2466 1553 2494 cantent,
1568 2468 1637 2488 unus
1659 2459 1774 2490 sacerdos
1791 2462 1851 2491 αρρι

1109 2506 1216 2534 indutus
1243 2507 1337 2534 altaria
1370 2507 1501 2534 inccnsel.
1525 2506 1589 2533 Post
1612 2506 1722 2541 primam
1745 2502 1850 2548 collect-1t"

1108 2552 1326 2579 commemoratio
1344 2551 1496 2579 festivitatis
1519 2550 1575 2578 fiat.
1592 2550 1621 2578 Si
1640 2557 1703 2577 vero
1721 2548 1786 2576 tertia
1804 2544 1849 2571 ferit

1108 2600 1167 2630 post
1178 2596 1279 2630 palmas
1297 2597 1427 2629 evenerit,
1442 2596 1571 2623 festivitas
1583 2595 1699 2630 quidem,
1709 2593 1769 2621 sient
1778 2590 1850 2618 dictum

1108 2645 1161 2673 cst,
1178 2642 1338 2675 celebretur,
1357 2641 1403 2668 sed
1420 2641 1517 2669 fratres
1536 2642 1561 2668 in
1579 2641 1696 2668 crastino
1712 2637 1850 2678 radantur,“

1109 2691 1172 2713 tunc
1187 2691 1247 2721 post
1260 2686 1414 2721 capitulum,
1430 2691 1457 2714 ct
1470 2691 1531 2722 post
1547 2691 1648 2713 sextam
1665 2686 1691 2712 in
1713 2677 1813 2710 clauum
1823 2677 1849 2702 ιο·

1108 2736 1232 2766 quantur.
1247 2731 1297 2765 Qui
1310 2736 1398 2760 autem
1409 2732 1465 2767 (66)
1482 2732 1539 2766 ipso
1549 2732 1592 2759 die
1603 2731 1761 2758 balncentur.
1772 2725 1795 2752 Si
1804 2728 1849 2749 ven

1108 2776 1202 2811 quinta
1217 2776 1281 2804 feria
1296 2797 1302 2810 ,
1327 2778 1368 2806 vel
1392 2781 1484 2810 texta,
1502 2776 1544 2804 vel
1563 2775 1671 2804 sabbato
1687 2778 1744 2802 alite
1763 2767 1840 2799 Pasch

1469 2869 1514 2890 )n.’
1547 2860 1587 2889 -ιω
1610 2879 1625 2888 7‘
1644 2876 1648 2882 .
1675 2878 1685 2882 ,
1780 2871 1783 2874 ι

1378 2887 1436 2894 sx.
