3864 6300
129 306 217 356 ιῖἳ

1103 318 1419 378 DECRETA
1451 320 1587 380 eno
1625 318 1885 381 ouotNE
1922 324 1982 383 s.
2020 314 2406 391 statumen.

3267 316 3376 393 ἐπι

136 428 208 482 vel
235 406 284 485 in
314 428 564 504 paschali
596 429 955 497 solemnitate,
991 431 1076 488 vel
1119 433 1291 490 tribus
1344 432 1697 505 sequentibus
1726 438 1773 496 Α
1796 428 2056 497 numerus
2083 443 2424 498 sacerdotum
2453 451 2632 500 tantus
2658 426 2945 502 esthicta
2974 446 3154 515 tertia,
3185 457 3379 520 agatur

137 521 381 588 evenerit,
412 522 468 575 in
501 522 751 592 quintam
784 523 974 578 feriam
1004 531 1124 594 post
1146 527 1457 596 paschalem
1499 529 1696 584 solem-

138 616 339 670 nitatem
361 612 676 667 differatur.
705 614 998 670 Festivitas
1025 616 1124 671 ista
1156 626 1284 673 tunc
1330 618 1407 673 ita
1442 620 1699 675 solemni-

138 718 209 761 ter
228 713 412 775 agatur
438 705 592 758 sicut
616 706 884 774 paschalis
920 707 1257 774 solemnitas,
1289 718 1513 785 excepto
1558 712 1699 781 quod

134 811 218 866 pro
238 788 385 850 skilla
418 796 551 849 ante
582 804 873 851 nocturnas
902 797 1207 868 vigiliasad
1232 799 1547 855 excitandos
1591 800 1701 855 fra-

138 895 228 939 tre;
258 884 549 961 classicum
586 900 691 940 non
724 885 965 955 pulsetur
993 903 1095 943 nee
1129 890 1401 958 processio
1431 891 1542 945 fiat.
1589 891 1701 946 An-

134 977 343 1046 tiphonta
363 984 418 1029 et
450 977 830 1046 responsoria,
887 993 1007 1047 quae
1054 980 1106 1034 in
1151 981 1253 1036 hac
1299 980 1594 1038 festivitate
1644 983 1698 1038 in

136 1067 528 1146 quadragesima
552 1077 901 1133 canerentur,
929 1070 982 1123 in
1012 1070 1115 1125 hoc
1160 1088 1375 1142 quoque
1436 1083 1699 1144 tempore,

135 1177 237 1212 rum
259 1160 528 1229 adjunctis
555 1160 796 1216 Allelniis
842 1175 1141 1230 canentur,
1193 1166 1443 1220 versiculi
1485 1183 1700 1237 quoque

136 1269 299 1307 omnes
336 1269 458 1306 cum
500 1252 652 1307 finali
699 1253 925 1308 Alleluia
972 1256 1241 1311 dicantur.
1302 1257 1697 1323 lnvitatorium,

136 1342 358 1407 Alleluia,
411 1342 637 1396 alleluia
688 1345 981 1399 secundum
1044 1345 1329 1401 melodiam
1380 1346 1698 1415 invitatorii,

136 1432 225 1485 Are
244 1429 432 1495 Maria,
465 1433 681 1488 cantica
711 1433 777 1488 dc
793 1433 1039 1489 Adventu
1070 1436 1298 1490 Domini.

193 1520 278 1575 Die
305 1522 660 1580 Ascensionis
709 1525 910 1580 Cht‘iSti
960 1527 1058 1584 fiat
1112 1527 1388 1595 processio
1434 1527 1489 1582 in
1537 1529 1697 1595 albis,

140 1613 207 1674 vel
236 1622 377 1668 extra
404 1615 734 1669 claustrum
757 1616 901 1671 circa
948 1619 1262 1673 monasterii
1291 1619 1521 1684 curiam,
1563 1637 1700 1691 pra:-

140 1704 436 1767 ecdentibus‘
460 1706 681 1764 vexillis
700 1715 756 1761 et
784 1706 1049 1776 reliquiis,
1076 1724 1197 1763 cum
1228 1710 1455 1778 reliquis
1475 1726 1593 1780 qure
1616 1709 1683 1764 ad
1735 1764 1741 1780 ί

1800 533 2078 603 processio
2126 533 2316 590 festiva
2347 534 2401 589 in
2428 534 2584 601 albis,
2611 545 2704 590 aut
2755 538 2899 592 circa
2960 539 3374 605 monasterium,

1800 622 1847 677 si
1878 622 2030 677 locus
2053 631 2210 694 aptus
2237 632 2344 690 est,
2374 632 2468 679 aut
2488 640 2584 695 per
2610 625 2926 688 claustrum,
2946 629 3375 697 przecedentibus

1801 727 1922 781 qua:
1974 712 2226 767 festivam
2273 716 2673 783 processionem
2726 717 3031 785 praecedere
3076 718 3377 783 solent,..et

1802 799 2139 871 ingrediatur
2160 788 2549 857 monasterium
2606 818 2705 873 per
2752 804 2987 873 majores
3007 804 3225 875 januas,
3249 808 3374 862 fiat-

1801 906 1906 960 que
1932 892 2093 944 statio
2123 901 2247 947 ante
2285 880 2635 947 crucifixum.
2670 893 2868 948 Psalmi
2892 881 2959 949 ad
2980 884 3258 965 vesperae,
3280 896 3371 965 qui

1802 982 1855 1035 in
1904 980 2196 1036 festivitate
2228 980 2498 1055 virginum
2551 969 2657 1039 dici
2714 984 2908 1040 solent.
2960 985 3086 1042 Hzec
3107 985 3379 1042 festivitas

1800 1078 2016 1125 octavas
2037 1071 2216 1127 habet.
3282 1073 3291 1106 ⁷

1979 1161 2179 1219 δεοτιο
2213 1162 2307 1219 iX.
2332 1195 2400 1205 —-
2430 1164 2757 1222 Festivitates
2786 1168 2955 1222 tertia:
2989 1169 3197 1223 classis.
3274 1166 3287 1173 ”

1828 1308 1833 1312 ,
1873 1253 2151 1310 διπηιίιιὶω
2190 1256 2362 1310 tertia:
2387 1256 2668 1327 dignitatis
2724 1256 3069 1325 festivitates,
3112 1275 3234 1330 qua:
3267 1274 3378 1315 non

1802 1352 2083 1414 tantopere
2099 1344 2460 1401 celebrantur.
2490 1346 2615 1403 Haec
2651 1356 2829 1403 autem
2858 1357 2985 1403 sunt
3014 1365 3028 1402 :
3054 1343 3378 1405 festivitates

1798 1436 1971 1490 sancti
2004 1433 2288 1491 Vincentii.
2325 1436 2622 1493 Conversio
2651 1440 2827 1494 sancti
2859 1436 3038 1505 Pauli,
3068 1440 3299 1509 Philippi
3322 1451 3379 1494 et

1799 1524 2009 1581 Jacobi.
2065 1525 2303 1583 inventio
2347 1526 2818 1596 sanctaz‘crucis;
2888 1529 3074 1585 Jacobi
3122 1530 3375 1600 apostoli,

1801 1615 1974 1670 sancti
2024 1613 2170 1669 Petri
2222 1616 2275 1670 in
2324 1615 2579 1671 Kalendis
2627 1618 2890 1688 Augusti;
2926 1619 3376 1689 Laurentiimar-

1802 1703 1968 1775 tyris;
2025 1703 2227 1760 Octava
2284 1705 2399 1760 dies
2449 1706 2846 1776 Assumptionis
2896 1701 3374 1768 sane-tteMarize;

143 1795 358 1849 festivam
412 1797 829 1864 proccssionem
862 1799 1171 1868 praecedere
1231 1800 1430 1865 solent,
1480 1800 1563 1854 vel
1604 1816 1697 1870 per

1801 1770 2440 1869 liartholomtciapostoli,
2471 1770 2753 1869 Augustini
2778 1799 3049 1865 doctoris;
3083 1797 3378 1853 Decollatio
3467 1872 3473 1878 ι

142 1885 403 1939 claustrum
450 1888 574 1942 sine
646 1889 888 1955 vexillis;
930 1905 996 1944 ex
1029 1905 1137 1959 quo
1179 1891 1368 1961 incipit
1424 1891 1700 1961 processio

143 1975 286 2041 exire,
305 1977 714 2046 pulsenturan
740 1979 1083 2055 signa.psicut
1104 1982 1352 2049 superius
1377 1982 1579 2036 dictum
1616 1990 1701 2036 est

146 2066 187 2117 in
206 2066 281 2119 die
302 2064 617 2121 Nativitatis
647 2077 852 2123 sancta:
873 2069 1074 2125 Mariae.
1104 2069 1185 2124 Ad
1213 2086 1467 2140 vesperas
1510 2070 1699 2140 psalmi

148 2152 264 2206 Dixit
292 2154 544 2210 Dominus
568 2197 585 2221 ,
608 2157 841 2211 Laztatus
865 2176 983 2212 sum
1008 2160 1062 2215 in
1098 2161 1179 2213 Itis
1208 2200 1225 2225 ,
1260 2160 1380 2215 Nisi
1412 2163 1698 2227 Dominus,

148 2243 373 2325 Memento
412 2247 641 2311 Domine
674 2264 796 2304 cum
830 2251 1125 2320 antiphona
1176 2251 1253 2305 De
1301 2251 1479 2321 fructu
1511 2254 1700 2307 ventris

144 2336 220 2387 tui.
248 2336 338 2402 Qui
376 2340 624 2410 psalmus
675 2357 796 2396 cum
846 2345 948 2399 hac
989 2343 1281 2412 antiphona
1316 2344 1701 2415 quartusdici-

150 2434 220 2475 tur
241 2425 287 2476 in
309 2426 564 2483 omnibus
603 2429 990 2485 festivitatibus
1013 2440 1215 2486 sanctae
1244 2431 1449 2485 Mariae.

204 2516 251 2568 lu
287 2517 582 2575 festivitate
602 2522 778 2576 sancti
808 2521 1080 2577 Michaelis
1119 2524 1307 2590 psalmi
1339 2524 1404 2577 ad
1446 2538 1701 2592 vesperas

153 2606 271 2661 Dixit
296 2608 568 2678 Dominus,
613 2612 936 2682 Confitebor,
979 2612 1174 2667 Beatus
1215 2614 1312 2679 vir,
1339 2614 1484 2668 aliud
1528 2614 1702 2683 Conﬁ-

150 2699 270 2751 ttbor
294 2717 409 2755 cum
433 2704 735 2773 antiphona
772 2703 840 2758 In
884 2715 1160 2774 consjiectu
1183 2704 1519 2775 Angelorum.

211 2788 379 2860 Vigilia
410 2792 670 2848 Omnium
720 2792 1042 2850 Sanctorum
1080 2796 1147 2849 ad
1201 2810 1458 2863 vesperas
1509 2794 1697 2864 psalmi

156 2891 254 2932 cum
286 2882 588 2961 autiphonis
616 2884 685 2939 de
723 2886 854 2955 ipsis
902 2886 1130 2955 psalmis
1194 2887 1289 2956 qui
1328 2878 1587 2956 quotidie
1631 2886 1699 2939 ad

144 2969 310 3022 eorum
335 2974 653 3031 memoriam
707 2973 883 3029 solent
908 2974 1045 3040 dici;
1073 2989 1281 3044 preces,
1336 2972 1463 3027 Post
1492 2986 1699 3043 partum

154 3056 284 3124 rirgo,
323 3070 372 3114 et
424 3071 651 3118 caetera.
707 3063 840 3119 Cum
894 3064 1098 3123 dictum
1155 3065 1318 3124 fuerit
1362 3066 1702 3118 Adduccntnr

156 3148 243 3214 regi
280 3151 489 3221 virgines
552 3164 671 3225 post
710 3173 847 3219 eam,
894 3156 1219 3226 adjuugatttr
1274 3156 1379 3210 Pro
1446 3156 1697 3224 fratribus

156 3243 313 3296 vostris
333 3246 659 3313 absentibus;
688 3249 831 3302 Mitte
850 3250 943 3311 eis,
970 3250 1223 3314 Domine;
1242 3249 1480 3312 Domine,
1505 3248 1699 3302 exaudi

158 3338 434 3404 orationem;
480 3340 739 3404 Domine,
805 3341 1057 3395 Dominus
1100 3342 1345 3395 virtutum
1369 3357 1388 3405 ;
1445 3339 1699 3407 Dominus

158 3428 399 3484 vobiscum.
455 3431 589 3486 Post
652 3433 932 3487 collectam
992 3433 1442 3488 commemoratio
1499 3432 1699 3507 solum-

158 3520 359 3575 modode
386 3532 576 3578 sancta
613 3538 795 3578 cruce.
820 3523 875 3576 lu
893 3524 1133 3578 crastino
1155 3524 1221 3577 ad
1247 3522 1432 3577 laudes
1453 3521 1699 3577 similiter

160 3621 314 3685 preces
346 3610 463 3666 Post
495 3624 709 3683 partum
738 3614 905 3683 virgo,
955 3614 1023 3668 ad
1071 3627 1325 3684 vesperas
1379 3611 1595 3682 psalmi,
1644 3618 1700 3665 et

159 3712 290 3767 super
311 3702 537 3770 psalmos
559 3702 889 3772 antiphon‘m,
916 3702 1057 3759 sicut
1090 3703 1413 3773 prtecedenti
1444 3702 1552 3758 die.
1644 3762 1648 3766 Α

218 3787 365 3857 Dictis
409 3792 654 3863 vesperis
691 3784 971 3862 pulsentur
1022 3793 1203 3847 omnia
1247 3793 1420 3862 signa,
1477 3801 1532 3847 et
1574 3806 1699 3863 pro-

163 3877 341 3933 ductius
364 3882 524 3937 solito
551 3892 823 3939 conantur
856 3900 1095 3953 vespera:
1144 3900 1241 3953 pro
1266 3883 1570 3948 Defunctis,
1594 3884 1696 3940 nisi

162 3966 441 4031 inierastino
488 3975 560 4028 sit
617 3974 733 4030 dies
764 3975 1096 4039 Dominicus,
1130 3974 1211 4029 vel
1256 3972 1509 4045 quaelibet
1547 3973 1698 4029 festi—

161 4055 276 4112 vitas
302 4060 571 4118 duodecim
607 4063 917 4119 lectionum.
977 4062 1212 4120 Collecta
1272 4081 1377 4130 una
1430 4064 1696 4119 Fidelinm

165 4139 297 4200 Deus.
316 4148 582 4218 Sequente
608 4161 787 4207 autem
820 4162 978 4207 nocte
1001 4153 1067 4207 ad
1090 4152 1335 4223 Vigiliam
1362 4163 1696 4207 mortuorum

166 4236 407 4302 pulsentur
433 4243 685 4299 similiter
705 4243 887 4297 omnia
908 4244 1081 4312 signa.
1113 4243 1231 4312 ipsa
1274 4243 1362 4298 die
1387 4243 1699 4303 sacerdotes

167 4335 320 4382 omnes
348 4330 618 4387 celebrent
656 4334 851 4388 missas
872 4350 969 4404 pro
996 4334 1246 4388 omnibus
1293 4334 1537 4390 fidelibus
1605 4334 1698 4389 de—

1800 1885 2024 1943 Joanuis
2046 1888 2321 1958 Baptistae.
2371 1889 2641 1946 Exaltatio
2676 1898 2877 1947 sancta:
2904 1880 3114 1957 crucis;
3164 1889 3377 1943 Matbzei

1803 1978 2053 2046 apostoli,
2085 1977 2322 2033 Simonis
2362 1986 2415 2032 et
2459 1977 2632 2043 .ludte,
2670 1980 2816 2033 beati
2860 1976 3097 2042 Martini,
3158 1975 3381 2031 Thomre

1801 2069 2066 2138 apostoli;
2122 2078 2177 2125 et
2228 2070 2271 2125 si
2299 2085 2418 2142 quze
2454 2070 2571 2125 aliae
2605 2071 2926 2126 festivitates
2978 2071 3052 2125 ita
3114 2069 3379 2126 celebrari

1801 2159 2170 2215 instituantur.
2488 2228 2491 2229 ν

1870 2250 2051 2305 Pridie
2073 2260 2196 2305 ante
2234 2251 2333 2305 has
2356 2252 2676 2312 festivitates
2708 2242 2968 2323 parentur
3017 2252 3124 2307 duo
3155 2251 3379 2322 presby-

1804 2340 1923 2394 terii
1971 2339 2181 2405 altaria,
2224 2342 2641 2413 presbyterium,
2699 2350 2753 2397 et
2810 2343 3029 2396 chorus.
3058 2341 3139 2395 Ad
3182 2335 3378 2397 nonam

1802 2440 1856 2485 et
1879 2432 1943 2486 ad
1966 2447 2221 2501 vesperas
2261 2432 2543 2502 pulsentur
2580 2424 2733 2505 signa
2766 2433 2905 2488 sicut
2931 2434 3154 2505 privatis
3175 2433 3379 2488 duode—

1803 2520 1907 2575 cim
1942 2520 2280 2588 lectionibus,
2306 2522 2568 2592 nisijquod
2603 2524 2807 2594 majora
2845 2524 2996 2595 signa
3055 2523 3258 2594 pulsari
3288 2523 3381 2577 de-

1800 2611 1950 2666 bent.
1983 2612 2108 2667 Tria
2135 2612 2458 2668 candelabra
2504 2622 2627 2669 ante
2679 2614 2871 2679 altare,
2895 2623 2947 2668 et
2979 2624 3174 2669 caetera
3224 2613 3383 2668 lumi-

1801 2701 1953 2756 naria
1990 2717 2108 2771 qua:
2157 2703 2301 2758 circa
2348 2714 2474 2759 sunt
2521 2705 2923 2772 accendantur;
2958 2691 3229 2776 vesperae~
3258 2714 3381 2760 cum

1803 2805 1908 2844 una
1941 2793 2232 2865 antiphona
2248 2794 2313 2848 de
2336 2794 2446 2864 ipsa
2482 2793 2777 2851 festivitate
2797 2805 3085 2862 conantur,
3112 2794 3215 2851 nisi
3238 2809 3379 2866 prte-

1802 2883 1957 2938 cedat
2009 2883 2272 2939 festivitas
2327 2882 2491 2958 274
2547 2886 2614 2941 de
2661 2902 2765 2956 qua
2816 2887 3083 2942 dicantur.
3129 2888 3383 2957 Vespera:

1801 2989 1973 3043 usque
2002 2975 2066 3027 ad
2099 2976 2429 3045 capitulum;
2456 2979 2860 3047 responsorium
2898 2977 2940 3033 si
2965 2979 3181 3049 propria
3206 2977 3381 3031 histo—

1727 3100 1768 3154 Ο
1803 3066 1884 3121 ria
1910 3075 2011 3129 est,
2050 3066 2155 3122 duo
2175 3066 2371 3122 fratres
2400 3078 2600 3124 canant
2637 3070 2688 3123 in
2717 3069 2913 3143 froccis
2936 3071 3079 3135 suis;
3106 3069 3149 3124 si
3175 3083 3279 3124 non
3297 3076 3382 3123 est

1805 3155 2020 3225 propria
2043 3156 2290 3222 historia,
2323 3150 2459 3212 sicut
2511 3160 2564 3212 in
2609 3152 2995 3215 festivitatibus
3017 3159 3379 3231 quorumdam

1803 3246 2188 3315 apostolorum,
2214 3257 2307 3299 aut
2334 3248 2378 3301 si
2405 3246 2516 3314 jam
2543 3257 2761 3302 cantata
2790 3259 2892 3314 est,
2921 3248 3379 3316 quemadmodum

1800 3346 1987 3391 octava
2005 3336 2089 3390 die
2118 3337 2518 3405 Assump‘tionis
2574 3346 2775 3392 sanctae
2816 3338 3020 3402 Maria),
3075 3338 3181 3392 duo
3223 3335 3377 3407 pueri

1800 3425 2171 3479 canantbreve
2190 3426 2614 3494 responsorium.
2652 3425 2920 3481 Sacerdos
2956 3427 3176 3480 indutus
3206 3439 3378 3495 cappa

1800 3513 2045 3568 incenset
2087 3500 2301 3576 altaria,
2341 3500 2638 3567 conversus
2669 3514 2738 3567 sit
2766 3515 2818 3567 in
2851 3501 2992 3567 alba.
3050 3513 3107 3565 in
3134 3511 3378 3565 crastino

1801 3603 1867 3657 ad
1896 3602 2263 3657 invitatorium
2295 3604 2400 3675 duo
2454 3603 2507 3656 in
2557 3603 2763 3673 cappis.
2792 3602 2919 3656 Tria
2947 3601 3288 3670 reaponsoria
3321 3598 3375 3653 in

1799 3695 1971 3749 tribus
2017 3694 2297 3749 nocturnis
2348 3695 2543 3765 singuli
2591 3694 2841 3766 singula;
2874 3703 3125 3763 quartttm
3158 3706 3378 3762 respon-

1772 3778 2001 3840 sorium
2029 3786 2155 3851 duo,
2196 3782 2442 3841 octavum
2494 3794 2624 3851 tres,
2677 3787 3056 3841 duodecimum
3122 3795 3374 3854 quatuor,

1770 3880 1781 3955 ’γ
1800 3876 1941 3945 quod
1972 3867 2337 3945 PostGlorium
2369 3886 2665 3947 repetatur.
2693 3865 3373 3945 Pronunytialevangelio,

1799 3966 2231 4036 disc00periatur
2286 3966 2478 4030 altare,
2536 3975 2591 4021 et
2645 3967 3015 4021 accendantur
3062 3964 3373 4027 luminaria,

1771 4045 1937 4114 isicut
1966 4058 2137 4127 pridie
2162 4059 2228 4112 ad
2256 4075 2531 4128 vesperas.
2554 4062 2633 4116 Ad
2669 4059 2738 4113 Te
2763 4061 2929 4113 Deum
2960 4060 3239 4113 laudamus
3270 4058 3376 4113 duo

1801 4149 2088 4205 mediocria
2122 4152 2271 4222 signa
2300 4140 2601 4222 pulsentur.
2633 4152 2760 4206 Post
2796 4153 2991 4206 lectum
3025 4150 3376 4219 Evangelium

1800 4242 2053 4295 sacerdos
2104 4240 2158 4296 in
2206 4242 2433 4295 chorum
2477 4243 2662 4296 redeat
2702 4242 2754 4295 in
2779 4242 2921 4295 alba.
2953 4239 3245 4295 Adlaudes
3268 4239 3376 4292 duo

1799 4328 1946 4396 pueri
1982 4329 2142 4382 breve
2168 4330 2591 4397 responsorium.
2622 4329 2735 4383 sive
2768 4330 2837 4381 sit
2869 4327 3083 4397 pr0pria
3109 4312 3335 4380 historia
3355 4366 3371 4390 ,

169 4408 347 4471 functis.
381 4420 478 4488 Qui
512 4438 644 4477 vero
672 4424 979 4479 sacerdotes
1014 4440 1118 4480 non
1169 4432 1315 4491 sunt,
1350 4425 1694 4494 injuugantur
1720 4424 1770 4482 Ι)
1799 4418 1911 4471 sive
1956 4433 2081 4471 non.
2131 4418 2197 4472 Et
2222 4419 2287 4472 ad
2319 4434 2571 4488 vesperas
2601 4418 2866 4473 similiter.
2892 4416 2972 4471 Ad
3002 4416 3231 4487 primam
3260 4417 3377 4485 pul-

169 4502 296 4560 cisin
316 4514 543 4580 capitulo
579 4514 770 4589 psalmi
816 4530 914 4583 pro
937 4515 1135 4570 missis.
1166 4515 1371 4584 Agatur
1392 4515 1552 4571 missa
1582 4530 1696 4573 ma-

170 4593 369 4664 tutinalis
404 4593 622 4671 festive,
664 4604 946 4672 pulsentur
975 4606 1154 4659 omnia
1207 4606 1382 4674 signa,
1409 4619 1573 4673 cappa
1624 4604 1697 4656 sit

170 4675 214 4731 in
236 4684 405 4766 οιιρτος
442 4692 605 4748 levita
643 4702 696 4748 et
735 4694 1092 4749 subdiaconus
1131 4693 1329 4750 casulis
1362 4694 1693 4758 induantur;

172 4768 255 4824 duo
301 4776 518 4838 infantes
568 4784 970 4853 reSponsorium
1028 4784 1081 4838 in
1128 4783 1286 4848 albis,
1337 4782 1442 4836 duo
1467 4780 1695 4849 majores

174 4859 337 4928 fratres
359 4878 580 4929 tractum
611 4876 866 4930 similiter
912 4877 964 4930 in
1009 4874 1165 4939 albis,
1212 4885 1319 4930 tres
1357 4874 1602 4929 conversi
1628 4875 1695 4927 ad

176 4948 463 5015 tburibulum
523 4973 577 5019 et
625 4965 952 5022 candelabra
985 4982 999 5020 :
1029 4974 1232 5034 septem
1298 4964 1485 5019 diebus
1536 4964 1693 5033 plena

175 5038 332 5123 0mm,
375 5065 537 5135 usque
569 5055 637 5108 ad
673 5055 889 5131 triginta
944 5056 1058 5110 dies
1104 5053 1238 5109 Voce
1276 5072 1411 5123 inea,
1444 5062 1498 5109 et
1526 5053 1694 5108 Verba

177 5142 284 5187 mea.

232 5221 278 5276 In
305 5226 578 5290 festivitate
615 5237 870 5305 Ecclesiae
894 5238 1244 5293 dedicationis
1281 5237 1423 5292 cerei
1476 5234 1693 5291 accensi

183 5307 233 5359 ad
270 5315 453 5380 Priorrs
474 5339 726 5395 vesperas
754 5341 851 5395 per
884 5326 1062 5381 omnia
1092 5324 1300 5387 altaria,
1324 5339 1443 5393 quae
1467 5324 1578 5393 ipsa
1610 5323 1697 5378 die

183 5411 357 5459 sacrata
381 5408 609 5480 fuerunt,
654 5432 760 5472 non
785 5417 1198 5487 exstinguuntur
1249 5428 1421 5483 usque
1477 5413 1530 5466 in
1576 5427 1697 5467 cra-

187 5488 348 5576 ilimtm
392 5513 504 5570 post
530 5507 959 5576 completorium.
991 5506 1211 5562 Cantica
1243 5503 1445 5559 Lazlare
1483 5503 1699 5567 Jerusa—

188 5572 293 5675 Ῑξξηί
335 5584 455 5646 Urbs
503 5572 853 5664 fortitudinis;
890 5598 1012 5652 Non
1069 5597 1330 5652 vocaberis
1381 5592 1539 5648 ultra.
1574 5592 1690 5663 Ipsa

193 5663 267 5741 die
284 5663 552 5741 celebretur
592 5686 773 5744 missa
823 5703 918 5763 per
946 5688 1359 5761 unumquodque
1419 5685 1609 5754 altare,
1646 5686 1692 5740 si

1799 4517 1949 4561 setur
1974 4523 2139 4561 unum
2186 4511 2252 4563 de
2282 4509 2595 4585 majoribus
2623 4508 2822 4577 signis;
2875 4501 3242 4561 accendantur
3267 4507 3374 4562 duo

1797 4599 1940 4653 cerei
1988 4611 2114 4654 aute
2168 4602 2358 4665 altare,
2421 4609 2477 4656 et
2527 4617 2625 4670 per
2671 4616 2859 4655 omnes
2887 4600 3052 4655 horas
3097 4614 3266 4668 usque
3305 4600 3377 4661 ad

1796 4703 2069 4757 vesperas.
2100 4692 2180 4745 Ad
2215 4692 2434 4746 missam
2461 4692 2513 4745 in
2546 4692 2713 4751 choro
2768 4705 2957 4745 omnes
3008 4690 3119 4745 sint
3151 4689 3203 4743 in
3236 4688 3373 4743 albis

1795 4790 1990 4849 praeter
2015 4791 2310 4847 cautorem,
2342 4793 2396 4837 et
2420 4798 2513 4837 eos
2570 4783 2657 4853 qui
2689 4799 2871 4837 secum
2905 4781 3370 4851 crunt,quietiam

1798 4868 1984 4939 cappis
2038 4867 2207 4921 induti
2264 4870 2489 4923 chorum
2552 4883 2738 4937 regere
2764 4868 2980 4921 debent.
3040 4868 3119 4921 Ad
3175 4881 3378 4928 nonam

1799 4959 2041 5029 pulsetur
2060 4957 2270 5025 signum
2307 4958 2447 5012 sicut
2476 4957 2540 5010 ad
2565 4957 3170 5027 primam.Antiphonas
3210 4969 3372 5023 super

1794 5046 2028 5123 psalmos
2052 5046 2119 5099 ad
2153 5061 2403 5115 vesperas
2429 5045 2708 5114 imponant
2726 5045 2952 5113 juvenes
3001 5046 3195 5112 quibus
3239 5057 3371 5096 can-

1797 5145 1881 5191 tor
1930 5135 2202 5206 praecepit.
2243 5134 2450 5190 Cmtera
2507 5146 2734 5205 agantur
2811 5145 2951 5191 sucut
3002 5136 3066 5188 ad
3121 5146 3379 5201 ves-peras

1795 5224 2150 5296 prmcedentis
2200 5225 2325 5280 diei.
2373 5225 2455 5279 Ad
2494 5226 2704 5295 priores
2732 5241 2985 5294 vesperas
3042 5223 3375 5283 inventionis

1797 5325 1999 5373 sancta:
2045 5317 2221 5372 crucis
2269 5317 2503 5388 hymnus
2558 5316 2762 5371 Vexilla
2818 5320 2970 5385 regis.
3018 5315 3073 5369 in
3131 5315 3371 5368 crastino

1796 5406 2187 5473 invitatoriam,
2202 5415 2257 5462 et
2273 5407 2379 5462 duo
2403 5417 2665 5462 nocturna
2684 5407 2751 5461 de
2765 5406 3111 5476 martyribus.
3129 5401 3376 5469 Tertium

1796 5496 1862 5553 de
1901 5505 2086 5552 sancta
2111 5502 2287 5563 cruce,
2321 5495 2531 5551 cantica
2564 5496 2803 5561 Domine,
2840 5496 3037 5562 audivi,
3066 5497 3207 5566 quod
3239 5494 3375 5549 divi-

1796 5590 1955 5645 datur
1978 5589 2030 5643 in
2060 5598 2171 5643 tres
2200 5586 2411 5643 Clarias
2443 5586 2664 5640 :Prima
2689 5587 2872 5642 Gloria
2903 5596 2984 5643 cst
3008 5598 3375 5643 ante'vcrstnn

1764 5680 1903 5737 ‘Pt'o
1956 5664 2264 5757 iniquitate:
2295 5677 2528 5736 secunda
2582 5686 2706 5737 ante
2754 5672 2966 5738 vorsum
3012 5680 3265 5757 Egressus
3299 5694 3371 5735 ει..
