  <div class='ocr_page' id='page_1' title='image "/cluster/home/n/w/nwhite01/storage/ocr_20150623/150/hvd.32044015473788/243.png"; bbox 0 0 1969 3144; ppageno 0'>
   <div class='ocr_carea' id='block_1_1' title="bbox 259 160 312 190">
    <p class='ocr_par' dir='ltr' id='par_1_1' title="bbox 259 160 312 190">
     <span class='ocr_line' id='line_1_1' title="bbox 259 160 312 190; baseline -0.038 -1"><span class='ocrx_word' id='word_1_1' title='bbox 259 160 312 190; x_wconf 70' lang='grc'><strong>679</strong></span> 
     </span>
    </p>
   </div>
   <div class='ocr_carea' id='block_1_2' title="bbox 759 141 1394 194">
    <p class='ocr_par' dir='ltr' id='par_1_2' title="bbox 759 141 1394 194">
     <span class='ocr_line' id='line_1_2' title="bbox 759 141 1394 194; baseline 0 -4"><span class='ocrx_word' id='word_1_2' title='bbox 759 163 793 191; x_wconf 79' lang='grc' dir='ltr'><strong>Β.</strong></span> <span class='ocrx_word' id='word_1_3' title='bbox 810 141 1006 194; x_wconf 57' lang='grc' dir='ltr'><strong>ιιΔιὲεειΔΝω</strong></span> <span class='ocrx_word' id='word_1_4' title='bbox 1025 162 1200 193; x_wconf 68' lang='lat' dir='ltr'><strong>CANTUML</strong></span> <span class='ocrx_word' id='word_1_5' title='bbox 1219 161 1394 190; x_wconf 60' lang='lat' dir='ltr'><strong>ARCHIEP.‘</strong></span> 
     </span>
    </p>
   </div>
   <div class='ocr_carea' id='block_1_3' title="bbox 1824 161 1869 190">
    <p class='ocr_par' dir='ltr' id='par_1_3' title="bbox 1824 161 1869 190">
     <span class='ocr_line' id='line_1_3' title="bbox 1824 161 1869 190; baseline 0 -2"><span class='ocrx_word' id='word_1_6' title='bbox 1824 161 1869 190; x_wconf 65' lang='grc' dir='ltr'><strong>ωε</strong></span> 
     </span>
    </p>
   </div>
   <div class='ocr_carea' id='block_1_4' title="bbox 258 214 1868 255">
    <p class='ocr_par' dir='ltr' id='par_1_4' title="bbox 258 214 1868 255">
     <span class='ocr_line' id='line_1_4' title="bbox 258 214 1868 255; baseline -0.002 -8"><span class='ocrx_word' id='word_1_7' title='bbox 258 219 383 255; x_wconf 77' lang='lat' dir='ltr'><strong>Hymnus</strong></span> <span class='ocrx_word' id='word_1_8' title='bbox 395 218 428 246; x_wconf 81' lang='lat' dir='ltr'><strong>ad</strong></span> <span class='ocrx_word' id='word_1_9' title='bbox 442 217 650 246; x_wconf 66' lang='lat' dir='ltr'><strong>laudes-Lauri:</strong></span> <span class='ocrx_word' id='word_1_10' title='bbox 664 227 719 248; x_wconf 65' lang='lat' dir='ltr'><strong>rex.</strong></span> <span class='ocrx_word' id='word_1_11' title='bbox 734 218 816 248; x_wconf 80' lang='lat' dir='ltr'><strong>Missa</strong></span> <span class='ocrx_word' id='word_1_12' title='bbox 828 220 995 248; x_wconf 79' lang='lat' dir='ltr'><strong>matutinalis</strong></span> <span class='ocrx_word' id='word_1_13' title='bbox 1011 220 1044 247; x_wconf 90' lang='lat' dir='ltr'><strong>de</strong></span> <span class='ocrx_word' id='word_1_14' title='bbox 1056 221 1080 251; x_wconf 65' lang='grc' dir='ltr'><strong>Α</strong></span> <span class='ocrx_word' id='word_1_15' title='bbox 1095 224 1196 254; x_wconf 84' lang='lat' dir='ltr'><strong>quente</strong></span> <span class='ocrx_word' id='word_1_16' title='bbox 1204 218 1330 250; x_wconf 84' lang='lat' dir='ltr'><strong>diacono.</strong></span> <span class='ocrx_word' id='word_1_17' title='bbox 1343 221 1372 245; x_wconf 88' lang='lat' dir='ltr'><strong>et</strong></span> <span class='ocrx_word' id='word_1_18' title='bbox 1383 217 1472 253; x_wconf 87' lang='lat' dir='ltr'><strong>poslto</strong></span> <span class='ocrx_word' id='word_1_19' title='bbox 1483 216 1583 245; x_wconf 78' lang='lat' dir='ltr'><strong>missali</strong></span> <span class='ocrx_word' id='word_1_20' title='bbox 1596 222 1680 251; x_wconf 82' lang='lat' dir='ltr'><strong>super</strong></span> <span class='ocrx_word' id='word_1_21' title='bbox 1692 214 1779 244; x_wconf 81' lang='lat' dir='ltr'><strong>altare</strong></span> <span class='ocrx_word' id='word_1_22' title='bbox 1797 215 1868 246; x_wconf 71' lang='lat' dir='ltr'><strong>faciat</strong></span> 
     </span>
    </p>
   </div>
   <div class='ocr_carea' id='block_1_5' title="bbox 257 262 1048 300">
    <p class='ocr_par' dir='ltr' id='par_1_5' title="bbox 257 262 1048 300">
     <span class='ocr_line' id='line_1_5' title="bbox 257 262 1048 300; baseline 0.001 -9"><span class='ocrx_word' id='word_1_23' title='bbox 257 263 434 299; x_wconf 85' lang='lat' dir='ltr'><strong>martyribus.</strong></span> <span class='ocrx_word' id='word_1_24' title='bbox 446 262 533 297; x_wconf 85' lang='lat' dir='ltr'><strong>major</strong></span> <span class='ocrx_word' id='word_1_25' title='bbox 544 264 675 291; x_wconf 83' lang='lat' dir='ltr'><strong>desancta</strong></span> <span class='ocrx_word' id='word_1_26' title='bbox 697 272 786 295; x_wconf 84' lang='lat' dir='ltr'><strong>cruce,</strong></span> <span class='ocrx_word' id='word_1_27' title='bbox 796 265 890 300; x_wconf 79' lang='lat' dir='ltr'><strong>psalmi</strong></span> <span class='ocrx_word' id='word_1_28' title='bbox 905 265 938 292; x_wconf 86' lang='lat' dir='ltr'><strong>ad</strong></span> <span class='ocrx_word' id='word_1_29' title='bbox 953 272 1048 299; x_wconf 64' lang='lat' dir='ltr'><strong>vespcv</strong></span> 
     </span>
    </p>
   </div>
   <div class='ocr_carea' id='block_1_6' title="bbox 259 307 1048 342">
    <p class='ocr_par' dir='ltr' id='par_1_6' title="bbox 259 307 1048 342">
     <span class='ocr_line' id='line_1_6' title="bbox 259 307 1048 342; baseline 0.003 -6"><span class='ocrx_word' id='word_1_30' title='bbox 259 315 306 336; x_wconf 81' lang='lat' dir='ltr'><strong>ras</strong></span> <span class='ocrx_word' id='word_1_31' title='bbox 321 307 394 335; x_wconf 70' lang='lat' dir='ltr'><strong>Dixit</strong></span> <span class='ocrx_word' id='word_1_32' title='bbox 409 307 548 340; x_wconf 73' lang='lat' dir='ltr'><strong>Dominus,</strong></span> <span class='ocrx_word' id='word_1_33' title='bbox 575 307 733 340; x_wconf 77' lang='lat' dir='ltr'><strong>Conﬁtebor,</strong></span> <span class='ocrx_word' id='word_1_34' title='bbox 755 309 854 337; x_wconf 79' lang='lat' dir='ltr'><strong>Beatus</strong></span> <span class='ocrx_word' id='word_1_35' title='bbox 868 311 916 342; x_wconf 72' lang='lat' dir='ltr'><strong>vir,</strong></span> <span class='ocrx_word' id='word_1_36' title='bbox 929 309 1048 338; x_wconf 76' lang='lat' dir='ltr'><strong>Laudnte</strong></span> 
     </span>
    </p>
   </div>
   <div class='ocr_carea' id='block_1_7' title="bbox 258 353 692 389">
    <p class='ocr_par' dir='ltr' id='par_1_7' title="bbox 258 353 692 389">
     <span class='ocr_line' id='line_1_7' title="bbox 258 353 692 389; baseline 0.002 -9"><span class='ocrx_word' id='word_1_37' title='bbox 258 354 346 389; x_wconf 78' lang='lat' dir='ltr'><strong>pueri.</strong></span> <span class='ocrx_word' id='word_1_38' title='bbox 363 354 479 389; x_wconf 86' lang='lat' dir='ltr'><strong>hymnus</strong></span> <span class='ocrx_word' id='word_1_39' title='bbox 499 353 600 381; x_wconf 73' lang='lat' dir='ltr'><strong>Vexilla</strong></span> <span class='ocrx_word' id='word_1_40' title='bbox 614 355 692 389; x_wconf 74' lang='lat' dir='ltr'><strong>regis.</strong></span> 
     </span>
    </p>
   </div>
   <div class='ocr_carea' id='block_1_8' title="bbox 295 399 1049 428">
    <p class='ocr_par' dir='ltr' id='par_1_8' title="bbox 295 399 1049 428">
     <span class='ocr_line' id='line_1_8' title="bbox 295 399 1049 428; baseline 0.003 -2"><span class='ocrx_word' id='word_1_41' title='bbox 295 399 324 427; x_wconf 89' lang='lat' dir='ltr'><strong>In</strong></span> <span class='ocrx_word' id='word_1_42' title='bbox 337 399 507 428; x_wconf 80' lang='lat' dir='ltr'><strong>Exaltatione</strong></span> <span class='ocrx_word' id='word_1_43' title='bbox 524 403 624 426; x_wconf 63' lang='lat' dir='ltr'><strong>sancta</strong></span> <span class='ocrx_word' id='word_1_44' title='bbox 634 399 724 427; x_wconf 87' lang='lat' dir='ltr'><strong>crucis</strong></span> <span class='ocrx_word' id='word_1_45' title='bbox 748 399 836 427; x_wconf 82' lang='lat' dir='ltr'><strong>simile</strong></span> <span class='ocrx_word' id='word_1_46' title='bbox 855 400 996 427; x_wconf 82' lang='lat' dir='ltr'><strong>servitium</strong></span> <span class='ocrx_word' id='word_1_47' title='bbox 1006 404 1049 428; x_wconf 85' lang='lat' dir='ltr'><strong>est</strong></span> 
     </span>
    </p>
   </div>
   <div class='ocr_carea' id='block_1_9' title="bbox 259 443 1049 479">
    <p class='ocr_par' dir='ltr' id='par_1_9' title="bbox 259 443 1049 479">
     <span class='ocr_line' id='line_1_9' title="bbox 259 443 1049 479; baseline -0.001 -7"><span class='ocrx_word' id='word_1_48' title='bbox 259 444 373 472; x_wconf 70' lang='lat' dir='ltr'><strong>servitio</strong></span> <span class='ocrx_word' id='word_1_49' title='bbox 385 444 548 472; x_wconf 83' lang='lat' dir='ltr'><strong>lnventionis</strong></span> <span class='ocrx_word' id='word_1_50' title='bbox 558 443 689 478; x_wconf 82' lang='lat' dir='ltr'><strong>ejusdem,</strong></span> <span class='ocrx_word' id='word_1_51' title='bbox 703 444 754 471; x_wconf 88' lang='lat' dir='ltr'><strong>nisi</strong></span> <span class='ocrx_word' id='word_1_52' title='bbox 767 445 839 479; x_wconf 92' lang='lat' dir='ltr'><strong>quod</strong></span> <span class='ocrx_word' id='word_1_53' title='bbox 855 444 882 471; x_wconf 90' lang='lat' dir='ltr'><strong>in</strong></span> <span class='ocrx_word' id='word_1_54' title='bbox 891 445 943 472; x_wconf 86' lang='lat' dir='ltr'><strong>hac</strong></span> <span class='ocrx_word' id='word_1_55' title='bbox 953 448 1049 472; x_wconf 88' lang='lat' dir='ltr'><strong>sancta</strong></span> 
     </span>
    </p>
   </div>
   <div class='ocr_carea' id='block_1_10' title="bbox 260 487 1048 523">
    <p class='ocr_par' dir='ltr' id='par_1_10' title="bbox 260 487 1048 523">
     <span class='ocr_line' id='line_1_10' title="bbox 260 487 1048 523; baseline 0.001 -8"><span class='ocrx_word' id='word_1_56' title='bbox 260 496 331 516; x_wconf 78' lang='lat' dir='ltr'><strong>crux</strong></span> <span class='ocrx_word' id='word_1_57' title='bbox 342 488 481 521; x_wconf 73' lang='lat' dir='ltr'><strong>aduratur,</strong></span> <span class='ocrx_word' id='word_1_58' title='bbox 498 488 524 514; x_wconf 84' lang='lat' dir='ltr'><strong>in</strong></span> <span class='ocrx_word' id='word_1_59' title='bbox 540 487 586 516; x_wconf 89' lang='lat' dir='ltr'><strong>illa</strong></span> <span class='ocrx_word' id='word_1_60' title='bbox 600 488 720 515; x_wconf 86' lang='lat' dir='ltr'><strong>minime.</strong></span> <span class='ocrx_word' id='word_1_61' title='bbox 735 488 764 515; x_wconf 87' lang='lat' dir='ltr'><strong>In</strong></span> <span class='ocrx_word' id='word_1_62' title='bbox 778 488 830 516; x_wconf 86' lang='lat' dir='ltr'><strong>hac</strong></span> <span class='ocrx_word' id='word_1_63' title='bbox 845 488 936 523; x_wconf 89' lang='lat' dir='ltr'><strong>itaque</strong></span> <span class='ocrx_word' id='word_1_64' title='bbox 947 488 1048 516; x_wconf 82' lang='lat' dir='ltr'><strong>solem-</strong></span> 
     </span>
    </p>
   </div>
   <div class='ocr_carea' id='block_1_11' title="bbox 262 532 1050 569">
    <p class='ocr_par' dir='ltr' id='par_1_11' title="bbox 262 532 1050 569">
     <span class='ocr_line' id='line_1_11' title="bbox 262 532 1050 569; baseline -0.001 -8"><span class='ocrx_word' id='word_1_65' title='bbox 262 533 358 565; x_wconf 85' lang='lat' dir='ltr'><strong>nitate,</strong></span> <span class='ocrx_word' id='word_1_66' title='bbox 382 533 453 560; x_wconf 91' lang='lat' dir='ltr'><strong>dicta</strong></span> <span class='ocrx_word' id='word_1_67' title='bbox 479 532 582 564; x_wconf 85' lang='lat' dir='ltr'><strong>Tertia,</strong></span> <span class='ocrx_word' id='word_1_68' title='bbox 609 537 747 560; x_wconf 86' lang='lat' dir='ltr'><strong>sternatur</strong></span> <span class='ocrx_word' id='word_1_69' title='bbox 762 533 959 569; x_wconf 82' lang='lat' dir='ltr'><strong>presbyterium</strong></span> <span class='ocrx_word' id='word_1_70' title='bbox 976 537 1050 568; x_wconf 84' lang='lat' dir='ltr'><strong>tape-</strong></span> 
     </span>
    </p>
   </div>
   <div class='ocr_carea' id='block_1_12' title="bbox 263 577 1050 612">
    <p class='ocr_par' dir='ltr' id='par_1_12' title="bbox 263 577 1050 612">
     <span class='ocr_line' id='line_1_12' title="bbox 263 577 1050 612; baseline 0 -7"><span class='ocrx_word' id='word_1_71' title='bbox 263 577 345 609; x_wconf 82' lang='lat' dir='ltr'><strong>tibus,</strong></span> <span class='ocrx_word' id='word_1_72' title='bbox 359 584 446 612; x_wconf 85' lang='lat' dir='ltr'><strong>usque</strong></span> <span class='ocrx_word' id='word_1_73' title='bbox 460 577 495 604; x_wconf 80' lang='lat' dir='ltr'><strong>ad</strong></span> <span class='ocrx_word' id='word_1_74' title='bbox 508 577 594 612; x_wconf 92' lang='lat' dir='ltr'><strong>majus</strong></span> <span class='ocrx_word' id='word_1_75' title='bbox 608 577 694 605; x_wconf 84' lang='lat' dir='ltr'><strong>altare</strong></span> <span class='ocrx_word' id='word_1_76' title='bbox 706 586 713 609; x_wconf 84' lang='lat'><strong>;</strong></span> <span class='ocrx_word' id='word_1_77' title='bbox 743 585 796 612; x_wconf 86' lang='lat' dir='ltr'><strong>quo</strong></span> <span class='ocrx_word' id='word_1_78' title='bbox 818 577 889 605; x_wconf 89' lang='lat' dir='ltr'><strong>facto</strong></span> <span class='ocrx_word' id='word_1_79' title='bbox 904 582 1001 605; x_wconf 76' lang='lat' dir='ltr'><strong>exeant</strong></span> <span class='ocrx_word' id='word_1_80' title='bbox 1016 578 1050 605; x_wconf 88' lang='lat' dir='ltr'><strong>de</strong></span> 
     </span>
    </p>
   </div>
   <div class='ocr_carea' id='block_1_13' title="bbox 262 621 1050 660">
    <p class='ocr_par' dir='ltr' id='par_1_13' title="bbox 262 621 1050 660">
     <span class='ocr_line' id='line_1_13' title="bbox 262 621 1050 660; baseline 0 -12"><span class='ocrx_word' id='word_1_81' title='bbox 262 625 342 657; x_wconf 83' lang='lat' dir='ltr'><strong>parte</strong></span> <span class='ocrx_word' id='word_1_82' title='bbox 353 621 518 648; x_wconf 83' lang='lat' dir='ltr'><strong>matulinalis</strong></span> <span class='ocrx_word' id='word_1_83' title='bbox 533 621 626 648; x_wconf 79' lang='lat' dir='ltr'><strong>altaris</strong></span> <span class='ocrx_word' id='word_1_84' title='bbox 640 622 694 648; x_wconf 91' lang='lat' dir='ltr'><strong>duo</strong></span> <span class='ocrx_word' id='word_1_85' title='bbox 706 621 805 648; x_wconf 76' lang='lat' dir='ltr'><strong>fratres</strong></span> <span class='ocrx_word' id='word_1_86' title='bbox 816 623 843 649; x_wconf 92' lang='lat' dir='ltr'><strong>in</strong></span> <span class='ocrx_word' id='word_1_87' title='bbox 859 621 938 653; x_wconf 87' lang='lat' dir='ltr'><strong>albis,</strong></span> <span class='ocrx_word' id='word_1_88' title='bbox 952 621 1050 660; x_wconf 85' lang='lat' dir='ltr'><strong>quibus</strong></span> 
     </span>
    </p>
   </div>
   <div class='ocr_carea' id='block_1_14' title="bbox 261 665 1049 701">
    <p class='ocr_par' dir='ltr' id='par_1_14' title="bbox 261 665 1049 701">
     <span class='ocr_line' id='line_1_14' title="bbox 261 665 1049 701; baseline 0 -8"><span class='ocrx_word' id='word_1_89' title='bbox 261 669 360 693; x_wconf 79' lang='lat' dir='ltr'><strong>cantor</strong></span> <span class='ocrx_word' id='word_1_90' title='bbox 385 665 555 700; x_wconf 62' lang='lat' dir='ltr'><strong>praeceperit,</strong></span> <span class='ocrx_word' id='word_1_91' title='bbox 584 670 724 701; x_wconf 73' lang='lat' dir='ltr'><strong>portantes</strong></span> <span class='ocrx_word' id='word_1_92' title='bbox 748 673 858 693; x_wconf 88' lang='lat' dir='ltr'><strong>crucem</strong></span> <span class='ocrx_word' id='word_1_93' title='bbox 884 671 1049 700; x_wconf 72' lang='lat' dir='ltr'><strong>conpertam,</strong></span> 
     </span>
    </p>
   </div>
   <div class='ocr_carea' id='block_1_15' title="bbox 261 710 1052 747">
    <p class='ocr_par' dir='ltr' id='par_1_15' title="bbox 261 710 1052 747">
     <span class='ocr_line' id='line_1_15' title="bbox 261 710 1052 747; baseline 0.001 -9"><span class='ocrx_word' id='word_1_94' title='bbox 261 711 351 738; x_wconf 76' lang='lat' dir='ltr'><strong>donec</strong></span> <span class='ocrx_word' id='word_1_95' title='bbox 364 710 474 744; x_wconf 83' lang='lat' dir='ltr'><strong>veniant</strong></span> <span class='ocrx_word' id='word_1_96' title='bbox 495 718 578 746; x_wconf 82' lang='lat' dir='ltr'><strong>super</strong></span> <span class='ocrx_word' id='word_1_97' title='bbox 605 712 717 745; x_wconf 75' lang='lat' dir='ltr'><strong>graium</strong></span> <span class='ocrx_word' id='word_1_98' title='bbox 744 712 788 747; x_wconf 90' lang='lat' dir='ltr'><strong>qui</strong></span> <span class='ocrx_word' id='word_1_99' title='bbox 813 717 875 739; x_wconf 86' lang='lat' dir='ltr'><strong>ante</strong></span> <span class='ocrx_word' id='word_1_100' title='bbox 898 711 983 739; x_wconf 85' lang='lat' dir='ltr'><strong>altare</strong></span> <span class='ocrx_word' id='word_1_101' title='bbox 1009 716 1052 742; x_wconf 83' lang='lat' dir='ltr'><strong>est</strong></span> 
     </span>
    </p>
   </div>
   <div class='ocr_carea' id='block_1_16' title="bbox 261 754 1050 791">
    <p class='ocr_par' dir='ltr' id='par_1_16' title="bbox 261 754 1050 791">
     <span class='ocr_line' id='line_1_16' title="bbox 261 754 1050 791; baseline 0.005 -11"><span class='ocrx_word' id='word_1_102' title='bbox 261 754 373 790; x_wconf 76' lang='lat' dir='ltr'><strong>propior</strong></span> <span class='ocrx_word' id='word_1_103' title='bbox 383 754 432 789; x_wconf 89' lang='lat' dir='ltr'><strong>ipsi</strong></span> <span class='ocrx_word' id='word_1_104' title='bbox 448 754 540 787; x_wconf 78' lang='lat' dir='ltr'><strong>altari;</strong></span> <span class='ocrx_word' id='word_1_105' title='bbox 557 759 621 782; x_wconf 88' lang='lat' dir='ltr'><strong>tunc</strong></span> <span class='ocrx_word' id='word_1_106' title='bbox 648 763 662 782; x_wconf 90' lang='lat' dir='ltr'><strong>a</strong></span> <span class='ocrx_word' id='word_1_107' title='bbox 682 756 855 790; x_wconf 77' lang='lat' dir='ltr'><strong>portantibus</strong></span> <span class='ocrx_word' id='word_1_108' title='bbox 880 756 1050 791; x_wconf 84' lang='lat' dir='ltr'><strong>discooperto</strong></span> 
     </span>
    </p>
   </div>
   <div class='ocr_carea' id='block_1_17' title="bbox 268 799 1051 838">
    <p class='ocr_par' dir='ltr' id='par_1_17' title="bbox 268 799 1051 838">
     <span class='ocr_line' id='line_1_17' title="bbox 268 799 1051 838; baseline 0.003 -11"><span class='ocrx_word' id='word_1_109' title='bbox 268 807 358 837; x_wconf 78' lang='lat' dir='ltr'><strong>cruce,</strong></span> <span class='ocrx_word' id='word_1_110' title='bbox 372 800 443 828; x_wconf 88' lang='lat' dir='ltr'><strong>etab</strong></span> <span class='ocrx_word' id='word_1_111' title='bbox 459 799 561 829; x_wconf 85' lang='lat' dir='ltr'><strong>eisdem</strong></span> <span class='ocrx_word' id='word_1_112' title='bbox 572 800 690 836; x_wconf 73' lang='lat' dir='ltr'><strong>inctepta</strong></span> <span class='ocrx_word' id='word_1_113' title='bbox 708 801 862 838; x_wconf 81' lang='lat' dir='ltr'><strong>Antiphona</strong></span> <span class='ocrx_word' id='word_1_114' title='bbox 874 801 942 829; x_wconf 73' lang='lat' dir='ltr'><strong>Ecce</strong></span> <span class='ocrx_word' id='word_1_115' title='bbox 952 801 1051 837; x_wconf 81' lang='lat' dir='ltr'><strong>lignum</strong></span> 
     </span>
    </p>
   </div>
   <div class='ocr_carea' id='block_1_18' title="bbox 260 845 1051 883">
    <p class='ocr_par' dir='ltr' id='par_1_18' title="bbox 260 845 1051 883">
     <span class='ocr_line' id='line_1_18' title="bbox 260 845 1051 883; baseline 0.004 -11"><span class='ocrx_word' id='word_1_116' title='bbox 260 845 363 877; x_wconf 74' lang='lat' dir='ltr'><strong>crucis,</strong></span> <span class='ocrx_word' id='word_1_117' title='bbox 377 852 472 878; x_wconf 81' lang='lat' dir='ltr'><strong>omnes</strong></span> <span class='ocrx_word' id='word_1_118' title='bbox 497 845 720 882; x_wconf 73' lang='lat' dir='ltr'><strong>flectantgenua,</strong></span> <span class='ocrx_word' id='word_1_119' title='bbox 745 855 777 875; x_wconf 87' lang='lat' dir='ltr'><strong>ac</strong></span> <span class='ocrx_word' id='word_1_120' title='bbox 802 847 898 875; x_wconf 90' lang='lat' dir='ltr'><strong>deinde</strong></span> <span class='ocrx_word' id='word_1_121' title='bbox 916 854 997 883; x_wconf 87' lang='lat' dir='ltr'><strong>super</strong></span> <span class='ocrx_word' id='word_1_122' title='bbox 1010 852 1051 875; x_wconf 86' lang='lat' dir='ltr'><strong>ta-</strong></span> 
     </span>
    </p>
   </div>
   <div class='ocr_carea' id='block_1_19' title="bbox 1098 261 1869 301">
    <p class='ocr_par' dir='ltr' id='par_1_19' title="bbox 1098 261 1869 301">
     <span class='ocr_line' id='line_1_19' title="bbox 1098 261 1869 301; baseline -0.004 -8"><span class='ocrx_word' id='word_1_123' title='bbox 1098 265 1180 301; x_wconf 69' lang='lat'><strong>275</strong></span> <span class='ocrx_word' id='word_1_124' title='bbox 1204 265 1355 292; x_wconf 86' lang='lat' dir='ltr'><strong>orationem</strong></span> <span class='ocrx_word' id='word_1_125' title='bbox 1385 262 1542 299; x_wconf 83' lang='lat' dir='ltr'><strong>suppliciter</strong></span> <span class='ocrx_word' id='word_1_126' title='bbox 1569 261 1730 293; x_wconf 81' lang='lat' dir='ltr'><strong>inclinatus;</strong></span> <span class='ocrx_word' id='word_1_127' title='bbox 1755 261 1869 297; x_wconf 70' lang='lat' dir='ltr'><strong>diaconus</strong></span> 
     </span>
    </p>
   </div>
   <div class='ocr_carea' id='block_1_20' title="bbox 1098 305 1871 345">
    <p class='ocr_par' dir='ltr' id='par_1_20' title="bbox 1098 305 1871 345">
     <span class='ocr_line' id='line_1_20' title="bbox 1098 305 1871 345; baseline -0.003 -8"><span class='ocrx_word' id='word_1_128' title='bbox 1098 316 1206 345; x_wconf 86' lang='lat' dir='ltr'><strong>quoque</strong></span> <span class='ocrx_word' id='word_1_129' title='bbox 1232 314 1306 336; x_wconf 87' lang='lat' dir='ltr'><strong>retro</strong></span> <span class='ocrx_word' id='word_1_130' title='bbox 1318 313 1379 345; x_wconf 85' lang='lat' dir='ltr'><strong>post</strong></span> <span class='ocrx_word' id='word_1_131' title='bbox 1403 315 1466 336; x_wconf 86' lang='lat' dir='ltr'><strong>eum</strong></span> <span class='ocrx_word' id='word_1_132' title='bbox 1491 306 1738 339; x_wconf 72' lang='lat' dir='ltr'><strong>similiter-faciat;</strong></span> <span class='ocrx_word' id='word_1_133' title='bbox 1761 305 1871 342; x_wconf 81' lang='lat' dir='ltr'><strong>factaque</strong></span> 
     </span>
    </p>
   </div>
   <div class='ocr_carea' id='block_1_21' title="bbox 1097 350 1869 390">
    <p class='ocr_par' dir='ltr' id='par_1_21' title="bbox 1097 350 1869 390">
     <span class='ocr_line' id='line_1_21' title="bbox 1097 350 1869 390; baseline -0.001 -9"><span class='ocrx_word' id='word_1_134' title='bbox 1097 354 1223 381; x_wconf 88' lang='lat' dir='ltr'><strong>oratione</strong></span> <span class='ocrx_word' id='word_1_135' title='bbox 1247 354 1336 390; x_wconf 75' lang='lat' dir='ltr'><strong>signet</strong></span> <span class='ocrx_word' id='word_1_136' title='bbox 1359 361 1390 382; x_wconf 84' lang='lat' dir='ltr'><strong>se</strong></span> <span class='ocrx_word' id='word_1_137' title='bbox 1399 352 1535 387; x_wconf 79' lang='lat' dir='ltr'><strong>sacerdos,</strong></span> <span class='ocrx_word' id='word_1_138' title='bbox 1566 355 1595 379; x_wconf 89' lang='lat' dir='ltr'><strong>et</strong></span> <span class='ocrx_word' id='word_1_139' title='bbox 1620 350 1759 379; x_wconf 83' lang='lat' dir='ltr'><strong>osculetur</strong></span> <span class='ocrx_word' id='word_1_140' title='bbox 1783 355 1869 380; x_wconf 78' lang='lat' dir='ltr'><strong>textum</strong></span> 
     </span>
    </p>
   </div>
   <div class='ocr_carea' id='block_1_22' title="bbox 1098 395 1870 435">
    <p class='ocr_par' dir='ltr' id='par_1_22' title="bbox 1098 395 1870 435">
     <span class='ocr_line' id='line_1_22' title="bbox 1098 395 1870 435; baseline -0.005 -9"><span class='ocrx_word' id='word_1_141' title='bbox 1098 399 1248 435; x_wconf 77' lang='lat' dir='ltr'><strong>Evangelii,</strong></span> <span class='ocrx_word' id='word_1_142' title='bbox 1263 406 1346 434; x_wconf 87' lang='lat' dir='ltr'><strong>quem</strong></span> <span class='ocrx_word' id='word_1_143' title='bbox 1358 398 1536 426; x_wconf 85' lang='lat' dir='ltr'><strong>subdiaconus</strong></span> <span class='ocrx_word' id='word_1_144' title='bbox 1560 403 1643 430; x_wconf 84' lang='lat' dir='ltr'><strong>super</strong></span> <span class='ocrx_word' id='word_1_145' title='bbox 1665 395 1753 422; x_wconf 89' lang='lat' dir='ltr'><strong>altare</strong></span> <span class='ocrx_word' id='word_1_146' title='bbox 1768 396 1870 430; x_wconf 86' lang='lat' dir='ltr'><strong>positum</strong></span> 
     </span>
    </p>
   </div>
   <div class='ocr_carea' id='block_1_23' title="bbox 1099 440 1873 478">
    <p class='ocr_par' dir='ltr' id='par_1_23' title="bbox 1099 440 1873 478">
     <span class='ocr_line' id='line_1_23' title="bbox 1099 440 1873 478; baseline -0.001 -7"><span class='ocrx_word' id='word_1_147' title='bbox 1099 444 1199 472; x_wconf 82' lang='lat' dir='ltr'><strong>habere</strong></span> <span class='ocrx_word' id='word_1_148' title='bbox 1212 444 1307 477; x_wconf 82' lang='lat' dir='ltr'><strong>debet;</strong></span> <span class='ocrx_word' id='word_1_149' title='bbox 1326 444 1454 471; x_wconf 81' lang='lat' dir='ltr'><strong>diaconus</strong></span> <span class='ocrx_word' id='word_1_150' title='bbox 1467 449 1573 478; x_wconf 89' lang='lat' dir='ltr'><strong>quoque</strong></span> <span class='ocrx_word' id='word_1_151' title='bbox 1590 440 1718 470; x_wconf 84' lang='lat' dir='ltr'><strong>similiter</strong></span> <span class='ocrx_word' id='word_1_152' title='bbox 1726 440 1830 475; x_wconf 69' lang='lat' dir='ltr'><strong>signans</strong></span> <span class='ocrx_word' id='word_1_153' title='bbox 1847 449 1873 470; x_wconf 78' lang='lat' dir='ltr'><strong>te</strong></span> 
     </span>
    </p>
   </div>
   <div class='ocr_carea' id='block_1_24' title="bbox 1099 484 1870 520">
    <p class='ocr_par' dir='ltr' id='par_1_24' title="bbox 1099 484 1870 520">
     <span class='ocr_line' id='line_1_24' title="bbox 1099 484 1870 520; baseline -0.005 -5"><span class='ocrx_word' id='word_1_154' title='bbox 1099 488 1181 516; x_wconf 83' lang='lat' dir='ltr'><strong>faciat</strong></span> <span class='ocrx_word' id='word_1_155' title='bbox 1193 492 1257 516; x_wconf 87' lang='lat' dir='ltr'><strong>ante</strong></span> <span class='ocrx_word' id='word_1_156' title='bbox 1267 492 1295 515; x_wconf 83' lang='lat' dir='ltr'><strong>et</strong></span> <span class='ocrx_word' id='word_1_157' title='bbox 1314 492 1398 520; x_wconf 85' lang='lat' dir='ltr'><strong>retro,</strong></span> <span class='ocrx_word' id='word_1_158' title='bbox 1415 491 1444 515; x_wconf 85' lang='lat' dir='ltr'><strong>et</strong></span> <span class='ocrx_word' id='word_1_159' title='bbox 1459 486 1570 515; x_wconf 84' lang='lat' dir='ltr'><strong>veniens</strong></span> <span class='ocrx_word' id='word_1_160' title='bbox 1586 486 1621 514; x_wconf 87' lang='lat' dir='ltr'><strong>ad</strong></span> <span class='ocrx_word' id='word_1_161' title='bbox 1643 484 1781 515; x_wconf 76' lang='lat' dir='ltr'><strong>sinistram</strong></span> <span class='ocrx_word' id='word_1_162' title='bbox 1793 492 1870 512; x_wconf 60' lang='lat' dir='ltr'><strong>sacer.</strong></span> 
     </span>
    </p>
   </div>
   <div class='ocr_carea' id='block_1_25' title="bbox 1100 526 1871 565">
    <p class='ocr_par' dir='ltr' id='par_1_25' title="bbox 1100 526 1871 565">
     <span class='ocr_line' id='line_1_25' title="bbox 1100 526 1871 565; baseline -0.006 -4"><span class='ocrx_word' id='word_1_163' title='bbox 1100 533 1170 561; x_wconf 82' lang='lat' dir='ltr'><strong>dotis</strong></span> <span class='ocrx_word' id='word_1_164' title='bbox 1180 533 1316 561; x_wconf 87' lang='lat' dir='ltr'><strong>osculetur</strong></span> <span class='ocrx_word' id='word_1_165' title='bbox 1331 540 1415 560; x_wconf 89' lang='lat' dir='ltr'><strong>cornu</strong></span> <span class='ocrx_word' id='word_1_166' title='bbox 1428 526 1537 565; x_wconf 78' lang='lat' dir='ltr'><strong>altaris;</strong></span> <span class='ocrx_word' id='word_1_167' title='bbox 1551 531 1649 559; x_wconf 90' lang='lat' dir='ltr'><strong>dehinc</strong></span> <span class='ocrx_word' id='word_1_168' title='bbox 1678 529 1778 558; x_wconf 86' lang='lat' dir='ltr'><strong>faciant</strong></span> <span class='ocrx_word' id='word_1_169' title='bbox 1803 529 1871 557; x_wconf 87' lang='lat' dir='ltr'><strong>simul</strong></span> 
     </span>
    </p>
   </div>
   <div class='ocr_carea' id='block_1_26' title="bbox 1100 575 1872 612">
    <p class='ocr_par' dir='ltr' id='par_1_26' title="bbox 1100 575 1872 612">
     <span class='ocr_line' id='line_1_26' title="bbox 1100 575 1872 612; baseline -0.004 -6"><span class='ocrx_word' id='word_1_170' title='bbox 1100 579 1309 610; x_wconf 71' lang='lat' dir='ltr'><strong>confessionem.</strong></span> <span class='ocrx_word' id='word_1_171' title='bbox 1325 579 1384 612; x_wconf 82' lang='lat' dir='ltr'><strong>Qua</strong></span> <span class='ocrx_word' id='word_1_172' title='bbox 1395 578 1476 609; x_wconf 82' lang='lat' dir='ltr'><strong>facta,</strong></span> <span class='ocrx_word' id='word_1_173' title='bbox 1492 577 1618 612; x_wconf 87' lang='lat' dir='ltr'><strong>imposito</strong></span> <span class='ocrx_word' id='word_1_174' title='bbox 1628 584 1643 603; x_wconf 92' lang='lat' dir='ltr'><strong>a</strong></span> <span class='ocrx_word' id='word_1_175' title='bbox 1653 575 1794 604; x_wconf 79' lang='lat' dir='ltr'><strong>sacerdote</strong></span> <span class='ocrx_word' id='word_1_176' title='bbox 1805 575 1872 603; x_wconf 82' lang='lat' dir='ltr'><strong>thure</strong></span> 
     </span>
    </p>
   </div>
   <div class='ocr_carea' id='block_1_27' title="bbox 1101 619 1870 658">
    <p class='ocr_par' dir='ltr' id='par_1_27' title="bbox 1101 619 1870 658">
     <span class='ocr_line' id='line_1_27' title="bbox 1101 619 1870 658; baseline -0.007 -8"><span class='ocrx_word' id='word_1_177' title='bbox 1101 623 1128 651; x_wconf 92' lang='lat' dir='ltr'><strong>in</strong></span> <span class='ocrx_word' id='word_1_178' title='bbox 1145 623 1296 658; x_wconf 77' lang='lat' dir='ltr'><strong>lhuribulo,</strong></span> <span class='ocrx_word' id='word_1_179' title='bbox 1311 623 1411 650; x_wconf 88' lang='lat' dir='ltr'><strong>tribuat</strong></span> <span class='ocrx_word' id='word_1_180' title='bbox 1424 622 1551 650; x_wconf 92' lang='lat' dir='ltr'><strong>diaconus</strong></span> <span class='ocrx_word' id='word_1_181' title='bbox 1563 620 1698 649; x_wconf 80' lang='lat' dir='ltr'><strong>sacerdoti</strong></span> <span class='ocrx_word' id='word_1_182' title='bbox 1711 619 1870 651; x_wconf 79' lang='lat' dir='ltr'><strong>thuribulum;</strong></span> 
     </span>
    </p>
   </div>
   <div class='ocr_carea' id='block_1_28' title="bbox 1097 662 1873 702">
    <p class='ocr_par' dir='ltr' id='par_1_28' title="bbox 1097 662 1873 702">
     <span class='ocr_line' id='line_1_28' title="bbox 1097 662 1873 702; baseline -0.005 -6"><span class='ocrx_word' id='word_1_183' title='bbox 1097 662 1228 698; x_wconf 25' lang='lat' dir='ltr'><strong>(sacer-dos</strong></span> <span class='ocrx_word' id='word_1_184' title='bbox 1239 669 1359 696; x_wconf 91' lang='lat' dir='ltr'><strong>incenset</strong></span> <span class='ocrx_word' id='word_1_185' title='bbox 1373 667 1458 695; x_wconf 87' lang='lat' dir='ltr'><strong>altare</strong></span> <span class='ocrx_word' id='word_1_186' title='bbox 1480 672 1543 702; x_wconf 81' lang='lat' dir='ltr'><strong>ante</strong></span> <span class='ocrx_word' id='word_1_187' title='bbox 1555 671 1582 701; x_wconf 78' lang='lat' dir='ltr'><strong>et</strong></span> <span class='ocrx_word' id='word_1_188' title='bbox 1596 667 1723 700; x_wconf 86' lang='lat' dir='ltr'><strong>desuper.</strong></span> <span class='ocrx_word' id='word_1_189' title='bbox 1740 665 1873 699; x_wconf 80' lang='lat' dir='ltr'><strong>reddatque</strong></span> 
     </span>
    </p>
   </div>
   <div class='ocr_carea' id='block_1_29' title="bbox 1096 707 1871 746">
    <p class='ocr_par' dir='ltr' id='par_1_29' title="bbox 1096 707 1871 746">
     <span class='ocr_line' id='line_1_29' title="bbox 1096 707 1871 746; baseline -0.006 -6"><span class='ocrx_word' id='word_1_190' title='bbox 1096 707 1235 746; x_wconf 76' lang='lat' dir='ltr'><strong>diacono;</strong></span> <span class='ocrx_word' id='word_1_191' title='bbox 1262 713 1392 740; x_wconf 86' lang='lat' dir='ltr'><strong>diaconus</strong></span> <span class='ocrx_word' id='word_1_192' title='bbox 1403 713 1525 740; x_wconf 89' lang='lat' dir='ltr'><strong>iucenset</strong></span> <span class='ocrx_word' id='word_1_193' title='bbox 1541 715 1656 745; x_wconf 84' lang='lat' dir='ltr'><strong>utraque</strong></span> <span class='ocrx_word' id='word_1_194' title='bbox 1669 709 1763 737; x_wconf 82' lang='lat' dir='ltr'><strong>altaris</strong></span> <span class='ocrx_word' id='word_1_195' title='bbox 1790 708 1871 741; x_wconf 81' lang='lat' dir='ltr'><strong>latera,</strong></span> 
     </span>
    </p>
   </div>
   <div class='ocr_carea' id='block_1_30' title="bbox 1101 754 1871 789">
    <p class='ocr_par' dir='ltr' id='par_1_30' title="bbox 1101 754 1871 789">
     <span class='ocr_line' id='line_1_30' title="bbox 1101 754 1871 789; baseline -0.006 -4"><span class='ocrx_word' id='word_1_196' title='bbox 1101 761 1129 785; x_wconf 87' lang='lat' dir='ltr'><strong>et</strong></span> <span class='ocrx_word' id='word_1_197' title='bbox 1149 757 1234 785; x_wconf 87' lang='lat' dir='ltr'><strong>altare</strong></span> <span class='ocrx_word' id='word_1_198' title='bbox 1253 757 1423 789; x_wconf 80' lang='lat' dir='ltr'><strong>matutinale,</strong></span> <span class='ocrx_word' id='word_1_199' title='bbox 1435 760 1464 784; x_wconf 90' lang='lat' dir='ltr'><strong>et</strong></span> <span class='ocrx_word' id='word_1_200' title='bbox 1482 756 1523 784; x_wconf 87' lang='lat' dir='ltr'><strong>sic</strong></span> <span class='ocrx_word' id='word_1_201' title='bbox 1544 754 1639 783; x_wconf 83' lang='lat' dir='ltr'><strong>reddat</strong></span> <span class='ocrx_word' id='word_1_202' title='bbox 1665 761 1811 786; x_wconf 89' lang='lat' dir='ltr'><strong>converso,</strong></span> <span class='ocrx_word' id='word_1_203' title='bbox 1824 754 1871 789; x_wconf 87' lang='lat' dir='ltr'><strong>qui,</strong></span> 
     </span>
    </p>
   </div>
   <div class='ocr_carea' id='block_1_31' title="bbox 1103 790 1873 835">
    <p class='ocr_par' dir='ltr' id='par_1_31' title="bbox 1103 790 1873 835">
     <span class='ocr_line' id='line_1_31' title="bbox 1103 790 1873 835; baseline -0.008 -5"><span class='ocrx_word' id='word_1_204' title='bbox 1103 802 1227 830; x_wconf 86' lang='lat' dir='ltr'><strong>deferens</strong></span> <span class='ocrx_word' id='word_1_205' title='bbox 1251 802 1281 830; x_wconf 89' lang='lat' dir='ltr'><strong>in</strong></span> <span class='ocrx_word' id='word_1_206' title='bbox 1304 802 1429 834; x_wconf 82' lang='lat' dir='ltr'><strong>chorum.</strong></span> <span class='ocrx_word' id='word_1_207' title='bbox 1453 799 1550 834; x_wconf 79' lang='lat' dir='ltr'><strong>offerat</strong></span> <span class='ocrx_word' id='word_1_208' title='bbox 1573 790 1692 835; x_wconf 68' lang='lat' dir='ltr'><strong>primum</strong></span> <span class='ocrx_word' id='word_1_209' title='bbox 1717 797 1825 829; x_wconf 80' lang='lat' dir='ltr'><strong>cantari,</strong></span> <span class='ocrx_word' id='word_1_210' title='bbox 1849 802 1873 834; x_wconf 81' lang='lat' dir='ltr'><strong>et</strong></span> 
     </span>
    </p>
   </div>
   <div class='ocr_carea' id='block_1_32' title="bbox 1102 845 1871 883">
    <p class='ocr_par' dir='ltr' id='par_1_32' title="bbox 1102 845 1871 883">
     <span class='ocr_line' id='line_1_32' title="bbox 1102 845 1871 883; baseline -0.005 -8"><span class='ocrx_word' id='word_1_211' title='bbox 1102 847 1168 882; x_wconf 84' lang='lat' dir='ltr'><strong>ipsis</strong></span> <span class='ocrx_word' id='word_1_212' title='bbox 1179 848 1292 883; x_wconf 89' lang='lat' dir='ltr'><strong>quicum</strong></span> <span class='ocrx_word' id='word_1_213' title='bbox 1305 855 1337 876; x_wconf 89' lang='lat' dir='ltr'><strong>eo</strong></span> <span class='ocrx_word' id='word_1_214' title='bbox 1348 851 1426 880; x_wconf 88' lang='lat' dir='ltr'><strong>sunt;</strong></span> <span class='ocrx_word' id='word_1_215' title='bbox 1442 846 1542 874; x_wconf 88' lang='lat' dir='ltr'><strong>dehinc</strong></span> <span class='ocrx_word' id='word_1_216' title='bbox 1555 845 1583 874; x_wconf 88' lang='lat' dir='ltr'><strong>in</strong></span> <span class='ocrx_word' id='word_1_217' title='bbox 1596 846 1692 879; x_wconf 67' lang='lat' dir='ltr'><strong>dextro</strong></span> <span class='ocrx_word' id='word_1_218' title='bbox 1702 845 1783 873; x_wconf 91' lang='lat' dir='ltr'><strong>choro</strong></span> <span class='ocrx_word' id='word_1_219' title='bbox 1796 846 1871 872; x_wconf 86' lang='lat' dir='ltr'><strong>omni-</strong></span> 
     </span>
    </p>
   </div>
   <div class='ocr_carea' id='block_1_33' title="bbox 265 888 1871 928">
    <p class='ocr_par' dir='ltr' id='par_1_33' title="bbox 265 888 1871 928">
     <span class='ocr_line' id='line_1_33' title="bbox 265 888 1871 928; baseline 0 -12"><span class='ocrx_word' id='word_1_220' title='bbox 265 890 336 923; x_wconf 87' lang='lat' dir='ltr'><strong>petia</strong></span> <span class='ocrx_word' id='word_1_221' title='bbox 348 890 475 924; x_wconf 84' lang='lat' dir='ltr'><strong>prostrati</strong></span> <span class='ocrx_word' id='word_1_222' title='bbox 491 894 547 918; x_wconf 90' lang='lat' dir='ltr'><strong>toto</strong></span> <span class='ocrx_word' id='word_1_223' title='bbox 562 898 674 926; x_wconf 70' lang='lat' dir='ltr'><strong>corpore</strong></span> <span class='ocrx_word' id='word_1_224' title='bbox 696 891 809 919; x_wconf 85' lang='lat' dir='ltr'><strong>adorent</strong></span> <span class='ocrx_word' id='word_1_225' title='bbox 826 899 898 923; x_wconf 79' lang='lat' dir='ltr'><strong>eam.</strong></span> <span class='ocrx_word' id='word_1_226' title='bbox 924 896 951 919; x_wconf 89' lang='lat' dir='ltr'><strong>et</strong></span> <span class='ocrx_word' id='word_1_227' title='bbox 977 900 1052 920; x_wconf 90' lang='lat' dir='ltr'><strong>oscu-</strong></span> <span class='ocrx_word' id='word_1_228' title='bbox 1067 888 1089 918; x_wconf 81' lang='grc' dir='ltr'><strong>Β</strong></span> <span class='ocrx_word' id='word_1_229' title='bbox 1103 893 1153 920; x_wconf 91' lang='lat' dir='ltr'><strong>bus</strong></span> <span class='ocrx_word' id='word_1_230' title='bbox 1166 901 1214 928; x_wconf 92' lang='lat' dir='ltr'><strong>per</strong></span> <span class='ocrx_word' id='word_1_231' title='bbox 1233 892 1365 926; x_wconf 84' lang='lat' dir='ltr'><strong>ordinem,</strong></span> <span class='ocrx_word' id='word_1_232' title='bbox 1377 896 1405 920; x_wconf 89' lang='lat' dir='ltr'><strong>et</strong></span> <span class='ocrx_word' id='word_1_233' title='bbox 1419 891 1458 920; x_wconf 90' lang='lat' dir='ltr'><strong>sic</strong></span> <span class='ocrx_word' id='word_1_234' title='bbox 1473 891 1500 919; x_wconf 89' lang='lat' dir='ltr'><strong>in</strong></span> <span class='ocrx_word' id='word_1_235' title='bbox 1512 891 1633 925; x_wconf 87' lang='lat' dir='ltr'><strong>sinistro,</strong></span> <span class='ocrx_word' id='word_1_236' title='bbox 1652 890 1749 917; x_wconf 89' lang='lat' dir='ltr'><strong>deinde</strong></span> <span class='ocrx_word' id='word_1_237' title='bbox 1762 889 1871 921; x_wconf 86' lang='lat' dir='ltr'><strong>infirmis,</strong></span> 
     </span>
    </p>
   </div>
   <div class='ocr_carea' id='block_1_34' title="bbox 259 933 1051 971">
    <p class='ocr_par' dir='ltr' id='par_1_34' title="bbox 259 933 1051 971">
     <span class='ocr_line' id='line_1_34' title="bbox 259 933 1051 971; baseline 0.004 -10"><span class='ocrx_word' id='word_1_238' title='bbox 259 933 354 961; x_wconf 83' lang='lat' dir='ltr'><strong>lentur</strong></span> <span class='ocrx_word' id='word_1_239' title='bbox 375 933 456 968; x_wconf 85' lang='lat' dir='ltr'><strong>pedes</strong></span> <span class='ocrx_word' id='word_1_240' title='bbox 482 935 615 967; x_wconf 76' lang='lat' dir='ltr'><strong>crucifixi,</strong></span> <span class='ocrx_word' id='word_1_241' title='bbox 633 936 704 963; x_wconf 91' lang='lat' dir='ltr'><strong>sicut</strong></span> <span class='ocrx_word' id='word_1_242' title='bbox 724 940 787 963; x_wconf 89' lang='lat' dir='ltr'><strong>sunt</strong></span> <span class='ocrx_word' id='word_1_243' title='bbox 806 936 920 971; x_wconf 85' lang='lat' dir='ltr'><strong>priores.</strong></span> <span class='ocrx_word' id='word_1_244' title='bbox 938 937 1051 964; x_wconf 83' lang='lat' dir='ltr'><strong>Cantata</strong></span> 
     </span>
    </p>
   </div>
   <div class='ocr_carea' id='block_1_35' title="bbox 265 978 1051 1016">
    <p class='ocr_par' dir='ltr' id='par_1_35' title="bbox 265 978 1051 1016">
     <span class='ocr_line' id='line_1_35' title="bbox 265 978 1051 1016; baseline 0.005 -11"><span class='ocrx_word' id='word_1_245' title='bbox 265 978 411 1013; x_wconf 80' lang='lat' dir='ltr'><strong>antipbona</strong></span> <span class='ocrx_word' id='word_1_246' title='bbox 432 980 597 1014; x_wconf 81' lang='lat' dir='ltr'><strong>supradicta,</strong></span> <span class='ocrx_word' id='word_1_247' title='bbox 624 980 736 1015; x_wconf 87' lang='lat' dir='ltr'><strong>incipiat</strong></span> <span class='ocrx_word' id='word_1_248' title='bbox 754 985 850 1008; x_wconf 83' lang='lat' dir='ltr'><strong>cautor</strong></span> <span class='ocrx_word' id='word_1_249' title='bbox 875 982 1051 1016; x_wconf 88' lang='lat' dir='ltr'><strong>antipbonam</strong></span> 
     </span>
    </p>
   </div>
   <div class='ocr_carea' id='block_1_36' title="bbox 255 1023 1051 1065">
    <p class='ocr_par' dir='ltr' id='par_1_36' title="bbox 255 1023 1051 1065">
     <span class='ocr_line' id='line_1_36' title="bbox 255 1023 1051 1065; baseline 0.005 -14"><span class='ocrx_word' id='word_1_250' title='bbox 255 1023 375 1064; x_wconf 22' lang='lat' dir='ltr'><strong>‘Cntcem</strong></span> <span class='ocrx_word' id='word_1_251' title='bbox 390 1029 463 1052; x_wconf 85' lang='lat' dir='ltr'><strong>tuam</strong></span> <span class='ocrx_word' id='word_1_252' title='bbox 476 1025 627 1065; x_wconf 72' lang='lat' dir='ltr'><strong>adoramus,</strong></span> <span class='ocrx_word' id='word_1_253' title='bbox 646 1034 728 1061; x_wconf 81' lang='lat' dir='ltr'><strong>quant</strong></span> <span class='ocrx_word' id='word_1_254' title='bbox 748 1031 873 1062; x_wconf 84' lang='lat' dir='ltr'><strong>repetant</strong></span> <span class='ocrx_word' id='word_1_255' title='bbox 892 1035 940 1062; x_wconf 80' lang='lat' dir='ltr'><strong>per</strong></span> <span class='ocrx_word' id='word_1_256' title='bbox 963 1028 1051 1063; x_wconf 82' lang='lat' dir='ltr'><strong>singu-</strong></span> 
     </span>
    </p>
   </div>
   <div class='ocr_carea' id='block_1_37' title="bbox 265 1071 1050 1106">
    <p class='ocr_par' dir='ltr' id='par_1_37' title="bbox 265 1071 1050 1106">
     <span class='ocr_line' id='line_1_37' title="bbox 265 1071 1050 1106; baseline 0.005 -8"><span class='ocrx_word' id='word_1_257' title='bbox 265 1072 306 1098; x_wconf 89' lang='lat' dir='ltr'><strong>los</strong></span> <span class='ocrx_word' id='word_1_258' title='bbox 319 1071 512 1106; x_wconf 88' lang='lat' dir='ltr'><strong>versuspsalmi</strong></span> <span class='ocrx_word' id='word_1_259' title='bbox 526 1071 596 1099; x_wconf 80' lang='lat' dir='ltr'><strong>Deus</strong></span> <span class='ocrx_word' id='word_1_260' title='bbox 612 1073 767 1100; x_wconf 81' lang='lat' dir='ltr'><strong>misereatur</strong></span> <span class='ocrx_word' id='word_1_261' title='bbox 782 1074 874 1101; x_wconf 82' lang='lat' dir='ltr'><strong>nostri.</strong></span> <span class='ocrx_word' id='word_1_262' title='bbox 886 1074 988 1102; x_wconf 83' lang='lat' dir='ltr'><strong>Deinde</strong></span> <span class='ocrx_word' id='word_1_263' title='bbox 1000 1074 1050 1101; x_wconf 85' lang='lat' dir='ltr'><strong>alia</strong></span> 
     </span>
    </p>
   </div>
   <div class='ocr_carea' id='block_1_38' title="bbox 253 1116 1049 1152">
    <p class='ocr_par' dir='ltr' id='par_1_38' title="bbox 253 1116 1049 1152">
     <span class='ocr_line' id='line_1_38' title="bbox 253 1116 1049 1152; baseline 0.004 -10"><span class='ocrx_word' id='word_1_264' title='bbox 253 1123 324 1150; x_wconf 36' lang='lat' dir='ltr'><strong>,qute</strong></span> <span class='ocrx_word' id='word_1_265' title='bbox 348 1116 523 1147; x_wconf 86' lang='lat' dir='ltr'><strong>conveniunt.</strong></span> <span class='ocrx_word' id='word_1_266' title='bbox 551 1116 581 1152; x_wconf 21' lang='lat' dir='ltr'><strong>si.</strong></span> <span class='ocrx_word' id='word_1_267' title='bbox 598 1123 666 1152; x_wconf 91' lang='lat' dir='ltr'><strong>opus</strong></span> <span class='ocrx_word' id='word_1_268' title='bbox 689 1117 781 1145; x_wconf 89' lang='lat' dir='ltr'><strong>fuerit.</strong></span> <span class='ocrx_word' id='word_1_269' title='bbox 814 1118 930 1146; x_wconf 81' lang='lat' dir='ltr'><strong>Adnrata</strong></span> <span class='ocrx_word' id='word_1_270' title='bbox 958 1126 1049 1151; x_wconf 83' lang='lat' dir='ltr'><strong>cruce,</strong></span> 
     </span>
    </p>
   </div>
   <div class='ocr_carea' id='block_1_39' title="bbox 263 1161 1050 1199">
    <p class='ocr_par' dir='ltr' id='par_1_39' title="bbox 263 1161 1050 1199">
     <span class='ocr_line' id='line_1_39' title="bbox 263 1161 1050 1199; baseline 0.005 -12"><span class='ocrx_word' id='word_1_271' title='bbox 263 1161 382 1196; x_wconf 65' lang='lat' dir='ltr'><strong>praedicti</strong></span> <span class='ocrx_word' id='word_1_272' title='bbox 396 1161 448 1188; x_wconf 91' lang='lat' dir='ltr'><strong>duo</strong></span> <span class='ocrx_word' id='word_1_273' title='bbox 463 1161 560 1189; x_wconf 83' lang='lat' dir='ltr'><strong>fratres</strong></span> <span class='ocrx_word' id='word_1_274' title='bbox 573 1162 619 1197; x_wconf 90' lang='lat' dir='ltr'><strong>qui</strong></span> <span class='ocrx_word' id='word_1_275' title='bbox 631 1170 691 1190; x_wconf 84' lang='lat' dir='ltr'><strong>eam</strong></span> <span class='ocrx_word' id='word_1_276' title='bbox 714 1167 806 1191; x_wconf 86' lang='lat' dir='ltr'><strong>tenent</strong></span> <span class='ocrx_word' id='word_1_277' title='bbox 823 1163 953 1199; x_wconf 87' lang='lat' dir='ltr'><strong>incipiant</strong></span> <span class='ocrx_word' id='word_1_278' title='bbox 971 1164 1050 1192; x_wconf 89' lang='lat' dir='ltr'><strong>simul</strong></span> 
     </span>
    </p>
   </div>
   <div class='ocr_carea' id='block_1_40' title="bbox 263 1206 1051 1243">
    <p class='ocr_par' dir='ltr' id='par_1_40' title="bbox 263 1206 1051 1243">
     <span class='ocr_line' id='line_1_40' title="bbox 263 1206 1051 1243; baseline 0.006 -11"><span class='ocrx_word' id='word_1_279' title='bbox 263 1206 317 1233; x_wconf 86' lang='lat' dir='ltr'><strong>alta</strong></span> <span class='ocrx_word' id='word_1_280' title='bbox 335 1214 400 1234; x_wconf 89' lang='lat' dir='ltr'><strong>voce</strong></span> <span class='ocrx_word' id='word_1_281' title='bbox 414 1206 587 1242; x_wconf 87' lang='lat' dir='ltr'><strong>antiphonam</strong></span> <span class='ocrx_word' id='word_1_282' title='bbox 614 1207 699 1243; x_wconf 77' lang='lat' dir='ltr'><strong>Super</strong></span> <span class='ocrx_word' id='word_1_283' title='bbox 710 1210 816 1242; x_wconf 84' lang='lat' dir='ltr'><strong>antnia;</strong></span> <span class='ocrx_word' id='word_1_284' title='bbox 835 1214 862 1237; x_wconf 92' lang='lat' dir='ltr'><strong>et</strong></span> <span class='ocrx_word' id='word_1_285' title='bbox 881 1209 1051 1237; x_wconf 84' lang='lat' dir='ltr'><strong>flectentibus</strong></span> 
     </span>
    </p>
   </div>
   <div class='ocr_carea' id='block_1_41' title="bbox 263 1252 1051 1290">
    <p class='ocr_par' dir='ltr' id='par_1_41' title="bbox 263 1252 1051 1290">
     <span class='ocr_line' id='line_1_41' title="bbox 263 1252 1051 1290; baseline 0.006 -12"><span class='ocrx_word' id='word_1_286' title='bbox 263 1252 389 1280; x_wconf 91' lang='lat' dir='ltr'><strong>omnibus</strong></span> <span class='ocrx_word' id='word_1_287' title='bbox 405 1260 502 1288; x_wconf 72' lang='lat' dir='ltr'><strong>genua,</strong></span> <span class='ocrx_word' id='word_1_288' title='bbox 525 1253 632 1288; x_wconf 73' lang='lat' dir='ltr'><strong>fixaque</strong></span> <span class='ocrx_word' id='word_1_289' title='bbox 654 1261 734 1282; x_wconf 89' lang='lat' dir='ltr'><strong>cruce</strong></span> <span class='ocrx_word' id='word_1_290' title='bbox 748 1255 776 1282; x_wconf 86' lang='lat' dir='ltr'><strong>in</strong></span> <span class='ocrx_word' id='word_1_291' title='bbox 791 1255 852 1283; x_wconf 88' lang='lat' dir='ltr'><strong>loco</strong></span> <span class='ocrx_word' id='word_1_292' title='bbox 866 1263 925 1288; x_wconf 89' lang='lat' dir='ltr'><strong>suo,</strong></span> <span class='ocrx_word' id='word_1_293' title='bbox 938 1256 1051 1290; x_wconf 81' lang='lat' dir='ltr'><strong>pulsatis</strong></span> 
     </span>
    </p>
   </div>
   <div class='ocr_carea' id='block_1_42' title="bbox 248 1294 1051 1331">
    <p class='ocr_par' dir='ltr' id='par_1_42' title="bbox 248 1294 1051 1331">
     <span class='ocr_line' id='line_1_42' title="bbox 248 1294 1051 1331; baseline 0.006 -9"><span class='ocrx_word' id='word_1_294' title='bbox 248 1296 349 1331; x_wconf 70' lang='lat' dir='ltr'><strong>signis</strong></span> <span class='ocrx_word' id='word_1_295' title='bbox 363 1297 516 1325; x_wconf 86' lang='lat' dir='ltr'><strong>celebretur</strong></span> <span class='ocrx_word' id='word_1_296' title='bbox 540 1298 635 1325; x_wconf 88' lang='lat' dir='ltr'><strong>missa.</strong></span> <span class='ocrx_word' id='word_1_297' title='bbox 659 1294 699 1326; x_wconf 81' lang='lat' dir='ltr'><strong>Ad</strong></span> <span class='ocrx_word' id='word_1_298' title='bbox 722 1299 863 1327; x_wconf 88' lang='lat' dir='ltr'><strong>introitum</strong></span> <span class='ocrx_word' id='word_1_299' title='bbox 890 1299 924 1327; x_wconf 84' lang='lat' dir='ltr'><strong>In</strong></span> <span class='ocrx_word' id='word_1_300' title='bbox 946 1301 1051 1327; x_wconf 58' lang='lat' dir='ltr'><strong>stantius</strong></span> 
     </span>
    </p>
   </div>
   <div class='ocr_carea' id='block_1_43' title="bbox 263 1341 1051 1379">
    <p class='ocr_par' dir='ltr' id='par_1_43' title="bbox 263 1341 1051 1379">
     <span class='ocr_line' id='line_1_43' title="bbox 263 1341 1051 1379; baseline 0.005 -12"><span class='ocrx_word' id='word_1_301' title='bbox 263 1341 370 1368; x_wconf 82' lang='lat' dir='ltr'><strong>Domini</strong></span> <span class='ocrx_word' id='word_1_302' title='bbox 382 1350 457 1370; x_wconf 74' lang='lat' dir='ltr'><strong>omne</strong></span> <span class='ocrx_word' id='word_1_303' title='bbox 469 1351 536 1377; x_wconf 79' lang='lat' dir='ltr'><strong>genu</strong></span> <span class='ocrx_word' id='word_1_304' title='bbox 549 1344 686 1378; x_wconf 80' lang='lat' dir='ltr'><strong>ﬂectatur;</strong></span> <span class='ocrx_word' id='word_1_305' title='bbox 701 1343 875 1379; x_wconf 76' lang='lat' dir='ltr'><strong>Evangelium</strong></span> <span class='ocrx_word' id='word_1_306' title='bbox 885 1343 963 1372; x_wconf 86' lang='lat' dir='ltr'><strong>Nunc</strong></span> <span class='ocrx_word' id='word_1_307' title='bbox 973 1344 1051 1379; x_wconf 83' lang='lat' dir='ltr'><strong>judi-</strong></span> 
     </span>
    </p>
   </div>
   <div class='ocr_carea' id='block_1_44' title="bbox 250 1387 497 1428">
    <p class='ocr_par' dir='ltr' id='par_1_44' title="bbox 250 1387 497 1428">
     <span class='ocr_line' id='line_1_44' title="bbox 250 1387 497 1428; baseline 0.016 -15"><span class='ocrx_word' id='word_1_308' title='bbox 250 1387 332 1420; x_wconf 18' lang='lat' dir='ltr'><strong>Va‘nm</strong></span> <span class='ocrx_word' id='word_1_309' title='bbox 344 1392 381 1415; x_wconf 75' lang='lat' dir='ltr'><strong>est</strong></span> <span class='ocrx_word' id='word_1_310' title='bbox 396 1388 497 1428; x_wconf 79' lang='lat' dir='ltr'><strong>mundi.</strong></span> 
     </span>
    </p>
   </div>
   <div class='ocr_carea' id='block_1_45' title="bbox 317 1432 1036 1473">
    <p class='ocr_par' dir='ltr' id='par_1_45' title="bbox 317 1432 1036 1473">
     <span class='ocr_line' id='line_1_45' title="bbox 317 1432 1036 1473; baseline 0.006 -13"><span class='ocrx_word' id='word_1_311' title='bbox 317 1432 416 1473; x_wconf 76' lang='lat' dir='ltr'><strong>SECTlO</strong></span> <span class='ocrx_word' id='word_1_312' title='bbox 433 1434 467 1461; x_wconf 75' lang='grc' dir='ltr'><strong>Χ.</strong></span> <span class='ocrx_word' id='word_1_313' title='bbox 491 1447 514 1456; x_wconf 76' lang='grc' dir='ltr'><strong>-ο</strong></span> <span class='ocrx_word' id='word_1_314' title='bbox 526 1434 645 1468; x_wconf 82' lang='lat' dir='ltr'><strong>Quinque</strong></span> <span class='ocrx_word' id='word_1_315' title='bbox 666 1434 808 1462; x_wconf 74' lang='lat' dir='ltr'><strong>Dominica:</strong></span> <span class='ocrx_word' id='word_1_316' title='bbox 828 1435 996 1471; x_wconf 74' lang='lat' dir='ltr'><strong>principales.</strong></span> <span class='ocrx_word' id='word_1_317' title='bbox 1034 1463 1036 1471; x_wconf 39' lang='grc' dir='ltr'><strong>ν</strong></span> 
     </span>
    </p>
   </div>
   <div class='ocr_carea' id='block_1_46' title="bbox 248 1474 1048 1519">
    <p class='ocr_par' dir='ltr' id='par_1_46' title="bbox 248 1474 1048 1519">
     <span class='ocr_line' id='line_1_46' title="bbox 248 1474 1048 1519; baseline 0.008 -13"><span class='ocrx_word' id='word_1_318' title='bbox 248 1508 252 1513; x_wconf 53' lang='grc'><em>,</em></span> <span class='ocrx_word' id='word_1_319' title='bbox 298 1474 421 1515; x_wconf 85' lang='lat' dir='ltr'><strong>Quinque</strong></span> <span class='ocrx_word' id='word_1_320' title='bbox 435 1481 493 1508; x_wconf 89' lang='lat' dir='ltr'><strong>dies</strong></span> <span class='ocrx_word' id='word_1_321' title='bbox 505 1480 635 1508; x_wconf 90' lang='lat' dir='ltr'><strong>Dominici</strong></span> <span class='ocrx_word' id='word_1_322' title='bbox 653 1486 726 1513; x_wconf 85' lang='lat' dir='ltr'><strong>sunt,</strong></span> <span class='ocrx_word' id='word_1_323' title='bbox 739 1482 785 1516; x_wconf 92' lang='lat' dir='ltr'><strong>qui</strong></span> <span class='ocrx_word' id='word_1_324' title='bbox 805 1484 961 1511; x_wconf 87' lang='lat' dir='ltr'><strong>communia</strong></span> <span class='ocrx_word' id='word_1_325' title='bbox 977 1492 1048 1519; x_wconf 76' lang='lat' dir='ltr'><strong>quat-</strong></span> 
     </span>
    </p>
   </div>
   <div class='ocr_carea' id='block_1_47' title="bbox 252 1524 1048 1562">
    <p class='ocr_par' dir='ltr' id='par_1_47' title="bbox 252 1524 1048 1562">
     <span class='ocr_line' id='line_1_47' title="bbox 252 1524 1048 1562; baseline 0.008 -11"><span class='ocrx_word' id='word_1_326' title='bbox 252 1524 326 1553; x_wconf 29' lang='lat' dir='ltr'><strong>.dam</strong></span> <span class='ocrx_word' id='word_1_327' title='bbox 359 1525 429 1553; x_wconf 89' lang='lat' dir='ltr'><strong>inter</strong></span> <span class='ocrx_word' id='word_1_328' title='bbox 458 1533 487 1553; x_wconf 88' lang='lat' dir='ltr'><strong>se</strong></span> <span class='ocrx_word' id='word_1_329' title='bbox 518 1526 619 1554; x_wconf 85' lang='lat' dir='ltr'><strong>habent</strong></span> <span class='ocrx_word' id='word_1_330' title='bbox 646 1532 772 1562; x_wconf 81' lang='lat' dir='ltr'><strong>separata</strong></span> <span class='ocrx_word' id='word_1_331' title='bbox 789 1536 804 1555; x_wconf 91' lang='lat' dir='ltr'><strong>a</strong></span> <span class='ocrx_word' id='word_1_332' title='bbox 825 1529 930 1557; x_wconf 58' lang='lat' dir='ltr'><strong>caeteris</strong></span> <span class='ocrx_word' id='word_1_333' title='bbox 952 1529 1048 1557; x_wconf 85' lang='lat' dir='ltr'><strong>diebus</strong></span> 
     </span>
    </p>
   </div>
   <div class='ocr_carea' id='block_1_48' title="bbox 263 1570 1047 1608">
    <p class='ocr_par' dir='ltr' id='par_1_48' title="bbox 263 1570 1047 1608">
     <span class='ocr_line' id='line_1_48' title="bbox 263 1570 1047 1608; baseline 0.004 -10"><span class='ocrx_word' id='word_1_334' title='bbox 263 1570 412 1601; x_wconf 80' lang='lat' dir='ltr'><strong>Dominicis</strong></span> <span class='ocrx_word' id='word_1_335' title='bbox 428 1581 434 1599; x_wconf 90' lang='lat'>:</span> <span class='ocrx_word' id='word_1_336' title='bbox 451 1571 590 1600; x_wconf 87' lang='lat' dir='ltr'><strong>Dominica</strong></span> <span class='ocrx_word' id='word_1_337' title='bbox 607 1573 732 1601; x_wconf 86' lang='lat' dir='ltr'><strong>videlicet</strong></span> <span class='ocrx_word' id='word_1_338' title='bbox 756 1574 843 1608; x_wconf 89' lang='lat' dir='ltr'><strong>prima</strong></span> <span class='ocrx_word' id='word_1_339' title='bbox 868 1574 902 1602; x_wconf 91' lang='lat' dir='ltr'><strong>de</strong></span> <span class='ocrx_word' id='word_1_340' title='bbox 926 1575 1047 1602; x_wconf 78' lang='lat' dir='ltr'><strong>Adventu</strong></span> 
     </span>
    </p>
   </div>
   <div class='ocr_carea' id='block_1_49' title="bbox 263 1615 1050 1653">
    <p class='ocr_par' dir='ltr' id='par_1_49' title="bbox 263 1615 1050 1653">
     <span class='ocr_line' id='line_1_49' title="bbox 263 1615 1050 1653; baseline 0.005 -11"><span class='ocrx_word' id='word_1_341' title='bbox 263 1615 384 1649; x_wconf 90' lang='lat' dir='ltr'><strong>Domini,</strong></span> <span class='ocrx_word' id='word_1_342' title='bbox 406 1616 545 1644; x_wconf 88' lang='lat' dir='ltr'><strong>Dominica</strong></span> <span class='ocrx_word' id='word_1_343' title='bbox 565 1617 656 1652; x_wconf 90' lang='lat' dir='ltr'><strong>prima.</strong></span> <span class='ocrx_word' id='word_1_344' title='bbox 679 1618 895 1653; x_wconf 59' lang='lat' dir='ltr'><strong>septuagesima,</strong></span> <span class='ocrx_word' id='word_1_345' title='bbox 914 1618 1050 1647; x_wconf 86' lang='lat' dir='ltr'><strong>Dominica</strong></span> 
     </span>
    </p>
   </div>
   <div class='ocr_carea' id='block_1_50' title="bbox 265 1663 1051 1704">
    <p class='ocr_par' dir='ltr' id='par_1_50' title="bbox 265 1663 1051 1704">
     <span class='ocr_line' id='line_1_50' title="bbox 265 1663 1051 1704; baseline 0.004 -15"><span class='ocrx_word' id='word_1_346' title='bbox 265 1663 594 1704; x_wconf 68' lang='lat' dir='ltr'><strong>primaquadragesimte,</strong></span> <span class='ocrx_word' id='word_1_347' title='bbox 624 1663 763 1691; x_wconf 86' lang='lat' dir='ltr'><strong>Dominica</strong></span> <span class='ocrx_word' id='word_1_348' title='bbox 776 1664 802 1691; x_wconf 90' lang='lat' dir='ltr'><strong>in</strong></span> <span class='ocrx_word' id='word_1_349' title='bbox 824 1665 913 1692; x_wconf 90' lang='lat' dir='ltr'><strong>medio</strong></span> <span class='ocrx_word' id='word_1_350' title='bbox 933 1666 1051 1700; x_wconf 89' lang='lat' dir='ltr'><strong>quadra-</strong></span> 
     </span>
    </p>
   </div>
   <div class='ocr_carea' id='block_1_51' title="bbox 266 1703 1052 1742">
    <p class='ocr_par' dir='ltr' id='par_1_51' title="bbox 266 1703 1052 1742">
     <span class='ocr_line' id='line_1_51' title="bbox 266 1703 1052 1742; baseline 0.004 -6"><span class='ocrx_word' id='word_1_351' title='bbox 266 1703 385 1742; x_wconf 74' lang='lat' dir='ltr'><strong>gesimm,</strong></span> <span class='ocrx_word' id='word_1_352' title='bbox 397 1707 537 1736; x_wconf 83' lang='lat' dir='ltr'><strong>Doxninica</strong></span> <span class='ocrx_word' id='word_1_353' title='bbox 562 1708 589 1735; x_wconf 91' lang='lat' dir='ltr'><strong>in</strong></span> <span class='ocrx_word' id='word_1_354' title='bbox 608 1708 723 1742; x_wconf 83' lang='lat' dir='ltr'><strong>Pahnis.</strong></span> <span class='ocrx_word' id='word_1_355' title='bbox 746 1708 775 1736; x_wconf 90' lang='lat' dir='ltr'><strong>In</strong></span> <span class='ocrx_word' id='word_1_356' title='bbox 798 1709 840 1737; x_wconf 88' lang='lat' dir='ltr'><strong>his</strong></span> <span class='ocrx_word' id='word_1_357' title='bbox 854 1709 908 1738; x_wconf 88' lang='lat' dir='ltr'><strong>duo</strong></span> <span class='ocrx_word' id='word_1_358' title='bbox 927 1710 1052 1739; x_wconf 79' lang='lat' dir='ltr'><strong>invitato-</strong></span> 
     </span>
    </p>
   </div>
   <div class='ocr_carea' id='block_1_52' title="bbox 266 1753 1051 1790">
    <p class='ocr_par' dir='ltr' id='par_1_52' title="bbox 266 1753 1051 1790">
     <span class='ocr_line' id='line_1_52' title="bbox 266 1753 1051 1790; baseline 0.005 -10"><span class='ocrx_word' id='word_1_359' title='bbox 266 1753 337 1780; x_wconf 87' lang='lat' dir='ltr'><strong>rium</strong></span> <span class='ocrx_word' id='word_1_360' title='bbox 356 1757 456 1781; x_wconf 84' lang='lat' dir='ltr'><strong>canant</strong></span> <span class='ocrx_word' id='word_1_361' title='bbox 478 1753 503 1781; x_wconf 94' lang='lat' dir='ltr'><strong>in</strong></span> <span class='ocrx_word' id='word_1_362' title='bbox 535 1754 619 1786; x_wconf 87' lang='lat' dir='ltr'><strong>albis;</strong></span> <span class='ocrx_word' id='word_1_363' title='bbox 655 1755 783 1783; x_wconf 82' lang='lat' dir='ltr'><strong>sacerdos</strong></span> <span class='ocrx_word' id='word_1_364' title='bbox 810 1755 880 1783; x_wconf 85' lang='lat' dir='ltr'><strong>lecto</strong></span> <span class='ocrx_word' id='word_1_365' title='bbox 908 1755 1051 1790; x_wconf 70' lang='lat' dir='ltr'><strong>Evangelio</strong></span> 
     </span>
    </p>
   </div>
   <div class='ocr_carea' id='block_1_53' title="bbox 266 1795 1050 1830">
    <p class='ocr_par' dir='ltr' id='par_1_53' title="bbox 266 1795 1050 1830">
     <span class='ocr_line' id='line_1_53' title="bbox 266 1795 1050 1830; baseline 0.005 -8"><span class='ocrx_word' id='word_1_366' title='bbox 266 1799 364 1824; x_wconf 76' lang='lat' dir='ltr'><strong>exutus</strong></span> <span class='ocrx_word' id='word_1_367' title='bbox 382 1795 408 1823; x_wconf 93' lang='lat' dir='ltr'><strong>in</strong></span> <span class='ocrx_word' id='word_1_368' title='bbox 426 1795 555 1823; x_wconf 81' lang='lat' dir='ltr'><strong>vestiario</strong></span> <span class='ocrx_word' id='word_1_369' title='bbox 582 1796 673 1824; x_wconf 85' lang='lat' dir='ltr'><strong>casula</strong></span> <span class='ocrx_word' id='word_1_370' title='bbox 689 1801 717 1824; x_wconf 87' lang='lat' dir='ltr'><strong>et</strong></span> <span class='ocrx_word' id='word_1_371' title='bbox 738 1796 818 1830; x_wconf 83' lang='lat' dir='ltr'><strong>stola,</strong></span> <span class='ocrx_word' id='word_1_372' title='bbox 844 1801 995 1825; x_wconf 86' lang='lat' dir='ltr'><strong>revertatur</strong></span> <span class='ocrx_word' id='word_1_373' title='bbox 1023 1798 1050 1826; x_wconf 87' lang='lat' dir='ltr'><strong>in</strong></span> 
     </span>
    </p>
   </div>
   <div class='ocr_carea' id='block_1_54' title="bbox 266 1838 1052 1876">
    <p class='ocr_par' dir='ltr' id='par_1_54' title="bbox 266 1838 1052 1876">
     <span class='ocr_line' id='line_1_54' title="bbox 266 1838 1052 1876; baseline 0.005 -11"><span class='ocrx_word' id='word_1_374' title='bbox 266 1838 378 1866; x_wconf 88' lang='lat' dir='ltr'><strong>chorum</strong></span> <span class='ocrx_word' id='word_1_375' title='bbox 394 1839 420 1866; x_wconf 94' lang='lat' dir='ltr'><strong>in</strong></span> <span class='ocrx_word' id='word_1_376' title='bbox 438 1839 518 1873; x_wconf 85' lang='lat' dir='ltr'><strong>albis,</strong></span> <span class='ocrx_word' id='word_1_377' title='bbox 537 1847 598 1867; x_wconf 88' lang='lat' dir='ltr'><strong>cum</strong></span> <span class='ocrx_word' id='word_1_378' title='bbox 621 1840 772 1876; x_wconf 87' lang='lat' dir='ltr'><strong>manipulo,</strong></span> <span class='ocrx_word' id='word_1_379' title='bbox 784 1842 907 1868; x_wconf 72' lang='lat' dir='ltr'><strong>exiturus</strong></span> <span class='ocrx_word' id='word_1_380' title='bbox 934 1841 1052 1876; x_wconf 73' lang='lat' dir='ltr'><strong>inctnpto</strong></span> 
     </span>
    </p>
   </div>
   <div class='ocr_carea' id='block_1_55' title="bbox 249 1883 1053 1923">
    <p class='ocr_par' dir='ltr' id='par_1_55' title="bbox 249 1883 1053 1923">
     <span class='ocr_line' id='line_1_55' title="bbox 249 1883 1053 1923; baseline 0.006 -14"><span class='ocrx_word' id='word_1_381' title='bbox 249 1918 253 1923; x_wconf 35' lang='lat' dir='ltr'><strong>I</strong></span> <span class='ocrx_word' id='word_1_382' title='bbox 265 1883 378 1917; x_wconf 81' lang='lat' dir='ltr'><strong>hymno,</strong></span> <span class='ocrx_word' id='word_1_383' title='bbox 391 1888 418 1911; x_wconf 89' lang='lat' dir='ltr'><strong>ct</strong></span> <span class='ocrx_word' id='word_1_384' title='bbox 431 1884 545 1919; x_wconf 76' lang='lat' dir='ltr'><strong>inempta</strong></span> <span class='ocrx_word' id='word_1_385' title='bbox 559 1886 705 1919; x_wconf 81' lang='lat' dir='ltr'><strong>antiphona</strong></span> <span class='ocrx_word' id='word_1_386' title='bbox 718 1886 752 1913; x_wconf 90' lang='lat' dir='ltr'><strong>ad</strong></span> <span class='ocrx_word' id='word_1_387' title='bbox 761 1885 914 1914; x_wconf 76' lang='lat' dir='ltr'><strong>Benedictus</strong></span> <span class='ocrx_word' id='word_1_388' title='bbox 927 1887 1053 1916; x_wconf 84' lang='lat' dir='ltr'><strong>similiter</strong></span> 
     </span>
    </p>
   </div>
   <div class='ocr_carea' id='block_1_56' title="bbox 267 1928 1053 1967">
    <p class='ocr_par' dir='ltr' id='par_1_56' title="bbox 267 1928 1053 1967">
     <span class='ocr_line' id='line_1_56' title="bbox 267 1928 1053 1967; baseline 0.006 -12"><span class='ocrx_word' id='word_1_389' title='bbox 267 1928 294 1955; x_wconf 85' lang='lat' dir='ltr'><strong>in</strong></span> <span class='ocrx_word' id='word_1_390' title='bbox 310 1928 370 1956; x_wconf 89' lang='lat' dir='ltr'><strong>alba</strong></span> <span class='ocrx_word' id='word_1_391' title='bbox 385 1929 544 1961; x_wconf 86' lang='lat' dir='ltr'><strong>intraturus.</strong></span> <span class='ocrx_word' id='word_1_392' title='bbox 560 1937 587 1958; x_wconf 84' lang='lat' dir='ltr'><strong>et</strong></span> <span class='ocrx_word' id='word_1_393' title='bbox 607 1931 745 1958; x_wconf 86' lang='lat' dir='ltr'><strong>incensum</strong></span> <span class='ocrx_word' id='word_1_394' title='bbox 756 1939 804 1965; x_wconf 84' lang='lat' dir='ltr'><strong>per</strong></span> <span class='ocrx_word' id='word_1_395' title='bbox 823 1932 919 1959; x_wconf 86' lang='lat' dir='ltr'><strong>altaria</strong></span> <span class='ocrx_word' id='word_1_396' title='bbox 931 1936 1053 1967; x_wconf 85' lang='lat' dir='ltr'><strong>portatu-</strong></span> 
     </span>
    </p>
   </div>
   <div class='ocr_carea' id='block_1_57' title="bbox 266 1974 1052 2013">
    <p class='ocr_par' dir='ltr' id='par_1_57' title="bbox 266 1974 1052 2013">
     <span class='ocr_line' id='line_1_57' title="bbox 266 1974 1052 2013; baseline 0.005 -13"><span class='ocrx_word' id='word_1_397' title='bbox 266 1980 324 2006; x_wconf 82' lang='lat' dir='ltr'><strong>rus,</strong></span> <span class='ocrx_word' id='word_1_398' title='bbox 338 1974 438 2002; x_wconf 87' lang='lat' dir='ltr'><strong>chorus</strong></span> <span class='ocrx_word' id='word_1_399' title='bbox 459 1974 493 2001; x_wconf 89' lang='lat' dir='ltr'><strong>ab</strong></span> <span class='ocrx_word' id='word_1_400' title='bbox 507 1975 632 2003; x_wconf 87' lang='lat' dir='ltr'><strong>hesterna</strong></span> <span class='ocrx_word' id='word_1_401' title='bbox 645 2011 647 2013; x_wconf 22' lang='grc' dir='ltr'><strong>η</strong></span> <span class='ocrx_word' id='word_1_402' title='bbox 659 1975 702 2002; x_wconf 87' lang='lat' dir='ltr'><strong>die</strong></span> <span class='ocrx_word' id='word_1_403' title='bbox 716 1976 795 2003; x_wconf 84' lang='lat' dir='ltr'><strong>debet</strong></span> <span class='ocrx_word' id='word_1_404' title='bbox 816 1983 875 2004; x_wconf 89' lang='lat' dir='ltr'><strong>esse</strong></span> <span class='ocrx_word' id='word_1_405' title='bbox 890 1981 1011 2011; x_wconf 82' lang='lat' dir='ltr'><strong>paratus,</strong></span> <span class='ocrx_word' id='word_1_406' title='bbox 1023 1981 1052 2004; x_wconf 86' lang='lat' dir='ltr'><strong>et</strong></span> 
     </span>
    </p>
   </div>
   <div class='ocr_carea' id='block_1_58' title="bbox 265 2018 1052 2058">
    <p class='ocr_par' dir='ltr' id='par_1_58' title="bbox 265 2018 1052 2058">
     <span class='ocr_line' id='line_1_58' title="bbox 265 2018 1052 2058; baseline 0.006 -14"><span class='ocrx_word' id='word_1_407' title='bbox 265 2018 439 2058; x_wconf 37' lang='lat' dir='ltr'><strong>per‘chorum</strong></span> <span class='ocrx_word' id='word_1_408' title='bbox 447 2018 546 2053; x_wconf 90' lang='lat' dir='ltr'><strong>juncus</strong></span> <span class='ocrx_word' id='word_1_409' title='bbox 564 2026 682 2053; x_wconf 87' lang='lat' dir='ltr'><strong>sparsus.</strong></span> <span class='ocrx_word' id='word_1_410' title='bbox 704 2020 743 2046; x_wconf 79' lang='lat' dir='ltr'><strong>Ad</strong></span> <span class='ocrx_word' id='word_1_411' title='bbox 768 2024 900 2055; x_wconf 85' lang='lat' dir='ltr'><strong>utrasque</strong></span> <span class='ocrx_word' id='word_1_412' title='bbox 925 2028 1052 2056; x_wconf 84' lang='lat' dir='ltr'><strong>vesperas</strong></span> 
     </span>
    </p>
   </div>
   <div class='ocr_carea' id='block_1_59' title="bbox 265 2058 1051 2101">
    <p class='ocr_par' dir='ltr' id='par_1_59' title="bbox 265 2058 1051 2101">
     <span class='ocr_line' id='line_1_59' title="bbox 265 2058 1051 2101; baseline 0.004 -10"><span class='ocrx_word' id='word_1_413' title='bbox 265 2068 294 2092; x_wconf 87' lang='lat' dir='ltr'><strong>et</strong></span> <span class='ocrx_word' id='word_1_414' title='bbox 307 2058 341 2093; x_wconf 81' lang='lat' dir='ltr'><strong>ad</strong></span> <span class='ocrx_word' id='word_1_415' title='bbox 355 2064 449 2093; x_wconf 79' lang='lat' dir='ltr'><strong>laudes</strong></span> <span class='ocrx_word' id='word_1_416' title='bbox 476 2066 528 2093; x_wconf 91' lang='lat' dir='ltr'><strong>duo</strong></span> <span class='ocrx_word' id='word_1_417' title='bbox 553 2065 651 2093; x_wconf 84' lang='lat' dir='ltr'><strong>fratres</strong></span> <span class='ocrx_word' id='word_1_418' title='bbox 676 2065 703 2093; x_wconf 91' lang='lat' dir='ltr'><strong>in</strong></span> <span class='ocrx_word' id='word_1_419' title='bbox 719 2065 826 2100; x_wconf 83' lang='lat' dir='ltr'><strong>froccis</strong></span> <span class='ocrx_word' id='word_1_420' title='bbox 852 2067 1051 2101; x_wconf 81' lang='lat' dir='ltr'><strong>responsorium</strong></span> 
     </span>
    </p>
   </div>
   <div class='ocr_carea' id='block_1_60' title="bbox 265 2110 1051 2147">
    <p class='ocr_par' dir='ltr' id='par_1_60' title="bbox 265 2110 1051 2147">
     <span class='ocr_line' id='line_1_60' title="bbox 265 2110 1051 2147; baseline 0.004 -10"><span class='ocrx_word' id='word_1_421' title='bbox 265 2114 376 2139; x_wconf 84' lang='lat' dir='ltr'><strong>canant.</strong></span> <span class='ocrx_word' id='word_1_422' title='bbox 395 2110 505 2145; x_wconf 60' lang='lat' dir='ltr'><strong>Tabula;</strong></span> <span class='ocrx_word' id='word_1_423' title='bbox 529 2111 664 2139; x_wconf 87' lang='lat' dir='ltr'><strong>refectorii</strong></span> <span class='ocrx_word' id='word_1_424' title='bbox 693 2112 749 2139; x_wconf 89' lang='lat' dir='ltr'><strong>sint</strong></span> <span class='ocrx_word' id='word_1_425' title='bbox 771 2116 916 2147; x_wconf 65' lang='lat' dir='ltr'><strong>coopertus,</strong></span> <span class='ocrx_word' id='word_1_426' title='bbox 938 2113 1051 2140; x_wconf 75' lang='lat' dir='ltr'><strong>honesta</strong></span> 
     </span>
    </p>
   </div>
   <div class='ocr_carea' id='block_1_61' title="bbox 251 2149 1050 2196">
    <p class='ocr_par' dir='ltr' id='par_1_61' title="bbox 251 2149 1050 2196">
     <span class='ocr_line' id='line_1_61' title="bbox 251 2149 1050 2196; baseline 0.004 -14"><span class='ocrx_word' id='word_1_427' title='bbox 251 2149 434 2196; x_wconf 71' lang='lat' dir='ltr'><strong>manutergia</strong></span> <span class='ocrx_word' id='word_1_428' title='bbox 466 2156 521 2183; x_wconf 91' lang='lat' dir='ltr'><strong>sint</strong></span> <span class='ocrx_word' id='word_1_429' title='bbox 546 2161 658 2184; x_wconf 79' lang='lat' dir='ltr'><strong>extensa</strong></span> <span class='ocrx_word' id='word_1_430' title='bbox 681 2164 762 2191; x_wconf 89' lang='lat' dir='ltr'><strong>super</strong></span> <span class='ocrx_word' id='word_1_431' title='bbox 780 2157 903 2189; x_wconf 86' lang='lat' dir='ltr'><strong>tersoria.</strong></span> <span class='ocrx_word' id='word_1_432' title='bbox 932 2158 1002 2185; x_wconf 85' lang='lat' dir='ltr'><strong>sicut</strong></span> <span class='ocrx_word' id='word_1_433' title='bbox 1024 2158 1050 2185; x_wconf 93' lang='lat' dir='ltr'><strong>in</strong></span> 
     </span>
    </p>
   </div>
   <div class='ocr_carea' id='block_1_62' title="bbox 263 2200 1089 2242">
    <p class='ocr_par' dir='ltr' id='par_1_62' title="bbox 263 2200 1089 2242">
     <span class='ocr_line' id='line_1_62' title="bbox 263 2200 1089 2242; baseline 0.004 -15"><span class='ocrx_word' id='word_1_434' title='bbox 263 2201 391 2228; x_wconf 88' lang='lat' dir='ltr'><strong>omnibus</strong></span> <span class='ocrx_word' id='word_1_435' title='bbox 410 2200 603 2229; x_wconf 83' lang='lat' dir='ltr'><strong>festivitatibus</strong></span> <span class='ocrx_word' id='word_1_436' title='bbox 631 2202 657 2228; x_wconf 93' lang='lat' dir='ltr'><strong>in</strong></span> <span class='ocrx_word' id='word_1_437' title='bbox 682 2202 780 2237; x_wconf 91' lang='lat' dir='ltr'><strong>quibus</strong></span> <span class='ocrx_word' id='word_1_438' title='bbox 810 2202 997 2230; x_wconf 82' lang='lat' dir='ltr'><strong>invitatoriam</strong></span> <span class='ocrx_word' id='word_1_439' title='bbox 1023 2203 1049 2230; x_wconf 92' lang='lat' dir='ltr'><strong>in</strong></span> <span class='ocrx_word' id='word_1_440' title='bbox 1066 2214 1089 2242; x_wconf 75' lang='grc' dir='ltr'><strong>ι)</strong></span> 
     </span>
    </p>
   </div>
   <div class='ocr_carea' id='block_1_63' title="bbox 265 2244 1050 2284">
    <p class='ocr_par' dir='ltr' id='par_1_63' title="bbox 265 2244 1050 2284">
     <span class='ocr_line' id='line_1_63' title="bbox 265 2244 1050 2284; baseline 0.006 -14"><span class='ocrx_word' id='word_1_441' title='bbox 265 2244 358 2284; x_wconf 65' lang='lat' dir='ltr'><strong>cappis</strong></span> <span class='ocrx_word' id='word_1_442' title='bbox 375 2244 493 2276; x_wconf 73' lang='lat' dir='ltr'><strong>canitur.</strong></span> <span class='ocrx_word' id='word_1_443' title='bbox 521 2245 586 2279; x_wconf 67' lang='lat' dir='ltr'><strong>Quae</strong></span> <span class='ocrx_word' id='word_1_444' title='bbox 614 2246 793 2275; x_wconf 75' lang='lat' dir='ltr'><strong>extendantur</strong></span> <span class='ocrx_word' id='word_1_445' title='bbox 820 2251 847 2275; x_wconf 87' lang='lat' dir='ltr'><strong>et</strong></span> <span class='ocrx_word' id='word_1_446' title='bbox 878 2248 1050 2283; x_wconf 79' lang='lat' dir='ltr'><strong>colligantur,</strong></span> 
     </span>
    </p>
   </div>
   <div class='ocr_carea' id='block_1_64' title="bbox 263 2289 651 2325">
    <p class='ocr_par' dir='ltr' id='par_1_64' title="bbox 263 2289 651 2325">
     <span class='ocr_line' id='line_1_64' title="bbox 263 2289 651 2325; baseline 0.008 -9"><span class='ocrx_word' id='word_1_447' title='bbox 263 2289 335 2324; x_wconf 65' lang='lat' dir='ltr'><strong>sicut</strong></span> <span class='ocrx_word' id='word_1_448' title='bbox 346 2290 471 2325; x_wconf 83' lang='lat' dir='ltr'><strong>superius</strong></span> <span class='ocrx_word' id='word_1_449' title='bbox 485 2290 586 2318; x_wconf 91' lang='lat' dir='ltr'><strong>dictum</strong></span> <span class='ocrx_word' id='word_1_450' title='bbox 600 2296 651 2319; x_wconf 90' lang='lat' dir='ltr'><strong>est.</strong></span> 
     </span>
    </p>
   </div>
   <div class='ocr_carea' id='block_1_65' title="bbox 315 2330 1004 2363">
    <p class='ocr_par' dir='ltr' id='par_1_65' title="bbox 315 2330 1004 2363">
     <span class='ocr_line' id='line_1_65' title="bbox 315 2330 1004 2363; baseline 0.004 -3"><span class='ocrx_word' id='word_1_451' title='bbox 315 2330 417 2362; x_wconf 76' lang='lat' dir='ltr'><strong>Secno</strong></span> <span class='ocrx_word' id='word_1_452' title='bbox 428 2334 473 2361; x_wconf 81' lang='lat' dir='ltr'><strong>Xl.</strong></span> <span class='ocrx_word' id='word_1_453' title='bbox 484 2349 519 2355; x_wconf 90' lang='lat'><strong>-—</strong></span> <span class='ocrx_word' id='word_1_454' title='bbox 533 2333 694 2363; x_wconf 71' lang='lat' dir='ltr'><strong>Festivitates</strong></span> <span class='ocrx_word' id='word_1_455' title='bbox 706 2336 841 2363; x_wconf 76' lang='lat' dir='ltr'><strong>duodecim</strong></span> <span class='ocrx_word' id='word_1_456' title='bbox 856 2336 1004 2363; x_wconf 72' lang='lat' dir='ltr'><strong>lectionum.</strong></span> 
     </span>
    </p>
   </div>
   <div class='ocr_carea' id='block_1_66' title="bbox 300 2378 1048 2414">
    <p class='ocr_par' dir='ltr' id='par_1_66' title="bbox 300 2378 1048 2414">
     <span class='ocr_line' id='line_1_66' title="bbox 300 2378 1048 2414; baseline 0.004 -9"><span class='ocrx_word' id='word_1_457' title='bbox 300 2378 341 2414; x_wconf 33' lang='lat' dir='ltr'><strong>In.</strong></span> <span class='ocrx_word' id='word_1_458' title='bbox 355 2379 480 2407; x_wconf 85' lang='lat' dir='ltr'><strong>omnibus</strong></span> <span class='ocrx_word' id='word_1_459' title='bbox 505 2380 698 2409; x_wconf 86' lang='lat' dir='ltr'><strong>festivitatibus</strong></span> <span class='ocrx_word' id='word_1_460' title='bbox 720 2382 861 2409; x_wconf 87' lang='lat' dir='ltr'><strong>duodecim</strong></span> <span class='ocrx_word' id='word_1_461' title='bbox 890 2382 1048 2413; x_wconf 76' lang='lat' dir='ltr'><strong>lectionum.</strong></span> 
     </span>
    </p>
   </div>
   <div class='ocr_carea' id='block_1_67' title="bbox 264 2425 1050 2462">
    <p class='ocr_par' dir='ltr' id='par_1_67' title="bbox 264 2425 1050 2462">
     <span class='ocr_line' id='line_1_67' title="bbox 264 2425 1050 2462; baseline 0.005 -12"><span class='ocrx_word' id='word_1_462' title='bbox 264 2430 431 2458; x_wconf 64' lang='lat' dir='ltr'><strong>quaecunque</strong></span> <span class='ocrx_word' id='word_1_463' title='bbox 455 2425 518 2457; x_wconf 87' lang='lat' dir='ltr'><strong>sint,</strong></span> <span class='ocrx_word' id='word_1_464' title='bbox 537 2430 565 2453; x_wconf 88' lang='lat' dir='ltr'><strong>et</strong></span> <span class='ocrx_word' id='word_1_465' title='bbox 589 2426 616 2454; x_wconf 88' lang='lat' dir='ltr'><strong>in</strong></span> <span class='ocrx_word' id='word_1_466' title='bbox 641 2427 767 2460; x_wconf 82' lang='lat' dir='ltr'><strong>omnibus</strong></span> <span class='ocrx_word' id='word_1_467' title='bbox 793 2427 886 2455; x_wconf 87' lang='lat' dir='ltr'><strong>diebus</strong></span> <span class='ocrx_word' id='word_1_468' title='bbox 921 2428 966 2462; x_wconf 90' lang='lat' dir='ltr'><strong>qui</strong></span> <span class='ocrx_word' id='word_1_469' title='bbox 982 2427 1050 2454; x_wconf 89' lang='lat' dir='ltr'><strong>infra</strong></span> 
     </span>
    </p>
   </div>
   <div class='ocr_carea' id='block_1_68' title="bbox 264 2472 1051 2509">
    <p class='ocr_par' dir='ltr' id='par_1_68' title="bbox 264 2472 1051 2509">
     <span class='ocr_line' id='line_1_68' title="bbox 264 2472 1051 2509; baseline 0.005 -12"><span class='ocrx_word' id='word_1_470' title='bbox 264 2474 375 2501; x_wconf 75' lang='lat' dir='ltr'><strong>octavas</strong></span> <span class='ocrx_word' id='word_1_471' title='bbox 386 2476 457 2505; x_wconf 89' lang='lat' dir='ltr'><strong>sunt,</strong></span> <span class='ocrx_word' id='word_1_472' title='bbox 478 2472 503 2500; x_wconf 92' lang='lat' dir='ltr'><strong>in</strong></span> <span class='ocrx_word' id='word_1_473' title='bbox 518 2473 614 2507; x_wconf 84' lang='lat' dir='ltr'><strong>quibus</strong></span> <span class='ocrx_word' id='word_1_474' title='bbox 639 2473 666 2500; x_wconf 95' lang='lat' dir='ltr'><strong>in</strong></span> <span class='ocrx_word' id='word_1_475' title='bbox 691 2473 809 2501; x_wconf 83' lang='lat' dir='ltr'><strong>claustro</strong></span> <span class='ocrx_word' id='word_1_476' title='bbox 829 2482 881 2501; x_wconf 87' lang='lat' dir='ltr'><strong>non</strong></span> <span class='ocrx_word' id='word_1_477' title='bbox 906 2474 1051 2509; x_wconf 87' lang='lat' dir='ltr'><strong>loquuntur</strong></span> 
     </span>
    </p>
   </div>
   <div class='ocr_carea' id='block_1_69' title="bbox 266 2518 1051 2553">
    <p class='ocr_par' dir='ltr' id='par_1_69' title="bbox 266 2518 1051 2553">
     <span class='ocr_line' id='line_1_69' title="bbox 266 2518 1051 2553; baseline 0.008 -11"><span class='ocrx_word' id='word_1_478' title='bbox 266 2518 402 2549; x_wconf 86' lang='lat' dir='ltr'><strong>monachi,</strong></span> <span class='ocrx_word' id='word_1_479' title='bbox 416 2519 537 2552; x_wconf 86' lang='lat' dir='ltr'><strong>quamvis</strong></span> <span class='ocrx_word' id='word_1_480' title='bbox 552 2520 601 2553; x_wconf 85' lang='lat' dir='ltr'><strong>ipsi</strong></span> <span class='ocrx_word' id='word_1_481' title='bbox 617 2520 674 2546; x_wconf 84' lang='lat' dir='ltr'><strong>dies</strong></span> <span class='ocrx_word' id='word_1_482' title='bbox 687 2520 766 2546; x_wconf 91' lang='lat' dir='ltr'><strong>trium</strong></span> <span class='ocrx_word' id='word_1_483' title='bbox 791 2520 935 2547; x_wconf 84' lang='lat' dir='ltr'><strong>lectionum</strong></span> <span class='ocrx_word' id='word_1_484' title='bbox 949 2520 1051 2553; x_wconf 82' lang='lat' dir='ltr'><strong>sint,et</strong></span> 
     </span>
    </p>
   </div>
   <div class='ocr_carea' id='block_1_70' title="bbox 265 2561 1051 2602">
    <p class='ocr_par' dir='ltr' id='par_1_70' title="bbox 265 2561 1051 2602">
     <span class='ocr_line' id='line_1_70' title="bbox 265 2561 1051 2602; baseline 0.006 -14"><span class='ocrx_word' id='word_1_485' title='bbox 265 2561 293 2591; x_wconf 88' lang='lat' dir='ltr'><strong>in</strong></span> <span class='ocrx_word' id='word_1_486' title='bbox 308 2563 432 2590; x_wconf 91' lang='lat' dir='ltr'><strong>omnibus</strong></span> <span class='ocrx_word' id='word_1_487' title='bbox 442 2564 549 2598; x_wconf 82' lang='lat' dir='ltr'><strong>vigiliis,</strong></span> <span class='ocrx_word' id='word_1_488' title='bbox 568 2565 594 2591; x_wconf 90' lang='lat' dir='ltr'><strong>in</strong></span> <span class='ocrx_word' id='word_1_489' title='bbox 617 2565 713 2598; x_wconf 88' lang='lat' dir='ltr'><strong>quibus</strong></span> <span class='ocrx_word' id='word_1_490' title='bbox 736 2566 824 2592; x_wconf 66' lang='lat' dir='ltr'><strong>missrc</strong></span> <span class='ocrx_word' id='word_1_491' title='bbox 839 2566 952 2599; x_wconf 81' lang='lat' dir='ltr'><strong>pulsatis</strong></span> <span class='ocrx_word' id='word_1_492' title='bbox 961 2565 1051 2602; x_wconf 87' lang='lat' dir='ltr'><strong>omni-</strong></span> 
     </span>
    </p>
   </div>
   <div class='ocr_carea' id='block_1_71' title="bbox 266 2608 1051 2647">
    <p class='ocr_par' dir='ltr' id='par_1_71' title="bbox 266 2608 1051 2647">
     <span class='ocr_line' id='line_1_71' title="bbox 266 2608 1051 2647; baseline 0.008 -13"><span class='ocrx_word' id='word_1_493' title='bbox 266 2608 317 2647; x_wconf 85' lang='lat' dir='ltr'><strong>bus</strong></span> <span class='ocrx_word' id='word_1_494' title='bbox 334 2609 418 2643; x_wconf 76' lang='lat' dir='ltr'><strong>signis</strong></span> <span class='ocrx_word' id='word_1_495' title='bbox 432 2609 526 2636; x_wconf 84' lang='lat' dir='ltr'><strong>festive</strong></span> <span class='ocrx_word' id='word_1_496' title='bbox 550 2615 676 2643; x_wconf 85' lang='lat' dir='ltr'><strong>aguntur,</strong></span> <span class='ocrx_word' id='word_1_497' title='bbox 692 2615 719 2637; x_wconf 80' lang='lat' dir='ltr'><strong>et</strong></span> <span class='ocrx_word' id='word_1_498' title='bbox 743 2611 768 2637; x_wconf 86' lang='lat' dir='ltr'><strong>in</strong></span> <span class='ocrx_word' id='word_1_499' title='bbox 784 2611 911 2639; x_wconf 86' lang='lat' dir='ltr'><strong>omnibus</strong></span> <span class='ocrx_word' id='word_1_500' title='bbox 924 2610 1051 2640; x_wconf 86' lang='lat' dir='ltr'><strong>Sabbatis</strong></span> 
     </span>
    </p>
   </div>
   <div class='ocr_carea' id='block_1_72' title="bbox 263 2652 1050 2691">
    <p class='ocr_par' dir='ltr' id='par_1_72' title="bbox 263 2652 1050 2691">
     <span class='ocr_line' id='line_1_72' title="bbox 263 2652 1050 2691; baseline 0.008 -12"><span class='ocrx_word' id='word_1_501' title='bbox 263 2652 425 2686; x_wconf 80' lang='lat' dir='ltr'><strong>jejuniorum</strong></span> <span class='ocrx_word' id='word_1_502' title='bbox 441 2654 560 2687; x_wconf 85' lang='lat' dir='ltr'><strong>Quatuor</strong></span> <span class='ocrx_word' id='word_1_503' title='bbox 574 2655 745 2690; x_wconf 85' lang='lat' dir='ltr'><strong>Temporum,</strong></span> <span class='ocrx_word' id='word_1_504' title='bbox 759 2664 818 2683; x_wconf 91' lang='lat' dir='ltr'><strong>cum</strong></span> <span class='ocrx_word' id='word_1_505' title='bbox 834 2661 928 2684; x_wconf 86' lang='lat' dir='ltr'><strong>cantor</strong></span> <span class='ocrx_word' id='word_1_506' title='bbox 941 2657 1050 2691; x_wconf 82' lang='lat' dir='ltr'><strong>inchoa-</strong></span> 
     </span>
    </p>
   </div>
   <div class='ocr_carea' id='block_1_73' title="bbox 267 2696 1050 2737">
    <p class='ocr_par' dir='ltr' id='par_1_73' title="bbox 267 2696 1050 2737">
     <span class='ocr_line' id='line_1_73' title="bbox 267 2696 1050 2737; baseline 0.011 -16"><span class='ocrx_word' id='word_1_507' title='bbox 267 2698 333 2726; x_wconf 81' lang='lat' dir='ltr'><strong>verit</strong></span> <span class='ocrx_word' id='word_1_508' title='bbox 349 2697 440 2725; x_wconf 79' lang='lat' dir='ltr'><strong>Gloria</strong></span> <span class='ocrx_word' id='word_1_509' title='bbox 454 2696 529 2724; x_wconf 82' lang='lat' dir='ltr'><strong>Patri</strong></span> <span class='ocrx_word' id='word_1_510' title='bbox 544 2699 577 2727; x_wconf 91' lang='lat' dir='ltr'><strong>ad</strong></span> <span class='ocrx_word' id='word_1_511' title='bbox 589 2699 714 2732; x_wconf 76' lang='lat' dir='ltr'><strong>ofﬁcium,</strong></span> <span class='ocrx_word' id='word_1_512' title='bbox 735 2702 859 2728; x_wconf 82' lang='lat' dir='ltr'><strong>sacerdos</strong></span> <span class='ocrx_word' id='word_1_513' title='bbox 885 2701 1050 2737; x_wconf 70' lang='lat' dir='ltr'><strong>ingrediatur</strong></span> 
     </span>
    </p>
   </div>
   <div class='ocr_carea' id='block_1_74' title="bbox 265 2743 1049 2782">
    <p class='ocr_par' dir='ltr' id='par_1_74' title="bbox 265 2743 1049 2782">
     <span class='ocr_line' id='line_1_74' title="bbox 265 2743 1049 2782; baseline 0.005 -11"><span class='ocrx_word' id='word_1_514' title='bbox 265 2743 299 2771; x_wconf 85' lang='lat' dir='ltr'><strong>ad</strong></span> <span class='ocrx_word' id='word_1_515' title='bbox 313 2743 494 2772; x_wconf 86' lang='lat' dir='ltr'><strong>altareferens</strong></span> <span class='ocrx_word' id='word_1_516' title='bbox 518 2744 625 2773; x_wconf 85' lang='lat' dir='ltr'><strong>missale</strong></span> <span class='ocrx_word' id='word_1_517' title='bbox 651 2746 773 2774; x_wconf 88' lang='lat' dir='ltr'><strong>manibus</strong></span> <span class='ocrx_word' id='word_1_518' title='bbox 795 2748 860 2780; x_wconf 85' lang='lat' dir='ltr'><strong>suis,</strong></span> <span class='ocrx_word' id='word_1_519' title='bbox 872 2747 1049 2782; x_wconf 63' lang='lat' dir='ltr'><strong>prazcedenti-</strong></span> 
     </span>
    </p>
   </div>
   <div class='ocr_carea' id='block_1_75' title="bbox 265 2789 1048 2829">
    <p class='ocr_par' dir='ltr' id='par_1_75' title="bbox 265 2789 1048 2829">
     <span class='ocr_line' id='line_1_75' title="bbox 265 2789 1048 2829; baseline 0.003 -12"><span class='ocrx_word' id='word_1_520' title='bbox 265 2789 317 2821; x_wconf 76' lang='lat' dir='ltr'><strong>bus</strong></span> <span class='ocrx_word' id='word_1_521' title='bbox 330 2789 415 2817; x_wconf 86' lang='lat' dir='ltr'><strong>tribus</strong></span> <span class='ocrx_word' id='word_1_522' title='bbox 428 2792 564 2820; x_wconf 74' lang='lat' dir='ltr'><strong>(OllVCl‘SlS</strong></span> <span class='ocrx_word' id='word_1_523' title='bbox 578 2800 638 2820; x_wconf 88' lang='lat' dir='ltr'><strong>cum</strong></span> <span class='ocrx_word' id='word_1_524' title='bbox 663 2794 832 2821; x_wconf 79' lang='lat' dir='ltr'><strong>eamlclabris</strong></span> <span class='ocrx_word' id='word_1_525' title='bbox 854 2799 881 2820; x_wconf 83' lang='lat' dir='ltr'><strong>et</strong></span> <span class='ocrx_word' id='word_1_526' title='bbox 900 2794 1048 2829; x_wconf 78' lang='lat' dir='ltr'><strong>tlutribuln,</strong></span> 
     </span>
    </p>
   </div>
   <div class='ocr_carea' id='block_1_76' title="bbox 265 2832 1049 2874">
    <p class='ocr_par' dir='ltr' id='par_1_76' title="bbox 265 2832 1049 2874">
     <span class='ocr_line' id='line_1_76' title="bbox 265 2832 1049 2874; baseline 0.004 -10"><span class='ocrx_word' id='word_1_527' title='bbox 265 2832 430 2869; x_wconf 69' lang='lat' dir='ltr'><strong>subdiacono</strong></span> <span class='ocrx_word' id='word_1_528' title='bbox 457 2841 518 2873; x_wconf 86' lang='lat' dir='ltr'><strong>post</strong></span> <span class='ocrx_word' id='word_1_529' title='bbox 531 2844 585 2874; x_wconf 30' lang='lat' dir='ltr'><strong>eos,</strong></span> <span class='ocrx_word' id='word_1_530' title='bbox 595 2844 655 2872; x_wconf 87' lang='lat' dir='ltr'><strong>cum</strong></span> <span class='ocrx_word' id='word_1_531' title='bbox 678 2842 764 2873; x_wconf 55' lang='lat' dir='ltr'><strong>testu,</strong></span> <span class='ocrx_word' id='word_1_532' title='bbox 791 2838 985 2869; x_wconf 81' lang='lat' dir='ltr'><strong>subdiaconutu</strong></span> <span class='ocrx_word' id='word_1_533' title='bbox 1006 2846 1049 2867; x_wconf 75' lang='grc' dir='ltr'><strong>ιρ-</strong></span> 
     </span>
    </p>
   </div>
   <div class='ocr_carea' id='block_1_77' title="bbox 1102 934 1873 973">
    <p class='ocr_par' dir='ltr' id='par_1_77' title="bbox 1102 934 1873 973">
     <span class='ocr_line' id='line_1_77' title="bbox 1102 934 1873 973; baseline -0.004 -9"><span class='ocrx_word' id='word_1_534' title='bbox 1102 938 1147 973; x_wconf 90' lang='lat' dir='ltr'><strong>qui</strong></span> <span class='ocrx_word' id='word_1_535' title='bbox 1175 942 1252 966; x_wconf 76' lang='lat' dir='ltr'><strong>extra</strong></span> <span class='ocrx_word' id='word_1_536' title='bbox 1276 938 1390 965; x_wconf 89' lang='lat' dir='ltr'><strong>chorum</strong></span> <span class='ocrx_word' id='word_1_537' title='bbox 1416 940 1491 963; x_wconf 87' lang='lat' dir='ltr'><strong>sunt.</strong></span> <span class='ocrx_word' id='word_1_538' title='bbox 1521 935 1578 963; x_wconf 91' lang='lat' dir='ltr'><strong>Duo</strong></span> <span class='ocrx_word' id='word_1_539' title='bbox 1602 942 1669 963; x_wconf 88' lang='lat' dir='ltr'><strong>vero</strong></span> <span class='ocrx_word' id='word_1_540' title='bbox 1696 934 1813 962; x_wconf 77' lang='lat' dir='ltr'><strong>conversi</strong></span> <span class='ocrx_word' id='word_1_541' title='bbox 1834 935 1873 969; x_wconf 87' lang='lat' dir='ltr'><strong>qni</strong></span> 
     </span>
    </p>
   </div>
   <div class='ocr_carea' id='block_1_78' title="bbox 1103 980 1875 1013">
    <p class='ocr_par' dir='ltr' id='par_1_78' title="bbox 1103 980 1875 1013">
     <span class='ocr_line' id='line_1_78' title="bbox 1103 980 1875 1013; baseline -0.004 -2"><span class='ocrx_word' id='word_1_542' title='bbox 1103 987 1194 1011; x_wconf 86' lang='lat' dir='ltr'><strong>tenent</strong></span> <span class='ocrx_word' id='word_1_543' title='bbox 1211 981 1373 1010; x_wconf 87' lang='lat' dir='ltr'><strong>candelabra</strong></span> <span class='ocrx_word' id='word_1_544' title='bbox 1402 986 1466 1009; x_wconf 84' lang='lat' dir='ltr'><strong>ante</strong></span> <span class='ocrx_word' id='word_1_545' title='bbox 1492 981 1589 1013; x_wconf 88' lang='lat' dir='ltr'><strong>altare,</strong></span> <span class='ocrx_word' id='word_1_546' title='bbox 1616 988 1670 1007; x_wconf 89' lang='lat' dir='ltr'><strong>non</strong></span> <span class='ocrx_word' id='word_1_547' title='bbox 1693 980 1823 1007; x_wconf 86' lang='lat' dir='ltr'><strong>dimittant</strong></span> <span class='ocrx_word' id='word_1_548' title='bbox 1846 988 1875 1008; x_wconf 73' lang='lat' dir='ltr'><strong>ea</strong></span> 
     </span>
    </p>
   </div>
   <div class='ocr_carea' id='block_1_79' title="bbox 1101 1025 1873 1064">
    <p class='ocr_par' dir='ltr' id='par_1_79' title="bbox 1101 1025 1873 1064">
     <span class='ocr_line' id='line_1_79' title="bbox 1101 1025 1873 1064; baseline -0.006 -8"><span class='ocrx_word' id='word_1_549' title='bbox 1101 1036 1239 1064; x_wconf 86' lang='lat' dir='ltr'><strong>usquequo</strong></span> <span class='ocrx_word' id='word_1_550' title='bbox 1271 1028 1412 1058; x_wconf 70' lang='lat' dir='ltr'><strong>inclinetur</strong></span> <span class='ocrx_word' id='word_1_551' title='bbox 1433 1026 1511 1062; x_wconf 72' lang='lat' dir='ltr'><strong>Hyrie</strong></span> <span class='ocrx_word' id='word_1_552' title='bbox 1537 1026 1652 1064; x_wconf 52' lang='lat' dir='ltr'><strong>eleisoni</strong></span> <span class='ocrx_word' id='word_1_553' title='bbox 1674 1033 1728 1061; x_wconf 88' lang='lat' dir='ltr'><strong>quo</strong></span> <span class='ocrx_word' id='word_1_554' title='bbox 1746 1025 1873 1061; x_wconf 78' lang='lat' dir='ltr'><strong>inchoato,</strong></span> 
     </span>
    </p>
   </div>
   <div class='ocr_carea' id='block_1_80' title="bbox 1101 1072 1777 1110">
    <p class='ocr_par' dir='ltr' id='par_1_80' title="bbox 1101 1072 1777 1110">
     <span class='ocr_line' id='line_1_80' title="bbox 1101 1072 1777 1110; baseline -0.006 -8"><span class='ocrx_word' id='word_1_555' title='bbox 1101 1074 1231 1110; x_wconf 90' lang='lat' dir='ltr'><strong>depositis</strong></span> <span class='ocrx_word' id='word_1_556' title='bbox 1241 1073 1410 1101; x_wconf 87' lang='lat' dir='ltr'><strong>candelabris</strong></span> <span class='ocrx_word' id='word_1_557' title='bbox 1427 1076 1600 1101; x_wconf 85' lang='lat' dir='ltr'><strong>revertantur</strong></span> <span class='ocrx_word' id='word_1_558' title='bbox 1611 1072 1638 1099; x_wconf 90' lang='lat' dir='ltr'><strong>in</strong></span> <span class='ocrx_word' id='word_1_559' title='bbox 1653 1072 1777 1099; x_wconf 89' lang='lat' dir='ltr'><strong>chorum.</strong></span> 
     </span>
    </p>
   </div>
   <div class='ocr_carea' id='block_1_81' title="bbox 1134 1117 1876 1154">
    <p class='ocr_par' dir='ltr' id='par_1_81' title="bbox 1134 1117 1876 1154">
     <span class='ocr_line' id='line_1_81' title="bbox 1134 1117 1876 1154; baseline -0.004 -6"><span class='ocrx_word' id='word_1_560' title='bbox 1134 1120 1176 1148; x_wconf 80' lang='lat' dir='ltr'><strong>Ad</strong></span> <span class='ocrx_word' id='word_1_561' title='bbox 1191 1119 1365 1154; x_wconf 75' lang='lat' dir='ltr'><strong>Evangelium</strong></span> <span class='ocrx_word' id='word_1_562' title='bbox 1377 1119 1439 1146; x_wconf 90' lang='lat' dir='ltr'><strong>dum</strong></span> <span class='ocrx_word' id='word_1_563' title='bbox 1455 1119 1561 1146; x_wconf 87' lang='lat' dir='ltr'><strong>canitur</strong></span> <span class='ocrx_word' id='word_1_564' title='bbox 1577 1117 1726 1151; x_wconf 85' lang='lat' dir='ltr'><strong>offerenda,</strong></span> <span class='ocrx_word' id='word_1_565' title='bbox 1740 1117 1780 1145; x_wconf 89' lang='lat' dir='ltr'><strong>vel</strong></span> <span class='ocrx_word' id='word_1_566' title='bbox 1793 1124 1876 1148; x_wconf 71' lang='lat' dir='ltr'><strong>versus</strong></span> 
     </span>
    </p>
   </div>
   <div class='ocr_carea' id='block_1_82' title="bbox 1101 1163 1876 1196">
    <p class='ocr_par' dir='ltr' id='par_1_82' title="bbox 1101 1163 1876 1196">
     <span class='ocr_line' id='line_1_82' title="bbox 1101 1163 1876 1196; baseline -0.004 -4"><span class='ocrx_word' id='word_1_567' title='bbox 1101 1164 1253 1196; x_wconf 60' lang='lat' dir='ltr'><strong>offerendas,</strong></span> <span class='ocrx_word' id='word_1_568' title='bbox 1270 1171 1419 1194; x_wconf 85' lang='lat' dir='ltr'><strong>conversus</strong></span> <span class='ocrx_word' id='word_1_569' title='bbox 1430 1163 1525 1196; x_wconf 81' lang='lat' dir='ltr'><strong>afferat</strong></span> <span class='ocrx_word' id='word_1_570' title='bbox 1541 1163 1706 1190; x_wconf 90' lang='lat' dir='ltr'><strong>thuribulum</strong></span> <span class='ocrx_word' id='word_1_571' title='bbox 1722 1170 1780 1190; x_wconf 88' lang='lat' dir='ltr'><strong>cum</strong></span> <span class='ocrx_word' id='word_1_572' title='bbox 1792 1169 1876 1190; x_wconf 84' lang='lat' dir='ltr'><strong>acerra</strong></span> 
     </span>
    </p>
   </div>
   <div class='ocr_carea' id='block_1_83' title="bbox 1101 1207 1874 1243">
    <p class='ocr_par' dir='ltr' id='par_1_83' title="bbox 1101 1207 1874 1243">
     <span class='ocr_line' id='line_1_83' title="bbox 1101 1207 1874 1243; baseline 0 -8"><span class='ocrx_word' id='word_1_573' title='bbox 1101 1208 1205 1236; x_wconf 75' lang='lat' dir='ltr'><strong>cantari</strong></span> <span class='ocrx_word' id='word_1_574' title='bbox 1219 1208 1372 1243; x_wconf 89' lang='lat' dir='ltr'><strong>quicunque</strong></span> <span class='ocrx_word' id='word_1_575' title='bbox 1387 1208 1430 1235; x_wconf 87' lang='lat' dir='ltr'><strong>ille</strong></span> <span class='ocrx_word' id='word_1_576' title='bbox 1443 1209 1477 1235; x_wconf 92' lang='lat' dir='ltr'><strong>sit</strong></span> <span class='ocrx_word' id='word_1_577' title='bbox 1492 1208 1536 1243; x_wconf 85' lang='lat' dir='ltr'><strong>qui</strong></span> <span class='ocrx_word' id='word_1_578' title='bbox 1551 1208 1665 1235; x_wconf 87' lang='lat' dir='ltr'><strong>chorum</strong></span> <span class='ocrx_word' id='word_1_579' title='bbox 1680 1211 1761 1240; x_wconf 86' lang='lat' dir='ltr'><strong>tenet,</strong></span> <span class='ocrx_word' id='word_1_580' title='bbox 1777 1208 1797 1234; x_wconf 89' lang='lat' dir='ltr'><strong>si</strong></span> <span class='ocrx_word' id='word_1_581' title='bbox 1810 1207 1874 1235; x_wconf 87' lang='lat' dir='ltr'><strong>festi-</strong></span> 
     </span>
    </p>
   </div>
   <div class='ocr_carea' id='block_1_84' title="bbox 1100 1251 1877 1285">
    <p class='ocr_par' dir='ltr' id='par_1_84' title="bbox 1100 1251 1877 1285">
     <span class='ocr_line' id='line_1_84' title="bbox 1100 1251 1877 1285; baseline -0.001 -5"><span class='ocrx_word' id='word_1_582' title='bbox 1100 1253 1170 1281; x_wconf 90' lang='lat' dir='ltr'><strong>vitas</strong></span> <span class='ocrx_word' id='word_1_583' title='bbox 1191 1253 1226 1280; x_wconf 84' lang='lat' dir='ltr'><strong>sit</strong></span> <span class='ocrx_word' id='word_1_584' title='bbox 1244 1253 1386 1280; x_wconf 89' lang='lat' dir='ltr'><strong>duodecim</strong></span> <span class='ocrx_word' id='word_1_585' title='bbox 1401 1252 1565 1285; x_wconf 83' lang='lat' dir='ltr'><strong>lectionum,</strong></span> <span class='ocrx_word' id='word_1_586' title='bbox 1584 1252 1626 1279; x_wconf 80' lang='lat' dir='ltr'><strong>vel</strong></span> <span class='ocrx_word' id='word_1_587' title='bbox 1646 1251 1737 1280; x_wconf 88' lang='lat' dir='ltr'><strong>festivi</strong></span> <span class='ocrx_word' id='word_1_588' title='bbox 1757 1251 1810 1279; x_wconf 88' lang='lat' dir='ltr'><strong>dies</strong></span> <span class='ocrx_word' id='word_1_589' title='bbox 1828 1252 1877 1283; x_wconf 87' lang='lat' dir='ltr'><strong>sint</strong></span> 
     </span>
    </p>
   </div>
   <div class='ocr_carea' id='block_1_85' title="bbox 1103 1298 1861 1339">
    <p class='ocr_par' dir='ltr' id='par_1_85' title="bbox 1103 1298 1861 1339">
     <span class='ocr_line' id='line_1_85' title="bbox 1103 1298 1861 1339; baseline -0.001 -12"><span class='ocrx_word' id='word_1_590' title='bbox 1103 1299 1344 1339; x_wconf 23' lang='lat' dir='ltr'><strong>triumllectionum</strong></span> <span class='ocrx_word' id='word_1_591' title='bbox 1361 1300 1432 1327; x_wconf 88' lang='lat' dir='ltr'><strong>intra</strong></span> <span class='ocrx_word' id='word_1_592' title='bbox 1450 1304 1561 1327; x_wconf 85' lang='lat' dir='ltr'><strong>octavas</strong></span> <span class='ocrx_word' id='word_1_593' title='bbox 1575 1299 1699 1334; x_wconf 86' lang='lat' dir='ltr'><strong>superius</strong></span> <span class='ocrx_word' id='word_1_594' title='bbox 1713 1298 1861 1333; x_wconf 83' lang='lat' dir='ltr'><strong>descriptas.</strong></span> 
     </span>
    </p>
   </div>
   <div class='ocr_carea' id='block_1_86' title="bbox 1135 1340 1876 1379">
    <p class='ocr_par' dir='ltr' id='par_1_86' title="bbox 1135 1340 1876 1379">
     <span class='ocr_line' id='line_1_86' title="bbox 1135 1340 1876 1379; baseline -0.001 -8"><span class='ocrx_word' id='word_1_595' title='bbox 1135 1340 1237 1372; x_wconf 83' lang='lat' dir='ltr'><strong>Cantor</strong></span> <span class='ocrx_word' id='word_1_596' title='bbox 1253 1353 1318 1373; x_wconf 91' lang='lat' dir='ltr'><strong>vero</strong></span> <span class='ocrx_word' id='word_1_597' title='bbox 1333 1353 1395 1373; x_wconf 87' lang='lat' dir='ltr'><strong>cum</strong></span> <span class='ocrx_word' id='word_1_598' title='bbox 1414 1344 1512 1372; x_wconf 90' lang='lat' dir='ltr'><strong>viderit</strong></span> <span class='ocrx_word' id='word_1_599' title='bbox 1533 1348 1637 1379; x_wconf 85' lang='lat' dir='ltr'><strong>tempus</strong></span> <span class='ocrx_word' id='word_1_600' title='bbox 1656 1351 1733 1376; x_wconf 83' lang='lat' dir='ltr'><strong>esse,</strong></span> <span class='ocrx_word' id='word_1_601' title='bbox 1748 1347 1824 1378; x_wconf 90' lang='lat' dir='ltr'><strong>ponat</strong></span> <span class='ocrx_word' id='word_1_602' title='bbox 1839 1343 1876 1371; x_wconf 85' lang='lat' dir='ltr'><strong>in-</strong></span> 
     </span>
    </p>
   </div>
   <div class='ocr_carea' id='block_1_87' title="bbox 1093 1389 1879 1422">
    <p class='ocr_par' dir='ltr' id='par_1_87' title="bbox 1093 1389 1879 1422">
     <span class='ocr_line' id='line_1_87' title="bbox 1093 1389 1879 1422; baseline -0.001 -4"><span class='ocrx_word' id='word_1_603' title='bbox 1093 1397 1210 1418; x_wconf 76' lang='lat' dir='ltr'><strong>censum</strong></span> <span class='ocrx_word' id='word_1_604' title='bbox 1225 1391 1252 1417; x_wconf 92' lang='lat' dir='ltr'><strong>in</strong></span> <span class='ocrx_word' id='word_1_605' title='bbox 1269 1390 1414 1422; x_wconf 88' lang='lat' dir='ltr'><strong>lhuribulo,</strong></span> <span class='ocrx_word' id='word_1_606' title='bbox 1431 1395 1458 1418; x_wconf 88' lang='lat' dir='ltr'><strong>et</strong></span> <span class='ocrx_word' id='word_1_607' title='bbox 1470 1390 1559 1418; x_wconf 90' lang='lat' dir='ltr'><strong>mittat</strong></span> <span class='ocrx_word' id='word_1_608' title='bbox 1571 1390 1683 1418; x_wconf 87' lang='lat' dir='ltr'><strong>diacono</strong></span> <span class='ocrx_word' id='word_1_609' title='bbox 1698 1389 1731 1417; x_wconf 86' lang='lat' dir='ltr'><strong>ad</strong></span> <span class='ocrx_word' id='word_1_610' title='bbox 1746 1390 1837 1422; x_wconf 81' lang='lat' dir='ltr'><strong>altare.</strong></span> <span class='ocrx_word' id='word_1_611' title='bbox 1853 1394 1879 1417; x_wconf 82' lang='lat' dir='ltr'><strong>et</strong></span> 
     </span>
    </p>
   </div>
   <div class='ocr_carea' id='block_1_88' title="bbox 1101 1434 1877 1469">
    <p class='ocr_par' dir='ltr' id='par_1_88' title="bbox 1101 1434 1877 1469">
     <span class='ocr_line' id='line_1_88' title="bbox 1101 1434 1877 1469; baseline -0.001 -8"><span class='ocrx_word' id='word_1_612' title='bbox 1101 1435 1229 1462; x_wconf 86' lang='lat' dir='ltr'><strong>diaconus</strong></span> <span class='ocrx_word' id='word_1_613' title='bbox 1242 1435 1341 1463; x_wconf 86' lang='lat' dir='ltr'><strong>tribuat</strong></span> <span class='ocrx_word' id='word_1_614' title='bbox 1354 1435 1497 1467; x_wconf 85' lang='lat' dir='ltr'><strong>sacerdoti,</strong></span> <span class='ocrx_word' id='word_1_615' title='bbox 1512 1434 1562 1462; x_wconf 86' lang='lat' dir='ltr'><strong>nisi</strong></span> <span class='ocrx_word' id='word_1_616' title='bbox 1588 1434 1671 1462; x_wconf 88' lang='lat' dir='ltr'><strong>abbas</strong></span> <span class='ocrx_word' id='word_1_617' title='bbox 1692 1434 1734 1461; x_wconf 89' lang='lat' dir='ltr'><strong>vel</strong></span> <span class='ocrx_word' id='word_1_618' title='bbox 1747 1434 1877 1469; x_wconf 83' lang='lat' dir='ltr'><strong>episcopus</strong></span> 
     </span>
    </p>
   </div>
   <div class='ocr_carea' id='block_1_89' title="bbox 1101 1480 1875 1515">
    <p class='ocr_par' dir='ltr' id='par_1_89' title="bbox 1101 1480 1875 1515">
     <span class='ocr_line' id='line_1_89' title="bbox 1101 1480 1875 1515; baseline -0.001 -8"><span class='ocrx_word' id='word_1_619' title='bbox 1101 1481 1127 1507; x_wconf 93' lang='lat' dir='ltr'><strong>in</strong></span> <span class='ocrx_word' id='word_1_620' title='bbox 1140 1481 1223 1508; x_wconf 87' lang='lat' dir='ltr'><strong>choro</strong></span> <span class='ocrx_word' id='word_1_621' title='bbox 1236 1481 1286 1513; x_wconf 90' lang='lat' dir='ltr'><strong>sit,</strong></span> <span class='ocrx_word' id='word_1_622' title='bbox 1303 1481 1346 1509; x_wconf 87' lang='lat' dir='ltr'><strong>vel</strong></span> <span class='ocrx_word' id='word_1_623' title='bbox 1363 1481 1473 1509; x_wconf 87' lang='lat' dir='ltr'><strong>missam</strong></span> <span class='ocrx_word' id='word_1_624' title='bbox 1487 1481 1620 1514; x_wconf 83' lang='lat' dir='ltr'><strong>celebret;</strong></span> <span class='ocrx_word' id='word_1_625' title='bbox 1633 1480 1705 1515; x_wconf 88' lang='lat' dir='ltr'><strong>quod</strong></span> <span class='ocrx_word' id='word_1_626' title='bbox 1718 1480 1740 1507; x_wconf 92' lang='lat' dir='ltr'><strong>si</strong></span> <span class='ocrx_word' id='word_1_627' title='bbox 1755 1480 1875 1513; x_wconf 88' lang='lat' dir='ltr'><strong>evenerit,</strong></span> 
     </span>
    </p>
   </div>
   <div class='ocr_carea' id='block_1_90' title="bbox 1100 1525 1876 1560">
    <p class='ocr_par' dir='ltr' id='par_1_90' title="bbox 1100 1525 1876 1560">
     <span class='ocr_line' id='line_1_90' title="bbox 1100 1525 1876 1560; baseline 0 -8"><span class='ocrx_word' id='word_1_628' title='bbox 1100 1525 1134 1552; x_wconf 88' lang='lat' dir='ltr'><strong>ad</strong></span> <span class='ocrx_word' id='word_1_629' title='bbox 1159 1525 1245 1560; x_wconf 90' lang='lat' dir='ltr'><strong>ipsum</strong></span> <span class='ocrx_word' id='word_1_630' title='bbox 1264 1525 1402 1554; x_wconf 88' lang='lat' dir='ltr'><strong>deferatur</strong></span> <span class='ocrx_word' id='word_1_631' title='bbox 1424 1525 1589 1553; x_wconf 89' lang='lat' dir='ltr'><strong>thuribulum</strong></span> <span class='ocrx_word' id='word_1_632' title='bbox 1610 1533 1671 1554; x_wconf 90' lang='lat' dir='ltr'><strong>cum</strong></span> <span class='ocrx_word' id='word_1_633' title='bbox 1689 1533 1781 1553; x_wconf 88' lang='lat' dir='ltr'><strong>acerra</strong></span> <span class='ocrx_word' id='word_1_634' title='bbox 1798 1525 1829 1552; x_wconf 87' lang='lat' dir='ltr'><strong>ad</strong></span> <span class='ocrx_word' id='word_1_635' title='bbox 1843 1525 1876 1552; x_wconf 89' lang='lat' dir='ltr'><strong>in-</strong></span> 
     </span>
    </p>
   </div>
   <div class='ocr_carea' id='block_1_91' title="bbox 1103 1568 1876 1605">
    <p class='ocr_par' dir='ltr' id='par_1_91' title="bbox 1103 1568 1876 1605">
     <span class='ocr_line' id='line_1_91' title="bbox 1103 1568 1876 1605; baseline -0.001 -9"><span class='ocrx_word' id='word_1_636' title='bbox 1103 1570 1211 1596; x_wconf 90' lang='lat' dir='ltr'><strong>troitum</strong></span> <span class='ocrx_word' id='word_1_637' title='bbox 1226 1574 1253 1597; x_wconf 92' lang='lat' dir='ltr'><strong>ct</strong></span> <span class='ocrx_word' id='word_1_638' title='bbox 1267 1574 1329 1597; x_wconf 84' lang='lat' dir='ltr'><strong>ante</strong></span> <span class='ocrx_word' id='word_1_639' title='bbox 1343 1568 1527 1605; x_wconf 78' lang='lat' dir='ltr'><strong>Evangelium,</strong></span> <span class='ocrx_word' id='word_1_640' title='bbox 1545 1577 1559 1596; x_wconf 91' lang='lat' dir='ltr'><strong>a</strong></span> <span class='ocrx_word' id='word_1_641' title='bbox 1573 1569 1687 1597; x_wconf 76' lang='lat' dir='ltr'><strong>diacono</strong></span> <span class='ocrx_word' id='word_1_642' title='bbox 1701 1575 1729 1597; x_wconf 89' lang='lat' dir='ltr'><strong>et</strong></span> <span class='ocrx_word' id='word_1_643' title='bbox 1742 1572 1876 1604; x_wconf 69' lang='lat' dir='ltr'><strong>converso;</strong></span> 
     </span>
    </p>
   </div>
   <div class='ocr_carea' id='block_1_92' title="bbox 1101 1615 1701 1650">
    <p class='ocr_par' dir='ltr' id='par_1_92' title="bbox 1101 1615 1701 1650">
     <span class='ocr_line' id='line_1_92' title="bbox 1101 1615 1701 1650; baseline 0 -8"><span class='ocrx_word' id='word_1_644' title='bbox 1101 1620 1162 1650; x_wconf 89' lang='lat' dir='ltr'><strong>post</strong></span> <span class='ocrx_word' id='word_1_645' title='bbox 1174 1615 1348 1648; x_wconf 85' lang='lat' dir='ltr'><strong>offerendam,</strong></span> <span class='ocrx_word' id='word_1_646' title='bbox 1363 1623 1378 1642; x_wconf 91' lang='lat' dir='ltr'><strong>a</strong></span> <span class='ocrx_word' id='word_1_647' title='bbox 1396 1619 1508 1643; x_wconf 85' lang='lat' dir='ltr'><strong>cautore</strong></span> <span class='ocrx_word' id='word_1_648' title='bbox 1519 1620 1546 1642; x_wconf 90' lang='lat' dir='ltr'><strong>et</strong></span> <span class='ocrx_word' id='word_1_649' title='bbox 1558 1623 1701 1643; x_wconf 86' lang='lat' dir='ltr'><strong>converso.</strong></span> 
     </span>
    </p>
   </div>
   <div class='ocr_carea' id='block_1_93' title="bbox 1136 1659 1878 1696">
    <p class='ocr_par' dir='ltr' id='par_1_93' title="bbox 1136 1659 1878 1696">
     <span class='ocr_line' id='line_1_93' title="bbox 1136 1659 1878 1696; baseline -0.001 -9"><span class='ocrx_word' id='word_1_650' title='bbox 1136 1660 1214 1687; x_wconf 87' lang='lat' dir='ltr'><strong>Circa</strong></span> <span class='ocrx_word' id='word_1_651' title='bbox 1228 1661 1307 1689; x_wconf 89' lang='lat' dir='ltr'><strong>finem</strong></span> <span class='ocrx_word' id='word_1_652' title='bbox 1320 1660 1407 1688; x_wconf 81' lang='lat' dir='ltr'><strong>missa:</strong></span> <span class='ocrx_word' id='word_1_653' title='bbox 1418 1668 1478 1693; x_wconf 85' lang='lat' dir='ltr'><strong>cum</strong></span> <span class='ocrx_word' id='word_1_654' title='bbox 1488 1665 1645 1696; x_wconf 76' lang='lat' dir='ltr'><strong>perventum</strong></span> <span class='ocrx_word' id='word_1_655' title='bbox 1658 1659 1739 1687; x_wconf 89' lang='lat' dir='ltr'><strong>fuerit</strong></span> <span class='ocrx_word' id='word_1_656' title='bbox 1748 1660 1779 1686; x_wconf 91' lang='lat' dir='ltr'><strong>ad</strong></span> <span class='ocrx_word' id='word_1_657' title='bbox 1789 1659 1878 1695; x_wconf 74' lang='lat' dir='ltr'><strong>prioris</strong></span> 
     </span>
    </p>
   </div>
   <div class='ocr_carea' id='block_1_94' title="bbox 1101 1705 1876 1740">
    <p class='ocr_par' dir='ltr' id='par_1_94' title="bbox 1101 1705 1876 1740">
     <span class='ocr_line' id='line_1_94' title="bbox 1101 1705 1876 1740; baseline -0.003 -6"><span class='ocrx_word' id='word_1_658' title='bbox 1101 1706 1219 1734; x_wconf 81' lang='lat' dir='ltr'><strong>collecta:</strong></span> <span class='ocrx_word' id='word_1_659' title='bbox 1234 1706 1286 1733; x_wconf 87' lang='lat' dir='ltr'><strong>Per</strong></span> <span class='ocrx_word' id='word_1_660' title='bbox 1297 1706 1439 1733; x_wconf 84' lang='lat' dir='ltr'><strong>Dominum</strong></span> <span class='ocrx_word' id='word_1_661' title='bbox 1454 1711 1571 1734; x_wconf 78' lang='lat' dir='ltr'><strong>nostrum</strong></span> <span class='ocrx_word' id='word_1_662' title='bbox 1584 1726 1592 1739; x_wconf 83' lang='lat'><strong>,</strong></span> <span class='ocrx_word' id='word_1_663' title='bbox 1612 1705 1747 1740; x_wconf 84' lang='lat' dir='ltr'><strong>deponant</strong></span> <span class='ocrx_word' id='word_1_664' title='bbox 1760 1705 1811 1732; x_wconf 93' lang='lat' dir='ltr'><strong>duo</strong></span> <span class='ocrx_word' id='word_1_665' title='bbox 1822 1713 1876 1733; x_wconf 89' lang='lat' dir='ltr'><strong>con-</strong></span> 
     </span>
    </p>
   </div>
   <div class='ocr_carea' id='block_1_95' title="bbox 1102 1750 1877 1785">
    <p class='ocr_par' dir='ltr' id='par_1_95' title="bbox 1102 1750 1877 1785">
     <span class='ocr_line' id='line_1_95' title="bbox 1102 1750 1877 1785; baseline 0 -8"><span class='ocrx_word' id='word_1_666' title='bbox 1102 1751 1173 1779; x_wconf 88' lang='lat' dir='ltr'><strong>versi</strong></span> <span class='ocrx_word' id='word_1_667' title='bbox 1186 1750 1346 1779; x_wconf 86' lang='lat' dir='ltr'><strong>candelabra</strong></span> <span class='ocrx_word' id='word_1_668' title='bbox 1363 1756 1426 1778; x_wconf 90' lang='lat' dir='ltr'><strong>ante</strong></span> <span class='ocrx_word' id='word_1_669' title='bbox 1439 1751 1536 1783; x_wconf 87' lang='lat' dir='ltr'><strong>altare,</strong></span> <span class='ocrx_word' id='word_1_670' title='bbox 1552 1755 1579 1778; x_wconf 90' lang='lat' dir='ltr'><strong>et</strong></span> <span class='ocrx_word' id='word_1_671' title='bbox 1592 1750 1632 1778; x_wconf 82' lang='lat' dir='ltr'><strong>sic</strong></span> <span class='ocrx_word' id='word_1_672' title='bbox 1647 1758 1709 1778; x_wconf 91' lang='lat' dir='ltr'><strong>cum</strong></span> <span class='ocrx_word' id='word_1_673' title='bbox 1722 1758 1754 1778; x_wconf 87' lang='lat' dir='ltr'><strong>eo</strong></span> <span class='ocrx_word' id='word_1_674' title='bbox 1767 1750 1811 1785; x_wconf 91' lang='lat' dir='ltr'><strong>qui</strong></span> <span class='ocrx_word' id='word_1_675' title='bbox 1827 1751 1877 1777; x_wconf 87' lang='lat' dir='ltr'><strong>thu-</strong></span> 
     </span>
    </p>
   </div>
   <div class='ocr_carea' id='block_1_96' title="bbox 1092 1793 1878 1829">
    <p class='ocr_par' dir='ltr' id='par_1_96' title="bbox 1092 1793 1878 1829">
     <span class='ocr_line' id='line_1_96' title="bbox 1092 1793 1878 1829; baseline -0.001 -6"><span class='ocrx_word' id='word_1_676' title='bbox 1092 1795 1217 1823; x_wconf 62' lang='lat' dir='ltr'><strong>ribulum</strong></span> <span class='ocrx_word' id='word_1_677' title='bbox 1240 1800 1314 1824; x_wconf 90' lang='lat' dir='ltr'><strong>tenet</strong></span> <span class='ocrx_word' id='word_1_678' title='bbox 1338 1800 1510 1823; x_wconf 89' lang='lat' dir='ltr'><strong>revertantur</strong></span> <span class='ocrx_word' id='word_1_679' title='bbox 1531 1795 1558 1823; x_wconf 93' lang='lat' dir='ltr'><strong>in</strong></span> <span class='ocrx_word' id='word_1_680' title='bbox 1581 1794 1752 1822; x_wconf 87' lang='lat' dir='ltr'><strong>vestiarium.</strong></span> <span class='ocrx_word' id='word_1_681' title='bbox 1776 1793 1878 1829; x_wconf 74' lang='lat' dir='ltr'><strong>Expleta</strong></span> 
     </span>
    </p>
   </div>
   <div class='ocr_carea' id='block_1_97' title="bbox 1101 1839 1878 1877">
    <p class='ocr_par' dir='ltr' id='par_1_97' title="bbox 1101 1839 1878 1877">
     <span class='ocr_line' id='line_1_97' title="bbox 1101 1839 1878 1877; baseline -0.004 -8"><span class='ocrx_word' id='word_1_682' title='bbox 1101 1842 1184 1870; x_wconf 87' lang='lat' dir='ltr'><strong>missa</strong></span> <span class='ocrx_word' id='word_1_683' title='bbox 1209 1846 1339 1877; x_wconf 88' lang='lat' dir='ltr'><strong>sequatur</strong></span> <span class='ocrx_word' id='word_1_684' title='bbox 1366 1841 1495 1869; x_wconf 88' lang='lat' dir='ltr'><strong>sacerdos</strong></span> <span class='ocrx_word' id='word_1_685' title='bbox 1520 1840 1720 1876; x_wconf 71' lang='lat' dir='ltr'><strong>pmcedentem</strong></span> <span class='ocrx_word' id='word_1_686' title='bbox 1746 1839 1878 1868; x_wconf 83' lang='lat' dir='ltr'><strong>diaconum</strong></span> 
     </span>
    </p>
   </div>
   <div class='ocr_carea' id='block_1_98' title="bbox 1102 1886 1864 1915">
    <p class='ocr_par' dir='ltr' id='par_1_98' title="bbox 1102 1886 1864 1915">
     <span class='ocr_line' id='line_1_98' title="bbox 1102 1886 1864 1915; baseline -0.004 0"><span class='ocrx_word' id='word_1_687' title='bbox 1102 1886 1232 1915; x_wconf 89' lang='lat' dir='ltr'><strong>ferentem</strong></span> <span class='ocrx_word' id='word_1_688' title='bbox 1249 1886 1366 1914; x_wconf 87' lang='lat' dir='ltr'><strong>missale.</strong></span> <span class='ocrx_word' id='word_1_689' title='bbox 1863 1887 1864 1891; x_wconf 78' lang='lat'>‘</span> 
     </span>
    </p>
   </div>
   <div class='ocr_carea' id='block_1_99' title="bbox 1137 1929 1877 1966">
    <p class='ocr_par' dir='ltr' id='par_1_99' title="bbox 1137 1929 1877 1966">
     <span class='ocr_line' id='line_1_99' title="bbox 1137 1929 1877 1966; baseline -0.001 -8"><span class='ocrx_word' id='word_1_690' title='bbox 1137 1931 1165 1959; x_wconf 90' lang='lat' dir='ltr'><strong>Si</strong></span> <span class='ocrx_word' id='word_1_691' title='bbox 1181 1931 1315 1959; x_wconf 81' lang='lat' dir='ltr'><strong>festivitas</strong></span> <span class='ocrx_word' id='word_1_692' title='bbox 1329 1932 1408 1959; x_wconf 89' lang='lat' dir='ltr'><strong>trium</strong></span> <span class='ocrx_word' id='word_1_693' title='bbox 1422 1931 1567 1959; x_wconf 90' lang='lat' dir='ltr'><strong>lectionum</strong></span> <span class='ocrx_word' id='word_1_694' title='bbox 1580 1931 1689 1958; x_wconf 87' lang='lat' dir='ltr'><strong>eveniat</strong></span> <span class='ocrx_word' id='word_1_695' title='bbox 1702 1931 1729 1959; x_wconf 90' lang='lat' dir='ltr'><strong>in</strong></span> <span class='ocrx_word' id='word_1_696' title='bbox 1743 1930 1827 1966; x_wconf 90' lang='lat' dir='ltr'><strong>aliqua</strong></span> <span class='ocrx_word' id='word_1_697' title='bbox 1840 1929 1877 1957; x_wconf 85' lang='lat' dir='ltr'><strong>die</strong></span> 
     </span>
    </p>
   </div>
   <div class='ocr_carea' id='block_1_100' title="bbox 1102 1976 1877 2012">
    <p class='ocr_par' dir='ltr' id='par_1_100' title="bbox 1102 1976 1877 2012">
     <span class='ocr_line' id='line_1_100' title="bbox 1102 1976 1877 2012; baseline -0.005 -6"><span class='ocrx_word' id='word_1_698' title='bbox 1102 1978 1251 2012; x_wconf 82' lang='lat' dir='ltr'><strong>Dominica,</strong></span> <span class='ocrx_word' id='word_1_699' title='bbox 1263 1977 1306 2004; x_wconf 86' lang='lat' dir='ltr'><strong>vel</strong></span> <span class='ocrx_word' id='word_1_700' title='bbox 1319 1978 1345 2005; x_wconf 93' lang='lat' dir='ltr'><strong>in</strong></span> <span class='ocrx_word' id='word_1_701' title='bbox 1360 1977 1412 2005; x_wconf 90' lang='lat' dir='ltr'><strong>alia</strong></span> <span class='ocrx_word' id='word_1_702' title='bbox 1427 1977 1572 2004; x_wconf 87' lang='lat' dir='ltr'><strong>festivitate</strong></span> <span class='ocrx_word' id='word_1_703' title='bbox 1590 1976 1704 2010; x_wconf 83' lang='lat' dir='ltr'><strong>alicujus</strong></span> <span class='ocrx_word' id='word_1_704' title='bbox 1717 1976 1811 2007; x_wconf 86' lang='lat' dir='ltr'><strong>sancti.</strong></span> <span class='ocrx_word' id='word_1_705' title='bbox 1825 1983 1877 2010; x_wconf 70' lang='lat' dir='ltr'><strong>qua</strong></span> 
     </span>
    </p>
   </div>
   <div class='ocr_carea' id='block_1_101' title="bbox 1101 2021 1875 2057">
    <p class='ocr_par' dir='ltr' id='par_1_101' title="bbox 1101 2021 1875 2057">
     <span class='ocr_line' id='line_1_101' title="bbox 1101 2021 1875 2057; baseline -0.003 -8"><span class='ocrx_word' id='word_1_706' title='bbox 1101 2022 1238 2057; x_wconf 88' lang='lat' dir='ltr'><strong>propriam</strong></span> <span class='ocrx_word' id='word_1_707' title='bbox 1257 2022 1397 2050; x_wconf 79' lang='lat' dir='ltr'><strong>historiam</strong></span> <span class='ocrx_word' id='word_1_708' title='bbox 1416 2022 1526 2054; x_wconf 88' lang='lat' dir='ltr'><strong>habeat,</strong></span> <span class='ocrx_word' id='word_1_709' title='bbox 1540 2021 1592 2053; x_wconf 84' lang='lat' dir='ltr'><strong>vel,</strong></span> <span class='ocrx_word' id='word_1_710' title='bbox 1616 2021 1638 2049; x_wconf 89' lang='lat' dir='ltr'><strong>si</strong></span> <span class='ocrx_word' id='word_1_711' title='bbox 1654 2021 1789 2057; x_wconf 89' lang='lat' dir='ltr'><strong>propriam</strong></span> <span class='ocrx_word' id='word_1_712' title='bbox 1800 2021 1875 2048; x_wconf 83' lang='lat' dir='ltr'><strong>histo-</strong></span> 
     </span>
    </p>
   </div>
   <div class='ocr_carea' id='block_1_102' title="bbox 1101 2066 1876 2101">
    <p class='ocr_par' dir='ltr' id='par_1_102' title="bbox 1101 2066 1876 2101">
     <span class='ocr_line' id='line_1_102' title="bbox 1101 2066 1876 2101; baseline -0.004 -7"><span class='ocrx_word' id='word_1_713' title='bbox 1101 2067 1170 2095; x_wconf 88' lang='lat' dir='ltr'><strong>riam</strong></span> <span class='ocrx_word' id='word_1_714' title='bbox 1196 2075 1250 2095; x_wconf 93' lang='lat' dir='ltr'><strong>non</strong></span> <span class='ocrx_word' id='word_1_715' title='bbox 1266 2067 1362 2099; x_wconf 86' lang='lat' dir='ltr'><strong>habet,</strong></span> <span class='ocrx_word' id='word_1_716' title='bbox 1380 2066 1407 2094; x_wconf 91' lang='lat' dir='ltr'><strong>in</strong></span> <span class='ocrx_word' id='word_1_717' title='bbox 1421 2066 1489 2094; x_wconf 87' lang='lat' dir='ltr'><strong>albis</strong></span> <span class='ocrx_word' id='word_1_718' title='bbox 1510 2071 1599 2093; x_wconf 90' lang='lat' dir='ltr'><strong>tamen</strong></span> <span class='ocrx_word' id='word_1_719' title='bbox 1621 2066 1663 2094; x_wconf 88' lang='lat' dir='ltr'><strong>vel</strong></span> <span class='ocrx_word' id='word_1_720' title='bbox 1683 2066 1709 2093; x_wconf 92' lang='lat' dir='ltr'><strong>iu</strong></span> <span class='ocrx_word' id='word_1_721' title='bbox 1732 2066 1820 2101; x_wconf 89' lang='lat' dir='ltr'><strong>cappis</strong></span> <span class='ocrx_word' id='word_1_722' title='bbox 1834 2066 1876 2101; x_wconf 72' lang='lat' dir='ltr'><strong>fit,</strong></span> 
     </span>
    </p>
   </div>
   <div class='ocr_carea' id='block_1_103' title="bbox 1102 2110 1875 2140">
    <p class='ocr_par' dir='ltr' id='par_1_103' title="bbox 1102 2110 1875 2140">
     <span class='ocr_line' id='line_1_103' title="bbox 1102 2110 1875 2140; baseline -0.003 -1"><span class='ocrx_word' id='word_1_723' title='bbox 1102 2112 1323 2140; x_wconf 88' lang='lat' dir='ltr'><strong>commemoratio</strong></span> <span class='ocrx_word' id='word_1_724' title='bbox 1347 2111 1380 2139; x_wconf 88' lang='lat' dir='ltr'><strong>de</strong></span> <span class='ocrx_word' id='word_1_725' title='bbox 1400 2111 1547 2139; x_wconf 88' lang='lat' dir='ltr'><strong>festivitate</strong></span> <span class='ocrx_word' id='word_1_726' title='bbox 1570 2111 1650 2138; x_wconf 87' lang='lat' dir='ltr'><strong>trium</strong></span> <span class='ocrx_word' id='word_1_727' title='bbox 1674 2110 1816 2138; x_wconf 87' lang='lat' dir='ltr'><strong>lectionum</strong></span> <span class='ocrx_word' id='word_1_728' title='bbox 1840 2118 1875 2137; x_wconf 85' lang='lat' dir='ltr'><strong>so-</strong></span> 
     </span>
    </p>
   </div>
   <div class='ocr_carea' id='block_1_104' title="bbox 1102 2155 1876 2191">
    <p class='ocr_par' dir='ltr' id='par_1_104' title="bbox 1102 2155 1876 2191">
     <span class='ocr_line' id='line_1_104' title="bbox 1102 2155 1876 2191; baseline -0.003 -8"><span class='ocrx_word' id='word_1_729' title='bbox 1102 2155 1238 2183; x_wconf 86' lang='lat' dir='ltr'><strong>lummodo</strong></span> <span class='ocrx_word' id='word_1_730' title='bbox 1260 2157 1306 2184; x_wconf 86' lang='lat' dir='ltr'><strong>fiat</strong></span> <span class='ocrx_word' id='word_1_731' title='bbox 1318 2157 1351 2183; x_wconf 89' lang='lat' dir='ltr'><strong>ad</strong></span> <span class='ocrx_word' id='word_1_732' title='bbox 1369 2157 1473 2191; x_wconf 83' lang='lat' dir='ltr'><strong>priores</strong></span> <span class='ocrx_word' id='word_1_733' title='bbox 1492 2163 1618 2190; x_wconf 76' lang='lat' dir='ltr'><strong>vesperzs</strong></span> <span class='ocrx_word' id='word_1_734' title='bbox 1642 2160 1668 2183; x_wconf 88' lang='lat' dir='ltr'><strong>et</strong></span> <span class='ocrx_word' id='word_1_735' title='bbox 1685 2156 1719 2183; x_wconf 89' lang='lat' dir='ltr'><strong>ad</strong></span> <span class='ocrx_word' id='word_1_736' title='bbox 1741 2156 1876 2182; x_wconf 81' lang='lat' dir='ltr'><strong>matutinas</strong></span> 
     </span>
    </p>
   </div>
   <div class='ocr_carea' id='block_1_105' title="bbox 1102 2200 1876 2234">
    <p class='ocr_par' dir='ltr' id='par_1_105' title="bbox 1102 2200 1876 2234">
     <span class='ocr_line' id='line_1_105' title="bbox 1102 2200 1876 2234; baseline 0 -7"><span class='ocrx_word' id='word_1_737' title='bbox 1102 2201 1195 2229; x_wconf 88' lang='lat' dir='ltr'><strong>laudes</strong></span> <span class='ocrx_word' id='word_1_738' title='bbox 1205 2222 1212 2234; x_wconf 96' lang='lat'><strong>,</strong></span> <span class='ocrx_word' id='word_1_739' title='bbox 1227 2205 1254 2229; x_wconf 89' lang='lat' dir='ltr'><strong>ct</strong></span> <span class='ocrx_word' id='word_1_740' title='bbox 1267 2202 1348 2229; x_wconf 87' lang='lat' dir='ltr'><strong>missa</strong></span> <span class='ocrx_word' id='word_1_741' title='bbox 1367 2200 1535 2228; x_wconf 87' lang='lat' dir='ltr'><strong>matutinalis</strong></span> <span class='ocrx_word' id='word_1_742' title='bbox 1547 2200 1580 2228; x_wconf 90' lang='lat' dir='ltr'><strong>de</strong></span> <span class='ocrx_word' id='word_1_743' title='bbox 1597 2208 1628 2228; x_wconf 88' lang='lat' dir='ltr'><strong>ea</strong></span> <span class='ocrx_word' id='word_1_744' title='bbox 1641 2204 1765 2228; x_wconf 84' lang='lat' dir='ltr'><strong>canatur.</strong></span> <span class='ocrx_word' id='word_1_745' title='bbox 1781 2200 1807 2228; x_wconf 90' lang='lat' dir='ltr'><strong>Si</strong></span> <span class='ocrx_word' id='word_1_746' title='bbox 1822 2206 1876 2227; x_wconf 87' lang='lat' dir='ltr'><strong>vero</strong></span> 
     </span>
    </p>
   </div>
   <div class='ocr_carea' id='block_1_106' title="bbox 1102 2243 1874 2281">
    <p class='ocr_par' dir='ltr' id='par_1_106' title="bbox 1102 2243 1874 2281">
     <span class='ocr_line' id='line_1_106' title="bbox 1102 2243 1874 2281; baseline -0.003 -8"><span class='ocrx_word' id='word_1_747' title='bbox 1102 2246 1215 2274; x_wconf 89' lang='lat' dir='ltr'><strong>historia</strong></span> <span class='ocrx_word' id='word_1_748' title='bbox 1230 2245 1285 2281; x_wconf 91' lang='lat' dir='ltr'><strong>jam</strong></span> <span class='ocrx_word' id='word_1_749' title='bbox 1300 2246 1351 2274; x_wconf 89' lang='lat' dir='ltr'><strong>alia</strong></span> <span class='ocrx_word' id='word_1_750' title='bbox 1374 2246 1417 2274; x_wconf 89' lang='lat' dir='ltr'><strong>die</strong></span> <span class='ocrx_word' id='word_1_751' title='bbox 1434 2246 1574 2274; x_wconf 83' lang='lat' dir='ltr'><strong>Dominica</strong></span> <span class='ocrx_word' id='word_1_752' title='bbox 1587 2250 1695 2273; x_wconf 88' lang='lat' dir='ltr'><strong>cantata</strong></span> <span class='ocrx_word' id='word_1_753' title='bbox 1716 2251 1768 2276; x_wconf 82' lang='lat' dir='ltr'><strong>est.</strong></span> <span class='ocrx_word' id='word_1_754' title='bbox 1783 2250 1826 2272; x_wconf 90' lang='lat' dir='ltr'><strong>aut</strong></span> <span class='ocrx_word' id='word_1_755' title='bbox 1838 2243 1874 2271; x_wconf 81' lang='lat' dir='ltr'><strong>illa</strong></span> 
     </span>
    </p>
   </div>
   <div class='ocr_carea' id='block_1_107' title="bbox 1101 2290 1875 2323">
    <p class='ocr_par' dir='ltr' id='par_1_107' title="bbox 1101 2290 1875 2323">
     <span class='ocr_line' id='line_1_107' title="bbox 1101 2290 1875 2323; baseline -0.005 -4"><span class='ocrx_word' id='word_1_756' title='bbox 1101 2291 1155 2319; x_wconf 87' lang='lat' dir='ltr'><strong>alia</strong></span> <span class='ocrx_word' id='word_1_757' title='bbox 1174 2291 1306 2319; x_wconf 86' lang='lat' dir='ltr'><strong>festivitas</strong></span> <span class='ocrx_word' id='word_1_758' title='bbox 1331 2291 1470 2319; x_wconf 85' lang='lat' dir='ltr'><strong>duodecim</strong></span> <span class='ocrx_word' id='word_1_759' title='bbox 1495 2291 1639 2318; x_wconf 88' lang='lat' dir='ltr'><strong>lectionum</strong></span> <span class='ocrx_word' id='word_1_760' title='bbox 1662 2290 1803 2319; x_wconf 90' lang='lat' dir='ltr'><strong>historiam</strong></span> <span class='ocrx_word' id='word_1_761' title='bbox 1825 2296 1875 2323; x_wconf 90' lang='lat' dir='ltr'><strong>pro-</strong></span> 
     </span>
    </p>
   </div>
   <div class='ocr_carea' id='block_1_108' title="bbox 1101 2334 1874 2371">
    <p class='ocr_par' dir='ltr' id='par_1_108' title="bbox 1101 2334 1874 2371">
     <span class='ocr_line' id='line_1_108' title="bbox 1101 2334 1874 2371; baseline 0 -9"><span class='ocrx_word' id='word_1_762' title='bbox 1101 2336 1187 2371; x_wconf 84' lang='lat' dir='ltr'><strong>priam</strong></span> <span class='ocrx_word' id='word_1_763' title='bbox 1210 2344 1263 2363; x_wconf 88' lang='lat' dir='ltr'><strong>non</strong></span> <span class='ocrx_word' id='word_1_764' title='bbox 1287 2336 1387 2368; x_wconf 86' lang='lat' dir='ltr'><strong>habet,</strong></span> <span class='ocrx_word' id='word_1_765' title='bbox 1406 2344 1455 2363; x_wconf 89' lang='lat' dir='ltr'><strong>nec</strong></span> <span class='ocrx_word' id='word_1_766' title='bbox 1475 2335 1501 2362; x_wconf 88' lang='lat' dir='ltr'><strong>in</strong></span> <span class='ocrx_word' id='word_1_767' title='bbox 1524 2334 1591 2362; x_wconf 87' lang='lat' dir='ltr'><strong>albis</strong></span> <span class='ocrx_word' id='word_1_768' title='bbox 1611 2342 1660 2362; x_wconf 88' lang='lat' dir='ltr'><strong>nec</strong></span> <span class='ocrx_word' id='word_1_769' title='bbox 1679 2335 1706 2361; x_wconf 87' lang='lat' dir='ltr'><strong>in</strong></span> <span class='ocrx_word' id='word_1_770' title='bbox 1725 2334 1814 2369; x_wconf 89' lang='lat' dir='ltr'><strong>cappis</strong></span> <span class='ocrx_word' id='word_1_771' title='bbox 1831 2334 1874 2365; x_wconf 70' lang='lat' dir='ltr'><strong>ﬁt.</strong></span> 
     </span>
    </p>
   </div>
   <div class='ocr_carea' id='block_1_109' title="bbox 1102 2377 1899 2416">
    <p class='ocr_par' dir='ltr' id='par_1_109' title="bbox 1102 2377 1899 2416">
     <span class='ocr_line' id='line_1_109' title="bbox 1102 2377 1899 2416; baseline -0.005 -8"><span class='ocrx_word' id='word_1_772' title='bbox 1102 2381 1247 2416; x_wconf 86' lang='lat' dir='ltr'><strong>antiphona</strong></span> <span class='ocrx_word' id='word_1_773' title='bbox 1267 2381 1300 2408; x_wconf 89' lang='lat' dir='ltr'><strong>de</strong></span> <span class='ocrx_word' id='word_1_774' title='bbox 1321 2381 1467 2408; x_wconf 82' lang='lat' dir='ltr'><strong>festivitate</strong></span> <span class='ocrx_word' id='word_1_775' title='bbox 1491 2380 1524 2408; x_wconf 87' lang='lat' dir='ltr'><strong>de</strong></span> <span class='ocrx_word' id='word_1_776' title='bbox 1543 2388 1596 2416; x_wconf 88' lang='lat' dir='ltr'><strong>qua</strong></span> <span class='ocrx_word' id='word_1_777' title='bbox 1615 2383 1669 2407; x_wconf 89' lang='lat' dir='ltr'><strong>tres</strong></span> <span class='ocrx_word' id='word_1_778' title='bbox 1690 2379 1819 2407; x_wconf 88' lang='lat' dir='ltr'><strong>lectiones</strong></span> <span class='ocrx_word' id='word_1_779' title='bbox 1836 2377 1875 2404; x_wconf 47' lang='lat' dir='ltr'><strong>fle.</strong></span> <span class='ocrx_word' id='word_1_780' title='bbox 1896 2413 1899 2415; x_wconf 15' lang='lat'><strong><em>&gt;</em></strong></span> 
     </span>
    </p>
   </div>
   <div class='ocr_carea' id='block_1_110' title="bbox 1101 2424 1874 2461">
    <p class='ocr_par' dir='ltr' id='par_1_110' title="bbox 1101 2424 1874 2461">
     <span class='ocr_line' id='line_1_110' title="bbox 1101 2424 1874 2461; baseline -0.003 -10"><span class='ocrx_word' id='word_1_781' title='bbox 1101 2430 1178 2457; x_wconf 89' lang='lat' dir='ltr'><strong>rent,</strong></span> <span class='ocrx_word' id='word_1_782' title='bbox 1200 2425 1233 2453; x_wconf 83' lang='lat' dir='ltr'><strong>ad</strong></span> <span class='ocrx_word' id='word_1_783' title='bbox 1253 2426 1358 2453; x_wconf 88' lang='lat' dir='ltr'><strong>cantica</strong></span> <span class='ocrx_word' id='word_1_784' title='bbox 1380 2425 1578 2461; x_wconf 78' lang='lat' dir='ltr'><strong>pronuntietur,</strong></span> <span class='ocrx_word' id='word_1_785' title='bbox 1602 2428 1629 2452; x_wconf 89' lang='lat' dir='ltr'><strong>et</strong></span> <span class='ocrx_word' id='word_1_786' title='bbox 1650 2424 1779 2460; x_wconf 83' lang='lat' dir='ltr'><strong>deinceps</strong></span> <span class='ocrx_word' id='word_1_787' title='bbox 1799 2427 1874 2450; x_wconf 91' lang='lat' dir='ltr'><strong>totum</strong></span> 
     </span>
    </p>
   </div>
   <div class='ocr_carea' id='block_1_111' title="bbox 1102 2468 1874 2505">
    <p class='ocr_par' dir='ltr' id='par_1_111' title="bbox 1102 2468 1874 2505">
     <span class='ocr_line' id='line_1_111' title="bbox 1102 2468 1874 2505; baseline -0.001 -9"><span class='ocrx_word' id='word_1_788' title='bbox 1102 2469 1241 2497; x_wconf 83' lang='lat' dir='ltr'><strong>servitium</strong></span> <span class='ocrx_word' id='word_1_789' title='bbox 1268 2478 1353 2505; x_wconf 90' lang='lat' dir='ltr'><strong>usque</strong></span> <span class='ocrx_word' id='word_1_790' title='bbox 1374 2471 1407 2498; x_wconf 88' lang='lat' dir='ltr'><strong>ad</strong></span> <span class='ocrx_word' id='word_1_791' title='bbox 1430 2469 1510 2497; x_wconf 88' lang='lat' dir='ltr'><strong>finem</strong></span> <span class='ocrx_word' id='word_1_792' title='bbox 1530 2469 1632 2496; x_wconf 69' lang='lat' dir='ltr'><strong>ultimae</strong></span> <span class='ocrx_word' id='word_1_793' title='bbox 1655 2469 1778 2496; x_wconf 69' lang='lat' dir='ltr'><strong>collecta:</strong></span> <span class='ocrx_word' id='word_1_794' title='bbox 1798 2468 1828 2495; x_wconf 87' lang='lat' dir='ltr'><strong>de</strong></span> <span class='ocrx_word' id='word_1_795' title='bbox 1847 2474 1874 2494; x_wconf 82' lang='lat' dir='ltr'><strong>ea</strong></span> 
     </span>
    </p>
   </div>
   <div class='ocr_carea' id='block_1_112' title="bbox 1101 2514 1874 2549">
    <p class='ocr_par' dir='ltr' id='par_1_112' title="bbox 1101 2514 1874 2549">
     <span class='ocr_line' id='line_1_112' title="bbox 1101 2514 1874 2549; baseline -0.005 -7"><span class='ocrx_word' id='word_1_796' title='bbox 1101 2519 1207 2549; x_wconf 83' lang='lat' dir='ltr'><strong>agatur.</strong></span> <span class='ocrx_word' id='word_1_797' title='bbox 1228 2514 1292 2542; x_wconf 89' lang='lat' dir='ltr'><strong>Post</strong></span> <span class='ocrx_word' id='word_1_798' title='bbox 1315 2514 1503 2542; x_wconf 72' lang='lat' dir='ltr'><strong>Benedicamut</strong></span> <span class='ocrx_word' id='word_1_799' title='bbox 1524 2514 1636 2542; x_wconf 85' lang='lat' dir='ltr'><strong>Domino</strong></span> <span class='ocrx_word' id='word_1_800' title='bbox 1658 2514 1705 2540; x_wconf 85' lang='lat' dir='ltr'><strong>fiat</strong></span> <span class='ocrx_word' id='word_1_801' title='bbox 1723 2518 1874 2542; x_wconf 86' lang='lat' dir='ltr'><strong>commemo-</strong></span> 
     </span>
    </p>
   </div>
   <div class='ocr_carea' id='block_1_113' title="bbox 1102 2559 1874 2596">
    <p class='ocr_par' dir='ltr' id='par_1_113' title="bbox 1102 2559 1874 2596">
     <span class='ocr_line' id='line_1_113' title="bbox 1102 2559 1874 2596; baseline -0.005 -8"><span class='ocrx_word' id='word_1_802' title='bbox 1102 2560 1172 2588; x_wconf 82' lang='lat' dir='ltr'><strong>ratio</strong></span> <span class='ocrx_word' id='word_1_803' title='bbox 1190 2560 1344 2588; x_wconf 70' lang='lat' dir='ltr'><strong>festivitatis</strong></span> <span class='ocrx_word' id='word_1_804' title='bbox 1355 2561 1387 2596; x_wconf 82' lang='lat' dir='ltr'><strong>de</strong></span> <span class='ocrx_word' id='word_1_805' title='bbox 1403 2567 1454 2594; x_wconf 88' lang='lat' dir='ltr'><strong>qtta</strong></span> <span class='ocrx_word' id='word_1_806' title='bbox 1470 2563 1531 2587; x_wconf 92' lang='lat' dir='ltr'><strong>octo</strong></span> <span class='ocrx_word' id='word_1_807' title='bbox 1544 2559 1674 2587; x_wconf 87' lang='lat' dir='ltr'><strong>lectiones</strong></span> <span class='ocrx_word' id='word_1_808' title='bbox 1696 2559 1810 2590; x_wconf 90' lang='lat' dir='ltr'><strong>fuerint;</strong></span> <span class='ocrx_word' id='word_1_809' title='bbox 1825 2564 1874 2584; x_wconf 88' lang='lat' dir='ltr'><strong>om-</strong></span> 
     </span>
    </p>
   </div>
   <div class='ocr_carea' id='block_1_114' title="bbox 1101 2602 1874 2641">
    <p class='ocr_par' dir='ltr' id='par_1_114' title="bbox 1101 2602 1874 2641">
     <span class='ocr_line' id='line_1_114' title="bbox 1101 2602 1874 2641; baseline -0.006 -7"><span class='ocrx_word' id='word_1_810' title='bbox 1101 2613 1150 2634; x_wconf 87' lang='lat' dir='ltr'><strong>nes</strong></span> <span class='ocrx_word' id='word_1_811' title='bbox 1163 2613 1269 2641; x_wconf 89' lang='lat' dir='ltr'><strong>quoque</strong></span> <span class='ocrx_word' id='word_1_812' title='bbox 1281 2605 1353 2632; x_wconf 68' lang='lat' dir='ltr'><strong>hora:</strong></span> <span class='ocrx_word' id='word_1_813' title='bbox 1364 2605 1397 2633; x_wconf 90' lang='lat' dir='ltr'><strong>de</strong></span> <span class='ocrx_word' id='word_1_814' title='bbox 1409 2605 1452 2631; x_wconf 88' lang='lat' dir='ltr'><strong>illa</strong></span> <span class='ocrx_word' id='word_1_815' title='bbox 1471 2604 1604 2636; x_wconf 86' lang='lat' dir='ltr'><strong>dicantur,</strong></span> <span class='ocrx_word' id='word_1_816' title='bbox 1617 2611 1706 2632; x_wconf 88' lang='lat' dir='ltr'><strong>sermo</strong></span> <span class='ocrx_word' id='word_1_817' title='bbox 1718 2604 1744 2631; x_wconf 90' lang='lat' dir='ltr'><strong>in</strong></span> <span class='ocrx_word' id='word_1_818' title='bbox 1757 2602 1874 2638; x_wconf 82' lang='lat' dir='ltr'><strong>capitulo,</strong></span> 
     </span>
    </p>
   </div>
   <div class='ocr_carea' id='block_1_115' title="bbox 1101 2647 1873 2686">
    <p class='ocr_par' dir='ltr' id='par_1_115' title="bbox 1101 2647 1873 2686">
     <span class='ocr_line' id='line_1_115' title="bbox 1101 2647 1873 2686; baseline -0.009 -6"><span class='ocrx_word' id='word_1_819' title='bbox 1101 2655 1129 2680; x_wconf 87' lang='lat' dir='ltr'><strong>et</strong></span> <span class='ocrx_word' id='word_1_820' title='bbox 1142 2650 1228 2686; x_wconf 85' lang='lat' dir='ltr'><strong>major</strong></span> <span class='ocrx_word' id='word_1_821' title='bbox 1242 2651 1340 2683; x_wconf 86' lang='lat' dir='ltr'><strong>missa;</strong></span> <span class='ocrx_word' id='word_1_822' title='bbox 1358 2650 1523 2678; x_wconf 86' lang='lat' dir='ltr'><strong>matutinalis</strong></span> <span class='ocrx_word' id='word_1_823' title='bbox 1542 2657 1606 2678; x_wconf 86' lang='lat' dir='ltr'><strong>vero</strong></span> <span class='ocrx_word' id='word_1_824' title='bbox 1624 2649 1694 2677; x_wconf 88' lang='lat' dir='ltr'><strong>unde</strong></span> <span class='ocrx_word' id='word_1_825' title='bbox 1715 2648 1807 2676; x_wconf 88' lang='lat' dir='ltr'><strong>laudes</strong></span> <span class='ocrx_word' id='word_1_826' title='bbox 1825 2647 1873 2674; x_wconf 88' lang='lat' dir='ltr'><strong>fue-</strong></span> 
     </span>
    </p>
   </div>
   <div class='ocr_carea' id='block_1_116' title="bbox 1084 2702 1174 2734">
    <p class='ocr_par' dir='ltr' id='par_1_116' title="bbox 1084 2702 1174 2734">
     <span class='ocr_line' id='line_1_116' title="bbox 1084 2702 1174 2734; baseline -0.011 -8"><span class='ocrx_word' id='word_1_827' title='bbox 1084 2732 1087 2734; x_wconf 8' lang='grc' dir='ltr'><em>ἓ</em></span> <span class='ocrx_word' id='word_1_828' title='bbox 1101 2702 1174 2727; x_wconf 84' lang='lat' dir='ltr'><strong>ruat.</strong></span> 
     </span>
    </p>
   </div>
   <div class='ocr_carea' id='block_1_117' title="bbox 1113 2736 1874 2775">
    <p class='ocr_par' dir='ltr' id='par_1_117' title="bbox 1113 2736 1874 2775">
     <span class='ocr_line' id='line_1_117' title="bbox 1113 2736 1874 2775; baseline -0.011 -4"><span class='ocrx_word' id='word_1_829' title='bbox 1113 2742 1164 2771; x_wconf 86' lang='lat' dir='ltr'><strong>.Si</strong></span> <span class='ocrx_word' id='word_1_830' title='bbox 1189 2741 1321 2771; x_wconf 86' lang='lat' dir='ltr'><strong>festivitas</strong></span> <span class='ocrx_word' id='word_1_831' title='bbox 1345 2740 1458 2775; x_wconf 86' lang='lat' dir='ltr'><strong>alicujus</strong></span> <span class='ocrx_word' id='word_1_832' title='bbox 1481 2739 1581 2772; x_wconf 87' lang='lat' dir='ltr'><strong>sancti,</strong></span> <span class='ocrx_word' id='word_1_833' title='bbox 1610 2739 1643 2767; x_wconf 88' lang='lat' dir='ltr'><strong>de</strong></span> <span class='ocrx_word' id='word_1_834' title='bbox 1663 2746 1717 2773; x_wconf 89' lang='lat' dir='ltr'><strong>qua</strong></span> <span class='ocrx_word' id='word_1_835' title='bbox 1740 2736 1874 2766; x_wconf 80' lang='lat' dir='ltr'><strong>duodecim</strong></span> 
     </span>
    </p>
   </div>
   <div class='ocr_carea' id='block_1_118' title="bbox 1100 2783 1873 2820">
    <p class='ocr_par' dir='ltr' id='par_1_118' title="bbox 1100 2783 1873 2820">
     <span class='ocr_line' id='line_1_118' title="bbox 1100 2783 1873 2820; baseline -0.014 -2"><span class='ocrx_word' id='word_1_836' title='bbox 1100 2789 1229 2818; x_wconf 85' lang='lat' dir='ltr'><strong>lectiones</strong></span> <span class='ocrx_word' id='word_1_837' title='bbox 1253 2789 1333 2820; x_wconf 86' lang='lat' dir='ltr'><strong>fiunt,</strong></span> <span class='ocrx_word' id='word_1_838' title='bbox 1355 2785 1462 2814; x_wconf 77' lang='lat' dir='ltr'><strong>eveniat</strong></span> <span class='ocrx_word' id='word_1_839' title='bbox 1485 2786 1512 2812; x_wconf 92' lang='lat' dir='ltr'><strong>in</strong></span> <span class='ocrx_word' id='word_1_840' title='bbox 1540 2785 1583 2812; x_wconf 91' lang='lat' dir='ltr'><strong>die</strong></span> <span class='ocrx_word' id='word_1_841' title='bbox 1611 2784 1750 2812; x_wconf 87' lang='lat' dir='ltr'><strong>Dominica</strong></span> <span class='ocrx_word' id='word_1_842' title='bbox 1774 2783 1807 2811; x_wconf 90' lang='lat' dir='ltr'><strong>de</strong></span> <span class='ocrx_word' id='word_1_843' title='bbox 1826 2785 1873 2817; x_wconf 88' lang='lat' dir='ltr'><strong>qua</strong></span> 
     </span>
    </p>
   </div>
   <div class='ocr_carea' id='block_1_119' title="bbox 1099 2826 1871 2873">
    <p class='ocr_par' dir='ltr' id='par_1_119' title="bbox 1099 2826 1871 2873">
     <span class='ocr_line' id='line_1_119' title="bbox 1099 2826 1871 2873; baseline -0.017 -6"><span class='ocrx_word' id='word_1_844' title='bbox 1099 2835 1210 2867; x_wconf 81' lang='lat' dir='ltr'><strong>historia</strong></span> <span class='ocrx_word' id='word_1_845' title='bbox 1223 2835 1278 2873; x_wconf 84' lang='lat' dir='ltr'><strong>jam</strong></span> <span class='ocrx_word' id='word_1_846' title='bbox 1292 2837 1400 2862; x_wconf 84' lang='lat' dir='ltr'><strong>cantata</strong></span> <span class='ocrx_word' id='word_1_847' title='bbox 1414 2831 1446 2861; x_wconf 79' lang='lat' dir='ltr'><strong>sit</strong></span> <span class='ocrx_word' id='word_1_848' title='bbox 1455 2851 1463 2866; x_wconf 89' lang='lat'><strong>,</strong></span> <span class='ocrx_word' id='word_1_849' title='bbox 1479 2835 1526 2859; x_wconf 83' lang='lat' dir='ltr'><strong>aut</strong></span> <span class='ocrx_word' id='word_1_850' title='bbox 1539 2830 1719 2866; x_wconf 82' lang='lat' dir='ltr'><strong>subsequente</strong></span> <span class='ocrx_word' id='word_1_851' title='bbox 1734 2829 1777 2859; x_wconf 73' lang='lat' dir='ltr'><strong>die</strong></span> <span class='ocrx_word' id='word_1_852' title='bbox 1791 2826 1871 2858; x_wconf 85' lang='lat' dir='ltr'><strong>Domi-</strong></span> 
     </span>
    </p>
   </div>
  </div>
