3864 6300
88 375 160 427 681
991 374 1306 430 DECRETA
1352 374 1490 431 ἰ)Βο
1525 373 1783 430 ORDINE
1813 373 1872 429 S.
1908 370 2290 427 BENEDICTI.

3168 335 3270 436 tes
3295 335 3301 342 ’

88 491 178 545 nica
201 483 385 540 cantari
425 485 627 555 possit,
656 475 822 539 totum
855 486 1132 541 servitium
1166 489 1363 552 noctis,
1403 496 1456 542 et
1491 488 1597 541 diei
1629 497 1672 553 Α
1702 500 1869 551 sona;
1913 485 2063 538 linito
2098 485 2238 553 quod
2268 491 2540 553 cantatur,
2569 497 2780 557 surgat,
2813 497 2866 543 et
2908 489 2952 545 si
2991 491 3273 561 episcopus

85 583 136 634 de
163 586 324 632 saneto
349 587 566 644 agatur;
606 575 762 630 inissa
795 584 998 629 tantum
1036 577 1368 631 matutinalis
1399 578 1464 631 de
1500 576 1602 631 Do-

88 668 242 722 minica
271 665 506 727 dicatur;
543 664 756 717 tertium
788 663 931 716 enim
966 675 1284 718 nocturnum
1317 667 1382 719 de
1421 665 1604 719 Domi-

86 761 173 812 nica
198 757 272 810 die
298 769 568 823 nunquam
600 754 702 808 erit
723 792 738 818 ,
777 754 877 808 nisi
909 755 1264 823 praecedentia
1291 756 1397 809 duo
1435 757 1504 810 de
1539 770 1600 810 ea

86 853 196 900 liaul.

135 936 178 987 In
213 933 447 986 omnibus
473 931 768 986 Dominicis
794 931 1004 1000 dieous,
1031 941 1085 986 et
1111 932 1163 987 in
1198 933 1369 1002 prima
1395 933 1480 986 die
1504 932 1605 987 Do-

81 1024 249 1076 minicre
283 1022 584 1075 Nativitatis
613 1022 678 1074 ad
711 1022 965 1091 majorem
1010 1023 1229 1076 missam
1271 1032 1507 1086 tantum,
1549 1031 1603 1076 et

81 1135 115 1166 Ill
145 1117 216 1169 die
241 1114 516 1167 Dominicm
541 1113 1000 1176 Circumeisionis,
1027 1121 1080 1167 et
1110 1113 1436 1182 Epiphania,
1469 1123 1520 1166 et
1549 1115 1600 1166 in

82 1206 214 1271 prima
238 1204 314 1256 die
339 1202 608 1270 paschalis
632 1201 1008 1266 solemnitatis,
1035 1209 1090 1254 et
1119 1202 1172 1254 in
1202 1203 1285 1255 die
1313 1202 1599 1256 Ascensio-

85 1299 170 1358 nis,
198 1309 242 1348 et
281 1294 328 1346 in
372 1294 545 1362 prima
593 1294 677 1347 die
714 1293 1086 1360 Pentecostes,
1138 1304 1192 1348 et
1224 1295 1274 1348 in
1313 1295 1603 1350 festivitate

81 1385 282 1437 Omnium
307 1384 655 1447 Sanctorum,
688 1393 741 1436 et
784 1384 834 1436 in
868 1383 1207 1439 Dedicatione
1245 1385 1516 1449 ecclesiae,
1549 1395 1602 1439 et

86 1475 122 1525 in
157 1471 376 1525 omnibus
420 1471 808 1526 festivitatibus
849 1473 1020 1528 beatae
1059 1474 1276 1538 Marini,
1327 1485 1380 1529 et
1425 1476 1478 1529 in
1515 1477 1600 1531 die

84 1562 294 1629 passionis
321 1561 682 1633 apostolorum
716 1561 860 1616 Petri
901 1573 954 1617 et
993 1563 1181 1629 Pauli,
1214 1575 1268 1619 et
1310 1567 1361 1619 in
1393 1567 1600 1622 crete-ris

85 1650 404 1704 lesuvitatibus
440 1651 672 1704 aliorum
709 1651 1106 1720 apostolorum,
1148 1655 1356 1708 dicatur
1389 1657 1455 1709 ad
1490 1673 1600 1710 ma-

79 1743 211 1808 jureni
239 1743 440 1796 missam
481 1742 652 1795 Credo
685 1743 738 1796 in
774 1760 934 1795 unum
973 1743 1159 1797 Deum.
1204 1745 1336 1798 Nam
1376 1747 1442 1800 ad
1487 1762 1602 1801 ma-

85 1829 304 1884 tutinalem
334 1831 552 1885 missam
589 1833 640 1884 in
672 1841 935 1886 conventu
963 1848 1235 1902 nunquam
1263 1835 1482 1889 dicitur.

173 1921 344 1975 Sscrto
379 1921 489 1976 XII.
521 1952 592 1962 --
629 1923 872 1992 Exceptio
907 1939 1139 1992 persona?
1170 1926 1491 1995 principalis.
1540 1967 1542 1969 .

132 2010 316 2076 Quoties
344 2013 648 2082 disponitur
681 2024 738 2067 ut
776 2014 951 2081 aliqua
985 2030 1210 2084 persona
1244 2033 1364 2070 cum
1405 2017 1594 2073 festiva

84 2103 364 2168 processione
389 2104 738 2173 suscipiatur,
771 2109 1022 2174 tangatur
1051 2116 1132 2159 ter
1170 2108 1403 2162 breviter
1433 2124 1596 2162 unum

84 2192 130 2242 de
150 2190 398 2259 majoribus
418 2194 625 2263 signis,-
655 2203 713 2248 ut
748 2195 849 2248 hoc
877 2195 1032 2264 signo
1061 2198 1384 2251 conveniant
1410 2212 1599 2254 omnes

88 2281 238 2337 intres
257 2284 304 2337 in
322 2283 606 2340 ecclesiam
633 2285 699 2339 ad
721 2286 1048 2340 induendum
1075 2299 1152 2341 se.
1181 2288 1242 2341 Et
1267 2303 1388 2342 cum
1410 2304 1599 2344 omnes

85 2372 225 2439 cappis
246 2373 405 2428 induti
429 2374 666 2439 fuerint,
701 2374 746 2428 si
787 2382 932 2428 tanta
968 2389 1260 2445 capparum
1289 2375 1444 2444 copia
1483 2371 1596 2442 εει,

89 2476 150 2518 aut
175 2467 358 2532 casulis,
387 2477 442 2522 et
477 2469 806 2536 dalmaticis,
837 2470 882 2524 si
910 2485 1093 2540 cappae
1126 2471 1338 2537 desint,
1368 2481 1422 2525 et
1448 2473 1599 2542 pueri

90 2556 254 2620 tunicis,
277 2568 584 2627 exspectent
614 2559 862 2615 sedentes
899 2561 951 2615 in
981 2562 1166 2628 choro,
1204 2563 1372 2617 donec
1412 2577 1601 2632 proce-

89 2648 196 2699 dant.
237 2648 553 2704 Secretarius
601 2651 817 2706 interim
843 2654 1099 2707 extendat
1125 2669 1290 2708 unum
1323 2664 1554 2724 tapetem
1581 2695 1598 2721 ,

89 2748 126 2787 et
143 2738 331 2808 desuper
356 2740 572 2808 pallium
606 2750 731 2796 ante
757 2742 930 2811 majus
958 2743 1125 2797 altare
1177 2759 1336 2813 super
1365 2747 1596 2813 priorem

91 2828 276 2894 gradum,
305 2839 354 2884 et
377 2832 629 2885 similiter
654 2832 814 2886 faciat
845 2841 970 2887 ante
999 2833 1312 2887 cruciﬁxum
1342 2835 1393 2886 in
1424 2835 1601 2890 medio

92 2914 321 2983 Ecclesiae;
372 2919 450 2973 his
489 2921 727 2989 peractis
779 2937 899 2974 cum
955 2922 1244 2975 indiealmn
1298 2923 1458 2976 fuerit
1488 2923 1600 2991 jam

91 3020 208 3074 prope
230 3010 396 3065 adesse
422 3027 732 3080 personam,
764 3013 1040 3081 pulsentur
1067 3014 1169 3065 duo
1197 3011 1395 3079 majora
1425 3014 1598 3083 signa.

140 3099 256 3154 Tunc
287 3101 437 3171 ιιΙὶριιὶ
471 3105 538 3156 de
575 3101 873 3170 majoribus
909 3103 1174 3172 accipiant
1202 3120 1394 3173 aquam
1433 3104 1594 3158 bene-

91 3187 271 3256 dictam,
312 3202 362 3247 et
399 3203 593 3248 cratera
632 3209 749 3262 qua:
790 3195 855 3247 ad
901 3194 1148 3248 festivam
1194 3195 1592 3263 processionem

90 3283 242 3344 portari
266 3285 459 3349 solent;
491 3287 597 3339 hos
619 3287 979 3354 przecedentes
1004 3295 1298 3354 sequantur
1321 3286 1507 3346 abbas,
1540 3295 1595 3339 et

89 3370 248 3432 catt-ri,
285 3381 334 3424 ut
369 3384 488 3427 sunt
535 3375 761 3443 priores.
811 3374 965 3428 Pueri
1013 3389 1134 3428 cum
1179 3374 1448 3442 magistris
1484 3375 1596 3428 suis

89 3461 260 3512 extremi
289 3463 532 3527 veniant,
561 3473 616 3516 et
643 3463 695 3514 in
721 3463 909 3518 ordine
945 3478 1041 3516 suo
1069 3471 1212 3516 stent
1239 3463 1380 3516 inter
1403 3463 1595 3518 choros

91 3546 212 3611 duos,
236 3564 342 3603 cum
373 3553 508 3606 L-cta
549 3549 713 3605 fuerit
740 3551 904 3604 statio
936 3551 1004 3604 ad
1035 3552 1428 3619 susceptionem
1470 3566 1595 3620 pero

92 3649 213 3690 50ml}.
233 3638 346 3704 Quae
369 3657 486 3696 cum
521 3641 815 3709 suscipitur
837 3641 1004 3712 276
1029 3642 1117 3695 det
1145 3642 1194 3694 ei
1218 3641 1386 3695 abbas
1411 3656 1597 3709 asper-

91 3729 240 3781 sorium
270 3746 378 3785 cum
417 3748 559 3804 aqua
599 3734 653 3786 in
689 3748 945 3797 manum,
983 3731 1028 3787 si
1072 3733 1354 3802 episcopus
1393 3731 1594 3797 fuerit,

92 3813 208 3867 aliam
238 3834 497 3886 personam
535 3831 787 3890 aspergat
814 3821 949 3890 ipse,
981 3820 1177 3874 dehinc
1207 3821 1516 3891 porrigatur
1547 3821 1598 3876 ei

94 3907 332 3976 incensum,
357 3914 608 3968 similiter
631 3914 700 3968 ab
728 3912 938 3978 abbate,
975 3921 1149 3968 textus
1176 3929 1206 3967 a
1238 3913 1442 3983 priore;
1471 3914 1596 3968 dum

94 3997 175 4050 haec
198 4000 328 4067 liunt,
359 4005 638 4073 pulsentur
669 4005 847 4057 omnia
877 4004 1048 4074 signa.
1079 4004 1280 4058 Cantor
1309 4021 1436 4059 vero
1467 4005 1597 4059 inci-

95 4085 173 4147 piat
199 4101 386 4144 cantum
425 4094 516 4161 qui
551 4093 839 4146 conveniat
891 4105 1130 4160 persona:
1153 4131 1167 4154 ,
1200 4092 1393 4145 dehinc
1419 4107 1597 4145 rever-

96 4185 198 4228 L’llﬂl'
221 4186 496 4248 processio,
535 4185 684 4252 pueri
721 4199 839 4236 cum
869 4183 1144 4253 magistris
1181 4183 1292 4236 suis
1319 4183 1478 4252 primi
1517 4184 1598 4235 in-

95 4268 343 4328 gradiantur
361 4275 665 4339 ecclesiam,
699 4275 796 4328 hos
825 4281 1126 4343 sequantur
1155 4273 1342 4341 reliqui
1377 4273 1516 4327 sicut
1545 4273 1596 4326 in

96 4359 272 4416 statione
296 4363 532 4431 luerunt;
563 4376 838 4420 extremus
867 4365 1044 4418 veniat
1077 4365 1243 4418 abbas
1269 4380 1390 4418 cum
1418 4378 1599 4418 susce-

1705 583 1783 628 est
1812 575 1901 643 qui
1935 575 2244 643 suscipitur,
2286 583 2407 643 post
2441 575 2621 628 datam
2655 577 3081 634 benedictionem
3115 598 3271 635 oscu-
3307 571 3312 576 ’

1704 664 1844 719 letor
1869 681 2054 720 omnes
2084 667 2276 720 fratres
2303 680 2400 735 per
2423 667 2687 721 ordinem.
2718 668 2937 723 Fratres
2966 683 3116 735 vero,
3146 675 3269 741 quia

1704 754 1872 808 induti
1905 764 2060 817 sunt,
2090 770 2194 808 non
2221 753 2436 808 flectant
2479 754 2645 824 genua
2680 763 2805 808 ante
2834 771 2977 820 eum,
3011 759 3152 812 sicut
3179 777 3268 813 so-

1704 846 1813 898 lent
1847 846 2022 898 facere
2049 861 2168 897 cum
2199 844 2511 897 osculantur
2539 845 2846 913 cpiscOpum
2878 845 2959 898 vel
2988 847 3267 913 abbatem,

1703 934 1784 986 vel
1815 935 2110 1002 principem
2155 943 2348 994 terrze,
2399 933 2493 987 sed
2534 933 2804 986 humiliter
2851 933 3164 988 inclinantes
3212 951 3272 990 se

1707 1023 2005 1091 procedant
2049 1022 2114 1073 ad
2156 1021 2396 1074 osculum
2427 1019 2558 1085 ejus.

1774 1113 1828 1166 Si
1871 1112 2159 1181 Spiritualis
2221 1127 2445 1179 persona
2495 1111 2654 1162 fuerit
2711 1121 2763 1163 et
2803 1111 2968 1164 abbas
3011 1113 3273 1182 expedire

1704 1202 2024 1256 indicaverit
2052 1242 2065 1265 ,
2121 1202 2394 1256 devestitis
2441 1203 2737 1266 fratribus,
2794 1212 2848 1256 et
2893 1203 2944 1257 in
2996 1205 3311 1283 capitulo,-

1702 1297 1839 1351 sicut
1879 1295 2083 1360 solent,
2116 1298 2549 1360 considentibus,
2592 1300 2818 1351 ducatur
2851 1298 2976 1353 illuc
3019 1302 3273 1370 praedicta

1703 1398 1959 1452 persona,
1996 1391 2076 1445 et,
2109 1383 2273 1451 petita
2305 1383 2703 1444 benedictione,
2749 1383 2954 1452 legatur
2997 1393 3120 1437 ante
3152 1401 3270 1440 eam

1701 1473 1860 1528 lectio
1902 1474 2108 1532 divina:
2145 1489 2247 1542 qua
2288 1473 2435 1526 finita
2479 1488 2600 1526 cum
2650 1472 2726 1523 Tn
2763 1482 2970 1536 autem,
3018 1471 3268 1538 Domine,
3311 1473 3314 1477 ’

1702 1575 2003 1618 sermonem
2035 1564 2079 1617 si
2115 1563 2342 1618 voluerit
2379 1563 2443 1614 de
2468 1576 2528 1614 ea
2560 1545 2741 1614 faciat.

1780 1653 1836 1706 Si
1903 1651 2066 1706 albas
2111 1652 2270 1706 fuerit
2324 1651 2413 1720 qui
2463 1651 2774 1722 suscipitur,
2822 1661 2943 1704 ante
2990 1651 3271 1706 introitum

1701 1739 1917 1808 capituli
1952 1741 2286 1811 egredientes
2326 1741 2519 1794 fratres
2549 1743 2836 1796 osculetur.
2876 1744 2929 1796 Si
2962 1755 3088 1797 vero
3131 1741 3273 1809 capi-
3303 1745 3306 1748 '

1629 1829 1673 1890 Β
1705 1832 1872 1888 tulum
1916 1849 2020 1887 non
2068 1833 2380 1900 intraverit,
2422 1846 2632 1890 servata
2677 1839 2997 1907 competenti
3038 1840 3168 1893 hora
3214 1835 3269 1893 in

1701 1923 1945 1978 claustro
1975 1923 2248 1978 osculetur
2277 1939 2388 1979 eos.
2660 1953 2662 1956 -

2317 2013 2546 2070 CAPUT
2581 2014 2644 2068 11.

2333 2101 2405 2156 De
2441 2103 2643 2156 abbate.

1766 2189 1947 2243 Abbas
1982 2204 2103 2244 cum
2143 2190 2377 2261 eligitur,
2416 2206 2602 2246 omnes
2639 2191 2834 2248 fratres
2855 2233 2868 2258 ,
2900 2193 2982 2248 vel
3017 2195 3188 2264 major
3215 2206 3270 2250 et

1699 2277 1889 2334 melior
1921 2293 2076 2347 pars,
2121 2281 2173 2332 in
2221 2279 2336 2348 ejus
2375 2280 2691 2334 electionem
2719 2285 3023 2338 consentire
3053 2286 3267 2340 debent.

1699 2366 1912 2421 Electus
1933 2377 2110 2422 autem
2126 2369 2168 2422 si
2193 2379 2344 2422 extra
2361 2370 2744 2424 monasterium
2762 2383 3127 2436 consecratur,
3147 2389 3270 2427 cum

1700 2459 2051 2513 redieritcum
2076 2459 2260 2513 festiva
2282 2460 2626 2530 processione
2646 2463 2986 2531 suscipiatur.
3009 2463 3126 2533 Ipse
3146 2479 3272 2518 vero

1702 2547 1754 2600 in
1782 2555 2009 2616 utraque
2031 2549 2258 2602 statione
2282 2548 2795 2617 prostratnsjaeeat.
2816 2549 2990 2606 Finito
3009 2561 3166 2607 cantu
3181 2569 3266 2608 se-

1700 2638 1889 2692 cunda:
1938 2638 2205 2704 stationis,
2251 2639 2571 2708 episcopus,
2618 2639 2663 2694 si
2705 2641 2856 2695 adest
2883 2680 2897 2706 ,
2943 2641 3024 2695 vel
3069 2642 3272 2712 legatus

1700 2727 1817 2796 ejus
1857 2728 1911 2779 in
1956 2725 2072 2779 loco
2109 2728 2438 2781 etvstationc
2482 2728 2693 2784 abbatis
2733 2745 2853 2784 etnn
2892 2737 3114 2784 statuat.
3157 2731 3274 2798 Quo

1702 2825 1934 2880 statuto,
1961 2816 2004 2870 si
2039 2815 2321 2886 episcopus
2353 2816 2536 2884 abest,
2581 2819 2802 2888 incipiat
2827 2819 2975 2888 prior
3007 2819 3076 2873 Te
3109 2820 3272 2874 Deum

1703 2907 2012 2972 (laudamus,
2046 2907 2185 2976 quod
2213 2909 2338 2963 dum
2386 2917 2627 2974 cantant,
2662 2910 2919 2964 accedant
2945 2925 3130 2965 onmes
3164 2910 3274 2966 fra-

1706 3009 1844 3063 tres,
1877 2999 2017 3054 sicut
2050 3009 2173 3052 sunt
2222 2999 2451 3067 priores,
2493 3000 2560 3054 ad
2595 3001 2836 3055 osculum
2877 3001 3023 3070 ejus,
3054 3001 3136 3056 bis
3174 3001 3270 3054 fle-

1704 3097 1912 3142 ctentes
1946 3103 2144 3158 genua,
2181 3089 2346 3144 semel
2374 3098 2500 3143 ante
2523 3090 2811 3158 ,osculum,
2847 3098 2903 3144 et
2943 3091 3105 3146 semel
3151 3105 3276 3160 posr.

1697 3179 1959 3233 osculum.
1993 3180 2067 3232 Ex
2101 3179 2187 3233 illa
2215 3180 2301 3234 die
2328 3180 2381 3235 in
2409 3181 2556 3234 omni
2585 3179 2702 3235 loco
2731 3180 2987 3251 singulari
3018 3195 3272 3237 reveren-

1697 3270 1770 3323 tia
1804 3271 2150 3324 honorandus
2181 3280 2284 3326 est.

1766 3360 1823 3415 In
1863 3362 2038 3431 primo
2075 3361 2308 3430 capitulo
2344 3360 2432 3415 ubi
2478 3360 2708 3426 sederit,
2759 3376 2947 3416 omnes
2990 3361 3081 3430 qui
3129 3363 3268 3416 intra

1695 3452 2081 3518 monasterium
2121 3452 2456 3506 obedientias
2493 3451 2721 3513 habent,
2755 3458 2808 3503 ct
2841 3465 2924 3503 res
2961 3450 3271 3504 monasterii

1695 3553 1947 3608 servant,
1989 3557 2208 3596 suarum
2251 3541 2679 3596 obedientiarnm
2721 3540 2900 3594 claves
2942 3547 3066 3593 ante
3111 3541 3272 3608 pedes

1697 3633 1812 3701 ejus
1840 3641 2063 3701 ponant.
2104 3633 2221 3701 ipse
2261 3645 2389 3685 vero
2422 3630 2820 3686 recommendet
2850 3631 2928 3684 eis
2965 3630 3108 3698 ips‘as
3144 3630 3274 3684 obe-

1696 3723 1949 3787 dientias,
1995 3723 2040 3776 si
2084 3737 2189 3777 non
2226 3721 2386 3777 aliter
2422 3721 2751 3776 ordinandas
2785 3735 2907 3776 esse
2949 3721 3271 3775 decreverit.

1697 3812 1945 3867 lnclinari
1976 3813 2133 3868 debet
2167 3827 2196 3866 a
2225 3822 2336 3866 toto
2373 3821 2639 3867 conventu
2673 3826 2794 3865 cum
2821 3821 2941 3880 post
2978 3811 3268 3880 inemptam

1696 3903 2042 3970 antiphonatn
2076 3901 2328 3963 inclinat,
2361 3917 2480 3955 cum
2514 3901 2568 3955 in
2601 3899 2776 3954 tabula
2814 3901 2866 3954 iu
2903 3900 3138 3968 capitulo
3175 3915 3272 3955 no.

1697 3992 1959 4054 minatur,
1994 3992 2037 4045 si
2067 3991 2136 4045 ibi
2169 4006 2403 4061 praesens
2428 3992 2540 4055 est',
2571 4005 2690 4044 cum
2733 3990 2786 4044 in
2823 3989 3057 4059 psalmo,
3087 3990 3169 4044 vel
3215 3991 3268 4044 in

1696 4080 1804 4134 alio
1834 4081 2014 4148 aliquo
2048 4081 2251 4134 fallitur
2278 4081 2329 4134 in
2363 4083 2557 4144 choro,
2585 4095 2681 4150 pro
2715 4095 2820 4147 quo
2849 4080 3058 4133 veniam
3103 4089 3266 4147 petat.

1766 4173 1938 4226 Euute
1974 4187 2039 4227 eo
2084 4172 2150 4225 ad
2191 4171 2473 4241 legendum
2531 4170 2612 4223 vel
2654 4171 2912 4224 redeunte
2952 4184 2983 4222 a
3023 4168 3266 4237 legendo,

1697 4270 1943 4333 assurgat
1966 4262 2016 4316 ei
2040 4271 2182 4316 totus
2209 4269 2526 4316 conventus.
2555 4258 2891 4312 Transeunte
2914 4271 2979 4310 eo
3004 4271 3100 4325 per
3121 4256 3271 4311 clau-

1698 4364 1868 4409 strmu
1935 4353 2018 4408 vel
2068 4368 2164 4422 per
2205 4365 2578 4422 quemcunque
2625 4349 2828 4413 locum,
2883 4354 3168 4416 assurgunt
3219 4347 3269 4401 ei

98 4453 156 4506 illa
183 4465 396 4521 persona,
432 4456 862 4525 praecedentibus
889 4470 984 4508 eos
1015 4454 1338 4523 supradictis
1370 4453 1595 4523 portito-
1619 4483 1675 4543 Β
1697 4460 1886 4500 omnes
1928 4453 2053 4498 ante
2083 4457 2219 4512 quos
2271 4441 2494 4505 transit,
2514 4439 2871 4543 fluoadusque
2909 4444 3267 4537 pertranseat.

100 4534 222 4590 ribus.

149 4628 336 4699 |“gressi
361 4638 742 4693 monasterium
781 4636 981 4690 faciant
1008 4635 1295 4691 stationem
1326 4641 1449 4686 ante
1476 4647 1600 4685 cru-

99 4715 280 4776 cifixum.
314 4725 464 4782 Pueri
513 4743 640 4781 vero
677 4726 926 4781 similiter
972 4734 1114 4778 stent
1158 4725 1296 4776 inter
1341 4731 1598 4790 utrosque

100 4806 259 4865 dictos.
289 4812 520 4872 Prtedicti
562 4818 851 4886 portitores
890 4814 1146 4884 paulatim
1187 4813 1598 4882 progrediantur

101 4907 166 4958 per
189 4902 388 4958 medium
419 4922 638 4970 eorum,
667 4915 722 4960 et
756 4914 899 4960 Sient
932 4914 1055 4957 ante
1090 4889 1400 4957 crucifixum
1432 4901 1597 4955 versis

102 4985 280 5043 vultibus
317 4995 377 5048 ad
423 5013 565 5050 eum.
623 4996 839 5049 Interim
884 5005 1001 5048 oret
1031 5003 1277 5061 suscepta
1327 4987 1595 5061 persona;

103 5073 212 5130 linito
229 5093 387 5150 cantu,
412 5096 662 5156 surgente
682 5101 744 5139 ea
777 5086 844 5138 ab
865 5085 1108 5137 oratione
1126 5122 1141 5148 ,
1168 5083 1388 5151 incipiat
1409 5090 1598 5135 cantor

105 5168 406 5242 antiphonam,
433 5179 512 5233 vel
534 5176 930 5247 responsorium
955 5176 1020 5229 de
1043 5181 1230 5228 saneto
1248 5173 1300 5226 in
1328 5171 1480 5239 cujus
1503 5173 1597 5226 lto-

105 5271 242 5315 norem
263 5266 461 5325 fundata
483 5281 564 5325 est
586 5270 834 5324 ecclesia.
857 5267 1007 5322 Tunc
1032 5267 1335 5336 prmcedant
1356 5263 1595 5334 praedicti

107 5353 357 5424 portitores,
395 5361 683 5431 deposituri
727 5361 779 5413 in
823 5359 951 5413 locis
983 5359 1094 5412 suis
1131 5373 1192 5410 ea
1236 5373 1354 5424 qua:
1383 5363 1596 5423 portant

106 5442 241 5496 statim
260 5463 365 5503 cum
406 5451 468 5506 ad
491 5455 660 5507 altare
683 5453 948 5506 venerint.
981 5450 1288 5520 Sequuntur
1327 5448 1554 5500 infantes
1579 5484 1595 5511 ,

109 5540 197 5614 post
216 5535 296 5591 bos
320 5542 512 5614 reliqui,
544 5559 609 5598 eo
643 5545 832 5600 ordine
855 5559 960 5613 quo
997 5542 1245 5612 superius
1269 5540 1469 5594 dictum
1491 5548 1592 5594 est.

109 5613 284 5684 lngrcssi
322 5613 528 5688 chorum
579 5643 722 5688 stent
761 5649 791 5686 a
832 5642 982 5704 parte
1024 5631 1210 5685 altaris
1255 5644 1319 5681 ex
1370 5636 1597 5696 utraque

112 5717 224 5768 νιιιε
251 5716 370 5774 sic-at
395 5735 506 5778 sunt
535 5725 762 5796 priores.
808 5725 936 5781 Oret
969 5724 1161 5780 iterum
1192 5726 1434 5789 suscepta
1477 5734 1594 5788 per-

1698 4537 1831 4588 (Jum
1860 4532 2155 4602 capitulum
2185 4531 2478 4595 introierit,
2510 4528 2765 4582 fratribus
2783 4526 2896 4594 jam
2925 4530 2978 4581 in
3005 4541 3070 4582 eo
3095 4526 3270 4582 consi-
3296 4554 3303 4562 -

1698 4623 1979 4687 dentibus,
2023 4623 2088 4677 de
2127 4621 2377 4676 omnibus
2417 4620 2672 4690 gradibus
2711 4632 2899 4673 omnes
2940 4615 3263 4674 descendant

1698 4716 1868 4771 donec
1899 4715 2039 4769 idem
2069 4714 2364 4768 consideat.
2400 4712 2713 4780 Ubicunque
2738 4711 2837 4773 sit,
2870 4710 2940 4764 ibi
2967 4710 3126 4764 debet
3149 4723 3272 4763 esse

1696 4808 1829 4862 ordo
1870 4816 1923 4862 et
1964 4806 2273 4875 disciplina;
2325 4813 2653 4874 quapropter
2698 4804 2749 4857 in
2791 4816 3109 4872 quocunque
3152 4801 3271 4855 loco

1696 4897 1886 4963 fuerit,
1923 4899 2034 4952 sive
2065 4898 2116 4951 in
2151 4897 2414 4960 claustro,
2452 4896 2565 4949 sive
2597 4903 2751 4950 extra
2784 4893 3112 4954 claustrum,
3145 4907 3267 4945 cum

1699 4989 2044 5060 reprehendit
2088 4987 2320 5056 aliquem
2366 4986 2587 5040 fratrem
2635 4985 2935 5038 inordinate
2984 4989 3267 5051 agentem,

1696 5084 1808 5137 sive
1833 5081 2158 5151 loquentem,
2186 5096 2307 5134 mox
2335 5080 2423 5136 ille
2449 5095 2630 5135 coram
2664 5093 2727 5133 eo
2759 5076 3032 5132 humiliter
3057 5072 3265 5126 veniam

1697 5185 1876 5244 petat,
1916 5176 2055 5228 sicut
2095 5175 2146 5227 in
2191 5172 2454 5241 capitulo,
2496 5180 2552 5226 et
2596 5171 2778 5225 tandiu
2821 5176 2926 5223 stet
2962 5173 3084 5218 ante
3121 5162 3266 5215 illum

1699 5265 1865 5319 donec
1891 5265 2036 5318 illum
2054 5264 2238 5332 jubeat
2268 5263 2473 5318 sedere.
2506 5263 2570 5316 Et
2608 5263 2652 5315 si
2683 5259 2875 5315 viderit
2899 5256 3045 5311 illum
3085 5251 3269 5317 irasci,

1700 5367 1806 5412 tam
1830 5359 1918 5412 diu
1944 5358 2242 5413 satisfaciat
2266 5367 2394 5411 ante
2421 5358 2590 5426 ipsum
2619 5354 2826 5407 veniam
2853 5346 3113 5418 petendo,
3137 5357 3268 5443 quo.

1698 5459 1866 5515 usque
1912 5446 2059 5500 illum
2102 5447 2288 5500 reddat
2325 5446 2616 5514 placatum.
2656 5442 2836 5510 Abbas
2877 5446 3054 5491 tamen
3094 5442 3268 5501 provi-

1696 5535 1826 5590 dere
1866 5534 2022 5592 debet
2049 5551 2116 5590 ne
2159 5537 2258 5590 hoc
2294 5535 2454 5590 faciat
2489 5548 2668 5589 coram
2709 5524 3058 5584 saecularibus
3096 5522 3269 5578 homi-

1697 5625 1874 5682 nibus.

1770 5717 2083 5791 Ubicunque
2119 5719 2347 5784 sed-erit,
2385 5715 2558 5771 nullus
2579 5712 2730 5786 juxta
2766 5725 2886 5765 eum
2911 5709 3097 5766 sedere
3128 5715 3268 5776 pra:-
