1969 3144
768 158 799 185 B.
820 157 1018 187 LANFRANCI
1038 159 1216 189 CANTUAR.
1236 160 1397 190 AlilllllEP.

1836 165 1882 192 484

258 219 360 247 sumat,
375 216 426 243 nisi
442 215 498 251 ipse
513 215 625 250 jusserit
635 223 643 248 ;
653 214 744 249 jussus
760 222 824 243 vero
839 216 944 249 sedere,
961 217 995 244 ad
1008 224 1054 252 κο·
1068 220 1091 250 Α
1106 225 1166 252 qua:
1179 223 1255 245 extra
1279 219 1427 247 claustrum
1452 223 1526 252 sunt,
1556 219 1580 248 si
1607 220 1692 248 abbas
1716 220 1797 252 deest,
1813 221 1882 256 juxta

259 268 312 287 nua
341 260 400 296 ejus
423 268 453 288 se
471 260 564 289 ﬂectat
585 265 613 288 et
634 261 781 300 osculetur.
805 266 833 288 et
857 262 896 289 sic
916 262 1056 290 humiliter

254 305 331 340 juxta
347 314 408 334 cum
432 307 537 334 sedeat.
559 306 718 342 Quicunque
733 305 806 333 ei'in
824 314 935 334 manum
953 307 1070 343 aliquid

258 350 374 384 dederit,
389 351 431 378 vel
449 352 482 379 de
496 359 577 379 manu
593 350 651 385 ejus
664 349 765 386 aliquid
779 351 934 386 acceperit,
950 350 1056 379 oscule-

259 402 303 424 tur
329 405 438 424 manmn
463 396 564 432 ipsius;
591 396 725 424 intraturo
750 396 778 423 in
804 396 977 423 refectorium
1001 396 1055 423 duo

259 441 358 469 fratres
374 442 494 469 serviant
509 442 532 469 ei
548 441 582 468 de
606 448 675 476 aqua
697 446 724 467 et
738 440 914 476 manutergio.
931 440 1055 474 Quandiu

259 486 286 512 in
305 486 388 513 choro
408 485 506 519 fuerit,
529 485 619 513 nullus
638 485 803 519 infantibus,
816 485 868 513 nisi
886 493 919 513 eo
930 484 1059 520 iubente,

259 533 361 571 audeat
374 531 545 567 disciplinam
561 531 673 559 inferre.

295 578 417 612 Quandiu
435 577 576 605 dormierit
591 577 617 605 in
634 577 705 605 lecto
719 584 768 604 suo
782 584 870 609 mane,
886 576 974 604 nullus
983 576 1056 604 sorti-

260 628 317 651 tum
342 623 439 651 amicat
462 623 560 650 facere.
584 623 713 657 Magister
738 626 828 649 tatnen
853 622 1006 654 infantum,
1032 621 1054 649 si

260 670 357 697 viderit
370 669 485 696 transire
496 670 590 696 horam
607 669 690 704 2⁵17
702 676 754 704 qua
764 668 889 695 sonitusa
898 668 987 703 priore
997 667 1055 695 fieri

260 715 338 747 solet.
353 719 466 750 surgat,
481 719 507 741 et
520 723 600 750 quam
616 715 735 749 quietius
754 714 838 748 possit
850 713 967 740 infantes
980 712 1056 740 exci-

261 764 309 792 tet,
326 751 398 794 virga
419 759 606 789 tantummodo
625 764 737 795 tangens
753 766 858 794 pannos
878 758 975 793 quibus
994 765 1056 785 coo-

263 806 333 840 perti
349 810 422 834 sunt.
435 806 494 840 Quo
508 805 588 834 farto.
603 810 734 832 exeuntes
747 805 780 832 dc
793 804 953 832 dormitorio
967 804 1056 830 lavent

264 858 294 878 se
307 856 454 889 etpectant
464 871 473 883 ,
492 856 534 884 et,
549 851 627 879 factis
639 850 726 878 solitis
742 849 919 882 orationibus,
938 849 964 876 in
979 849 1057 876 scho-

1106 262 1356 297 ipsius'arbitrium
1382 265 1570 299 disponuntur.
1600 264 1639 292 Si-
1653 265 1740 296 abbas
1761 265 1883 301 longus:

1107 309 1273 336 monasterio
1298 309 1392 341 fuerit,
1412 309 1468 343 ipse
1481 309 1618 343 deponere
1643 314 1733 344 potest
1754 318 1799 337 eos
1822 319 1883 346 quos

1106 352 1270 381 intellexerit
1296 361 1349 381 non
1365 353 1441 388 juxta
1465 353 1616 389 proﬁcuum
1641 355 1769 383 Ecclesia:
1787 363 1824 383 res
1840 357 1885 384 sibi

1106 399 1266 426 commissas
1280 403 1406 426 tractare.
1421 399 1534 432 Quoties
1557 407 1602 427 res
1628 399 1792 434 expostulat,
1809 404 1877 428 tenet

1106 448 1153 471 aut
1170 445 1254 472 teneri
1264 444 1341 478 jubet
1354 445 1503 479 capitulum
1518 445 1551 472 de
1566 445 1693 472 omnibus
1718 446 1885 474 servientibus

1105 488 1151 524 qui
1166 488 1236 516 intra
1247 489 1367 516 oliicinas
1381 489 1536 516 monasterii
1549 493 1790 521 conversantur,et
1800 498 1885 519 secun-

1106 533 1170 561 dum
1196 533 1292 561 merita
1319 534 1545 568 delinquentium,
1570 542 1603 562 eo
1623 534 1747 568 jnbente,
1772 535 1885 564 vindicta

1107 579 1270 607 inferuntur.
1284 579 1404 607 lntrante
1426 587 1459 607 eo
1477 579 1636 615 capitulum,
1650 587 1745 608 omnes
1760 581 1784 607 ei
1802 589 1884 610 assur-

1107 630 1179 659 gant,
1195 630 1297 652 stantes
1312 625 1338 651 in
1352 625 1531 660 suppedaueis
1554 625 1641 652 donec
1659 625 1806 653 consideat.
1817 627 1885 660 Quod

1107 670 1130 697 si
1159 670 1316 702 tardaverit,
1344 670 1465 705 etprior
1486 670 1599 697 claustri
1627 671 1655 697 in
1681 671 1741 698 loco
1766 672 1890 707 superiori.

1106 716 1182 751 prius
1193 717 1303 749 sederit,
1319 716 1420 744 intrare
1434 724 1486 744 non
1503 718 1592 745 debet.
1608 716 1637 744 Si
1650 724 1735 744 causa
1749 717 1825 745 fuerit
1833 726 1886 754 qua:

1107 762 1207 790 differri
1231 770 1291 790 non
1307 763 1402 797 possit,
1428 768 1475 789 aut
1499 770 1552 790 non
1575 764 1684 799 debeat,
1705 764 1824 799 ingresso
1838 771 1884 795 eo,

1107 808 1181 844 prior
1202 809 1314 836 claustri
1339 817 1372 836 ex
1390 809 1475 837 altera
1501 808 1559 844 ejus
1575 815 1661 845 parte,
1679 811 1754 845 prior
1773 811 1886 838 omnibus

1107 855 1207 883 sedeat.
1223 855 1392 883 Transcunle
1415 862 1512 890 eoper
1529 856 1680 883 claustrum
1706 856 1747 882 vel
1770 863 1816 891 per
1827 856 1889 883 clm--

262 896 315 935 lam
337 905 414 935 suaet
435 897 545 924 redeant
563 901 590 923 et
609 904 670 924 cum
693 895 801 924 silentio
818 895 929 923 sedeant
941 915 950 929 ,
971 895 1056 923 donec
1071 895 1094 925 B
1108 907 1240 931 rum,non
1249 905 1407 935 assurgetur
1418 900 1459 933 ei;
1474 899 1581 927 volente
1593 908 1626 927 co
1634 900 1731 929 sedere
1742 901 1767 927 in
1778 901 1889 929 claustro-

262 932 347 971 abbas
360 944 393 971 de
406 943 475 971 lecto
489 938 592 978 surgat.

298 988 365 1015 Cum
391 988 490 1015 alicubi
511 993 589 1015 extra
605 988 803 1016 monasterium
820 992 924 1014 moram
940 985 1055 1019 faciens,

263 1033 375 1060 mandat
389 1033 536 1061 conventui
559 1032 661 1061 salutes
672 1041 720 1061 seu
735 1033 884 1066 orationes,
902 1040 997 1060 onmes
1010 1032 1054 1067 qui

263 1079 290 1107 in
305 1079 424 1114 capitulo
441 1085 505 1107 sunt
516 1079 658 1113 inclinent,
672 1079 749 1107 ﬂexis
768 1087 854 1114 usque
872 1079 904 1106 ad
918 1079 1056 1114 snppeda-

262 1118 343 1157 neum
359 1117 506 1152 scabellum
523 1125 648 1160 genibus.
659 1125 761 1152 Eodem
777 1124 858 1152 modo
873 1124 901 1150 lit
914 1131 962 1159 pro
981 1130 1057 1158 papae

263 1171 308 1204 vel
321 1170 394 1206 regis
408 1170 571 1198 salutatione
583 1179 591 1203 δ
607 1178 657 1206 pro
670 1170 785 1198 aliarum
802 1177 867 1196 vero
878 1173 1057 1205 personarum

262 1215 471 1243 salutationibus
488 1214 626 1254 humiliter
641 1214 787 1242 inclinetur
801 1218 913 1241 tantum.
927 1214 994 1241 Cum
1007 1221 1057 1241 au-

263 1265 319 1289 tem
331 1254 411 1288 alicui
423 1259 501 1288 fratri
519 1260 629 1288 mandat
647 1260 800 1296 lmjusmodi
814 1260 927 1295 aliquid,
944 1260 1058 1287 ubicuna

263 1314 316 1342 que
339 1306 445 1337 dicatur
468 1306 493 1341 ei
519 1306 577 1341 ipsa
609 1305 747 1338 salutatio,
772 1306 899 1334 continuo
920 1305 1058 1333 lmmilitcr

264 1350 375 1389 inclinet
396 1349 474 1378 ﬂexis
488 1350 522 1377 ad
536 1354 636 1377 terram
651 1349 774 1389 genibus.

300 1388 460 1432 Quicunque
474 1396 558 1423 frater
573 1396 608 1423 ad
627 1403 689 1424 cum
712 1388 790 1424 extra
808 1396 957 1424 claustrum
972 1395 1056 1424 vene—

265 1445 442 1481 rit,'primum
457 1444 531 1472 dicat
548 1444 709 1478 Benedicite,
724 1445 821 1473 deinde
836 1445 936 1473 indicet
946 1450 1059 1480 propter

264 1499 348 1530 quam
371 1498 482 1518 causam
504 1490 619 1518 venerit.
641 1490 696 1518 Nec
714 1491 808 1518 sedere
828 1498 920 1518 coram
944 1498 987 1524 eo,
1008 1498 1059 1518 nec

265 1537 395 1568 recedere
409 1536 443 1563 ab
455 1544 488 1564 eo
499 1536 597 1564 audeat
609 1536 666 1564 sine
677 1537 736 1572 ejus
749 1536 875 1570 licentia;
896 1540 1006 1571 accepta
1024 1535 1058 1564 ab

265 1590 300 1609 co
317 1582 458 1610 recedendi
489 1581 607 1615 licentia,
640 1580 757 1618 primum
790 1582 863 1610 dicat
895 1582 1055 1614 Benedicite,

267 1627 364 1653 deinde
388 1627 505 1654 recedat.
532 1626 626 1654 Omnis
651 1627 733 1655 totius
748 1628 905 1657 monasterii
921 1627 1058 1656 ordinatio

267 1679 301 1699 ex
313 1671 370 1706 ejus
384 1671 497 1699 arbitrio
515 1671 640 1707 pendeat.
667 1673 696 1701 Si
724 1673 788 1708 quid
808 1681 918 1706 novum,
940 1668 1058 1702 necessi-

268 1721 324 1744 tate
338 1721 460 1752 cogente,
482 1717 524 1744 vel
547 1718 653 1745 ratione
673 1718 814 1750 suadente,
830 1726 863 1746 eo
886 1719 1008 1751 absente,
1031 1720 1058 1746 in

268 1762 432 1789 monasterio
443 1762 597 1789 ordinatum
612 1762 707 1796 fuerit,
723 1771 783 1790 eum
797 1763 909 1790 redierit
924 1764 1060 1791 indicetur

268 1807 303 1839 ei,
318 1812 345 1834 ct
358 1811 450 1842 postea
464 1807 510 1834 fiat
523 1808 594 1836 sicut
608 1808 668 1843 ipse
682 1809 851 1843 praeceperit.
866 1808 895 1835 Si
912 1809 945 1835 de
964 1816 1060 1836 mona-

269 1853 352 1879 sterio
365 1847 471 1885 exierit,
484 1857 512 1880 et
527 1852 569 1880 vel
585 1860 637 1880 una
655 1858 733 1880 nocte
745 1857 822 1880 extra
833 1851 1059 1885 moratus‘fuerit,

271 1906 335 1925 mox
348 1903 377 1925 ut
393 1898 516 1931 redierit,
529 1898 681 1933 cuicunque
692 1897 942 1926 fratriabstiuentia
951 1898 977 1925 in
988 1898 1061 1933 capi-

270 1943 326 1970 tulo
340 1943 458 1979 injuncta
477 1942 568 1975 fuerit,
582 1936 722 1971 absolutus
736 1944 798 1970 erit.
1046 1943 1048 1945 ’

307 1987 378 2016 Cum
393 1990 427 2016 de
442 1988 493 2016 hac
508 1988 564 2015 vita
579 1988 740 2021 decesserit,
758 1989 791 2016 de
805 1988 929 2023 proximo
944 1988 1061 2016 invitan-

270 2035 321 2062 dns
338 2039 381 2062 est
394 2034 480 2061 abbas
510 2033 552 2061 vel
573 2033 716 2069 episcopus
735 2034 769 2061 ad
792 2034 973 2069 sepeliendum
989 2042 1061 2062 eum.

272 2079 372 2107 Praeter
398 2079 490 2106 omnin
516 2072 577 2114 quas
610 2078 670 2106 aliis
693 2071 830 2106 defunctis
852 2079 980 2107 fratribus
1005 2079 1063 2107 fieri

271 2122 369 2153 solent,
384 2122 519 2148 addantur
536 2121 561 2148 ei
577 2121 635 2149 haec
653 2130 659 2148 :
677 2121 879 2148 circuutdcnlur
896 2123 921 2149 ei
936 2122 1064 2150 sacerdo-

272 2168 335 2195 talia
352 2166 519 2201 indumenta,
542 2172 570 2195 ct
582 2168 657 2202 virga
673 2167 816 2202 pastoralis
830 2173 948 2203 ponatur
965 2169 992 2196 in
1006 2168 1065 2204 ejus

1064 960 1065 963 η
1107 945 1152 973 ubi
1168 945 1213 972 alii
1241 945 1340 973 fratres
1365 946 1469 978 sedent,
1487 950 1634 981 assurgunt
1657 945 1682 973 ci
1699 950 1800 973 tantum
1818 946 1886 980 juxta

1107 998 1175 1025 quos
1186 990 1280 1018 sedere
1293 990 1363 1023 vult;
1375 990 1527 1025 ubicunque
1538 995 1614 1018 eztra
1625 990 1775 1018 claustrum
1791 990 1880 1020 fmtres

1107 1037 1231 1064 sedentes
1247 1036 1390 1066 invenerit.
1408 1041 1553 1070 assurgunt
1572 1037 1596 1063 ei
1612 1044 1718 1064 omnes.
1731 1035 1807 1063 Prior
1820 1036 1885 1063 clan-

1107 1081 1168 1113 su-i,
1188 1089 1350 1116 quocunque
1366 1080 1453 1115 major
1476 1081 1552 1116 prior
1573 1086 1627 1115 cat,
1645 1083 1668 1109 si
1690 1082 1748 1109 fleri
1769 1082 1849 1117 possit
1864 1081 1886 1109 in

1107 1126 1237 1157 claustro,
1258 1126 1300 1154 vel
1315 1126 1387 1153 circa
1403 1126 1562 1158 claustrmn,
1585 1126 1668 1154 debet
1679 1134 1787 1161 semper
1797 1133 1853 1153 esse
1863 1130 1889 1153 et

1107 1170 1230 1198 ordinem
1245 1170 1357 1198 claustri
1371 1170 1445 1199 omni
1458 1171 1640 1201 sollicitudine
1657 1179 1778 1199 set-Vare.
1817 1192 1821 1195 η

1144 1217 1211 1244 Cum
1236 1217 1319 1245 abbas
1343 1221 1371 1244 et
1389 1217 1571 1252 majorvprior
1599 1218 1709 1251 absunt,
1726 1218 1749 1245 si
1762 1217 1889 1253 contingat

1108 1262 1258 1298 quemlibet
1276 1262 1391 1290 fratrum
1417 1269 1451 1290 ex
1473 1262 1633 1290 infirmitate
1655 1263 1788 1296 laborare,
1810 1268 1890 1299 potest

1108 1308 1133 1335 ei
1151 1307 1299 1343 praecipere
1315 1307 1342 1335 in
1359 1308 1470 1335 domum
1486 1307 1656 1335 inﬁrmarent
1672 1308 1722 1341 ire,
1742 1313 1770 1336 et
1783 1308 1805 1336 si
1824 1313 1889 1336 tanta

1108 1353 1239 1389 aegritudo
1256 1357 1309 1387 est,
1327 1360 1436 1381 carnem
1450 1354 1603 1382 concedere.
1622 1353 1663 1381 Ad
1680 1354 1767 1389 ipsum
1784 1355 1891 1382 maxime

1108 1400 1225 1434 pertinet
1247 1400 1370 1429 infirmos
1389 1401 1489 1429 fratres
1502 1402 1622 1434 visitare,
1644 1407 1671 1429 et
1686 1402 1752 1437 quid
1777 1406 1890 1438 agantet

1109 1444 1173 1478 quid
1185 1444 1268 1472 velint
1281 1453 1456 1480 cognoscere,
1472 1450 1499 1473 et
1514 1446 1540 1473 in
1560 1447 1697 1479 omnibus,
1710 1454 1772 1482 qua:
1784 1447 1825 1474 vel
1839 1454 1890 1474 cor~

1109 1489 1231 1524 poribus,
1245 1489 1287 1517 vel
1308 1490 1450 1518 animabus
1463 1497 1558 1519 eorum
1576 1492 1732 1519 necessaria
1749 1496 1820 1525 sunt,
1834 1499 1891 1519 eon-

1109 1534 1208 1563 sulere.
1237 1535 1358 1563 Abscnle
1374 1536 1475 1571 majore
1498 1537 1591 1572 priore
1614 1537 1763 1573 capitulum
1779 1539 1890 1565 servien-

1111 1581 1176 1608 tium
1192 1581 1272 1610 debet
1296 1587 1398 1616 tenere,
1419 1587 1447 1610 et
1470 1583 1620 1610 secundum
1646 1583 1752 1618 culpas,
1770 1584 1891 1611 vindictas

1109 1625 1220 1659 inferre,
1238 1627 1285 1654 sed
1301 1635 1355 1655 non
1381 1632 1422 1656 est
1437 1628 1480 1655 sui
1497 1627 1567 1663 juris
1585 1628 1736 1663 quemlibet
1748 1628 1844 1656 addere
1857 1628 1890 1655 vel

1109 1672 1227 1700 auferre.
1809 1691 1811 1693 .
1881 1691 1883 1693 .

1146 1717 1193 1744 Sui
1220 1724 1328 1753 quoque
1353 1717 1433 1746 ofﬁcii
1446 1718 1497 1746 est
1516 1719 1590 1746 omni
1619 1719 1664 1747 die
1682 1724 1745 1754 post
1758 1720 1890 1754 εοιιψιθιοδ

1111 1763 1198 1795 rium,
1227 1768 1351 1799 suscepta
1366 1784 1374 1796 ,
1400 1764 1482 1791 dante
1510 1763 1725 1792 hebdomadario
1765 1765 1892 1792 sacerdote

1111 1806 1252 1841 fratribus,-
1269 1816 1338 1843 aqua
1356 1809 1508 1842 benedicta,
1529 1816 1682 1842 remanere,
1706 1810 1790 1837 donec
1809 1817 1892 1837 omnes

1111 1858 1315 1889 pertranseant,
1341 1855 1367 1881 in
1388 1855 1480 1890 aliquo
1506 1862 1627 1890 congruo
1649 1855 1720 1887 loco,
1740 1855 1810 1882 unde
1835 1855 1893 1882 hem:

1112 1899 1199 1934 possit
1213 1900 1358 1928 observare
1373 1901 1419 1936 qui
1444 1901 1499 1928 sint
1524 1901 1570 1936 qui
1593 1908 1646 1928 non
1663 1905 1818 1929 reverenter
1829 1901 1893 1927 ince-

1113 1946 1190 1979 dunt,
1203 1951 1231 1974 et
1242 1947 1288 1982 qui
1300 1947 1326 1974 in
1336 1948 1409 1974 exitu
1422 1947 1557 1980 Ecclesiae,
1571 1952 1601 1976 ut
1614 1955 1672 1975 mos
1683 1952 1737 1981 est,
1751 1956 1803 1975 non
1813 1947 1893 1975 velant

1112 1992 1229 2027 caputiis
1248 1992 1337 2028 capita
1363 2000 1423 2025 sua,
1446 1998 1473 2020 et
1495 1993 1578 2021 multa
1605 1993 1774 2028 lmjusmodi;
1795 1999 1894 2028 egresso

1115 2042 1170 2067 toto
1183 2043 1328 2072 c0nventu,
1346 2044 1458 2074 accepta
1482 2040 1625 2073 absconsa,
1648 2040 1670 2067 si
1695 2047 1747 2067 nox
1762 2044 1815 2072 est,
1832 2039 1895 2066 vadit

1115 2091 1163 2118 per
1189 2087 1312 2119 cryptam
1343 2088 1369 2111 et
1400 2089 1497 2111 czctera
1524 2084 1646 2111 membra
1677 2084 1834 2112 monasterii
1857 2084 1894 2110 ubi

1115 2129 1234 2163 suspicio
1253 2133 1342 2164 potest
1357 2136 1428 2161 esse,
1445 2137 1493 2164 per
1507 2129 1834 2165 claustrum,capitulum,
1851 2136 1895 2156 cx:-

1117 2178 1242 2209 terasque
1264 2173 1385 2202 oﬂicinas
1408 2175 1546 2202 subtiliter
1559 2175 1740 2209 observando,
1762 2184 1796 2203 ne
1811 2175 1896 2211 aliquis

272 2214 369 2240 dextro
383 2212 511 2246 brachio;
532 2212 614 2240 Verba
625 2221 694 2245 utea,
705 2221 754 2248 per
765 2213 845 2242 unius
857 2215 919 2242 anni
933 2215 1062 2243 circulum
1078 2233 1104 2263 Β
1117 2219 1211 2253 frater,
1232 2221 1277 2256 qui
1300 2229 1353 2248 non
1378 2221 1542 2254 debeat,vibi
1559 2222 1732 2249 remanserit.
1749 2222 1797 2249 llis
1809 2222 1845 2249 ita
1857 2229 1896 2248 ex.

273 2267 322 2295 pro
335 2267 369 2286 eo
383 2259 499 2291 dicatur,
512 2264 540 2286 et
554 2259 660 2294 justitia
674 2259 731 2294 ejus
742 2268 790 2295 per
805 2264 889 2288 totum
910 2261 998 2295 ipsum
1013 2269 1064 2288 an-

273 2313 337 2333 num
361 2306 395 2332 ad
418 2313 539 2333 mensam
559 2306 665 2333 abbatis
687 2307 808 2341 quotidie
829 2315 891 2334 eum
909 2308 995 2336 tribus
1006 2307 1065 2342 pul-

273 2351 371 2379 mentis
386 2351 472 2378 danda
486 2352 649 2387 pauperibus
660 2358 784 2387 ponatur.
799 2352 879 2380 Omni
898 2360 969 2381 anno
986 2353 1065 2380 atmi-

273 2397 411 2424 versarius
421 2396 479 2424 dies
493 2398 588 2425 mortis
599 2396 659 2431 ejus
672 2398 768 2426 festive
783 2398 947 2426 celebretur.

580 2443 621 2470 (ΖΑ
628 2443 693 2471 l‘UT
718 2443 761 2472 Ill.

310 2518 314 2523 I
597 2488 634 2516 De
649 2489 746 2523 priore.

310 2531 424 2560 Servata
449 2532 539 2560 abbati
560 2533 586 2560 in
601 2534 728 2561 omnibus
739 2534 903 2568 reverentia,
919 2535 1005 2571 prior,
1019 2537 1065 2571 qui

274 2582 301 2606 et
313 2579 472 2613 pratpositus
489 2579 515 2606 in
538 2579 629 2615 regula
646 2580 811 2614 nominatur,
831 2581 1015 2610 ltonorabilior
1025 2587 1067 2610 est

275 2624 387 2660 reliquis
402 2625 535 2653 ministris
553 2625 649 2653 domus
665 2626 722 2654 Dei.
744 2625 804 2661 Ipse
821 2627 895 2655 solus
906 2632 1066 2656 caeterorum

274 2672 460 2699 ministrorum
487 2672 604 2707 primum
629 2680 684 2700 sua:
709 2673 795 2707 partis
818 2674 908 2702 locmn
934 2675 1015 2703 habet
1039 2676 1066 2703 in

275 2717 369 2750 choro,
396 2717 422 2744 in
445 2717 575 2752 capitulo,
601 2717 627 2744 in
654 2717 808 2747 refectorio.
831 2719 883 2756 lpsi
912 2722 961 2750 soli
984 2722 1068 2750 servit

276 2763 404 2790 sacerdos
421 2762 455 2790 de
471 2763 607 2790 tburibulo
623 2768 683 2799 post
703 2765 840 2799 abbatem,
854 2768 887 2795 ad
900 2775 1028 2803 vesperas
1040 2774 1068 2797 et

275 2809 308 2836 ad
326 2809 472 2836 Ittatutiuas
488 2808 592 2842 laudes,
609 2810 823 2847 quotiescunque
840 2813 874 2840 ad
889 2813 997 2841 easdem
1020 2814 1068 2841 bo-

277 2864 321 2884 tas
334 2854 525 2883 circumfertur
537 2855 703 2885 tburibulum
716 2866 764 2894 per
775 2859 898 2888 chorum.
912 2859 948 2888 Ea
961 2867 1068 2896 quoque

1116 2266 1196 2299 pletis
1219 2267 1293 2294 radit
1316 2267 1343 2294 in
1369 2267 1479 2294 domum
1505 2268 1589 2303 278
1615 2268 1799 2300 infirmorum,
1814 2267 1896 2295 eodem

1117 2312 1197 2340 modo
1212 2312 1434 2341 consideraturus
1461 2317 1551 2340 utrum
1575 2321 1671 2341 omnes
1698 2315 1726 2341 in
1753 2314 1830 2342 lectis
1850 2314 1897 2340 suis

1113 2358 1171 2393 jam
1182 2358 1304 2386 collocati
1324 2358 1389 2392 sint,
1410 2363 1437 2386 et
1452 2359 1572 2386 habeant
1589 2367 1618 2386 se
1643 2360 1773 2393 silentcr,‘
1782 2364 1810 2387 et
1823 2358 1897 2386 omni-

1116 2403 1168 2431 bus
1191 2403 1277 2431 modis
1304 2404 1475 2439 regulariter,
1506 2404 1576 2431 sicut
1601 2412 1660 2431 mos
1682 2409 1734 2431 est.
1762 2404 1897 2432 Revertens

1117 2455 1225 2483 quoque
1237 2448 1263 2475 in
1275 2449 1463 2476 dormitorium
1477 2449 1529 2477 hoc
1541 2449 1612 2477 idem
1624 2450 1790 2478 consideret.
1927 2487 1929 2489 _

1153 2494 1181 2521 ht
1209 2494 1298 2521 bictne
1321 2499 1411 2522 autem
1434 2495 1468 2522 ad
1494 2495 1666 2523 intervallum
1690 2496 1763 2531 quod
1787 2495 1815 2522 ﬁt
1840 2495 1899 2523 inter

1118 2544 1265 2567 nocturnas
1280 2544 1308 2567 et
1331 2540 1477 2567 matutinas
1498 2540 1603 2573 laudes,
1625 2540 1647 2567 si
1673 2540 1759 2574 major
1772 2541 1846 2576 prior
1859 2540 1899 2566 ιιι·

1118 2590 1170 2620 est,
1191 2586 1312 2613 eamdem
1328 2586 1429 2613 circam
1458 2587 1523 2613 facit
1538 2594 1618 2621 quam
1639 2586 1769 2622 majorem
1793 2586 1898 2621 priorem

1119 2631 1218 2659 debere
1240 2628 1329 2659 facere
1350 2630 1477 2666 superius
1487 2631 1588 2658 dictum
1604 2635 1657 2662 est,
1672 2638 1734 2658 cum
1748 2631 1775 2657 in
1793 2633 1898 2657 tractatu

1120 2679 1221 2707 mensis
1243 2678 1404 2706 Novembris
1417 2679 1450 2706 de
1473 2679 1525 2707 hoc
1542 2678 1685 2706 interVallo
1701 2685 1792 2706 sermo
1805 2678 1898 2705 fuisset.

1120 2724 1196 2752 Facit
1211 2728 1239 2751 et
1261 2724 1341 2751 aliam
1358 2724 1471 2757 circam,
1494 2731 1566 2756 eum,
1593 2724 1766 2751 tardantibus
1779 2722 1898 2759 vesperis.

1120 2771 1265 2798 servitores
1283 2774 1362 2797 nocte
1376 2770 1402 2797 in
1420 2769 1563 2797 refectorio
1575 2774 1697 2802 cumam,
1710 2773 1738 2797 et
1752 2768 1848 2796 fratres
1861 2766 1900 2802 qui

1121 2814 1215 2850 tnajori
1232 2821 1317 2843 canae
1331 2814 1526 2849 interfuerunt,
1548 2816 1670 2842 accensis
1686 2814 1861 2841 luminaribus
1877 2811 1900 2839 in

1121 2860 1239 2897 capitulo
1266 2868 1312 2889 eos
1327 2865 1502 2897 exspectant;
1519 2860 1644 2888 circumit
1657 2860 1731 2888 enim
1747 2865 1812 2888 tunc
1831 2865 1901 2894 supe-
