3938 6288
202 492 295 561 rius
316 478 601 560 dicta‘loca,
634 494 937 549 observans
966 506 1036 547 ne
1062 492 1226 563 aliqui
1254 494 1346 563 qui
1374 508 1498 549 cum
1524 492 1738 549 caeteris
1766 498 1813 554 Α

205 598 249 651 in
266 587 475 661 capitulo
510 584 705 640 sedere
731 585 991 649 debeant,
1018 574 1432 671 Otiosisverbis,
1460 591 1553 637 aut
1580 584 1741 638 alicui

206 682 393 740 vanitati
421 676 716 733 intendant.
739 676 895 742 Quod
923 688 1046 729 cum
1069 673 1288 739 accidit,
1317 674 1362 729 si
1390 681 1540 728 tanta
1566 671 1744 728 noctis

207 769 463 831 obscuritas
482 774 593 832 est,
611 756 1283 820 aceendanturlumiuaria
1311 763 1362 817 in
1387 763 1739 826 monasterio,

205 860 425 924 claustro,
461 856 805 919 dormitorio,
848 864 910 910 ut
944 863 1208 910 exeuntes
1232 853 1301 909 ab
1332 862 1564 923 utraque
1585 865 1741 907 coena

203 948 383 1008 videant
402 952 516 1018 quo
540 946 885 1017 procedant.‘

238 1040 531 1097 “Servitore’s
567 1042 700 1092 vero
748 1044 1033 1106 surgentes
1074 1050 1107 1090 a
1146 1048 1323 1099 coena,
1356 1036 1488 1089 ante
1524 1034 1741 1104 capitu-

203 1136 312 1198 lum,
354 1141 469 1185 tunc
503 1130 569 1184 ad
609 1129 1005 1184 monasterium
1048 1122 1265 1183 vadant.
1312 1128 1380 1182 Et
1408 1128 1533 1181 dum
1567 1126 1757 1181 trans:

208 1223 331 1280 eunt'
352 1229 465 1274 ante
509 1219 829 1289 capitulum,
898 1217 1164 1272 incurvati
1223 1226 1350 1272 eaut
1390 1216 1741 1286 quoadusque

204 1316 552 1384 pertranseant.
596 1309 737 1363 Ante
771 1307 1050 1363 introitum
1082 1314 1260 1360 tamen
1294 1305 1511 1375 capituli
1540 1318 1600 1358 se
1626 1305 1761 1358 eri-‘

205 1404 326 1475 gent,
366 1408 417 1455 et
456 1398 612 1454 solito
639 1413 794 1454 more
830 1398 900 1452 ad
947 1398 1211 1453 orientem
1273 1396 1414 1451 versi
1461 1395 1740 1450 humiliter

204 1493 442 1547 inclinent.
485 1488 707 1545 Fratres
740 1496 968 1559 quoque
1015 1488 1108 1559 qui
1152 1488 1207 1542 in
1248 1486 1483 1557 capitulo
1525 1486 1735 1548 sedent,

204 1590 487 1650 surgentesa
522 1579 743 1633 sedibus
777 1579 911 1644 suis,
938 1577 1052 1633 illis
1079 1577 1489 1633 transeuntibus
1519 1574 1737 1630 Immiti-

206 1682 272 1727 ter
287 1686 337 1726 se
358 1670 609 1724 inclinare
637 1670 861 1724 debent.

256 1758 567 1828 Quaecunque
615 1748 791 1828 major
821 1759 969 1828 prior
1008 1758 1133 1814 dum
1178 1758 1230 1812 in
1277 1754 1610 1812 monasterio
1654 1764 1738 1812 est

202 1847 453 1904 concedere
495 1855 675 1916 potest
710 1846 803 1909 vel
824 1846 1140 1917 prohibere,
1192 1846 1378 1901 ulcisci
1425 1846 1611 1916 culpas
1650 1845 1732 1900 vel
1765 1860 1810 1919 Β

201 1939 451 2009 indulgere,
499 1938 616 1993 hmo
657 1953 874 2009 quoque
930 1938 1081 2008 prior
1120 1937 1342 1993 claustri
1399 1938 1623 1991 absente
1671 1952 1737 1991 co

200 2030 344 2084 facere
386 2036 579 2098 potest,
622 2029 870 2097 exceptis
908 2027 1203 2097 majoribus
1252 2027 1453 2092 causis,
1491 2042 1626 2095 quas
1653 2025 1735 2079 vel

198 2120 337 2189 ipsius
364 2116 575 2185 majoris
623 2117 824 2188 prioris
853 2116 939 2171 vel
984 2118 1194 2170 abbatis
1224 2115 1429 2183 judicio
1460 2129 1739 2169 reservare

198 2210 355 2273 debet;
380 2209 683 2277 ubicunque
720 2208 806 2263 vel
851 2208 904 2262 in
938 2206 1244 2269 refcctorio,
1275 2206 1359 2261 vel
1390 2208 1440 2260 in
1475 2204 1733 2276 capitulo,

198 2301 284 2354 sive
304 2298 350 2352 in
368 2298 621 2365 claustro,
650 2299 764 2354 sive
785 2305 939 2354 extra
962 2297 1281 2361 claustrum,
1304 2296 1513 2366 assurgi
1538 2296 1739 2350 debere

198 2390 349 2459 majori
395 2390 558 2459 priori
602 2390 855 2460 superius
895 2390 1098 2443 dictum
1142 2395 1257 2450 est;
1328 2387 1555 2441 absente
1618 2387 1738 2456 ipso

197 2484 360 2552 majore
376 2483 578 2556 priore,
605 2483 734 2537 huic
756 2481 1008 2538 similiter
1031 2479 1237 2549 assurgi
1270 2479 1450 2533 debet.

772 2572 999 2628 CAPUT
1047 2572 1135 2626 IV.

666 2666 743 2719 De
766 2663 981 2719 circumi
990 2663 1210 2717 toribus.

248 2756 605 2812 Circumitores
632 2755 985 2820 monasterii',
1014 2771 1149 2825 quos
1175 2754 1282 2808 alio
1306 2754 1522 2808 nomine
1550 2752 1742 2808 Circas

199 2858 379 2915 rocant,
397 2846 548 2916 juxta
575 2847 750 2901 sancti
780 2845 1055 2901 Benedicti
1090 2845 1311 2918 (regqu
1340 2861 1458 2915 cap.
1484 2844 1573 2916 68)
1599 2860 1740 2913 pra:-

205 2950 383 3010 ceptum
428 2941 593 2995 certis
643 2939 794 2995 boris
844 2940 1135 2994 circumire
1184 2940 1383 2994 debent
1427 2938 1739 2994 monasterii

198 3032 417 3099 odieiuas,
452 3034 804 3088 observantes
847 3032 1084 3087 incurias
1121 3041 1177 3086 et
1213 3033 1569 3102 negligentias
1622 3030 1739 3084 fra-

199 3132 315 3177 trum
346 3132 395 3177 et
418 3123 601 3177 statuti
623 3121 833 3177 ordinis
860 3121 1356 3192 praevaricationes.

250 3214 327 3269 lsti
361 3215 620 3285 eligantur
663 3214 728 3270 de
769 3214 933 3269 totius
984 3214 1298 3269 monasterii
1345 3211 1660 3267 melioribus
1686 3221 1738 3267 ct
1766 3209 1806 3264 C

195 3307 611 3375 prudentioribus,
645 3305 737 3374 qui
778 3320 878 3360 nec
910 3304 1175 3383 malitiose
1214 3320 1312 3375 pro
1357 3304 1567 3373 privato
1612 3303 1737 3357 odio

198 3415 395 3468 unquam
446 3398 738 3453 clamorem
786 3397 854 3452 de
910 3397 1153 3467 quolibet
1212 3396 1450 3461 faciant;
1498 3408 1599 3450 nec
1640 3410 1738 3464 pro

197 3488 368 3556 privata
417 3488 654 3545 amicitia
726 3485 1083 3558 negligentias
1134 3486 1443 3556 aliquorum
1496 3488 1734 3539 taceant.

197 3575 423 3632 Numerus
469 3593 660 3633 eorum
710 3577 781 3631 sit
828 3578 1125 3632 secundum
1180 3577 1491 3632 facultatem
1537 3575 1637 3629 loci
1683 3584 1738 3630 et

200 3668 535 3722 necessitatem
576 3666 686 3733 rei;
721 3667 773 3720 lii
806 3666 1056 3738 religiose
1100 3674 1155 3721 et
1198 3666 1464 3729 ordinate,
1501 3663 1738 3720 maxime

198 3756 239 3810 in
271 3757 660 3823 circumeundo,
686 3757 886 3813 debent
914 3759 1166 3813 incedere
1194 3766 1249 3812 et
1270 3757 1572 3826 exemplum
1608 3756 1737 3810 reli-

198 3847 341 3917 gionis
366 3850 668 3905 videntibus
707 3849 1014 3904 ostendere.
1048 3848 1182 3902 Dum
1213 3847 1576 3917 circumeunt,
1607 3846 1736 3901 nulli

197 3942 375 4009 signum
412 3941 637 4006 faciant,
689 3941 817 3995 nulli
849 3955 1168 4010 quacunque
1197 3940 1483 3996 occasione
1513 3941 1739 4010 loquan-

202 4040 286 4095 tur,
345 4033 575 4087 studiose
630 4041 836 4086 tantum
889 4031 1239 4101 negligentias
1292 4036 1348 4086 et
1412 4029 1749 4103 olIensiones

200 4120 467 4191 inspiciam,
506 4133 563 4180 et
598 4125 763 4179 tacite
804 4132 1216 4194 praetereuntes,
1251 4124 1317 4180 de
1350 4122 1430 4179 eis
1461 4135 1650 4193 postea
1682 4125 1737 4180 in

200 4212 397 4279 capitulo
415 4213 678 4283 clamores
701 4212 920 4268 faciant.

254 4304 367 4359 (lum
393 4302 568 4362 autem
592 4318 746 4362 extra
763 4306 1057 4361 claustrum
1082 4306 1358 4362 inveniunt
1383 4307 1594 4377 aliquos
1627 4307 1741 4362 fra-

168 4384 288 4446 tres
310 4392 592 4464 loquentes,
620 4395 781 4449 simul
827 4405 1113 4467 assurgunt
1152 4398 1232 4450 eis
1275 4396 1373 4467 ipsi
1420 4397 1736 4466 loquentes,

201 4485 412 4555 dicatque
436 4489 515 4542 eis
554 4503 695 4542 unus
740 4502 949 4552 eorum,
982 4488 1026 4541 si
1061 4487 1131 4541 ita
1156 4497 1258 4554 est,
1286 4488 1410 4557 quia
1450 4504 1547 4559 per
1574 4488 1739 4543 licen-

202 4574 305 4629 tiam
352 4576 418 4631 ibi
456 4576 771 4646 loquuntur.
820 4577 1206 4632 Circumilores
1246 4594 1395 4641 vero,
1428 4593 1529 4632 nec
1575 4578 1739 4633 verbo

202 4679 279 4718 nec
298 4666 435 4735 signo
460 4667 508 4721 ei
541 4668 925 4738 respondeant,
964 4668 1057 4722 sed
1092 4669 1332 4723 modeste
1354 4677 1741 4738 pertranscttn-

202 4760 278 4815 tes.
317 4756 505 4811 intenta
560 4772 692 4825 aure
742 4757 1088 4823 subaudiant,
1144 4773 1210 4812 ne
1262 4758 1372 4826 ipsa
1406 4757 1567 4811 verba
1629 4757 1738 4811 sint

202 4843 399 4915 inutilia,
432 4864 549 4920 qua:
588 4865 697 4903 non
741 4839 986 4920 oporteat
1029 4850 1155 4905 dici.
1202 4850 1336 4904 Cum
1385 4859 1567 4904 autem
1614 4865 1737 4904 cum

204 4934 387 5001 famulo.
432 4955 523 4997 seu
559 4956 683 4996 cum
727 4940 832 4997 alio
856 4924 1108 5008 quolibet
1143 4941 1282 4996 laico
1327 4941 1609 4995 inveniunt
1639 4940 1724 4993 ali.

203 5042 335 5096 quem
367 5030 577 5087 fratrem
601 5030 936 5102 loquentem,
962 5048 1067 5087 non
1095 5042 1181 5088 est
1212 5047 1328 5087 mos
1355 5040 1412 5086 ut
1434 5031 1548 5101 ipse
1572 5031 1741 5086 frater

203 5131 417 5189 assurgat
462 5123 681 5178 cuilibet
723 5136 911 5179 eorum
975 5134 1069 5179 aut
1106 5124 1252 5179 dicat
1292 5123 1372 5179 eis
1420 5124 1735 5194 quidquam.

204 5204 475 5281 Nunquam,
517 5230 640 5269 cum
671 5214 1030 5279 circumeunt,
1075 5215 1275 5270 debent
1313 5215 1606 5289 simulire,
1643 5216 1738 5271 sed

205 5312 316 5354 unus
343 5302 457 5369 bac,
486 5315 541 5359 et
582 5303 722 5360 alter
753 5304 893 5368 illac,
930 5306 1224 5361 secundum
1256 5308 1399 5376 quod
1439 5305 1736 5376 injunctam

205 5402 360 5445 curant
402 5393 535 5449 inter
564 5410 623 5450 se
658 5395 960 5463 diviserint,
1008 5405 1064 5451 et
1105 5396 1295 5463 abbas,
1340 5397 1423 5453 vel
1465 5398 1612 5469 prior
1658 5398 1739 5451 cis

203 5482 516 5540 ordiuaverit.
550 5486 806 5542 Oﬂieinas
833 5489 1149 5544 monasterii
1192 5504 1468 5561 nunquam
1513 5506 1611 5561 pro
1641 5490 1742 5546 liae

205 5584 312 5627 cura
339 5575 720 5646 ingrediantur,
752 5581 844 5636 sed
871 5595 968 5652 per
996 5581 1136 5637 ostia
1165 5596 1355 5638 eorum
1386 5581 1739 5654 prospiciam,

208 5661 245 5716 si
272 5663 395 5721 forte
440 5670 596 5741 aliqui
634 5670 833 5727 fratres
867 5689 961 5743 per
987 5674 1196 5730 curiam
1226 5675 1423 5731 vadant
1459 5684 1739 5746 vagantes,

209 5765 284 5811 aut
314 5769 461 5830 stent,
487 5764 568 5821 vel
597 5764 818 5823 sedeant
846 5765 1171 5826 fabulantes.

1190 381 1507 440 DECRETA
1542 381 1680 439 PRO
1718 380 1976 439 οιωιΝε
2012 379 2071 436 S.
2112 379 2497 438 BENEDICTI.

3312 385 3425 447 480
3470 428 3473 429 ν

1915 491 2007 549 lla:
2036 501 2163 545 sunt
2194 492 2361 555 horae,
2393 491 2588 561 quibus
2623 506 2691 547 ex
2718 495 3115 563 consuetudine
3131 496 3423 553 circumire
3448 534 3459 564 τ

1846 581 2059 644 debent,
2104 582 2352 650 quamvis
2382 590 2434 636 et
2472 581 2593 636 aliis
2630 582 2799 650 boris,
2841 586 2882 637 si
2926 586 3118 652 abbas,
3153 588 3235 643 vel
3268 590 3422 659 prior

1848 672 1921 727 ita
1937 681 2188 743 oportere
2206 672 2547 744 judicaverit.
2561 675 2853 743 Completis
2871 678 3040 731 tribus
3059 682 3425 747 orationibus,-
3445 718 3459 743 ,

1844 780 1982 834 quas
2016 762 2327 820 conventus
2353 765 2481 819 facit
2514 776 2639 821 ante
2682 764 2938 836 psalmos.
2990 784 3125 837 quos
3155 781 3280 826 ante
3322 787 3454 833 no-_

1843 864 2040 910 cturna
2066 856 2241 909 dicere
2286 856 2442 919 solet,
2486 864 2611 910 tunc
2652 855 2820 921 enim,
2853 870 3080 917 accensa
3108 860 3330 917 candela
3367 861 3455 915 in.

1853 946 2138 1012 absconsa,
2169 962 2310 1001 unus
2336 963 2524 1001 eorum
2569 948 2619 1001 in
2650 948 2965 1003 dormitorio
2993 947 3155 1004 debet
3186 951 3454 1012 circum-.6:

1847 1035 1926 1089 ire
1951 1034 2120 1089 lectos
2166 1036 2431 1101 onmium,
2466 1045 2521 1091 et
2553 1036 2735 1092 omnia
2767 1038 2957 1093 sedilia
3000 1039 3054 1093 in
3100 1041 3427 1095 necessariis

1843 1124 2070 1179 sollicite
2089 1126 2461 1190 considerans,-
2487 1141 2552 1180 ne
2577 1124 2715 1181 forte
2736 1126 2929 1196 aliquis
2953 1126 3124 1181 frater
3148 1129 3425 1184 dormiens
3444 1156 3461 1189 .5

1844 1212 1915 1268 ibi
1945 1215 2298 1281 remanserit;
2347 1216 2546 1271 deliine
2576 1225 2879 1272 revertatur
2922 1218 2976 1271 in
3008 1219 3456 1285 mouasterium,=,

1842 1312 1899 1358 et
1926 1306 2221 1360 circumeat
2271 1308 2454 1361 omnia
2504 1307 2696 1361 altaria
2746 1308 2798 1362 in
2834 1308 3067 1378 cryptis,
3104 1318 3160 1363 et
3207 1324 3331 1378 qua:
3354 1324 3463 1379 ex;

1839 1398 2068 1464 utraque
2102 1404 2254 1465 parte.
2299 1397 2449 1450 ebori
2483 1397 2673 1452 subtus
2711 1397 2865 1469 suutf;
2898 1407 3207 1467 caeteraque
3234 1412 3455 1465 ηιοηςιτ.

1839 1483 1990 1539 sterii
2036 1484 2170 1548 loca,
2211 1483 2299 1538 ubi
2346 1486 2582 1554 suspicio
2612 1488 2810 1554 poterit
2838 1502 2959 1543 esse
2986 1487 3275 1557 diligenter
3321 1487 3434 1541 ob-z

1838 1589 2086 1640 servans,
2111 1589 2176 1627 ne
2202 1573 2396 1643 aliquis
2429 1575 2597 1629 frater
2630 1577 2702 1631 ibi
2726 1576 2981 1642 dormiat,
3009 1579 3088 1632 vel
3106 1578 3451 1646 jaceat,vel.

1838 1664 2141 1719 inordinate
2170 1667 2372 1719 sedeat.
2405 1666 2684 1735 Sanguine
2726 1670 3094 1735 verontinuti,
3124 1678 3182 1729 et
3210 1670 3341 1739 aegri
3368 1680 3425 1724 et

1839 1753 2048 1810 debiles
2083 1755 2480 1810 ne‘clamentur
2518 1756 2571 1811 in
2617 1758 2879 1828 capitulo,
2917 1760 2963 1814 si
3006 1775 3068 1814 ea
3113 1760 3245 1814 hora
3280 1761 3455 1823 iuves,

1840 1847 2081 1911 niantur,
2137 1846 2373 1902 sedendo
2414 1847 2653 1917 quidem.
2706 1862 2811 1903 non
2855 1849 3088 1920 jacendo
3114 1850 3421 1919 quiescere.

1837 1938 2076 1995 Caeteros
2095 1955 2223 1995 vero
2247 1951 2371 1994 cum
2398 1940 2730 1997 dormientes
2752 1940 2989 2009 invenit,
3019 1957 3124 1997 non
3152 1957 3248 1997 eos
3270 1953 3453 2010 quoq;

1839 2046 2050 2099 cunque
2095 2031 2255 2085 modo
2284 2041 2485 2101 tangat,
2521 2033 2615 2087 sed
2658 2034 2919 2099 modeste,
2956 2044 3129 2109 atque
3162 2037 3452 2095 ordinate;

1838 2122 2073 2176 sonitum
2104 2124 2476 2178 tantummodo
2502 2139 2609 2194 quo
2630 2126 2961 2192 excitentur,
2982 2127 3168 2182 faciat.
3378 2176 3383 2183 .

1906 2211 2066 2267 Circa
2104 2211 2447 2268 medietatem
2492 2215 2714 2269 secundi
2750 2217 3024 2282 nocturni,
3074 2226 3128 2271 et
3162 2217 3328 2288 2'79
3363 2218 3453 2272 ina

1838 2303 2085 2359 laudibus
2111 2305 2383 2375 paululum
2410 2314 2534 2361 ante
2565 2305 2803 2360 Laudate
2846 2306 3127 2361 Dominum
3156 2309 3435 2371 decretis,

1838 2410 2067 2449 accensa
2117 2395 2340 2451 candela
2388 2396 2441 2451 in
2504 2397 2792 2462 absconsa,
2830 2397 3127 2454 circumeat
3169 2399 3443 2469 pratdicta

1840 2485 2159 2539 monasterii
2191 2485 2328 2551 loca,
2353 2485 2650 2540 observans
2673 2485 3425 2556 omniarquaesuperiosdieta

1839 2582 1986 2628 sunt.
2012 2574 2071 2629 In
2102 2575 2190 2629 die
2213 2583 2393 2629 autem
2419 2575 2716 2629 circumeat
2736 2583 2858 2645 post
2881 2573 3215 2633 otl‘erendam
3247 2577 3425 2632 mineo

1841 2663 1918 2718 ris
1972 2671 2027 2717 et
2067 2664 2287 2733 majoris
2317 2664 2515 2730 missae,
2540 2672 2594 2719 et
2625 2673 2745 2735 post
2773 2679 3011 2732 orenam,
3052 2682 3174 2722 cum
3203 2669 3285 2732 bis
3314 2666 3427 2727 fraq

1844 2763 1951 2809 tres
1977 2754 2248 2819 reﬁciunt,
2278 2762 2332 2809 et
2361 2764 2482 2824 post
2515 2756 2825 2826 prandium,
2855 2772 2979 2812 cum
3001 2760 3191 2814 semel.
3210 2760 3424 2817 Vadant

1843 2841 1897 2897 in
1946 2842 2052 2896 fine
2077 2842 2268 2913 vigilite
2300 2843 2711 2899 Defunctorum.
2744 2844 3167 2919 Surgant‘ctiam
3199 2838 3447 2920 smpede.

1844 2932 2075 3002 prandio
2126 2942 2220 2986 aut
2252 2947 2435 2998 caena.
2481 2948 2588 2989 non
2612 2949 2803 2990 onmes
2827 2938 3077 3004 quidem,
3100 2940 3199 2994 sed
3233 2941 3425 3010 aliqui,

1842 3038 1963 3093 cum
1985 3023 2335 3093 suspicantur
2379 3038 2437 3079 se
2471 3024 2784 3080 inventuros
2820 3027 3025 3097 aliquid
3056 3029 3423 3101 negligentim,

1841 3113 1944 3168 lioc
1972 3128 2103 3167 vero
2152 3129 2257 3170 non
2323 3114 2481 3185 longe
2516 3130 2548 3170 a
2590 3115 2879 3173 refectorio
2928 3120 3043 3185 iiat,
3077 3130 3156 3185 ut,
3207 3122 3253 3176 si
3289 3138 3449 3193 epus

1840 3202 2024 3269 fuerit,
2050 3205 2235 3258 statim
2259 3206 2769 3275 possintt-ccurrere
2795 3224 2919 3281 cum
2939 3209 3083 3281 aliis,
3112 3211 3180 3279 ad
3205 3227 3423 3283 versum

1842 3296 1935 3365 qui
1967 3296 2119 3351 linito
2161 3298 2388 3366 prandio
2432 3300 2517 3353 vel
2546 3313 2700 3354 corna
2741 3300 2942 3356 dicitur
2967 3304 3100 3368 gisti
3132 3311 3334 3358 attente
3362 3314 3441 3359 et-

1839 3396 2152 3443 revereuter
2195 3389 2452 3445 audiendi
2496 3400 2624 3461 sunt
2672 3392 2726 3445 in
2760 3392 3014 3471 eapit'ulo.
3078 3382 3292 3449 Auditis
3342 3394 3425 3463 eis

1839 3479 1929 3548 qui
1952 3486 2142 3547 sponte
2168 3480 2351 3535 venias
2377 3489 2589 3551 petunt,
2614 3482 2841 3539 istorum
2869 3493 2952 3539 est
2982 3484 3187 3553 primos
3209 3485 3420 3540 clamo-

1839 3581 1929 3623 res
1953 3568 2154 3623 facere.

2421 3658 2843 3735 carurfv.

2467 3760 2545 3815 De
2566 3771 2795 3817 cantare.
3110 3822 3117 3829 ,
3236 3814 3237 3817 η
3388 3812 3393 3819 .

1863 3896 1868 3900 .
1907 3845 2129 3913 Cantor,
2156 3848 2393 3919 quandiu
2435 3850 2605 3906 abbas
2645 3852 2698 3906 in
2727 3853 3059 3908 monasterio
3080 3862 3171 3909 est
3189 3868 3424 3916 convenc

1840 3944 1951 3992 tum
1980 3953 2237 4008 sequens,
2274 3955 2379 3995 non
2418 3941 2687 4015 scribatur
2717 3943 2770 3996 in
2800 3928 2981 3997 tabula
3010 3944 3077 3998 ad
3113 3944 3444 4015 lectioneui,,

1842 4028 1923 4084 vel
1972 4029 2041 4084 ad
2089 4032 2519 4101 responsorium,
2571 4044 2631 4087 ut
2673 4033 2924 4089 videlicet
2962 4035 3008 4089 si
3057 4035 3199 4092 forte
3241 4038 3423 4091 abbati

1838 4122 2179 4183 commodum
2213 4139 2318 4179 non
2349 4124 2512 4180 fuerit
2542 4126 2718 4195 legere
2762 4137 2857 4182 aut
2886 4137 3132 4193 cantare,
3163 4129 3263 4198 ipsi
3303 4130 3423 4184 sine

1840 4226 1989 4267 mora
2022 4228 2121 4283 pro
2150 4230 2217 4269 eo
2271 4215 2576 4269 inveniatur
2623 4230 2866 4285 paratus.
2903 4217 3034 4271 Cum
3081 4232 3212 4273 vero
3258 4221 3439 4284 abbas,

1840 4311 1994 4355 extra
2051 4303 2447 4359 monasterium
2506 4305 2585 4358 vel
2633 4306 2781 4381 intra»
2816 4306 3207 4369 monasterium
3236 4348 3252 4372 ,
3293 4323 3423 4373 cou-

1842 4401 2059 4447 ventum
2098 4395 2251 4464 sequi
2302 4410 2409 4450 non
2450 4403 2649 4464 potest,
2704 4395 2756 4448 in
2793 4395 2971 4450 locum
3020 4396 3186 4465 ipsius
3217 4397 3437 4452 scribam

1846 4492 1933 4536 tur
1980 4493 2172 4538 cantor
2227 4484 2281 4538 in
2336 4484 2512 4539 tabula
2550 4484 2618 4539 ad
2666 4485 2951 4541 lectionem
3004 4495 3059 4541 ct
3100 4487 3169 4543 ad
3198 4504 3439 4559 respuu-.

1772 4556 1816 4611 D
1841 4574 2066 4629 serium.

1868 4728 1874 4735 .
1915 4665 2237 4736 Quicunque
2272 4666 2510 4722 lecturus
2534 4675 2628 4722 aut
2652 4676 2969 4725 cantaturos
3006 4679 3088 4725 est
3133 4669 3335 4741 aliquid
3364 4672 3421 4726 in

1842 4759 2198 4821 monasterio.
2227 4759 2271 4814 si
2295 4774 2517 4815 necesse
2543 4760 2725 4827 habet,
2756 4761 2825 4817 ab
2853 4776 2918 4819 eo
2938 4763 3256 4834 priusquam
3282 4764 3422 4820 inei-

1842 4850 1954 4921 piat
1984 4849 2143 4905 debet
2172 4851 2502 4906 auscultarc.
2939 4908 2943 4912 ,
3098 4904 3103 4909 ,
3292 4898 3295 4899 ν
3430 4902 3433 4905 γ

1866 4996 1869 4999 ,
1912 4939 2085 5011 Ipsius
2112 4950 2198 4996 est
2220 4941 2369 4996 omni
2401 4942 2536 4997 liora
2585 4942 2813 5000 sollicite
2856 4944 3143 5013 providere
3184 4957 3260 5005 ne
3290 4958 3417 4998 eve-

1839 5034 1957 5107 niat
2002 5031 2325 5102 negligentia
2367 5033 2422 5088 in
2451 5050 2774 5107 quocunque
2799 5036 3061 5106 obsequio
3089 5037 3232 5106 quod
3268 5035 3327 5101 fit
3365 5035 3437 5091 iu.

1839 5124 2190 5198 monasterio.
2276 5186 2279 5193 λ
2508 5184 2513 5189 _
2592 5167 2597 5171 .
2734 5166 2741 5177 ι
3080 5182 3085 5187 ,

1912 5219 2120 5289 Siquis
2176 5220 2471 5287 obliviosos
2500 5237 2604 5277 non
2660 5204 3129 5293 inca:perit,7cum
3179 5221 3420 5297 incipere

1840 5312 1998 5389 debet
2029 5315 2453 5384 responsorium,
2486 5326 2577 5373 aut
2608 5318 2960 5385 antipbonam
2987 5354 3004 5382 ,
3032 5325 3127 5381 aut
3146 5315 3291 5371 aliud
3317 5316 3418 5389 bu-

1834 5386 2092 5473 jusmodi,
2137 5406 2252 5462 sive
2303 5407 2354 5461 in
2396 5392 2589 5463 eodem.
2618 5407 2732 5476 jam
2779 5408 2915 5461 bene
2944 5407 3200 5478 inempto,
3234 5386 3418 5478 aliquo

1840 5498 2001 5553 modo
2053 5498 2371 5565 deviavcrit,
2426 5499 2542 5571 ipse
2561 5501 2719 5557 debet
2773 5517 2893 5556 esse
2943 5502 3194 5572 provisus
3251 5513 3418 5573 atque

1836 5597 2078 5658 paratus,
2106 5597 2167 5645 ut
2193 5590 2311 5647 siue
2344 5605 2496 5645 mora
2541 5592 2686 5660 quod
2731 5592 3101 5663 incipiendum
3132 5602 3251 5650 erat
3280 5593 3418 5650 inci-

1837 5678 1972 5748 piat,
2010 5678 2091 5733 vel
2115 5694 2238 5734 eum
2266 5680 2359 5750 qui
2391 5679 2624 5737 fallendo
2645 5680 2958 5738 deviaverat
2997 5683 3051 5738 in
3083 5683 3225 5739 viam
3250 5685 3415 5739 redu-

1839 5777 1924 5824 cat
1950 5786 1966 5839 ;
1996 5770 2062 5824 ad
2094 5770 2260 5842 ipsius
2305 5771 2588 5842 arbitrium
2618 5781 2806 5834 cantus
2834 5773 3110 5844 incipitur,
3148 5778 3411 5837 elevatur.
