3938 6288
468 367 569 424 487

1497 355 1553 410 Β.
1598 350 1988 409 LANFRA‘NCI
2025 343 2351 404 CANTU'AR
2390 341 2724 397 ARCIIIEP.‘
3620 339 3704 398 588

466 476 783 536 remittitur.
807 469 947 526 Nulli
976 469 1101 523 licet
1134 474 1354 520 cantum
1381 465 1585 527 levare,
1618 464 1719 517 nisi
1749 465 1864 532 ipse
1886 463 2036 532 prius
2068 463 2113 518 A
2141 458 2228 511 lia:
2280 457 2352 510 είῐ
2401 465 2458 508 ιιι
2491 469 2678 508 00ml“
2727 451 2972 507 οιιειοάίλ
3013 449 3063 504 οῖ
3115 447 3482 504 εθιηηὶθιιάπί
3515 450 3703 510 debeat.

467 567 720 635 Incipiat;
755 563 924 632 ipsius
949 567 1032 613 est
1051 571 1243 617 omnes
1267 554 1462 607 fratres
1486 553 1537 606 in
1564 553 1744 606 tabula
1771 553 1837 604 ad
1867 551 2046 605 omnia

463 658 636 716 ollieia
671 657 956 714 adnotare,
1007 665 1111 702 non
1153 646 1495 701 considerat-0
1544 642 1915 698 conversionis
1954 657 2048 695 or-

463 751 612 811 dine,
646 754 741 799 aut
772 743 1049 798 voluntate
1096 753 1305 800 eorum,
1358 733 1450 789 sed
1499 733 1794 788 secundum
1826 731 1968 799 quod
1997 729 2047 784 ei

462 840 640 893 visum
670 835 856 900 fuerit,
903 833 1237 886 honestatem
1277 837 1370 880 aut
1414 825 1824 879 aedificationem
1861 824 1912 878 in
1947 823 2050 877 hoc

463 931 757 1000 vigilanter
785 922 1173 980 consideranti.

535 1021 592 1073 lu
625 1015 1013 1072 festivitatibus
1056 1026 1175 1080 qua:
1215 1009 1350 1061 ﬁunt
1394 1007 1445 1060 in
1483 1006 1687 1076 cappis,
1725 1003 2051 1059 secretarius

466 1113 626 1165 debet
653 1103 1019 1177 eligere'quod
1048 1115 1183 1170 opus
1223 1099 1388 1153 fuerit
1427 1098 1492 1151 de
1524 1096 1841 1151 melioribus
1867 1094 2052 1162 cappis

464 1216 655 1257 earum
706 1213 826 1267 quae
866 1197 982 1264 ipso
1033 1192 1121 1246 die
1169 1190 1438 1245 habentur
1489 1188 1541 1242 in
1588 1188 1781 1252 choro,
1829 1195 1883 1240 et
1928 1194 2053 1238 ante

465 1293 681 1348 initium
714 1290 893 1344 missa:
943 1297 1141 1356 ponere
1182 1298 1275 1337 eas
1321 1296 1484 1349 supra
1530 1281 1775 1334 dextram
1825 1277 2053 1331 formam

463 1382 641 1438 chori.
715 1380 924 1432 Cantor
971 1390 1101 1429 vero
1149 1372 1441 1426 distribuat
1496 1385 1591 1424 eas
1639 1368 1902 1422 fratribus
1949 1365 2053 1419 illis

451 1487 598 1541 quos
646 1485 831 1525 secum
889 1468 942 1521 in
985 1467 1153 1521 choro
1206 1465 1409 1518 habere
1456 1462 1726 1526 voluerit;
1768 1460 1880 1528 ipsa
1909 1457 2054 1511 enim

452 1575 762 1632 :capparum
832 1555 1148 1612 distributio
1205 1568 1391 1607 eorum
1461 1561 1544 1607 est
1618 1551 1684 1605 ad
1763 1549 2054 1620 regendum

456 1652 691 1706 achorum
739 1647 1068 1709 advocatio,
1120 1645 1408 1714 nullusque
1455 1658 1645 1697 eorum
1715 1650 1841 1695 ante
1894 1641 2055 1694 ﬁnem

458 1743 646 1796 missa:
673 1742 740 1795 de
769 1740 936 1794 choro
966 1738 1127 1792 debet
1157 1737 1411 1791 recedere
1435 1735 1550 1789 sine
1579 1733 1697 1802 ejus
1723 1733 1961 1787 licentia.

2764 542 2991 598 CAPUT
3033 540 3118 595 Vl.

2529 635 2605 692 De
2643 635 2921 689 secretario
2969 650 3059 686 seu
3111 633 3355 686 sacriua.

2191 725 2301 782 _Ad
2337 725 2616 780 secretarii
2653 725 2893 779 ofﬁcium
2935 725 3165 792 pertinet
3203 724 3386 777 omnia
3416 737 3704 783 ornamenta

2153 817 2491 879 monasterii,
2518 826 2571 870 et
2602 815 2782 870 omnia
2815 816 3168 869 instrumenta
3189 855 3203 877 ,
3247 824 3304 868 et
3351 817 3705 885 supellectilem

2152 921 2271 975 quae
2323 909 2388 960 ad
2441 890 2614 976 ipsum
2677 906 3062 958 monasterium
3117 905 3387 974 pertineat
3442 909 3706 977 custodire,

2154 995 2314 1050 horas
2341 996 2615 1063 proasdere
2673 995 2758 1065 [[1,
2813 995 3114 1064 providere,
3166 994 3238 1047 rel
3283 995 3612 1067 praevidere],
3659 1000 3704 1052 in

2153 1083 2436 1138 duodecim
2470 1085 2784 1139 lectionibus
2809 1085 3151 1154 pronuntiato
3180 1085 3470 1154 Evangelio
3499 1086 3547 1138 in
3573 1089 3709 1143 tertio

2155 1185 2444 1241 nocturno,
2485 1186 2538 1230 et
2566 1177 2616 1229 in
2651 1174 2859 1230 festivis
2887 1177 3114 1238 octavis,
3148 1175 3316 1230 altare
3354 1177 3709 1247 discoolierire,

2155 1274 2358 1320 textum
2390 1277 2515 1323 tunc
2545 1269 2596 1322 in
2638 1268 2952 1322 vestiarium
2997 1276 3237 1337 portare,
3283 1284 3442 1337 quem
3487 1272 3712 1326 sacerdos

2157 1356 2333 1424 ferat,
2365 1376 2486 1414 cum
2539 1361 2592 1415 in
2638 1375 2805 1429 cappa
2857 1375 2952 1430 per
2986 1361 3226 1430 singulos
3262 1360 3378 1414 dies
3418 1363 3712 1428 processerit

2156 1453 2221 1507 ad
2254 1453 2441 1517 altare,
2477 1453 2745 1509 sacerdoti
2784 1455 2850 1507 ab
2881 1453 3036 1507 altari
3067 1451 3130 1506 ad
3176 1453 3482 1522 analogiam
3518 1469 3710 1510 reverso

2158 1543 2476 1600 absconsam
2515 1559 2634 1598 cum
2671 1543 2890 1598 candela
2927 1543 3238 1597 ministrare
3262 1582 3277 1607 ,
3329 1544 3581 1613 finitaque
3617 1546 3713 1600 col-

2157 1631 2295 1687 lecta
2325 1635 2569 1689 eamdem
2601 1635 2919 1688 absconsum
2955 1634 3217 1704 recipere,
3242 1644 3295 1689 et
3315 1645 3502 1704 postea
3534 1644 3715 1691 textum

2159 1742 2359 1798 ponere
2381 1743 2543 1796 super
2568 1727 2760 1782 altare‘.

535 1831 744 1887 Cantor
781 1843 935 1891 vero,
963 1828 1331 1896 cujuscunque
1369 1826 1574 1878 ordinis
1615 1824 1697 1877 vel
1744 1823 1920 1878 aetatis
1965 1821 2056 1883 sit,
2089 1798 2136 1858 Β
2233 1819 2406 1889 Ipsius
2438 1828 2520 1873 est
2570 1820 2721 1889 signa
2772 1819 3010 1900 pulsare,
3061 1817 3143 1873 vel
3187 1818 3427 1889 qualiter
3469 1819 3720 1888 pulsentur

453 1921 522 1978 'in
556 1922 737 1977 medio
763 1934 952 1974 eorum
977 1919 1135 1972 debet
1158 1932 1279 1970 esse
1312 1918 1363 1969 in
1394 1917 1584 1969 choro.
1617 1915 2062 1980 Quotiescunque

465 2026 649 2072 textus
676 2025 770 2069 aut
799 2013 1126 2069 thuribultnu
1159 2011 1382 2065 affertur
1425 2012 1504 2065 eis
1530 2050 1544 2071 .
1588 2018 1876 2077 utrumque
1914 2008 2062 2076 prius

466 2105 678 2160 cantori
713 2103 991 2167 offeratur,
1037 2102 1138 2155 nisi
1169 2102 1368 2171 aliquis
1395 2101 1703 2170 episc0pus,
1742 2099 1824 2152 vel
1870 2099 2058 2163 abbas,

465 2209 564 2252 seu
597 2193 769 2264 major
811 2195 979 2264 prior,
1011 2193 1095 2247 vel
1143 2193 1232 2246 ille
1277 2193 1371 2262 qui
1416 2199 1563 2245 tenet
1602 2190 1848 2244 ordinem
1883 2189 1952 2242 ibi
1992 2189 2063 2242 sit

467 2286 612 2341 inter
639 2301 753 2340 eos.
803 2285 1006 2339 Cantor
1063 2283 1117 2338 in
1171 2284 1362 2338 dextro
1391 2282 1561 2336 choro
1609 2295 1824 2349 semper
1870 2279 1962 2342 sit,
2009 2287 2079 2332 et.

465 2377 595 2432 dum
629 2385 778 2432 tenet
803 2376 1026 2430 chorum
1056 2373 1317 2444 quidquid
1351 2372 1560 2442 incipit,
1590 2371 1706 2426 sive
1740 2369 1902 2439 Kyrie
1941 2367 2062 2422 elei-

467 2481 604 2531 sou,
661 2466 775 2520 sive
825 2464 969 2518 aliud
1022 2463 1354 2533 hujusmodi,
1389 2461 1581 2516 dexter
1652 2461 1851 2515 chorus
1913 2458 2063 2527 prius

469 2564 732 2634 suscipiat
757 2562 902 2633 quod
931 2562 1000 2617 ab
1045 2576 1111 2617 eo
1137 2562 1435 2630 incoeptum
1481 2558 1668 2623 fuerit,
1718 2565 1772 2612 et
1803 2563 2064 2625 sequatur

467 2669 666 2724 ipsum.

537 2746 740 2803 Onmes
769 2745 860 2817 qui
895 2747 948 2802 in
980 2745 1148 2802 choro
1177 2754 1324 2812 sunt,
1367 2741 1611 2798 inclinati
1663 2742 1882 2812 quidem
1933 2756 2062 2796 can-

468 2850 585 2897 tent
612 2842 861 2908 Sanctus,
894 2853 1131 2907 sanctus,
1163 2852 1401 2904 sanctus,
1449 2839 1550 2895 nisi
1584 2853 1772 2892 versus
1820 2835 2059 2904 interpos

467 2934 877 2999 nantur;ereeti
900 2949 1030 2988 vero
1053 2933 1306 2986 Dominus
1336 2931 1472 2984 Deus
1497 2930 1740 2994 sabaotlt,
1766 2939 1820 2982 ct
1842 2936 2058 2982 uetera.

466 3023 672 3076 Cantor
702 3032 758 3076 et
794 3021 867 3076 illi
899 3023 988 3092 qui
1021 3037 1142 3075 cum
1174 3036 1238 3074 eo
1268 3028 1392 3074 sunt
1432 3029 1604 3072 totum
1646 3019 1808 3072 Cl‘Ct‘ll
1841 3028 2057 3071 canant.

2165 1910 2287 1965 aliis
2319 1911 2580 1976 indicare,
2612 1911 2678 1965 de
2708 1911 2852 1964 nulla
2879 1911 3009 1964 hora
3043 1910 3280 1964 sonanda
3309 1925 3337 1962 a
3362 1909 3548 1979 quovis
3583 1911 3722 1965 liccna

2165 2003 2294 2057 tiam
2325 2004 2479 2073 petit,
2506 2003 2606 2058 nisi
2640 2004 2704 2058 de
2735 2003 2847 2058 sola
2886 2005 3058 2072 prima
3097 2011 3150 2054 et
3178 2001 3490 2061 collatis-ne.
3524 2012 3722 2072 excepto

2165 2097 2230 2151 de
2283 2097 2440 2150 tertia
2492 2105 2546 2151 et
2595 2095 2834 2165 vesperis
2863 2137 2877 2158 ,
2927 2109 3048 2148 cum
3097 2092 3443 2162 loquentibus
3492 2093 3724 2148 fratribus

2165 2186 2335 2240 abbas
2385 2187 2437 2239 in
2483 2186 2724 2240 claustro
2752 2185 2924 2239 sedet.
2963 2184 3231 2238 Candelas
3261 2200 3360 2253 per
3386 2183 3625 2239 officinas
3651 2185 3724 2238 di-

2163 2278 2402 2342 stribuit,
2453 2277 2747 2332 secundum
2798 2277 2940 2347 quod
2992 2293 3128 2347 opus
3157 2275 3344 2342 fuerit,
3377 2285 3432 2332 et
3461 2279 3620 2332 abbas
3654 2278 3728 2332 vel

2165 2371 2316 2439 prior
2346 2371 2678 2439 prmeeperit.
2733 2370 2806 2425 De
2834 2369 3146 2439 sepultnris,
3203 2380 3311 2424 tant
3365 2373 3728 2429 monachorum

2163 2477 2326 2531 quam
2366 2462 2647 2526 Iaicorum,
2693 2477 2875 2516 curam
2924 2463 3083 2532 gerit,
3121 2473 3177 2517 ut
3206 2463 3460 2518 videlicet
3506 2463 3646 2529 ﬁant,
3684 2473 3732 2519 et

2165 2551 2253 2606 ubi
2287 2550 2442 2604 fiant.

2236 2660 2330 2716 Sui
2362 2660 2528 2714 ofﬁ.ii
2559 2669 2643 2714 cst
2671 2659 2867 2717 calices
2909 2661 2991 2717 bis
3045 2663 3097 2718 in
3146 2663 3506 2732 bebdomada,
3542 2675 3646 2730 aut,
3691 2667 3729 2722 si

2163 2763 2299 2819 Opus
2331 2749 2515 2814 fuerit,
2565 2750 2761 2820 sacpius
2790 2750 2995 2816 lavare,
3045 2753 3344 2822 corporalia
3377 2771 3590 2824 quoque
3627 2764 3732 2811 autc

2164 2839 2370 2896 Pascha
2433 2857 2647 2911 semper
2693 2851 2748 2896 et
2792 2843 3006 2910 quoties
3054 2844 3274 2914 reliquis
3332 2847 3459 2900 anni
3513 2848 3732 2916 partibus

2163 2937 2398 3006 expedit,
2451 2946 2766 3006 utrumque,
2815 2937 2859 2990 si
2893 2937 3151 2992 diaconus
3207 2948 3298 2991 aut
3329 2940 3607 3010 presbyter
3647 2941 3729 3003 sit;

2164 3027 2208 3081 si
2239 3041 2368 3080 vero
2406 3043 2512 3081 non
2559 3026 2649 3091 sit,
2694 3026 2860 3095 priori
2895 3027 2976 3081 vel
3008 3027 3188 3082 abbati
3221 3028 3484 3093 indicare,
3512 3040 3567 3083 et
3593 3029 3734 3100 ipsius

466 3112 550 3167 Ad
571 3112 822 3168 collectas
849 3128 1059 3170 omnes.
1083 3120 1136 3165 et
1165 3126 1288 3165 cum
1319 3109 1729 3164 sacerdos-dicit
1765 3107 1929 3162 Orate
1954 3109 2055 3176 [ra-

2167 3117 2382 3171 liccntia
2438 3117 2620 3181 alicui,
2677 3119 2768 3188 qui
2821 3118 2981 3188 hujus
3021 3119 3226 3173 ordinis
3268 3123 3354 3184 sit,
3408 3123 3544 3176 hanc
3573 3138 3734 3176 curam

468 3213 593 3270 tres,
637 3214 695 3259 et
741 3205 806 3258 ad
847 3214 1017 3259 totum
1055 3199 1212 3255 Pater
1257 3211 1432 3254 noster
1474 3199 1817 3263 inclinentur,
1868 3200 1960 3253 sed
1991 3201 2059 3253 ad

471 3293 633 3348 finem
667 3295 835 3362 ipsius
866 3291 1028 3346 Pater
1065 3304 1256 3356 noster,
1292 3305 1553 3359 responso
1606 3287 1708 3342 Sed
1749 3288 1917 3343 libera
1967 3304 2058 3342 nos

469 3404 504 3440 η
537 3386 700 3450 malo,
732 3386 1029 3454 erigantur,
1057 3385 1200 3454 quod
1231 3384 1351 3438 aliis
1379 3399 1483 3437 non
1521 3383 1665 3437 licet.

543 3478 745 3531 Eodem
784 3479 942 3530 modo
974 3476 1058 3542 ﬁt,
1088 3492 1211 3530 eum
1255 3476 1307 3530 in
1345 3473 1495 3530 festis
1523 3476 1575 3528 in
1608 3473 1748 3528 albis
1779 3472 1926 3528 solus
1973 3470 2060 3528 vel

470 3584 595 3623 cum
651 3567 770 3622 aliis
815 3568 1039 3622 chorum
1091 3575 1254 3632 tenet,
1284 3567 1426 3635 quod
1471 3582 1576 3620 non
1608 3566 1735 3620 licet
1769 3565 1832 3618 "ei
1883 3564 1973 3632 qui
2009 3564 2075 3616 in-

474 3661 772 3716 Dominicis
825 3672 882 3715 ct
914 3659 1219 3729 hujusmodi
1247 3657 1409 3714 festis
1439 3657 1893 3713 bebdomadarius
1934 3673 2064 3711 can-

475 3762 562 3808 tor
589 3751 814 3806 exstitit.

545 3841 601 3895 lu
643 3841 893 3896 omnibus
931 3839 1214 3910 pmcipui—s
1263 3837 1884 3903 solemnitatibus,.cum
1935 3851 2062 3892 eve-

463 3936 631 3990 ‘niunt
676 3935 729 3988 in
779 3932 1074 3988 Dominicis
1104 3933 1315 3996 diebus,
1361 3933 1632 3985 scribatur
1666 3932 1718 3986 iu
1771 3928 1947 3984 tabula
1995 3928 2061 3982 ad

474 4027 712 4082 ofﬁcium
758 4027 966 4090 missae,
998 4033 1052 4080 et
1081 4041 1204 4081 cum
1234 4042 1300 4080 eo
1343 4025 1450 4079 duo
1479 4041 1614 4094 quos
1655 4025 1767 4094 ipse
1811 4022 2059 4078 voluerit.

475 4118 552 4172 De
582 4117 854 4172 thuribulo
883 4125 1003 4188 post
1027 4115 1355 4173 offerendam
1381 4116 1430 4170 ei
1469 4116 1780 4181 deferendo,
1816 4115 2064 4185 superius

473 4209 678 4264 dictum
708 4215 812 4262 est.

543 4300 679 4355 Cum
708 4299 768 4354 fit
800 4313 935 4369 opus
981 4314 1259 4365 manuunt,
1294 4299 1462 4369 ipsius
1502 4308 1585 4354 est
1615 4308 1706 4352 aut
1752 4297 1929 4369 legere
1973 4304 2066 4352 aut

475 4389 739 4459 magistro
784 4388 1049 4443 infantum
1097 4389 1386 4444 ostendere
1450 4403 1557 4459 quo
1598 4387 1651 4444 in
1700 4387 1819 4442 loco
1884 4386 2064 4441 infans

472 4480 667 4534 debeat
693 4480 979 4535 lectionem
1012 4479 1270 4551 incipere.

547 4568 602 4623 In
644 4568 936 4624 Dominicis
980 4569 1169 4624 diebus
1196 4581 1251 4625 et
1279 4569 1582 4639 hujusmodi
1614 4568 1783 4636 festis,
1821 4568 2058 4638 inempta

475 4659 748 4715 offerenda
799 4661 1017 4716 accedat
1046 4663 1134 4731 qui
1182 4664 1408 4717 chorum
1454 4670 1600 4718 tenet
1645 4661 1710 4715 ad
1757 4670 2056 4724 cautorem,

477 4750 746 4820 faciatque
798 4750 872 4805 illi
922 4752 1135 4823 signum
1181 4753 1470 4823 incipiendi
1516 4769 1706 4808 versus
1749 4751 2056 4808 offerenda;

475 4841 556 4894 Ad
605 4843 779 4910 ipsum
825 4842 969 4896 enim
1017 4843 1254 4912 pertinet
1297 4853 1426 4899 tunc
1470 4844 1709 4914 incipere
1745 4858 1838 4898 eos
1871 4844 2056 4910 etiam,

474 4932 520 4988 si
551 4939 836 4987 suceentor
864 4935 1091 4988 chorum
1147 4944 1347 4990 teneat.
1385 4935 1586 4991 Cantor
1614 4935 1730 4990 viso
1777 4935 1931 5004 signo
1984 4933 2060 4988 iu-

475 5015 646 5077 ιιΙίηᾶ
669 5023 755 5090 ei,
799 5033 857 5080 et
904 5025 1359 5083 bebdomadarins
1407 5037 1597 5084 cantor
1641 5028 1891 5084 similiter
1934 5028 2054 5100 ipsi.

476 5113 531 5168 lu
579 5125 758 5186 empto
796 5133 1121 5189 unoquoque
1173 5134 1355 5184 versu,
1403 5129 1593 5175 cantor
1635 5127 1761 5175 ante
1804 5127 1859 5174 et
1913 5126 2058 5175 retro

475 5203 660 5273 faciat,
684 5216 736 5263 et
760 5225 950 5264 omnes
985 5209 1218 5266 infantes
1247 5210 1522 5266 inclinent.

543 5299 714 5371 Ipsius
757 5312 841 5358 est
883 5303 1166 5358 notiﬁcare
1222 5304 1402 5358 abbati
1452 5319 1640 5359 omnes
1686 5313 1878 5360 cantus
1923 5319 2057 5374 quos

477 5385 590 5458 ipse
642 5400 825 5446 cantat
871 5390 955 5446 vel
992 5391 1197 5460 incipit.
1252 5390 1393 5446 Cura
1443 5392 1732 5457 Brevium,
1782 5393 1872 5464 qui
1912 5394 2056 5448 foras

476 5482 616 5536 mitti
643 5482 819 5538 solent
845 5496 942 5551 pro
975 5482 1241 5538 defunctis
1276 5483 1557 5550 fratribus,
1599 5496 1656 5540 et
1701 5502 1828 5541 cura
1862 5501 2054 5541 nume-

476 5570 630 5623 randi
676 5571 962 5627 trieenaria
992 5581 1047 5629 et
1092 5574 1420 5644 septenaria,
1451 5575 1518 5630 ad
1546 5592 1669 5630 eum
1694 5578 1959 5647 pertinet;
1986 5577 2054 5633 de

477 5661 744 5718 universis
772 5667 1083 5723 monasterii
1115 5665 1266 5724 libris
1311 5683 1496 5724 curam
1543 5678 1713 5742 gerat,
1760 5679 1815 5725 ct
1857 5687 1951 5726 eos
1998 5669 2051 5725 in

482 5755 717 5808 custodia
769 5771 864 5812 sua
894 5759 1113 5828 habeat,
1145 5761 1188 5815 si
1217 5760 1330 5832 ejus
1361 5763 1544 5834 studii,
1592 5763 1757 5834 280
1778 5772 1831 5818 et
1871 5763 2049 5842 scien-

1795 6002 1823 6021 κ

2163 3207 2573 3272 commendare;
2621 3208 2864 3263 lavandis
2920 3211 3291 3280 corporalibus
3334 3221 3536 3280 quanta
3584 3213 3732 3282 possit

2161 3298 2432 3368 diligentia
2483 3299 2828 3372 adhibeatur;
2890 3316 3018 3354 vasa
3073 3319 3244 3367 :enea,
3276 3304 3345 3357 ad
3399 3304 3572 3360 nullos
3617 3304 3733 3359 alios

2162 3403 2289 3441 usus
2319 3387 2609 3452 destinata,
2644 3389 2709 3441 ad
2741 3389 2842 3443 hoc
2889 3405 3026 3458 opus
3074 3391 3409 3458 habeantur;
3463 3411 3598 3463 aqua
3642 3411 3733 3465 qua

2163 3477 2425 3539 lavantur,
2459 3478 2598 3532 sicut
2627 3487 2682 3532 et
2708 3478 2968 3543 calicum,
2995 3480 3047 3533 in
3079 3482 3380 3535 sacrarium
3410 3484 3729 3552 prujiciatur;

2163 3566 2306 3632 lotis,
2339 3569 2464 3621 dum
2515 3569 2811 3635 siccantur,
2864 3585 2931 3623 ne
2979 3569 3172 3640 aliqua:
3214 3573 3406 3627 sordes
3444 3574 3733 3630 adharrcant

2161 3663 2411 3717 omnibus
2441 3661 2615 3717 modis
2647 3663 3014 3731 providentur.

2233 3755 2371 3808 Cura
2404 3751 2633 3808 faciendi
2657 3755 2863 3809 hostias
2891 3771 3053 3824 super
3079 3771 3200 3809 eum
3230 3767 3312 3811 est
3333 3774 3346 3821 ;
3366 3773 3485 3827 ane
3509 3767 3565 3812 ut
3595 3776 3731 3813 mun-

2165 3843 2387 3897 dissimc
2417 3851 2472 3896 ct
2518 3843 3091 3923 honestissimeﬁant,
3139 3862 3485 3916 summepere
3535 3849 3734 3904 studere

2165 3934 2340 3989 debet.
2392 3932 2449 3987 In
2501 3934 2711 4003 primis,
2761 3935 2803 3988 si
2837 3934 2952 3988 ﬁeri
3007 3945 3206 4006 potest,
3256 3936 3582 3992 frumentum
3627 3955 3732 3995 cum

2165 4041 2359 4096 magno
2392 4025 2570 4080 studio
2600 4026 2865 4094 granatim
2906 4027 3155 4095 eligatur,
3185 4029 3419 4085 electum
3459 4031 3508 4085 in
3541 4033 3733 4087 sacculo

2168 4115 2390 4180 mundo,
2421 4124 2477 4171 et
2512 4115 2579 4170 de
2609 4115 2750 4170 bono
2782 4131 2960 4186 panno
2991 4116 3133 4172 facto
3165 4128 3218 4172 et
3246 4120 3446 4175 ad'hoc
3471 4117 3608 4191 opus
3629 4131 3733 4177 tan-

2167 4213 2276 4260 tum
2318 4214 2571 4275 ponatur,
2614 4214 2724 4260 eta
2759 4205 2962 4260 famulo
2993 4207 3116 4261 boni
3169 4209 3332 4263 studii
3381 4209 3450 4264 ad
3493 4211 3733 4266 molendi-

2167 4314 2295 4353 num
2345 4298 2642 4353 deferatur.
2691 4298 2808 4365 Quo
2837 4299 3017 4355 delato
3064 4299 3297 4356 famulus
3336 4303 3479 4358 aliud
3516 4303 3734 4360 frumen-

2167 4395 2278 4441 tum
2313 4386 2366 4441 in
2398 4387 2516 4457 ipso
2564 4387 2873 4444 molendino
2914 4389 3040 4444 moli
3091 4392 3240 4461 prius
3281 4391 3468 4461 faciat,
3517 4405 3574 4450 ut
3605 4397 3732 4460 illud,

2090 4477 2307 4542 Dunde
2368 4477 2561 4532 hostiae
2608 4478 2726 4533 ﬁeri
2777 4479 2992 4546 debent,
3042 4482 3160 4538 sine
3204 4482 3381 4553 aliqua
3428 4489 3586 4543 sorde
3628 4488 3733 4543 moli

2162 4578 2348 4640 postea
2384 4569 2579 4625 valeat.
2625 4570 2921 4642 Reportata
2974 4571 3147 4630 farina
3197 4579 3529 4634 secretarius
3570 4597 3658 4635 vas
3690 4589 3735 4634 et

2162 4661 2340 4717 locum
2377 4678 2481 4732 quo
2515 4664 2685 4718 farina
2732 4665 2960 4721 buletari
3008 4667 3187 4733 debet,
3245 4670 3298 4723 in
3348 4672 3583 4728 circuitu
3632 4690 3734 4728 cor-

2164 4751 2275 4807 tina
2330 4762 2514 4822 paret;
2570 4755 2799 4824 ipsemet
2847 4772 3020 4824 vero,
3067 4757 3287 4814 indutus
3330 4761 3450 4818 alba
3497 4774 3553 4818 et
3583 4765 3733 4819 velato

2162 4849 2362 4903 amictu
2394 4849 2590 4919 capite,
2627 4853 2728 4906 hoc
2756 4868 2891 4922 opus
2926 4863 3070 4924 agat.

2233 4941 2306 4995 Ea
2344 4951 2522 4996 autem
2553 4942 2640 4997 die
2669 4960 2772 5013 qua
2796 4945 2986 4999 hostiae
3012 4946 3126 5000 ﬁeri
3157 4947 3374 5013 debent,
3400 4952 3731 5018 secretarlus,

2160 5037 2216 5086 ct.
2269 5030 2466 5086 fratres
2505 5032 2596 5102 qui
2639 5049 2761 5087 eum
2794 5034 2990 5102 juvarc
3024 5035 3255 5102 debent,
3291 5048 3583 5112 antequam
3613 5041 3730 5097 inci-

2158 5124 2332 5193 piant,
2391 5141 2583 5180 manus
2633 5133 2688 5180 et
2739 5126 2906 5182 facies
2966 5129 3189 5193 lavent,
3249 5129 3388 5188 albis
3441 5134 3729 5196 induantur.

2158 5213 2334 5284 capita
2361 5213 2648 5268 amictibus
2695 5215 2894 5280 velent,
2929 5228 3126 5288 praeter
3152 5235 3274 5274 eum
3305 5222 3396 5291 qui
3439 5221 3580 5278 ferra
3631 5234 3731 5277 ten-

2162 5312 2314 5357 turus
2371 5311 2426 5357 et
2483 5303 2607 5359 inde
2650 5306 2950 5363 serviturus
2998 5318 3100 5364 est.
3155 5309 3356 5366 Horum
3408 5328 3547 5369 unus
3590 5329 3732 5385 super

2159 5391 2394 5447 tabulam
2418 5394 2828 5450 mundissimam
2859 5397 3027 5468 ipsam
3058 5399 3285 5455 farinam
3319 5419 3457 5473 aqua
3486 5420 3730 5475 conspera

2157 5492 2266 5554 gat,
2323 5492 2378 5538 et
2431 5485 2681 5540 manibus
2731 5487 2948 5543 fortiter
2995 5489 3304 5560 compingat
3361 5505 3415 5548 et
3479 5504 3727 5557 maceret;

2157 5576 2344 5642 frater,
2371 5575 2461 5645 qui
2493 5576 2634 5631 ferra
2655 5619 2670 5644 ,
2700 5578 2752 5633 in
2783 5581 2978 5650 quibus
3007 5595 3330 5654 coquuntur,
3362 5597 3526 5654 tenet,
3554 5600 3729 5642 manus

2155 5669 2485 5726 chirothecis
2510 5671 2707 5726 habeat
2745 5672 3029 5729 involutas.
3057 5676 3278 5730 Interim
3324 5678 3450 5733 dum
3492 5681 3620 5749 ipsa:
3647 5681 3731 5735 ho-

2155 5765 2270 5820 stize
2287 5764 2419 5821 lluttt
2442 5774 2496 5820 et
2524 5777 2849 5838 coquuntur,
2871 5769 3050 5826 dicant
3076 5769 3239 5827 iidctn
3279 5771 3477 5831 fratres
3503 5774 3726 5844 psalmos
