3864 6300
166 374 252 430 ξω
1105 358 1426 421 DECRETA
1457 357 1596 416 PRO
1633 354 1886 414 ORDINE
1927 352 1981 411 S.
2030 351 2408 413 BENEDICTI.

3272 356 3376 411 490

170 484 420 541 fmiliarcs
486 483 737 539 horarum
797 489 851 537 et
909 480 1076 535 horas
1121 478 1450 540 canonicas,
1499 473 1584 528 vel
1634 471 1700 525 de
1734 476 1776 533 Α
1809 467 2060 522 videlicet
2108 466 2391 523 honestum
2447 474 2498 519 et
2531 464 2778 531 festivum
2829 466 3105 521 servitium
3146 466 3260 541 ipsa
3292 468 3377 542 die

167 577 384 649 psalterio
419 591 482 629 ex
515 575 704 629 ordine
733 573 875 642 quod
913 570 1243 625 tantumdem
1298 568 1499 632 valeat,
1536 565 1583 620 si
1630 564 1702 616 ita

110 658 113 661 ’
169 669 317 739 potius
340 664 621 721 voluerint.
645 662 930 718 Silentium
950 658 1203 730 loquendi
1226 658 1450 714 omnino
1470 660 1700 709 teneant.

167 759 242 813 Ille
268 766 431 811 tamen
466 753 557 824 qui
607 750 748 807 ferra
796 759 964 815 tenet,
994 750 1041 804 si
1088 740 1313 804 necesse
1350 746 1441 810 sit,
1473 742 1707 799 breviter

166 849 282 919 quod
306 847 410 901 vult
443 845 680 901 indicare
727 850 910 914 potest
937 838 1259 907 famulo’qui
1292 838 1468 892 focum
1499 833 1627 889 facit
1653 841 1707 887 et

166 937 285 1007 ligna
322 942 531 1007 portat;
563 947 686 1003 qua:
713 932 914 987 debent
947 944 1069 986 esse
1104 928 1260 983 valde
1289 927 1433 981 sicca
1481 934 1535 979 et
1581 932 1707 977 ante

166 1029 333 1083 multos
355 1026 467 1081 dies
493 1025 561 1079 de
586 1022 850 1078 industria
882 1028 1203 1092 praeparata.

222 1114 331 1184 Ejus
356 1112 730 1171 sollicitudinis
774 1121 860 1166 est
896 1109 1162 1179 ampullas
1191 1107 1429 1163 vinarias
1456 1113 1514 1161 et
1540 1117 1705 1175 aqua-

166 1209 255 1261 rias
277 1208 352 1263 bis
374 1208 424 1261 in
444 1204 799 1267 hebdomada,
820 1203 871 1257 id
900 1212 1006 1266 est,
1029 1210 1221 1271 quarta
1240 1200 1373 1254 feria
1393 1206 1449 1253 et
1474 1196 1708 1252 Sabbato

166 1297 334 1359 lavare,
379 1294 524 1350 omni
559 1294 646 1348 die
674 1291 857 1347 vinum
887 1300 944 1344 et
992 1306 1185 1359 aquam
1214 1288 1281 1342 ad
1328 1287 1522 1341 missas
1563 1283 1707 1339 cele-

164 1385 363 1439 brandas
386 1391 624 1454 portare,
673 1380 1025 1437 oﬂ'erentibus
1057 1381 1125 1435 ad
1173 1390 1461 1447 utramque
1488 1376 1707 1430 missam

164 1474 338 1529 hostias
386 1473 698 1528 ministrare
728 1513 743 1537 ,
794 1470 1050 1528 candelas
1096 1470 1164 1525 ad
1218 1469 1478 1525 lectiones
1529 1474 1587 1522 et
1653 1466 1707 1520 in

162 1565 410 1618 matutinis
431 1563 702 1629 laudibus,
732 1562 800 1634 ad
824 1562 1054 1632 primam
1078 1560 1360 1616 collectam
1387 1557 1704 1614 accendere.

162 1651 270 1719 Qua:
291 1653 558 1707 matutinae
581 1651 794 1717 laudes,
824 1651 867 1706 si
898 1650 1039 1705 ultra
1069 1650 1290 1705 modum
1315 1657 1373 1703 et
1399 1647 1711 1703 indecenter

166 1742 482 1805 tardaverint,
525 1743 876 1807 secretarius,
921 1742 1013 1797 cui
1060 1740 1219 1809 hujus
1271 1740 1351 1795 rei
1393 1753 1526 1801 cura
1580 1746 1710 1793 tunc

1805 560 1980 631 possit
2008 560 2190 616 facere
2226 559 2483 615 fratribus
2521 559 2574 613 in
2605 558 2809 614 refecto
2845 562 2923 625 io;
2970 560 3162 615 tabulae
3197 570 3375 616 tamen

1805 650 2076 705 refectorii
2100 666 2205 705 nou
2238 650 2348 707 sint
2368 658 2659 719 cooperta}.
2688 650 2854 706 Lecta
2882 666 3009 706 vero
3038 652 3087 705 in
3118 652 3374 721 capitulo,

1802 751 1860 794 et
1894 742 2141 812 exposita
2185 740 2446 810 praedicta
2486 742 2777 805 sententia,
2814 757 2936 795 eum
2983 743 3185 798 dictum
3216 742 3380 815 fuerit

1805 849 1837 887 a
1877 834 2058 902 priore
2104 850 2118 885 :
2155 850 2174 884 ι
2212 832 2521 902 Loquamur
2562 832 2630 889 de
2655 833 2845 897 ordine
2895 842 3081 889 nostro
3117 853 3135 885 ι
3192 836 3376 891 statim

1804 933 2116 995 prostratus
2166 925 2219 979 in
2276 924 2393 980 loco
2443 926 2533 980 ubi
2590 940 2704 989 mos
2747 935 2860 991 est,
2910 926 3054 982 dicat
3096 944 3108 980 :
3155 946 3173 979 ι
3213 927 3374 989 Istam

1805 1015 2206 1082 obedientiam,
2249 1030 2368 1085 qua:
2419 1015 2553 1072 mihi
2592 1015 2986 1086 injunctavcst,
3033 1032 3152 1081 mea
3200 1018 3377 1087 culpa,

1808 1106 2248 1179 negligenterhet
2276 1107 2476 1177 tepide,
2505 1117 2557 1164 et
2593 1109 2761 1169 multo
2790 1108 2950 1173 aliter
2984 1125 3145 1180 quam
3172 1120 3387 1181 oportet

1812 1204 2011 1264 tracto,
2032 1197 2169 1252 et'in
2205 1212 2268 1253 ea
2301 1198 2354 1252 in
2384 1197 2570 1254 multis
2596 1197 2809 1254 offendo
2843 1200 3154 1266 Dominum,
3186 1210 3241 1257 et
3291 1218 3388 1257 no-

1813 1296 1956 1342 stros
1995 1288 2260 1353 seniores,
2295 1303 2415 1343 mea
2441 1289 2632 1358 culpa;
2672 1299 2727 1344 et
2760 1291 2977 1359 requiro
3016 1291 3140 1347 inde
3166 1292 3387 1347 absolu-

1811 1380 2016 1435 tionem
2048 1390 2288 1435 vestram
2328 1388 2384 1437 et
2412 1381 2708 1436 seniorum.
2744 1400 2762 1433 ι
2823 1381 2942 1449 Quo
2969 1384 3115 1439 dicto
3146 1385 3390 1443 absolvat

1810 1484 1959 1535 eum,
1998 1470 2090 1539 qui
2137 1470 2439 1542 capitulum
2488 1481 2634 1526 tenet
2660 1471 2838 1526 dehis
2866 1471 3112 1547 offensis,
3142 1490 3281 1545 quas
3317 1476 3387 1530 ibi

1809 1562 2240 1627 enumeraverit;
2288 1571 2344 1616 et
2378 1562 2444 1616 de
2470 1562 2725 1619 omnibus
2769 1563 3015 1634 reliquis,
3064 1580 3184 1635 qua:
3225 1566 3277 1620 in
3325 1582 3390 1621 eo

1809 1658 1955 1703 sunt.
1979 1647 2062 1702 Ad
2089 1647 2241 1716 cujus
2259 1649 2617 1706 absolutionis
2645 1651 2804 1706 finem
2835 1667 3095 1721 responso
3117 1655 3189 1709 ab
3208 1656 3391 1709 omni--

1811 1738 1913 1792 bus
1942 1754 2063 1793 cum
2087 1739 2234 1793 omni
2256 1739 2559 1796 devotionis
2588 1727 2803 1807 aﬂ‘ectu,
2833 1751 3018 1799 utnios
3051 1755 3158 1809 est,
3205 1745 3389 1810 Amen,

162 1833 413 1888 commissa
438 1832 567 1895 erit,
601 1841 729 1888 ante
758 1831 984 1902 gradum
1020 1830 1451 1887 satisfactionum
1471 1837 1710 1899 proster-
1740 1813 1784 1868 Β
1812 1830 1972 1885 vadat
1997 1831 2064 1885 ad
2090 1830 2282 1900 pedem
2299 1833 2438 1904 ejus.
2470 1841 2525 1887 et
2555 1832 2752 1888 deinde
2774 1834 3029 1903 jubeatur
3050 1836 3129 1892 ire
3155 1851 3385 1892 sessum.

163 1933 311 1990 natur,
337 1938 615 1994 quousque
646 1924 759 1994 ipsa
787 1923 1010 1979 collecta
1038 1938 1211 1994 usque
1240 1922 1308 1979 ad
1329 1921 1707 1976 Benedicamus

164 2013 351 2068 Domino
424 2014 675 2079 finiatur;
739 2028 849 2083 quo
903 2014 1141 2083 incoepta
1184 2012 1333 2071 nulla
1395 2019 1706 2083 exspectata

163 2105 340 2159 .icentia
370 2106 608 2168 recedat,
657 2113 713 2161 et
768 2112 895 2161 ante
925 2114 979 2160 et
1009 2114 1155 2159 retro
1202 2119 1309 2159 non
1360 2103 1544 2159 faciat.
1595 2101 1708 2157 Hoc

164 2200 289 2253 modo
331 2199 645 2263 satisfaciat,
693 2214 1015 2271 quocunque
1054 2200 1141 2254 die
1180 2197 1484 2267 hujusmodi
1541 2195 1712 2263 neg'i-

162 2291 311 2358 gentia
359 2292 602 2357 eveniat;
652 2298 710 2346 et
751 2290 877 2346 inde
925 2298 1115 2361 postea
1159 2289 1211 2347 in
1261 2286 1495 2359 capitulo
1546 2285 1707 2339 aliam

162 2380 341 2435 veniam
366 2397 467 2436 non
492 2389 667 2451 petat.
1246 2434 1253 2439 .

218 2469 400 2540 thuia
420 2471 581 2540 hujus
604 2470 989 2537 ministerii,et
1007 2471 1059 2525 in
1085 2469 1169 2525 his
1189 2484 1310 2540 qua:
1334 2466 1533 2538 scripta
1557 2476 1705 2531 sunt,

163 2560 265 2615 etin
284 2562 453 2617 multis
474 2563 597 2618 aliis
624 2577 743 2633 qua:
764 2563 966 2633 scripta
1014 2578 1115 2616 non
1146 2569 1292 2626 sunt,
1323 2558 1600 2628 multiplex
1654 2567 1709 2613 et
1768 2590 1773 2595 ’

167 2651 289 2708 valde
316 2653 561 2723 implicita
595 2669 727 2709 cura
757 2661 861 2719 est,
889 2668 995 2708 non
1018 2654 1109 2707 uni
1142 2660 1367 2715 tantum,
1408 2651 1502 2706 sed
1524 2649 1708 2705 multis

161 2746 485 2801 commendari
511 2756 678 2816 atque
694 2747 838 2801 inter
858 2759 952 2800 eos
968 2745 1131 2800 dividi
1153 2743 1310 2799 debet
1327 2760 1341 2809 ;
1358 2758 1497 2797 unus
1520 2757 1706 2797 eorum
1735 2755 1738 2759 '

164 2835 220 2888 sit
242 2836 477 2909 magister
517 2838 771 2901 aliorum,
801 2837 869 2891 ad
903 2834 1060 2904 cujus
1089 2836 1493 2904 dispositionem
1528 2834 1707 2890 caeteri

162 2938 316 2995 agant,
344 2930 637 3002 majoribus
674 2928 854 2985 causis
882 2929 1113 2985 servatis
1133 2928 1359 2983 arbitrio
1386 2926 1597 2985 abbatis
1627 2925 1707 2981 vel

167 3016 348 3074 prioris.

621 3113 783 3183 εει
830 3111 1058 3169 CAPUT
1098 3110 1207 3167 vu.

690 3204 770 3257 De
813 3204 1126 3256 camerario.

146 3300 153 3303 ’
220 3276 494 3349 Camerarii
546 3301 636 3349 est
688 3308 982 3363 procurare
1033 3291 1217 3346 omnia
1264 3290 1608 3357 vestimenta,
1652 3301 1707 3346 et

160 3380 510 3453 calceamenta,
543 3395 604 3441 et
636 3385 807 3441 lectos
842 3392 899 3439 et
925 3389 1225 3439 stramenta
1257 3382 1548 3449 lectorum,
1586 3396 1706 3452 quae

167 3477 386 3537 fratribus
426 3491 551 3539 sunt
596 3482 907 3537 necessaria
934 3489 992 3535 et
1015 3480 1171 3550 juxta
1217 3479 1460 3552 regulam
1504 3481 1731 3537 habere

163 3583 413 3642 concessa;
460 3574 672 3630 rasoria
707 3586 924 3643 quoque
965 3580 1029 3629 et
1076 3571 1317 3637 forfices,
1368 3572 1597 3629 tersoria
1640 3573 1708 3628 ad

165 3661 442 3728 radendum,
486 3664 719 3721 tersoria
762 3664 817 3719 in
848 3663 1088 3719 claustro
1122 3663 1703 3734 pendentia,tersoria,

162 3758 209 3803 et
232 3755 543 3826 manutergia
576 3754 841 3819 mandati,
868 3761 924 3808 et
946 3755 1131 3810 omnia
1160 3768 1289 3809 vasa
1315 3752 1468 3822 ejus;
1503 3755 1705 3808 vitreas

148 3840 427 3901 ‘dormitorii
469 3847 607 3902 facit
651 3858 708 3902 et
746 3846 941 3913 reficit,
971 3863 1098 3902 cum
1126 3862 1265 3917 opus
1294 3855 1398 3914 est,
1435 3847 1527 3903 dat
1560 3846 1705 3903 ferra

164 3934 328 4002 quibus
352 3936 630 3994 ferrantur
657 3940 783 4008 equi
817 3939 1029 3994 abbatis
1059 3947 1112 3994 et
1139 3939 1355 4010 prioris,
1382 3947 1439 3995 et
1461 3940 1704 3994 omnium

146 4024 421 4097 ’ltospitum,
454 4033 656 4103 quibus
698 4031 842 4086 ferra
876 4032 991 4087 dari
1023 4032 1192 4087 abbas
1216 4032 1300 4087 vel
1328 4033 1475 4103 prior
1506 4046 1706 4104 praece-

164 4119 301 4186 perit,
342 4117 601 4179 fratribus
637 4137 855 4194 quoque
894 4123 950 4177 in
990 4124 1093 4179 iter
1122 4120 1447 4192 profecturis
1481 4136 1703 4191 cappas,

166 4208 400 4281 fasciolas,
450 4216 714 4272 calcaria.
767 4215 946 4271 Semel
1002 4215 1054 4270 in
1100 4230 1244 4269 anno
1296 4215 1543 4269 renovari
1577 4213 1708 4269 facit

166 4298 316 4359 fenum
362 4308 415 4363 in
461 4309 716 4363 omnibus
765 4306 919 4363 lectis
972 4306 1201 4362 fratrum
1253 4316 1308 4361 et
1360 4315 1488 4362 tunc
1538 4307 1703 4362 etiam

169 4396 381 4452 mandari
418 4398 819 4453 dormitorium.

709 4486 936 4545 CAPUT
981 4487 1111 4543 VHI.

516 4584 719 4639 Suc'rto
754 4580 796 4636 1.
816 4612 886 4621 -
913 4580 989 4635 De
1017 4579 1312 4635 cellerario.

228 4671 295 4729 Ad
321 4676 585 4732 cellerarii
623 4674 984 4731 ministerium
1016 4674 1253 4744 pertinet
1287 4671 1469 4727 omnia
1504 4687 1624 4742 qum
1656 4674 1705 4726 iu

165 4776 281 4829 pane
310 4774 361 4821 et
390 4776 536 4838 potu,
571 4777 624 4822 et
658 4766 886 4822 diversis
921 4765 1164 4820 ciborum
1198 4762 1487 4834 generibus
1522 4761 1710 4817 fratri-

167 4848 250 4906 bus
268 4866 383 4911 sunt
411 4855 742 4921 necessaria,
770 4854 1064 4910 secundtun
1096 4851 1407 4908 facultatem
1441 4852 1544 4908 loci
1580 4867 1706 4923 pro-

167 4954 347 5012 curare,
373 4949 548 5003 omnia
574 4962 703 5002 vasa
730 4943 932 5001 cellarii
990 4951 1045 5000 et
1075 4943 1342 5014 coquinae,
1372 4952 1422 4999 et
1449 4940 1705 5015 scyphos,

166 5042 213 5088 ct
247 5038 432 5106 justas,
484 5049 542 5097 et
589 5048 788 5096 caetera
836 5053 963 5092 vasa
1020 5036 1295 5091 refectorii
1324 5077 1338 5101 ,
1390 5044 1445 5092 et
1491 5050 1706 5091 omnem

170 5123 332 5183 horum
359 5132 515 5186 trium
546 5129 915 5186 necessariam
949 5128 1340 5199 supellectilem
1369 5127 1704 5184 ministrare.

167 5211 303 5271 Pater
340 5220 500 5277 totius
537 5219 974 5291 congregationis
1000 5218 1162 5273 debet
1190 5232 1331 5283 esse,
1358 5215 1424 5274 de
1465 5219 1615 5274 sanis
1652 5226 1708 5273 et

170 5308 371 5365 maxime
418 5311 644 5367 infirmis
697 5311 963 5366 fratribus
1010 5307 1427 5365 sollicitudinem
1481 5309 1705 5374 habere,

169 5406 337 5460 praeter
367 5402 645 5457 consilium
696 5400 908 5455 abbatis
944 5398 1029 5452 vel
1070 5397 1272 5467 prioris
1311 5396 1377 5451 de
1412 5396 1709 5465 majoribus

168 5488 323 5543 causis
356 5490 484 5545 nihil
525 5491 723 5544 facere.

230 5574 496 5648 Rogandus
537 5592 618 5636 est
648 5580 718 5635 ab
753 5594 820 5636 eo
847 5586 1065 5643 cantor,
1096 5584 1157 5631 ut
1192 5585 1318 5630 ante
1354 5575 1562 5644 aliquot
1596 5576 1709 5631 dies

170 5679 466 5731 praemoneat
506 5690 660 5739 eum,
702 5682 755 5727 et
795 5670 1125 5741 prtenuntiet
1167 5668 1217 5723 ei
1255 5668 1396 5722 diem
1441 5682 1547 5737 quo
1586 5682 1708 5722 sen-

177 5758 317 5813 tentia
359 5776 450 5816 sua
496 5764 559 5818 de
605 5763 789 5833 regula
841 5763 1065 5833 legenda
1112 5769 1195 5818 est
1243 5761 1293 5815 iu
1342 5759 1608 5831 capitulo,
1652 5769 1709 5815 ut

384 5854 641 5917 Ριτιιοι,
674 5854 773 5915 CL

1880 1922 2060 1978 Finito
2095 1922 2364 1993 capitulo,
2404 1909 2469 1979 et“
2496 1924 2642 1981 di‘cto
2678 1922 2842 1985 Verba
2882 1943 3020 1989 utea,
3052 1926 3096 1981 si
3148 1928 3394 2003 ipsadie

1810 2015 1915 2070 dici
1970 2015 2151 2082 debet,
2184 2016 2237 2070 in
2265 2016 2454 2072 eodem
2493 2016 2730 2087 capitulo
2755 2019 2932 2073 dicant
2970 2019 3165 2077 fratres
3192 2036 3292 2090 pro
3327 2037 3393 2075 ro

1792 2108 2314 2187 quinquagesimum
2340 2108 2631 2177 psalmum,
2648 2124 2755 2177 quo
2778 2110 3048 2179 completo
3073 2111 3393 2171 cumCIoi-ia

1812 2194 1986 2259 Patri,
2027 2206 2083 2252 et
2112 2196 2275 2251 Pater
2301 2208 2494 2262 noster,
2530 2198 2675 2252 dicat
2712 2199 3185 2269 hebdouiadarius,
3228 2202 3297 2255 Et
3333 2219 3395 2257 ne

1791 2304 1903 2340 enos
1940 2288 2182 2353 inducas,
2210 2286 2425 2343 Salvum
2452 2287 2537 2356 [ac
2570 2304 2777 2342 servum
2816 2298 2989 2354 tuum,
3024 2290 3276 2346 Dominus
3306 2309 3394 2347 ro-

1812 2377 2026 2442 biscum,
2055 2377 2393 2448 Omnipotens
2417 2380 2724 2447 sempiterna
2747 2377 2905 2445 Deus,
2930 2381 3171 2447 miserere
3194 2381 3394 2455 fantufo

1810 2478 1923 2534 tuo,
1951 2477 2010 2524 et
2033 2468 2261 2539 reliqua.

1881 2561 2035 2630 Quod
2082 2562 2125 2619 si
2180 2570 2431 2633 suscepto
2457 2563 2614 2618 Brevi
2664 2579 2764 2635 pro
2810 2556 3099 2640 defuncto,
3151 2566 3263 2637 ipsa
3310 2567 3397 2623 dic

1809 2662 2069 2710 canentes
2104 2653 2271 2709 Verba
2322 2672 2475 2721 mea,
2527 2656 2578 2710 in
2628 2658 3016 2714 monasterium
3066 2659 3193 2714 ituri
3241 2669 3394 2725 sunt,

1809 2745 2125 2815 priusquam
2155 2756 2307 2813 eant,
2342 2746 2658 2815 praedictum
2694 2747 2962 2817 psalmum
2993 2764 3113 2804 euut
3149 2750 3398 2818 capitulis

1810 2842 1865 2888 et
1890 2834 2117 2891 collecta
2156 2836 2355 2891 dicant.
2400 2835 2457 2890 Si
2493 2844 2679 2909 autern
2720 2838 3032 2907 praedictam
3069 2840 3395 2896 sententiam

1811 2925 2099 2996 contigerit
2148 2924 2241 2979 tali
2278 2924 2365 2981 die
2394 2924 2518 2996 legi,
2562 2942 2665 2997 qua
2697 2942 2802 2982 non
2834 2928 3006 2997 possit
3048 2928 3274 2987 refectio
3302 2931 3398 2987 ho-

1812 3015 2131 3072 norabiliter
2159 3015 2297 3083 fieri,
2337 3016 2479 3071 sicut
2515 3024 2600 3071 est
2637 3016 2689 3070 in
2719 3017 2918 3088 vigiliis
2955 3018 3198 3085 Quatuor
3232 3019 3395 3074 Tem-

1732 3149 1777 3210 Ο
1811 3124 2004 3181 porum
2064 3117 2123 3166 et
2171 3109 2477 3181 hujusmodi
2534 3109 2756 3176 diebus,
2804 3119 2954 3180 petat
2999 3109 3318 3167 cellerarius
3367 3129 3395 3164 a

1808 3202 1991 3273 priore
2038 3210 2094 3257 et
2120 3202 2359 3274 capitulo
2382 3202 2654 3267 licentiam
2681 3218 2790 3274 quo
2818 3203 3038 3260 differre
3062 3204 3231 3276 possit
3255 3204 3396 3260 refe-

1809 3295 2044 3349 ctionem
2096 3294 2148 3349 in
2200 3294 2359 3350 aliam
2405 3295 2579 3363 diem,
2632 3311 2740 3367 qua
2771 3295 3055 3353 honestius
3095 3306 3152 3352 et
3189 3296 3398 3368 plenius

1811 3383 1927 3439 fieri
1956 3384 2151 3440 valeat.

1964 3471 2170 3529 Sumo
2208 3473 2271 3528 ιι.
2296 3505 2366 3515 --
2390 3473 2465 3529 De
2492 3475 2757 3545 hospitum
2781 3493 2967 3530 curam
2992 3476 3231 3531 habente.

1879 3565 2069 3620 Frater
2119 3566 2211 3635 qui
2261 3566 2328 3621 ad
2378 3567 2752 3636 suscipiendos
2813 3567 3053 3635 hospites
3085 3566 3398 3636 deputatus

1806 3664 1909 3719 cst,
1952 3656 2004 3710 in
2040 3655 2156 3726 ipsa
2198 3656 2467 3725 hospitum
2509 3657 2669 3712 domo
2698 3657 2815 3713 hcce
2852 3666 3150 3727 prteparata
3196 3657 3398 3713 habere

1808 3746 2001 3803 debet:
2030 3746 2223 3812 lectos,
2251 3747 2462 3812 sedilia,
2489 3762 2726 3812 mensas,
2754 3748 3113 3817 mauutergia,
3147 3763 3396 3817 mappas,

1807 3838 2059 3909 scyphos,
2089 3836 2366 3903 scutellas,
2392 3837 2682 3903 coclearia,
2711 3838 2961 3903 baccilia,
2982 3847 3036 3893 et
3058 3839 3103 3894 si
3130 3855 3249 3909 qua:
3273 3850 3398 3895 sunt

1810 3927 2158 3996 hujusmodi;
2206 3928 2349 4000 ligna
2378 3944 2627 3999 quoque;
2678 3944 2898 4000 partem,
2945 3946 3075 3984 vero
3112 3938 3172 3984 et
3211 3939 3394 4000 potum

1807 4030 1859 4074 et
1892 4030 2086 4076 cratera
2128 4021 2356 4086 cibaria,
2410 4024 2477 4076 ad
2518 4037 2653 4091 opus
2705 4023 2975 4092 hospitum
3023 4037 3121 4091 per
3170 4023 3397 4079 famulos

1807 4112 1911 4167 sibi
1942 4113 2247 4181 deputatos,
2286 4112 2337 4166 in
2363 4111 2583 4167 cellario
2620 4112 2831 4180 recipit.

1877 4202 2197 4271 Quicunque
2225 4202 2425 4265 abbati,
2453 4201 2533 4256 vel
2558 4202 2744 4272 priori,
2769 4216 2863 4255 seu
2889 4201 3050 4256 alicui
3072 4202 3140 4255 de
3163 4201 3397 4257 claustro

1806 4294 1953 4363 loqui
1987 4294 2119 4359 vult,
2151 4293 2476 4365 legationem
2517 4292 2841 4347 suatn’huic
2885 4292 3047 4345 debet
3095 4290 3391 4361 injungerc.

1808 4386 1924 4456 Ipse
1965 4400 2124 4449 vero,
2163 4384 2295 4438 nihil
2336 4384 2460 4437 inde
2491 4383 2649 4438 alicui
2686 4382 2869 4453 aliquo
2914 4382 3075 4437 modo
3126 4382 3394 4447 indicans,

1737 4489 1787 4549 ι)
1814 4476 1877 4531 ad
1904 4476 2173 4539 abbatem,
2205 4473 2290 4528 vel
2316 4473 2552 4544 priorem
2602 4473 2931 4528 voluntatem
2964 4472 3194 4543 hospitis
3221 4474 3399 4542 perfe-

1814 4576 1920 4633 rat,
1965 4575 2023 4621 ct
2058 4574 2243 4637 postea
2287 4564 2429 4634 quod
2474 4564 2587 4635 ipse
2626 4567 2928 4621 decreverit
2966 4565 3084 4620 fiat.
3131 4564 3188 4621 Si
3217 4575 3396 4623 autem

1811 4659 1997 4723 fratri,
2043 4658 2133 4729 qui
2175 4659 2228 4714 in
2266 4656 2504 4713 claustro
2542 4666 2653 4723 est,
2693 4657 2941 4727 loquendi
2982 4675 3108 4714 cum
3156 4660 3395 4730 hospite,

1812 4752 1893 4808 vel
1935 4751 2238 4823 propinquo
2271 4750 2356 4806 vel
2385 4758 2646 4806 extraneo
2680 4766 2936 4809 concessa
2967 4753 3182 4810 licentla
3215 4754 3394 4817 fuerit,
3438 4752 3441 4757 ’

1813 4846 1966 4903 istius
2015 4852 2098 4900 est
2143 4844 2318 4914 ipsum
2370 4842 2594 4899 fratrem
2641 4844 2707 4898 de
2737 4842 2978 4899 claustro
3021 4849 3086 4901 ad
3130 4845 3396 4917 hospitem

1806 4937 2031 4992 ducere.
2075 4935 2232 5003 Quod
2272 4935 2319 4990 si
2351 4934 2532 4989 abbati
2564 4934 2647 4989 vel
2672 4935 2839 5005 priori
2889 4952 2994 4992 non
3034 4937 3295 5007 placuerit
3339 4945 3397 4989 ut

1811 5026 1971 5081 simul
2015 5026 2332 5096 loquantur,
2365 5039 2465 5079 nec
2490 5025 2738 5089 verbum,
2774 5041 2870 5081 nec
2904 5025 3138 5096 signum,
3170 5041 3271 5079 nec
3295 5026 3396 5079 ali-

1810 5133 1969 5187 quem
2003 5128 2189 5171 nutum
2224 5116 2326 5185 ipsi
2371 5116 2521 5169 fratri
2554 5115 2714 5170 faciat
2744 5132 2852 5186 quo
2882 5116 3083 5186 aliquid
3127 5115 3251 5169 inde
3276 5108 3396 5182 per-

1809 5212 1992 5281 cipere
2017 5206 2256 5279 quolibet
2280 5207 2441 5261 modo
2468 5206 2665 5261 valeat.

1878 5300 2053 5373 Ipsius
2099 5308 2186 5353 est
2236 5313 2348 5369 pra:
2404 5296 2659 5353 omnibus
2704 5297 2931 5352 sollicite
2992 5298 3283 5350 observare
3331 5295 3397 5349 de

1812 5392 2067 5446 fratribus
2102 5388 2192 5459 qui
2231 5388 2285 5442 in
2325 5387 2649 5442 obedientiis
2680 5394 2828 5452 sunt,
2857 5400 2979 5441 cum
3027 5385 3095 5439 ad
3123 5395 3398 5439 monaste-

1812 5487 1951 5540 rium
1982 5486 2233 5549 redeunt,
2275 5492 2453 5538 utrum
2485 5481 2715 5535 famulos
2758 5479 2980 5533 idoneos
3011 5488 3062 5533 et
3089 5478 3281 5537 cellam
3316 5495 3398 5535 rc-

1811 5578 2049 5648 gularem
2074 5579 2329 5643 habeant,
2358 5585 2413 5632 et
2433 5568 2710 5645 quomodo
2727 5587 2787 5627 se
2809 5573 2861 5626 in
2889 5572 3036 5626 curia
3062 5571 3395 5635 contineant,

1811 5680 1870 5724 ut
1894 5670 2106 5724 siextra
2124 5669 2367 5724 ordinem
2398 5666 2599 5736 aliquid
2632 5665 2882 5731 fecerint,
2908 5665 3071 5737 28.2
3102 5664 3392 5721 clamorem

1812 5759 1937 5816 inde
1976 5774 2134 5830 super
2162 5774 2255 5815 eos
2287 5759 2338 5813 in
2371 5757 2607 5828 capitulo
2647 5758 2826 5815 faciat.

3087 5848 3161 5907 16
