3864 6300
526 350 611 406 ιω
1494 335 1567 390 Β.
1610 328 1997 388 LANFRANCI
2037 326 2385 385 CANTUAR.
2422 325 2746 383 ARCIIIEP.
2780 386 2787 391 ,
3608 321 3685 387 ιω

588 460 646 517 Si
675 456 916 515 extranei
951 453 1131 510 clerici
1170 468 1229 509 se
1278 448 1516 505 dixerint
1559 448 1612 501 in
1646 444 1932 501 refectorio
1966 441 2101 496 velle
2130 443 2175 498 A
2202 439 2382 504 nibus,
2406 454 2525 509 quae
2552 439 2687 493 ﬁunt
2717 444 2844 492 ante
2872 444 3152 500 nocturna,
3171 434 3447 492 circumeat
3466 451 3567 490 cum
3592 445 3685 493 διιε-

526 540 1012 614 :0medere,istius
1051 554 1135 602 est
1165 543 1496 598 voluntatem
1531 539 1768 609 ipsorum
1809 534 1985 591 abbati
2011 531 2093 585 vel

524 642 683 713 priori
722 641 999 703 indicare;
1050 635 1189 705 quod
1240 634 1282 689 si
1330 632 1498 687 abbas
1522 628 1605 684 vel
1652 627 1800 697 prior
1852 622 2093 694 petitioni

474 772 478 781 .
523 746 705 787 eorum
743 727 1012 791 annuerit,
1056 725 1157 781 iste
1193 737 1285 778 eos
1321 720 1592 791 quomodo
1635 718 1688 771 in
1727 713 2014 771 refectorio
2038 726 2098 766 se

523 823 721 879 nabere
764 821 998 875 debeant
1044 818 1179 871 bene
1226 812 1499 876 instruat,
1552 816 1605 864 et
1651 807 1723 861 ita
1780 806 2094 867 instructos,

523 913 729 983 pulsato
750 909 863 979 jam
895 906 1162 978 cymbalo,
1198 904 1252 958 in
1287 900 1608 956 locutoriuni
1636 896 1888 959 adducat,
1918 893 2099 962 ibique

480 1024 481 1027 η
524 1004 710 1068 abbas,
750 1000 838 1056 vel
885 999 1049 1069 prior,
1103 996 1147 1052 si
1197 995 1363 1051 abbas
1412 991 1585 1048 deest.
1624 987 1870 1042 manibus
1912 998 2097 1038 eorum

524 1108 717 1164 aquam
776 1090 998 1153 tribuat,
1048 1096 1100 1142 et
1134 1094 1319 1155 postea
1358 1080 1645 1152 praedictus
1689 1078 1855 1131 frater
1897 1089 1989 1129 eos
2033 1073 2098 1127 ad

525 1197 764 1239 mensam
821 1178 1031 1234 abbatis
1068 1177 1247 1232 ducat.
1319 1170 1596 1242 Completo
1661 1176 1837 1221 autem
1876 1164 2101 1235 prandio

524 1283 684 1343 atque
702 1277 930 1327 exeunte
951 1275 1216 1323 conventu
1234 1265 1300 1319 de
1323 1260 1628 1326 refectorio,
1644 1258 1894 1328 praefatus
1914 1270 2099 1310 eorum

518 1342 717 1419 ductor
763 1367 882 1430 post
928 1358 1174 1412 abbatem
1218 1353 1303 1408 vel
1349 1352 1586 1422 priorem
1631 1347 1778 1403 solus
1830 1360 1953 1401 cum
2010 1342 2101 1397 illo

525 1459 820 1515 remaneat,
847 1457 901 1504 et
930 1455 1188 1517 sequatur
1222 1459 1345 1499 cum
1369 1442 1448 1497 eis
1472 1452 1897 1510 processronem,
1930 1434 2101 1490 donec

524 1542 592 1599 de
631 1542 771 1598 ostio
816 1536 1087 1593 refectorii
1135 1543 1318 1599 exeat;
1366 1540 1554 1602 postea
1599 1529 1762 1583 ducat
1806 1541 1900 1580 eos
1946 1533 2100 1578 extra

525 1635 818 1690 claustrum
849 1626 1105 1684 mediocri
1132 1638 1265 1680 voce
1292 1620 1568 1692 psallendo
1596 1633 1718 1673 cum
1746 1616 1826 1671 eis
1857 1614 2102 1669 Miserere

524 1720 839 1789 mei,‘Deus,
880 1728 934 1775 ct
962 1727 1155 1774 czetera
1185 1731 1303 1786 qua:
1334 1720 1649 1782 sequuntur.

593 1815 766 1885 ipsius
794 1822 875 1867 est
905 1806 1225 1867 extraneum
1255 1803 1599 1865 monachum,
1629 1799 1721 1869 qui
1751 1798 1968 1869 ignarus
2003 1792 2103 1847 loci

524 1909 615 1975 sit,
659 1920 757 1974 per
803 1900 1101 1957 claustrum
1153 1899 1205 1953 in
1259 1893 1646 1950 monasterium
1695 1890 1762 1943 ad
1803 1886 2105 1943 orationem

520 1997 740 2051 ducere.
825 1992 1025 2046 Brevcs
1077 2002 1173 2058 pro
1232 1984 1494 2041 defunctis
1544 1996 1642 2052 per
1693 1993 1913 2033 manum
1970 1974 2109 2029 illius

526 2086 785 2158 magistro
829 2081 1095 2137 infantum
1144 2078 1281 2143 dari,
1326 2074 1406 2130 vel
1456 2074 1511 2127 in
1562 2069 1857 2141 capitulum
1908 2063 2107 2122 deferri

522 2153 737 2232 debent.
784 2174 865 2229 Ad
919 2187 1041 2227 eum
1086 2168 1321 2240 pertinet
1366 2164 1653 2219 szeculares
1708 2158 1974 2221 homines,
2015 2153 2105 2224 qui

524 2269 840 2324 societatem
908 2261 1139 2316 fratrum
1178 2254 1481 2327 suscepturi
1537 2259 1684 2315 sunt,
1738 2249 2007 2305 adducere
2052 2245 2104 2300 in

523 2356 838 2428 capitulum.
907 2354 1080 2423 Ipsius
1124 2358 1211 2406 est
1254 2346 1556 2403 volentibus
1603 2343 1787 2396 videre
1840 2338 2103 2402 officinas,

524 2452 668 2521 ipsas
716 2445 958 2503 officinas
1001 2440 1323 2503 ostendere,
1372 2439 1659 2491 observato
1702 2440 1763 2485 ut
1807 2437 2105 2485 conventus

528 2552 656 2596 tunc
681 2539 732 2592 in
758 2538 995 2593 claustro
1026 2548 1131 2587 non
1167 2531 1373 2595 sedeat,
1412 2542 1511 2582 nec
1540 2526 1774 2596 aliquem
1803 2529 2104 2585 ocreatum,

525 2631 610 2687 vel
634 2628 863 2686 calcaria
897 2626 1215 2705 habentem,
1247 2635 1346 2676 nec
1375 2619 1604 2688 aliquem
1631 2616 1722 2686 qui
1752 2613 1912 2669 nudis
1949 2610 2106 2683 pedi-

526 2724 627 2777 bus
649 2720 738 2784 sit,
771 2718 853 2773 vel
890 2716 1019 2771 solis
1051 2711 1400 2769 femoralibus
1423 2709 1696 2765 calceatus
1727 2705 1781 2759 in
1810 2704 2106 2757 claustrum

526 2827 626 2881 pro
651 2810 890 2881 qualibet
936 2822 1100 2864 causa
1151 2806 1478 2859 introducat.
1533 2800 1701 2855 Suum
1738 2806 1996 2868 praeterea
2024 2802 2106 2850 est

529 2902 785 2964 novitios,
823 2898 914 2967 qui
957 2898 1022 2951 de
1061 2894 1257 2951 saeculo
1298 2893 1541 2957 veniunt,
1580 2891 1636 2945 in
1668 2887 1964 2959 capitulum
2008 2885 2103 2940 ad-

530 2998 728 3051 ducere
757 3002 810 3048 et
836 2992 1031 3068 docere
1068 3003 1161 3043 eos
1187 2987 1423 3057 priorem
1453 2984 1767 3055 petitionem
1796 2979 1997 3036 facere.
2070 3008 2071 3011 η

743 3099 747 3103 '
836 3082 1037 3136 SEC'I‘IO
1073 3077 1157 3133 lll.
1179 3106 1251 3118 -—
1272 3076 1347 3129 De
1373 3072 1819 3143 eleemosynario.-

605 3172 1075 3245 Eleemosynarius
1126 3178 1217 3224 aut
1266 3183 1363 3238 per
1388 3178 1485 3232 se,
1517 3166 1561 3221 si
1600 3172 1960 3234 opportunum
1999 3162 2101 3216 sibi

530 3279 631 3334 est,
660 3269 957 3337 perquirat,
987 3272 1079 3317 aut
1122 3277 1217 3332 per
1255 3273 1476 3316 veraces
1521 3266 1577 3313 et
1603 3256 1788 3312 fideles
1834 3255 2099 3313 homines.

530 3378 654 3420 cum
692 3360 858 3416 multa
888 3356 1246 3413 sollicitudine
1292 3352 1527 3425 perquiri
1562 3351 1727 3406 faciat
1754 3348 1846 3404 ubi
1895 3347 2023 3417 aegri
2052 3355 2105 3399 ct

529 3454 732 3512 debiles
759 3452 980 3521 jaceant
1019 3448 1108 3520 qui
1143 3462 1249 3503 non
1290 3445 1521 3501 habeant
1560 3442 1702 3499 unde
1739 3454 1801 3498 se
1841 3439 2105 3496 sustinere

529 3548 755 3602 valeant.

598 3638 657 3691 Si
688 3647 865 3691 autem
894 3637 1119 3707 ipsemet
1153 3633 1218 3687 ad
1248 3629 1665 3703 perquirendum
1693 3638 1747 3683 et
1775 3622 2102 3680 visitandum

529 3725 792 3794 perrexit,
823 3725 958 3778 duos
981 3722 1211 3776 famulos
1244 3734 1427 3775 secum
1456 3718 1675 3780 habeat,
1705 3723 1761 3769 et
1789 3713 2102 3783 priusquam

531 3817 697 3870 intret
746 3815 961 3868 domum
1017 3810 1082 3865 ad
1134 3823 1297 3879 quam
1359 3809 1535 3862 iturus
1579 3815 1698 3866 est,
1752 3801 2010 3857 mulieres
2057 3798 2101 3851 si

528 3907 723 3975 aliqua:
762 3906 814 3959 in
857 3919 919 3957 ea
962 3910 1115 3963 sunt,
1150 3901 1300 3955 exire
1340 3900 1530 3954 faciat.
1580 3897 1860 3967 Ingressus
1886 3893 2103 3949 domum

534 3995 727 4050 blande
763 3992 1073 4048 consoletur
1101 4005 1326 4061 mgrttm,
1359 3999 1413 4043 ct
1446 3986 1638 4043 offerat
1663 3985 1712 4039 ei
1740 3984 1881 4053 quod
1913 3982 2104 4036 melius

529 4088 694 4143 habet
735 4094 791 4141 et
816 4085 916 4140 sibi
968 4082 1216 4152 intelligit
1258 4096 1379 4135 esse
1429 4078 1815 4134 necessarium.
1865 4074 2016 4142 Quod
2057 4073 2102 4128 si

524 4192 669 4249 aeger
701 4176 843 4230 aliud
894 4173 1141 4243 requirit,
1186 4180 1240 4227 et
1287 4172 1461 4241 ipsum
1506 4167 1787 4239 perquirat
1831 4166 1875 4221 si
1926 4165 2102 4232 aliqua

524 4269 685 4323 modo
722 4267 923 4322 habere
956 4263 1212 4334 potuerit.
1261 4262 1315 4315 ln
1345 4276 1439 4316 eas
1466 4268 1642 4315 autem
1674 4261 1861 4314 domos
1899 4256 1952 4309 in
1978 4254 2103 4327 qui-

522 4360 626 4414 bus
660 4358 915 4413 mulieres
956 4370 1113 4426 aegrae
1138 4353 1221 4408 vel
1250 4352 1455 4408 debiles
1492 4350 1675 4419 jacent
1719 4361 1993 4418 nunquam
2024 4346 2107 4400 in-

2197 544 2359 584 consa
2419 528 2589 584 lectos
2632 526 2969 582 infirmorum
3007 525 3265 589 omnium,
3296 524 3560 582 observans
3582 527 3691 582 solli-

2199 620 2305 675 cite
2334 633 2402 673 ne
2428 618 2646 689 aliquis,
2675 618 2766 687 qui
2797 616 3003 671 valeret
3046 629 3282 685 surgere,
3307 615 3358 669 in
3383 614 3508 670 lecto
3528 632 3691 672 reman-

2198 710 2349 766 serit.
2380 709 2550 778 lpsius
2580 707 2948 778 estpraecipue
2976 704 3335 770 manifestare,
3366 714 3417 760 et
3444 705 3634 762 clamare
3652 708 3690 762 in

2199 800 2434 871 capitulo
2490 799 2844 871 negligentias
2893 798 3134 854 omnium
3203 797 3255 852 in
3304 798 3535 867 praadicta
3577 799 3693 854 domo

2199 891 2673 948 commorantium.
2880 944 2881 947 η

2269 980 2402 1035 Cum
2442 979 2746 1050 perceperit
2795 978 3067 1033 infirmum
3103 976 3213 1047 jam
3250 990 3364 1031 esse
3401 991 3545 1046 prope
3578 978 3693 1031 tinem

2201 1087 2385 1138 suum,
2425 1087 2580 1125 suum
2626 1080 2708 1126 est
2750 1071 3043 1142 praecipere
3089 1068 3299 1123 famulis
3326 1073 3430 1124 suis
3463 1080 3513 1122 ut
3550 1069 3696 1124 calefa-

2202 1164 2347 1219 ciant
2390 1177 2584 1232 aquam
2618 1163 2685 1217 ad
2716 1162 3002 1216 lavandum
3045 1160 3237 1230 ipsum.
3285 1158 3418 1215 Cura
3457 1160 3515 1214 de
3550 1158 3696 1214 feretro

2203 1255 2555 1310 custodiendo
2611 1262 2667 1308 et
2705 1253 3168 1316 administrando,
3227 1267 3346 1306 cum
3401 1266 3518 1319 opus
3562 1250 3697 1314 fuerit,

2202 1360 2365 1412 super
2401 1361 2526 1401 eum
2550 1355 2637 1401 est
2665 1353 2719 1401 et
2753 1360 2914 1415 super
2955 1342 3182 1398 famulos
3218 1358 3363 1411 suos,
3396 1344 3517 1398 sicut
3541 1352 3586 1399 et
3607 1358 3696 1398 cura

2203 1435 2270 1491 de
2291 1435 2717 1491 administranda
2746 1434 2948 1497 tabula,
2978 1449 3139 1503 quam
3168 1447 3237 1490 ex
3267 1446 3409 1488 more
3429 1433 3556 1502 prior
3578 1432 3698 1488 semel

2203 1526 2454 1596 percutit,
2513 1524 2780 1595 completa
2829 1523 3105 1578 ablutione
3152 1522 3320 1594 ipsius
3352 1520 3588 1586 defuncti;
3631 1522 3699 1576 de-

2204 1619 2391 1674 functo
2430 1617 2598 1673 fratre
2639 1625 2695 1672 et
2746 1617 2800 1671 in
2844 1615 3234 1671 monasterium
3272 1615 3549 1686 deportato,
3571 1613 3700 1668 locum

2207 1710 2260 1764 in
2298 1724 2406 1779 quo
2442 1706 2618 1780 jacuit
2658 1708 2906 1764 muadari
2946 1716 3000 1763 et
3037 1705 3162 1761 feno
3193 1705 3279 1761 vel
3320 1705 3473 1777 junco
3512 1703 3700 1760 renovari

2138 1781 2179 1839 Β
2210 1802 2393 1858 faciat.

2277 1893 2459 1948 Abbas
2499 1892 2584 1947 vel
2638 1892 2788 1963 prior
2827 1890 3083 1947 omnibus
3142 1888 3321 1946 modis
3365 1885 3700 1944 sollicitudinem

2206 1992 2361 2054 gerat
2400 1998 2468 2037 ne
2493 1982 2714 2052 aliquid,
2743 1982 2884 2050 quod
2914 1980 2983 2034 ad
3013 1980 3116 2035 hoc
3143 1978 3492 2034 ministerium
3522 1988 3703 2030 access:-

2210 2073 2357 2128 rium.
2376 2082 2477 2138 est,
2513 2072 2564 2126 in
2594 2072 2686 2127 illa
2711 2071 2873 2126 domo
2899 2085 3138 2140 unquam
3165 2068 3396 2125 deficiat.

2756 2200 2757 2203 η
2826 2162 3055 2219 CAPUT
3103 2162 3171 2219 Χ.

2468 2259 2543 2313 De
2566 2257 2878 2329 negligentia
2910 2257 3052 2311 circa
3082 2271 3274 2325 corpus
3303 2254 3515 2309 Domini.

2277 2350 2409 2406 Cum
2441 2350 2508 2404 de
2536 2363 2763 2418 corpore
2790 2347 2874 2403 vel
2904 2346 3164 2418 sanguine
3194 2346 3400 2401 Domini
3434 2353 3559 2399 tanta
3581 2339 3703 2410 negli-

2207 2442 2387 2512 gentia
2427 2440 2781 2520 aliquo‘casu
2815 2439 3013 2495 accidit
3039 2438 3205 2510 283
3243 2446 3303 2493 ut
3327 2436 3474 2492 cadat
3496 2435 3700 2491 deorsum.

2207 2534 2322 2589 sive
2348 2533 2420 2587 εἰη
2464 2531 2632 2586 alium
2684 2530 2862 2586 locum
2902 2530 2993 2584 ubi
3034 2529 3193 2600 plene
3235 2528 3429 2600 percipi
3467 2541 3556 2582 non
3584 2520 3701 2593 possit

2208 2640 2316 2695 quo
2344 2623 2607 2680 ceciderit
2645 2631 2700 2678 et
2730 2630 2909 2677 utrum
2941 2621 3008 2676 ad
3058 2630 3261 2677 terram
3300 2620 3419 2675 inde
3453 2615 3616 2687 aliquid
3636 2625 3701 2666 re-

2208 2717 2371 2779 nerit,
2400 2731 2563 2786 quam
2595 2715 2753 2772 citius
2789 2715 2904 2770 fieri
2933 2716 3129 2786 possit,
3185 2715 3446 2770 indicetur
3478 2726 3551 2766 res
3576 2704 3702 2762 abbati

2210 2808 2295 2863 vel
2338 2808 2548 2879 priori;
2599 2808 2692 2878 qui
2742 2806 3010 2877 adjunctis
3053 2806 3157 2863 sibi
3210 2805 3466 2877 aliquibus
3509 2799 3703 2857 fratribus

2208 2916 2438 2972 propere
2472 2900 2657 2957 veniat
2689 2899 2757 2955 ad
2794 2900 2971 2955 locum
3020 2899 3109 2956 ubi
3144 2898 3253 2954 hoc
3295 2895 3566 2965 contigerit.
3600 2890 3705 2946 Etsi

2207 3004 2402 3059 corpus
2433 2989 2691 3045 ceciderit
2721 2989 2806 3044 vel
2842 2988 3063 3059 sanguis
3094 2986 3298 3043 effusus
3337 2985 3484 3041 fuerit
3508 2995 3634 3052 super
3652 2978 3706 3032 la-

2207 3081 2408 3151 pidem,
2434 3088 2527 3134 aut
2557 3088 2779 3146 terram,
2805 3088 2898 3134 aut
2928 3078 3153 3150 lignum,
3181 3090 3278 3133 aut
3316 3086 3536 3137 matiam,
3555 3080 3627 3127 aut
3654 3077 3705 3122 ιι·

2206 3180 2403 3241 petem,
2436 3179 2531 3224 aut
2559 3170 2761 3239 aliquid
2799 3168 3139 3238 hujusmodi,
3174 3168 3353 3238 pulvis
3386 3176 3523 3222 terra?
3549 3159 3706 3227 colliga-

2209 3269 2318 3325 tur,
2344 3275 2471 3330 pars
2501 3259 2589 3313 illa
2620 3258 2814 3330 lapidis
2854 3258 3093 3323 radatur,
3126 3273 3257 3328 pars
3293 3256 3436 3327 ligni,
3470 3260 3630 3313 matus,
3654 3256 3707 3299 u-

2206 3352 2364 3421 petis,
2379 3360 2472 3405 aut
2501 3352 2545 3405 si
2569 3350 2701 3420 quid
2727 3348 2871 3403 aliud
2900 3355 2986 3403 est
3014 3346 3345 3417 huju'smodi,
3364 3342 3652 3400 abscindatur
3670 3340 3706 3387 ct

2207 3443 2260 3497 in
2289 3442 2588 3497 sacrarium
2617 3440 2957 3511 projiciatur.

2277 3530 2428 3600 Quod
2459 3532 2505 3587 si
2534 3531 2683 3586 locas
2717 3531 2807 3585 ubi
2839 3530 3096 3587 ceciderit
3130 3529 3415 3599 manifeste
3441 3515 3697 3596 deprehendi

2205 3620 2529 3692 nequiverit,
2564 3631 2620 3677 et
2667 3630 2847 3675 tamen
2885 3622 3138 3676 deorsum
3169 3621 3432 3677 cedidisse
3451 3606 3705 3672 constiterit.

2202 3712 2403 3766 inloco
2432 3721 2488 3767 et
2507 3712 2652 3766 circa
2683 3711 2883 3779 locum,
2931 3713 2987 3766 in
3044 3726 3207 3782 quem
3240 3712 3469 3766 maxime
3510 3701 3705 3761 cecidisse

2206 3801 2559 3868 crediderint,
2598 3802 2848 3857 similiter
2867 3801 3174 3872 colligatur,
3219 3802 3455 3864 radatur,
3487 3788 3706 3851 abscinda-

2209 3903 2291 3948 tur
2324 3902 2379 3949 et
2424 3894 2477 3948 in
2506 3895 2806 3950 sacrarium
2858 3895 3226 3960 recondatur;
3289 3895 3341 3949 hi
3377 3905 3491 3947 vero
3534 3892 3705 3956 quorum

2207 3988 2531 4060 egligentia
2565 3989 2668 4045 hoc
2689 3989 2955 4056 evenerit,
2980 3989 3032 4043 in
3058 3989 3313 4059 proximo
3344 3981 3559 4056 capitulo
3580 3971 3708 4033 humi-

2207 4077 2329 4133 liter
2354 4079 2568 4149 culpam
2593 4097 2746 4135 suam
2790 4080 2994 4145 dicant,
3018 4080 3283 4152 judicium
3309 4077 3576 4146 suscipiant
3602 4064 3705 4126 nudi.

2205 4182 2261 4228 et
2293 4173 2601 4243 iujuugatur
2632 4174 2711 4229 eis
2742 4174 3080 4243 poenitentia,
3113 4173 3202 4230 vel
3228 4174 3295 4229 de
3311 4169 3520 4242 jejunio,
3547 4162 3613 4218 vel
3644 4158 3706 4228 jar

2206 4266 2382 4330 diciis,
2416 4266 2500 4320 vel
2530 4266 2771 4336 psalmis.
2815 4266 2897 4321 vel
2941 4266 3145 4336 aliquid
3203 4262 3516 4337 hujusmodi.
3559 4252 3707 4323 Quibus

2207 4357 2499 4426 dejudicio
2521 4357 2589 4410 ad
2632 4356 2749 4411 loca
2777 4372 2872 4412 sua
2918 4357 3154 4412 reversis
3180 4397 3197 4422 ,
3247 4370 3432 4413 omnes
3464 4345 3706 4409 sacerdotes

526 4455 725 4511 ιτοθίιῑο
755 4447 871 4511 sed.
902 4460 1000 4515 Per
1030 4458 1196 4499 unum
1231 4443 1298 4498 de
1332 4441 1549 4496 famulis
1585 4440 1697 4496 SUiS
1725 4438 1870 4509 quod
1900 4437 2103 4492 habere
2132 4466 2181 4526 Ι)
2208 4447 2299 4516 qui
2333 4456 2459 4502 tunc
2487 4458 2780 4518 praesentes
2800 4458 3213 4521 eruntsurgant,
3237 4459 3294 4507 et
3314 4436 3707 4517 adjudiciasusci-

524 4545 705 4610 potest
749 4546 804 4591 et
843 4536 924 4591 eis
972 4534 1340 4592 necessarium
1388 4540 1490 4593 est,
1541 4530 1903 4594 transmittat;
1956 4527 2106 4598 prius

530 4640 710 4681 tamen
744 4640 905 4694 quam
937 4623 1139 4693 aliquid
1172 4624 1241 4679 de
1274 4623 1598 4693 supradictis
1636 4629 1780 4692 agat,
1813 4618 1991 4674 abbati
2020 4616 2105 4671 vel

527 4719 697 4790 priori
744 4718 973 4781 indicet,
1020 4724 1078 4771 et
1119 4715 1414 4772 secundum
1465 4728 1652 4769 eorum
1701 4711 2105 4781 dispositionem

527 4811 928 4879 cleemosyuam
962 4806 1274 4862 monasterii
1316 4805 1397 4860 eis
1419 4804 1715 4873 dispenset.

1131 4894 1362 4952 CAPUT
1415 4894 1508 4948 IX.

1108 4988 1186 5044 De
1224 4987 1538 5057 inﬁrmario.

598 5087 813 5149 Frater,
847 5084 930 5140 cui
957 5098 1089 5138 cura
1111 5082 1304 5135 domus
1335 5079 1674 5134 infirmorum
1709 5076 1997 5133 commissa
2025 5085 2110 5132 est

524 5188 579 5232 et
607 5176 837 5232 infirmis
869 5174 1129 5229 fratribus
1164 5172 1369 5227 servire
1396 5172 1706 5241 deputatur,
1732 5184 1919 5225 cocum
1952 5184 2106 5224 suum

523 5270 721 5324 habeat
760 5277 815 5322 et
855 5266 1144 5335 coquiuam
1194 5264 1511 5332 separatim,
1554 5262 1599 5316 si
1631 5261 1736 5316 loci
1781 5261 1920 5316 situs
1947 5268 2001 5315 et
2030 5257 2108 5312 fa-

522 5357 696 5412 cultas
724 5358 847 5412 talis
870 5358 962 5422 sit,
991 5364 1051 5410 ut
1080 5354 1226 5424 quod
1269 5352 1499 5408 infirmis
1534 5353 1825 5422 praeparari
1856 5365 2107 5407 necessa-

500 5447 669 5513 rium
695 5457 777 5500 est
810 5454 1115 5514 opportuno
1160 5453 1403 5512 tempore
1450 5442 1633 5512 parari
1675 5443 1859 5512 possit.
1913 5441 2105 5498 Omnia

525 5534 730 5588 fercula
790 5538 1102 5604 opponenda
1162 5536 1394 5590 infirmis
1448 5536 1564 5603 ipse
1612 5535 1957 5591 administrat
2006 5536 2103 5591 eis.

524 5628 683 5684 Omni
725 5628 812 5682 die
842 5640 956 5698 post
980 5632 1389 5701 completorium
1420 5641 1639 5702 spargat
1665 5646 1858 5700 aquam
1886 5632 2106 5688 benedi-

524 5729 666 5776 ctam
698 5737 795 5790 per
822 5735 1011 5774 omnes
1059 5737 1245 5777 eorum
1277 5723 1479 5789 lectos;
1522 5722 1679 5780 factis
1708 5722 1879 5795 tribus
1904 5725 2108 5781 oratio-

2211 4540 2403 4608 pieuda
2421 4554 2543 4595 cum
2565 4541 2713 4596 omni
2736 4540 3063 4599 devotiOnne
3080 4557 3138 4599 se
3150 4541 3403 4607 offerant.
3419 4541 3553 4597 Tunc
3565 4530 3705 4602 illequ

2208 4630 2504 4700 capitulum
2569 4639 2743 4699 tenet,
2775 4642 2983 4705 septem
3043 4643 3254 4690 tantum
3296 4650 3428 4706 quos
3453 4627 3642 4686 voluerit
3662 4622 3707 4675 de

2211 4721 2341 4791 ipsis
2368 4722 2434 4776 ad
2456 4724 2796 4793 suscipienda
2819 4723 3027 4792 judicia
3055 4726 3307 4791 retineat,
3357 4734 3410 4781 et
3431 4719 3612 4778 ueteris
3654 4712 3707 4766 ire

2209 4825 2416 4867 sessum
2454 4814 2753 4885 praecipiat.
2785 4815 2969 4872 Finito
2999 4816 3236 4888 capitulo
3257 4829 3443 4872 omnes
3462 4809 3597 4869 sitnul
3619 4817 3707 4876 pm.

2210 4904 2366 4959 strati
2394 4906 2581 4962 dicant
2608 4916 2813 4978 septem
2846 4908 3086 4978 psalmos
3139 4909 3192 4963 in
3248 4907 3577 4965 monasterio,
3612 4893 3708 4951 iaci-

2211 4998 2417 5067 pientes
2438 5012 2532 5052 eos
2575 4999 2823 5068 psallere,
2878 5016 3001 5055 cum
3028 5010 3228 5057 exeunt
3255 5000 3323 5056 de
3350 4994 3581 5067 capitulo.
3605 4987 3708 5055 0005

2210 5100 2469 5156 sequatur
2497 5087 2660 5143 Pater
2688 5102 2885 5156 noster,
2902 5106 3026 5145 cum
3061 5092 3143 5146 his
3175 5090 3420 5160 capitulis
3448 5096 3497 5143 et
3521 5080 3709 5147 collecta.

2214 5186 2277 5237 Et
2308 5197 2462 5250 super
2491 5198 2584 5235 nos
2610 5183 2969 5237 miser;cordia
2997 5194 3110 5247 tua,
3154 5183 3403 5247 Domine;
3434 5175 3509 5232 Ne
3528 5168 3708 5229 nuntiis"

2211 5274 2282 5326 ris
2310 5273 2643 5343 iniquitatum
2676 5284 2978 5329 nostrarum
3004 5277 3373 5345 antiquarum;
3403 5268 3622 5325 Domitia
3650 5271 3711 5310 ου’

2211 5363 2404 5418 hiscum
2428 5379 2459 5425 ;,
2485 5362 2705 5417 Oremus
2734 5376 2753 5414 :
2782 5363 2994 5418 Exaudi
3014 5406 3029 5429 ,
3079 5366 3332 5425 Domine,
3359 5376 3520 5434 preces
3559 5359 3708 5407 mm"

2210 5464 2258 5507 et
2288 5454 2643 5521 conﬁtentium
2666 5457 2757 5509 tibi
2779 5475 2936 5526 parce
2967 5460 3212 5527 peccatis,
3235 5468 3287 5512 ut
3308 5471 3433 5528 quos
3452 5438 3709 5506 conscienti“

2217 5557 2391 5601 reatus
2416 5559 2649 5611 accusat,
2676 5548 3001 5619 indulgentia
3025 5562 3131 5605 tua:
3157 5544 3492 5605 miserationis
3516 5532 3705 5619 absolﬂiv

2213 5638 2335 5699 Per,
2365 5647 2458 5692 aut
2482 5639 2624 5692 illam
2655 5616 2935 5695 collectam
2965 5641 3143 5711 :Deus
3182 5642 3265 5696 cui
3291 5637 3540 5708 proprium
3562 5633 3621 5683 nl
3641 5616 3704 5672 lii“

2209 5732 2368 5783 sereri
2391 5747 2613 5799 semper.
2639 5740 2730 5786 aut
2757 5732 2918 5788 aliam
2941 5749 3037 5804 pro
3065 5732 3324 5802 peccatis.

3829 0 3831 35 l

3830 428 3831 459 l

3830 696 3831 723 ι

3830 884 3831 921 l
