3864 6300
183 386 272 443 ιςδ
1114 388 1431 447 DECRETA
1468 388 1604 447 Ριιο
1641 388 1896 446 eumne
1928 390 1985 445 s.
2026 352 2403 446 nunerum.

243 501 295 555 Si
322 514 442 554 vero
470 512 629 569 super
655 498 936 569 corpO'ale
960 500 1043 554 vel
1066 518 1225 572 super
1279 504 1514 573 aliquem
1559 502 1911 565 bone-Ave]
1967 513 2125 572 caput
2175 503 2481 566 abluat,ch
2539 522 2743 576 ungues
2805 508 3025 575 incidat,
3084 524 3184 566 nec
3244 522 3395 567 extra
3464 528 3495 575 ε’

182 600 303 645 stum
332 604 566 660 pannum
615 589 836 657 sanguis
882 590 1175 658 ceciderit,
1209 601 1525 662 certumque
1569 592 1734 647 fuerit

178 697 272 751 quo
292 680 561 745 ceciderit,
590 695 714 750 pars
737 681 826 734 illa
852 683 1018 750 panni
1041 682 1095 737 in
1126 684 1310 752 aliquo
1337 685 1511 740 calice
1540 685 1733 741 ablua-

182 782 273 833 tur,
298 777 348 824 et
373 768 547 840 prima
570 768 771 823 ablutio
792 786 820 822 a
854 770 1116 825 fratribus
1140 774 1481 839 absumatur,
1510 776 1732 844 re‘iqute

179 861 283 914 duae
316 859 367 913 in
409 858 714 913 sacrarium
768 859 1143 929 proiiciantur.
1200 863 1256 917 lu
1316 862 1491 932 primo
1548 870 1730 916 autem

176 946 389 1019 capitulo
423 947 571 1001 dicta
595 947 749 1018 culpa
780 988 795 1013 ,
848 949 901 1003 hi
931 949 1031 1004 soli
1065 960 1296 1015 tantum,
1341 965 1571 1020 quorum
1636 965 1727 1005 ne-

177 1035 402 1106 gligentia
434 1035 538 1091 hoc
574 1036 775 1101 evenit,
800 1036 1167 1108 supradictam
1192 1038 1532 1107 disciplinam
1558 1039 1730 1095 susti-

177 1135 337 1194 neant;
364 1124 567 1181 fratres
595 1141 727 1183 vero
748 1142 938 1183 omnes
964 1138 1171 1199 septem
1204 1129 1445 1200 psalmos
1480 1145 1604 1184 cum
1636 1145 1727 1185 ca-

178 1218 359 1286 pitulis,
387 1227 441 1273 et
462 1218 713 1284 collecta,
739 1219 883 1275 sicut
912 1220 1157 1288 superius
1194 1221 1394 1275 dictum
1418 1222 1590 1287 ert,in
1618 1237 1731 1276 mo-

177 1310 387 1365 naster'o
411 1309 621 1379 dicant.
651 1308 710 1365 Si
766 1310 881 1380 ipsa
910 1310 996 1367 die
1024 1310 1212 1366 Brevis
1239 1326 1339 1381 pro
1367 1310 1622 1366 defuncto
1675 1313 1727 1365 in

177 1386 388 1471 capitulo
455 1398 634 1456 lectus
687 1401 880 1467 fuerit,
940 1402 1093 1471 prius
1150 1412 1351 1458 canant
1410 1402 1580 1457 Verba
1615 1421 1729 1458 mea

184 1498 447 1560 pergentes
480 1490 537 1545 in
568 1491 881 1558 ecclesiam;
903 1501 1089 1564 postea
1117 1503 1321 1564 septem
1351 1494 1589 1564 psalmos
1621 1495 1728 1551 sic-

179 1590 229 1635 ut
249 1582 490 1651 superius
518 1583 723 1638 dictum
746 1592 852 1638 est.

234 1678 285 1735 Si
328 1693 452 1736 vero
506 1679 618 1735 alio
667 1680 850 1753 aliquo
912 1683 1074 1739 modo
1109 1676 1175 1740 de
1219 1683 1326 1739 hoc
1383 1690 1728 1739 sacramento

179 1771 325 1826 levior
346 1772 675 1844 negligentia
720 1775 985 1840 evenerit,
1024 1790 1095 1831 ex
1136 1775 1343 1846 judicio
1366 1775 1582 1833 abbatis
1639 1775 1727 1831 vel

3292 400 3397 455 ιθι

1835 591 2129 647 claustrum
2163 594 2278 648 sine
2305 594 2521 648 licentia
2557 594 2635 649 ire
2670 609 2981 664 prmsumat.
3020 599 3211 656 Finitis
3261 603 3401 671 psal-

1835 681 1937 736 mis
1960 682 2103 736 dicat
2151 682 2335 747 abbas,
2386 682 2468 736 vel
2501 683 2649 753 prior
2679 684 3001 751 Beuedicite,
3032 698 3085 742 et
3145 704 3401 759 respOnso

1834 770 2111 837 Dominus,
2154 784 2341 842 postea
2391 773 2697 843 loquantur.
2745 775 2895 831 Tunc
2925 777 3120 833 lesciva
3154 780 3207 834 in
3254 779 3404 835 clau-

1832 872 2003 918 strum
2032 864 2324 929 deferatur,
2371 876 2425 920 et
2456 866 2547 934 qui
2582 866 2698 922 vult
2751 878 2910 937 caput
2959 869 2974 921 l
3011 880 3120 937 vet,
3174 874 3402 942 quisque

1831 955 1955 1019 sibi,
1985 956 2160 1010 nullus
2190 956 2301 1021 alii,
2330 966 2524 1025 praeter
2556 960 2838 1029 mag’stros
2865 960 3256 1032 infantum,qui
3284 981 3403 1033 par-
3433 948 3449 1015 ἱ

1829 1047 1969 1101 vulis
2023 1047 2242 1115 pueris,
2298 1048 2388 1117 qui
2436 1048 2489 1102 id
2537 1064 2641 1103 non
2687 1059 2942 1125 possunt,
2999 1053 3176 1121 capita
3219 1053 3401 1108 lavare

1832 1138 2048 1193 debent.

1902 1230 2093 1284 Frater
2119 1230 2244 1285 dum
2273 1230 2507 1297 raditur,
2534 1232 2580 1286 si
2625 1232 2833 1303 signum
2873 1236 2938 1288 ad
2970 1235 3156 1290 horam
3204 1252 3401 1293 sonue-

1834 1320 1923 1381 rit,
1951 1318 2136 1374 induat
2182 1320 2444 1375 cucullam
2514 1336 2675 1391 super
2713 1321 2975 1390 froccmn,
3023 1335 3077 1381 et
3121 1334 3311 1395 pergat
3349 1330 3399 1381 in

1830 1410 2053 1465 chorum
2113 1411 2157 1465 si
2203 1419 2379 1467 tamen
2415 1414 2635 1468 omnino
2666 1414 2887 1469 barbam
2945 1431 3122 1469 rasam
3167 1426 3259 1471 aut
3283 1433 3403 1471 on:—

1830 1502 1957 1556 nino
1985 1503 2159 1558 adhuc
2199 1504 2458 1559 intactam
2492 1505 2675 1569 liabet,
2712 1506 2947 1575 alioquin
2997 1516 3149 1562 extra
3175 1508 3399 1563 chorum

1829 1601 2065 1649 maneat.
2096 1593 2216 1664 Ipso
2262 1595 2347 1651 die
2376 1610 2483 1665 quo
2526 1611 2585 1651 se
2633 1597 2829 1651 radunt
2858 1597 3052 1654 fratres
3094 1614 3300 1669 mappae
3348 1602 3400 1655 in

1829 1682 2118 1740 refectorio
2150 1686 2423 1742 mutandae
2467 1695 2613 1743 sunt.
2643 1687 2778 1743 Aliis
2808 1688 2996 1744 diebus
3039 1692 3256 1759 quando
3296 1692 3402 1746 fra-

1831 1784 1941 1831 tres
1964 1774 2017 1829 in
2048 1775 2286 1832 claustro
2323 1777 2638 1847 loquuntur,
2665 1780 2756 1849 qui
2815 1796 3035 1836 necesse
3079 1783 3241 1839 habet
3282 1791 3402 1837 ton-

176 1860 348 1928 prioris
366 1840 560 1917 leniori
592 1863 832 1919 vindicta
855 1861 1047 1927 frater,
1084 1840 1239 1933 cujus
1266 1865 1421 1936 culpa
1455 1866 1558 1922 hoc
1592 1878 1723 1921 con-
1748 1840 1799 1900 ’Β
1829 1867 1943 1921 deri
1966 1876 2146 1938 potest
2170 1867 2223 1923 in
2251 1868 2517 1937 claustro,
2543 1871 2635 1926 sed
2653 1868 2749 1942 per
2770 1870 3036 1927 licentiam
3054 1872 3264 1931 abbatis
3288 1875 3399 1932 sive

160 1950 356 2029 ‘tigcrit,
381 1952 661 2023 puniatur.

760 2046 991 2103 CAPUT
1030 2048 1120 2103 XI.

1826 1956 2039 2025 prioris.

2425 2030 2650 2086 CAPUT
2678 2032 2787 2086 XII.

2245 2120 2325 2175 De
2354 2119 2625 2192 sanguinis
2670 2127 2976 2180 minutione.

1894 2212 2135 2268 Licentia
2208 2215 2483 2270 minuendi
2565 2220 2881 2288 sanguinem
2961 2222 3107 2275 omni
3160 2220 3459 2293 tempore'

1827 2306 2008 2360 statim
2035 2314 2156 2375 post
2181 2307 2474 2376 capitulum
2505 2310 2737 2377 petenda
2762 2318 2861 2369 est,
2906 2320 2958 2364 et
2993 2311 3273 2366 cellerario
3320 2314 3405 2367 in-

1827 2394 2052 2449 dicanda
2080 2396 2208 2449 liora
2237 2396 2512 2451 minuendi
2548 2405 2657 2462 est;
2694 2398 2746 2451 in
2777 2399 2973 2465 hieme,
3020 2409 3143 2470 post
3174 2416 3405 2473 evange-

1828 2486 1957 2540 lium
1994 2488 2214 2558 majoris
2254 2488 2465 2553 missm;
2497 2488 2551 2542 in
2592 2497 2779 2544 testate
2808 2498 2977 2563 ,‘post
3030 2508 3224 2547 nonam
3277 2502 3403 2548 ante

1826 2593 2115 2649 vesperas;
2160 2580 2211 2633 in
2244 2579 2667 2649 Quadragesima
2721 2591 2837 2649 post
2875 2595 3147 2652 vesperas.
3199 2583 3333 2638 Cum
3361 2578 3394 2636 ii

1826 2672 1914 2738 qui
1984 2668 2258 2725 minuendi
2293 2680 2421 2725 sunt
2468 2671 2692 2725 calceati
2733 2674 3136 2729 nocturnalibus
3193 2675 3304 2730 suis
3332 2676 3399 2728 ad

1825 2763 2000 2817 locum
2030 2764 2120 2833 qui
2155 2764 2280 2819 huic
2306 2765 2456 2834 operi
2500 2764 2784 2835 deputatus
2833 2776 2915 2822 est
2943 2769 3211 2833 venerint,
3256 2772 3399 2824 versi

1825 2853 1890 2905 ad
1913 2853 2175 2907 orientem
2208 2862 2335 2908 ante
2380 2861 2434 2907 et
2460 2864 2607 2908 retro
2656 2856 2933 2920 inclinent,
2989 2856 3184 2912 deinde
3223 2859 3400 2927 priore

1823 2958 2008 2998 eorum
2038 2944 2325 3014 incipiente
2350 2960 2561 3000 versum
2599 2945 2761 3012 Deus,
2790 2947 2845 3000 in
2871 2947 3189 3016 adjutorium
3231 2966 3401 3003 meant

1824 3036 2051 3102 intende,
2103 3048 2183 3091 ter
2233 3037 2440 3103 dicant,
2479 3048 2526 3093 et
2560 3049 2769 3107 cratera,
2796 3040 2929 3094 sicut
2970 3040 3021 3094 in
3064 3050 3251 3096 testate
3280 3053 3401 3111 post

1825 3143 2024 3183 nonam
2074 3127 2126 3181 in
2175 3129 2433 3198 capitulo,
2475 3130 2693 3199 quando
2768 3127 2963 3185 fratres
3016 3130 3310 3200 loquuntur
3345 3133 3397 3186 in

1825 3220 2078 3275 claustro.
2127 3218 2186 3274 Si
2218 3236 2356 3275 unus
2406 3230 2612 3275 tantum
2662 3220 2844 3281 fuerit,
2872 3223 3017 3276 solus
3062 3223 3163 3277 hoc
3211 3221 3395 3277 faciat.

1822 3311 2017 3367 Postea
2045 3321 2246 3369 exuant
2279 3313 2508 3378 froccos,
2536 3322 2591 3369 et
2618 3322 2810 3383 parent
2840 3329 2898 3368 se
2936 3314 3001 3366 ad
3026 3313 3395 3367 minuendum.

1893 3402 2178 3457 Silentium
2233 3403 2305 3458 ibi
2363 3404 2586 3457 omnino
2653 3411 2886 3465 teneant,
2940 3403 3043 3457 nisi
3098 3403 3398 3457 necessitas

1820 3492 1968 3563 loqui
1990 3500 2149 3562 cogat
2168 3507 2286 3562 quae
2316 3492 2517 3546 differri
2555 3501 2649 3545 aut
2683 3507 2786 3546 non
2813 3492 3010 3560 possit,
3034 3501 3126 3545 aut
3153 3506 3260 3545 non
3305 3490 3398 3545 dc-

1822 3582 1965 3638 beat.
2006 3581 2160 3648 Quod
2190 3582 2234 3636 si
2278 3582 2551 3647 evenerit,
2582 3581 2840 3645 breviter,
2869 3589 2920 3634 ct
2949 3580 3187 3635 modeste
3214 3588 3269 3636 et
3299 3581 3399 3636 bu-

1823 3674 2046 3729 millima
2068 3688 2201 3729 voce
2231 3672 2283 3728 id
2312 3673 2421 3726 fiat.

1889 3764 2124 3821 Chorum
2156 3778 2261 3818 non
2287 3769 2549 3833 cogantur
2576 3761 2780 3815 intrare
2814 3774 2982 3830 usque
3012 3760 3064 3814 in
3095 3759 3391 3815 crastinum

1822 3856 2257 3926 postorationem
2287 3854 2496 3924 primae,
2526 3852 2610 3908 vel
2637 3852 2829 3915 tertiae,
2856 3866 2961 3920 quo
2990 3859 3231 3921 tempore
3261 3860 3388 3906 ante

1821 3944 2113 4015 capitulum
2182 3943 2342 3999 tertia
2390 3942 2613 4007 dicitur;
2652 3941 2697 3996 si
2744 3940 2862 4009 plus
2920 3940 3180 4010 indigent,
3228 3940 3396 4009 petita

1821 4035 2040 4090 licentia
2070 4034 2273 4090 diutius
2303 4044 2456 4088 extra
2480 4034 2705 4088 chorum
2738 4040 3077 4087 remaneant.

1886 4123 2140 4178 Crastina
2165 4122 2252 4177 die
2294 4121 2641 4177 nocturnales
2694 4136 2822 4176 suos
2869 4120 3132 4183 calceent,
3181 4121 3390 4176 duobus

1821 4212 2007 4268 diebus
2038 4213 2253 4266 mistum
2313 4212 2609 4281 accipiant;
2661 4225 2783 4265 cum
2827 4211 2892 4263 ad
2948 4210 3120 4279 ipsum
3174 4211 3391 4265 mistum

236 4297 447 4359 Iuvenes
468 4305 561 4375 qui
613 4312 742 4358 sunt
781 4305 834 4359 iri
907 4303 1151 4360 custodia
1195 4306 1453 4361 custodes
1480 4322 1610 4363 suos
1636 4323 1719 4362 ra-
1818 4312 2036 4357 ventum
2064 4302 2251 4365 fuerit,
2282 4303 2327 4356 si
2375 4311 2582 4369 tempus
2611 4302 2679 4354 sit
2727 4316 2834 4370 quo
2867 4301 3062 4355 fratres
3096 4301 3264 4356 semel
3310 4316 3393 4356 re-

182 4388 319 4456 dant;
352 4400 403 4448 et
438 4394 728 4460 custodes,
781 4395 927 4465 ipsos
948 4390 1197 4464 juvenes.
1254 4395 1408 4463 Quod
1448 4397 1493 4451 si
1536 4406 1718 4453 custos
1818 4393 2031 4458 ﬁciunt,
2063 4392 2429 4448 simulomnes
2454 4391 2637 4444 dicant
2657 4405 2896 4456 versum,
2920 4400 2975 4446 et
3001 4401 3123 4447 ante
3146 4392 3388 4455 mistum.

181 4479 445 4548 nequiverit
470 4492 567 4539 aut
615 4484 873 4541 nescierit
906 4485 1127 4553 radere,
1152 4494 1308 4557 roget
1332 4486 1570 4556 aliquem
1605 4503 1717 4542 ma-
1746 4507 1794 4565 ι)
1819 4492 1870 4538 et
1900 4491 2020 4554 post
2063 4484 2302 4547 mistum,
2332 4497 2454 4538 cum
2473 4482 2680 4552 psalmo
2710 4481 2958 4537 Miserere
2993 4484 3113 4549 mei,
3148 4484 3309 4550 Deus,
3335 4497 3390 4541 et

183 4570 329 4623 turum
354 4569 596 4639 fratrem,
626 4581 687 4628 ut
701 4588 823 4630 eum
849 4574 1035 4630 radat:
1064 4574 1183 4645 ipse
1200 4581 1378 4630 tamen
1401 4576 1715 4632 custodiens
1823 4575 2045 4643 reliquis
2071 4587 2137 4629 eo
2176 4573 2336 4628 modo
2370 4586 2478 4642 quo
2522 4572 2721 4627 dicitur
2750 4589 2777 4627 a
2809 4583 3099 4640 conventu,
3137 4586 3271 4631 cum
3309 4578 3392 4631 bis

183 4653 323 4721 ipsum
342 4660 488 4727 juxta
516 4679 640 4719 eum
672 4664 877 4720 sedeat.
913 4663 1145 4721 Juvenes
1175 4680 1392 4735 quoque
1418 4706 1432 4730 ,
1464 4666 1577 4722 sive
1620 4683 1720 4721 nu-
1822 4665 2072 4721 reficiunt
2099 4680 2290 4723 omnes
2303 4665 2515 4720 fratres.
2530 4665 2840 4721 Benedictio
2862 4681 2891 4720 a
2910 4666 3089 4738 priore
3108 4668 3393 4725 sacerdote

184 4745 294 4812 triti,
322 4752 505 4810 sivede
534 4755 733 4810 saeculo
760 4756 1060 4821 venientes,
1085 4756 1302 4825 utrique
1341 4764 1520 4810 tamen
1563 4766 1719 4812 extra
1821 4760 2005 4822 detur,
2037 4756 2198 4812 lectio
2227 4754 2296 4811 ab
2349 4770 2457 4811 uno
2513 4754 2696 4826 aliquo
2746 4757 3062 4812 memoriter
3101 4757 3387 4823 recitetur;

181 4831 451 4904 huiusmodi
481 4845 784 4900 custodiam
807 4846 1104 4902 existentes
1157 4861 1261 4901 non
1301 4859 1633 4917 praesumant
1661 4858 1721 4903 ut
1820 4849 1874 4903 in
1908 4846 2193 4903 refectorio
2231 4856 2403 4904 totum
2432 4850 2544 4904 ﬁat.

180 4922 291 4981 alter
314 4930 536 4989 alterum
571 4936 784 5000 radant,
818 4937 912 4991 sed
944 4936 1204 4992 seniores
1246 4938 1314 4991 ab
1360 4936 1465 4991 illis
1494 4946 1550 4991 et
1585 4938 1716 4993 illia
1890 4940 1947 4993 ln
1975 4940 2214 4995 crastino
2234 4940 2553 4997 minutionis
2592 4943 2860 4997 clamatus
2911 4941 3107 5010 aliquis
3156 4942 3392 4995 minuto-

180 5019 445 5079 senioribus
471 5026 748 5080 radantur.
783 5025 1025 5097 Magistri
1070 5042 1271 5096 pueros
1306 5027 1497 5082 radant
1535 5038 1590 5084 et
1616 5029 1716 5099 ipsi
1821 5046 1945 5085 rum
1968 5040 2174 5100 surgat,
2207 5038 2262 5086 et
2308 5033 2373 5086 ad
2402 5034 2687 5102 petendam
2714 5035 2925 5088 veniam
2960 5030 3252 5097 seolferat;
3285 5032 3387 5084 ali-

181 5112 389 5176 apueris
441 5117 730 5181 radantur,
790 5117 836 5172 si
870 5125 1051 5174 tamen
1087 5118 1389 5187 huiusmodi
1431 5120 1715 5176 scientiam
1817 5124 1939 5191 quis
1978 5137 2107 5177 vero
2136 5138 2322 5178 eorum
2372 5124 2567 5191 quibus
2616 5124 2843 5178 minutio
2900 5126 3025 5178 nuta
3052 5131 3174 5185 est,
3221 5122 3387 5191 priori

182 5198 367 5262 habent.
952 5226 953 5229 ‘
1819 5214 2001 5268 dicere
2027 5215 2188 5269 debet
2217 5215 2360 5283 quod
2411 5213 2577 5269 frater
2619 5216 2708 5268 ille
2760 5217 2999 5269 minutus
3031 5215 3121 5277 sit,
3162 5223 3216 5267 et
3238 5215 3388 5282 prior

238 5293 442 5355 Hiemali
473 5311 746 5373 tempore,
781 5304 1000 5373 quando
1039 5304 1214 5373 pueri,
1246 5314 1301 5359 et
1326 5305 1590 5376 sanguine
1614 5305 1717 5359 mi-
1818 5306 1866 5360 ei
1892 5306 2185 5376 praecipere
2211 5315 2271 5360 ut
2326 5308 2519 5360 stando
2543 5306 2817 5375 loquatur,
2862 5314 2917 5359 et
2959 5304 3194 5358 maxime
3238 5305 3281 5359 si
3321 5307 3387 5359 de

183 5386 295 5451 nuli,
321 5399 471 5461 atque
493 5394 827 5465 intirmipost
850 5395 1145 5465 capitulum
1169 5397 1442 5466 accipiunt
1471 5398 1713 5461 mistum,
1818 5409 1953 5450 vena
1984 5395 2189 5450 brachii
2212 5395 2453 5451 minutus
2482 5395 2553 5451 sit
2584 5438 2601 5464 ,
2642 5395 2686 5449 si
2709 5394 2865 5463 culpa
2918 5393 3054 5446 levis
3107 5392 3387 5463 indulgea-

182 5474 476 5539 I'el'ectorarii
500 5487 660 5555 primi
682 5501 741 5542 se
771 5488 965 5541 radant
1000 5528 1016 5552 ,
1045 5495 1100 5543 et
1142 5497 1263 5558 post
1287 5487 1544 5557 psalmos,
1605 5495 1713 5542 tam
1820 5495 1911 5539 tur
1935 5486 1984 5541 ei
2012 5503 2027 5551 ;
2060 5486 2104 5540 si
2133 5494 2312 5541 autem
2339 5486 2458 5540 talis
2478 5484 2641 5539 fuerit
2677 5500 2798 5554 qua:
2820 5484 2937 5538 sine
3003 5484 3271 5551 corporali
3296 5488 3378 5539 di-

183 5566 271 5623 cito
293 5586 589 5643 apparatum
629 5578 902 5635 refectorii
936 5578 1172 5643 faciant,
1226 5588 1282 5634 ut
1308 5578 1506 5633 fratres
1556 5592 1714 5633 acce-
1817 5576 2046 5646 sciplina
2068 5576 2263 5631 dimitti
2297 5592 2401 5631 non
2438 5576 2650 5640 debeat,
2704 5576 2755 5629 in
2797 5574 2939 5628 aliud
2996 5581 3207 5644 tempus
3235 5576 3383 5630 diffe-

181 5663 301 5724 pturi
326 5667 528 5724 mistum
550 5671 730 5725 omnia
762 5678 948 5742 parata
977 5671 1274 5726 inveniant.
1817 5678 1990 5722 ratur.
3120 5668 3123 5669 ⁷

242 5752 462 5821 Quandiu
517 5762 705 5833 psalmi
738 5764 994 5821 dicuntur
1020 5777 1179 5820 nemo
1212 5760 1516 5829 tondeatur,
1548 5757 1713 5833 285.
1887 5758 2012 5815 Haec
2037 5766 2163 5815 sunt
2194 5767 2436 5829 tempora
2470 5757 2664 5827 quibus
2690 5757 2885 5813 fratres
2924 5756 3094 5812 minui
3152 5771 3258 5812 non
3293 5759 3382 5814 de-

654 2132 731 2191 De
757 2154 943 2191 rasura
970 2138 1221 2206 fratrum.

233 2224 335 2291 Qua
362 2223 447 2279 die
480 2225 705 2281 radeudi
740 2237 866 2281 sunt
909 2226 1106 2283 fratres
1130 2228 1290 2283 citius
1334 2228 1493 2285 solito
1542 2230 1726 2300 pulse-

181 2324 257 2369 tur
309 2317 514 2387 signum
577 2316 644 2370 ad
699 2317 950 2387 primam,
987 2318 1072 2373 vel
1123 2319 1192 2374 ad
1223 2320 1462 2385 tertiam,
1511 2321 1554 2375 si
1608 2321 1723 2391 ipsa

180 2409 318 2462 tertia
343 2417 465 2464 ante
489 2409 794 2478 capitulum
833 2409 937 2465 dici
992 2410 1169 2467 debet.
1224 2410 1279 2466 In
1328 2411 1567 2483 capitulo
1615 2427 1720 2467 non

180 2496 255 2553 diu
273 2497 503 2565 sedeant,
535 2501 634 2555 sed
677 2501 995 2557 necessariis
1026 2503 1186 2558 rebus
1214 2502 1483 2572 explicitis
1501 2518 1725 2574 surgen-

180 2596 248 2644 tes
281 2590 479 2659 pulsata
515 2592 720 2658 tabula,
777 2593 1032 2663 dictoque
1076 2592 1378 2650 Benedicite
1430 2605 1625 2650 exeant
1667 2596 1721 2650 in

180 2676 465 2737 claustrum.
494 2680 740 2737 Infantes
768 2682 885 2753 ipsa
912 2683 998 2738 die
1018 2682 1312 2754 capitulum
1336 2698 1443 2737 non
1481 2693 1721 2748 teneant,

178 2770 255 2823 sed
280 2772 449 2828 statim
486 2782 614 2842 post
638 2772 773 2829 alios
803 2784 1021 2841 exeant,
1073 2782 1129 2831 et
1180 2775 1235 2829 in
1277 2774 1517 2830 scholam
1569 2791 1723 2830 suam

180 2870 375 2930 pergant
401 2863 769 2919 residentibus
798 2864 1028 2929 cunctis,
1058 2873 1115 2919 et
1137 2864 1202 2919 ad
1229 2865 1529 2921 radendum
1558 2881 1719 2936 para-

183 2948 238 3009 tis
260 2949 465 3020 incipiat
493 2952 699 3017 abbas,
746 2962 842 3007 aut
890 2953 1056 3021 prior.
1090 2953 1327 3025 quinque
1375 2955 1631 3024 psalmos,
1672 2957 1723 3010 id

178 3045 248 3092 est
266 3036 417 3094 Verba
437 3057 551 3095 mea
571 3056 676 3112 pro
692 3041 977 3097 defunctis.
992 3042 1258 3099 Sacerdos
1272 3045 1606 3100 hebdomada
1615 3046 1724 3100 rius

181 3129 344 3185 sedens
382 3132 523 3188 dicat
579 3132 870 3201 collectas;
927 3133 1065 3189 alter
1096 3146 1313 3205 quoque
1361 3137 1721 3192 hebdomada-

182 3217 275 3272 rius
303 3218 445 3288 juxta
469 3237 597 3279 eum
622 3225 827 3289 sedeat,
858 3232 911 3277 et
951 3240 1072 3279 cum
1111 3240 1176 3282 eo
1227 3226 1463 3296 psalmos
1518 3236 1717 3295 teneat;

179 3317 279 3375 post
324 3312 558 3382 quinque
624 3313 861 3382 psalmos
928 3314 1112 3369 dicant
1175 3330 1363 3371 omnes
1428 3318 1721 3375 canonicas

183 3396 332 3464 horas,
364 3401 412 3455 in
434 3418 668 3473 quarum
702 3404 808 3457 line
849 3420 1019 3473 usque
1041 3405 1107 3460 ad
1130 3421 1390 3476 vesperas
1435 3421 1542 3462 non
1577 3408 1724 3464 dicat

182 3489 397 3544 sacerdos
440 3491 697 3546 Dominus
742 3492 1045 3558 vobiscum;
1078 3509 1178 3549 nec
1206 3490 1586 3550 Benedicamtis
1617 3496 1722 3550 Do-

182 3575 317 3643 mino,
346 3580 435 3635 sed
462 3593 587 3651 post
617 3580 718 3635 Per
746 3584 922 3636 omnia
939 3583 1133 3637 strcula
1161 3582 1475 3638 saeculorum
1494 3626 1509 3652 ,
1535 3587 1721 3641 statim

182 3664 373 3737 incipiat
406 3671 743 3740 Adjutorium
760 3689 973 3738 meum;
1009 3684 1130 3745 post
1153 3688 1405 3744 vesperas
1434 3676 1722 3733 verodicto

180 3750 523 3814 Benedicamus
546 3759 777 3815 Domino
805 3802 821 3827 ,
870 3764 1169 3833 psallantur
1205 3778 1445 3834 vesperae
1475 3775 1717 3823 mortuo—

183 3858 300 3911 rum,
354 3849 543 3907 dehinc
598 3852 1008 3922 completorium
1079 3862 1138 3908 ut
1187 3855 1470 3921 canonici;
1532 3865 1720 3926 postea

186 3932 445 3996 familiares
473 3941 670 4013 psalmi
713 3943 991 3997 horarum.

238 4027 403 4086 Nullus
428 4034 481 4088 in
505 4032 724 4090 cuculla
755 4034 998 4098 radatur,
1026 4034 1120 4088 sed
1158 4036 1308 4103 prius
1337 4036 1551 4091 cuculla
1581 4050 1716 4091 exu-

182 4125 269 4184 tus,
296 4132 345 4177 et
379 4124 556 4181 frocco
602 4126 841 4189 indutus,
876 4126 1081 4181 cuculla
1124 4127 1324 4195 plicata
1367 4136 1422 4183 et
1463 4128 1621 4199 juxta
1660 4141 1720 4184 se

181 4210 334 4275 posita
360 4215 598 4270 radatur.
627 4216 718 4269 llle
736 4216 828 4286 qui
858 4216 1000 4271 radit
1026 4215 1208 4271 frocco
1252 4227 1451 4273 exutus
1495 4220 1588 4273 sit.

1751 3177 1794 3237 C
