3864 6300
445 388 552 449 195

1471 384 1527 438 Β.
1571 383 1963 440 LANFRANCI
1991 380 2345 438 CANTUAR.
2382 377 2719 436 ARCHIEP.‘

2126 261 2139 269 '
2190 258 2235 278 οὐ

3611 383 3704 441 496

446 506 581 561 bent
610 544 624 571 ,
656 503 760 557 nisi
789 500 1089 557 necessitas
1112 508 1271 570 cogat
1302 518 1312 552 :
1346 499 1389 553 si
1416 499 1467 553 in
1495 498 1734 553 crastino
1764 496 2036 554 festivitas
2065 503 2111 558 Α
2137 512 2241 566 que
2266 494 2723 561 benedictionem,
2750 494 2995 551 veniemli
3019 494 3226 551 scilicet
3273 502 3435 565 atque
3457 497 3703 563 exeundi,

448 596 726 652 duodecim
752 595 1045 649 lectionum
1076 595 1178 659 sit,
1205 592 1444 662 exceptis
1490 591 1744 647 Sabbatis
1789 591 2032 658 Quadrao

445 688 662 758 gesimm
697 700 867 756 usque
918 687 984 740 ad
1032 687 1346 742 Passionem
1400 686 1643 751 Domini,
1700 686 1745 740 si
1791 685 2031 741 crastina

443 779 529 832 die
553 775 820 830 festivitas
847 775 1009 829 tnium
1048 775 1342 831 lectionum
1384 776 1497 840 sit,
1532 775 1585 829 in
1626 790 1734 845 qua
1763 774 1929 829 missa
1974 773 2028 827 in

443 868 628 937 cappis
650 866 978 931 celebretur,
1006 867 1148 921 sicut
1168 875 1297 922 sunt
1326 876 1436 921 tres
1483 866 1599 920 dies
1637 874 1759 935 post
1794 865 2026 931 Pascha,

441 972 496 1016 et
528 971 636 1016 tres
657 969 777 1031 post
832 958 1211 1025 Pentecosten,
1262 958 1672 1029 quatuordecim
1731 958 1845 1013 dies
1905 965 2031 1012 ante

444 1054 673 1117 Pascha,
692 1041 753 1108 ἐἰ
787 1055 900 1122 ipsa
930 1052 1017 1107 die
1044 1052 1128 1106 vel
1158 1052 1211 1106 in
1261 1051 1502 1106 crastino
1537 1051 1797 1105 canonica
1822 1038 2030 1119 j‘ejunia

442 1146 571 1210 sint,
618 1160 737 1213 qua:
788 1143 978 1198 violari
1025 1158 1130 1199 non
1172 1144 1415 1214 possint;
1457 1141 1724 1197 festivitas
1774 1140 2029 1197 Omnium

443 1234 788 1297 Sanctorum,
827 1233 950 1303 quia
982 1233 1034 1287 in
1065 1233 1304 1288 crastino
1332 1246 1521 1287 omnes
1570 1230 1885 1286 sacerdotes
1932 1245 2030 1299 pro

445 1325 722 1381 Defunctis
755 1329 950 1380 missas
998 1323 1296 1389 celebrare,
1352 1331 1406 1378 et
1436 1322 1626 1392 reliqui
1666 1320 1903 1393 psalmos
1934 1334 2031 1391 pro

446 1415 628 1471 missis
645 1415 922 1470 ordinatos
952 1415 1131 1470 dicere
1155 1413 1373 1467 debent.

1039 1502 1269 1559 CAPUT
1293 1502 1434 1557 XIII.

719 1597 1223 1652 Deliebdomadario
1286 1597 1458 1651 missa:
1512 1596 1754 1666 majoris.

507 1690 642 1747 Cum
656 1691 925 1746 sacerdoti
942 1690 1165 1760 majoris
1183 1690 1363 1745 missae
1379 1687 1802 1745 hebdomadario
1820 1686 2026 1758 aliquid

444 1783 736 1839 dormienti
763 1782 1264 1852 evenerit,propter
1279 1780 1421 1852 quod
1452 1781 1566 1851 ipsa
1588 1780 1677 1836 die
1711 1780 2031 1835 missamcc-

448 1876 664 1931 lebrarc
697 1891 804 1931 non
836 1849 1059 1939 debeat,
1082 1875 1125 1930 si
1148 1849 1335 1929 fuerit
1358 1849 1567 1944 privata
1612 1872 1752 1938 dies,
1809 1887 1918 1927 non
1951 1871 2033 1926 di-
2066 1849 2109 1904 Β

452 1970 632 2024 mittat
660 1968 956 2039 quidquam
987 1966 1168 2022 facere
1193 1967 1258 2022 de
1296 1983 1394 2023 suo
1424 1967 1620 2033 officio,
1645 1968 1750 2023 nisi
1783 1967 2030 2031 missam,

443 2067 499 2113 et
551 2057 979 2113 benedictionem
1026 2056 1077 2110 in
1131 2057 1455 2122 refectorio,
1500 2068 1556 2113 et
1597 2057 2032 2127 eompletorium,

445 2150 575 2221 quia
625 2164 763 2219 aqua
838 2147 1126 2203 benedicta
1180 2158 1304 2220 post
1370 2148 1784 2219 eompletorium
1836 2149 2035 2205 fratres

444 2259 734 2316 aspergere
755 2242 1012 2312 adipsum
1034 2243 1269 2311 pertinet
1300 2241 1391 2312 qui
1434 2241 1848 2313 eompletorium
1900 2241 2035 2296 dixit

440 2346 493 2390 et
520 2334 740 2390 missam
781 2333 1094 2387 celebravit.

514 2426 667 2494 Quod
726 2426 770 2481 si
831 2425 1114 2479 duodecim
1178 2426 1441 2480 lectiones
1517 2425 1739 2487 fuerint,
1793 2426 2034 2479 dimittat

447 2522 613 2577 etiam
672 2535 947 2590 vesperas,
1009 2519 1300 2575 matutinas
1347 2534 1562 2589 quoque
1618 2517 1827 2584 laudes,
1866 2518 1911 2573 si
1966 2518 2033 2571 ad

449 2612 595 2682 ipsas
624 2610 870 2665 revestiri
900 2609 1092 2665 debeat
1112 2610 1385 2665 sacerdos.
1412 2609 1591 2663 Finita
1616 2618 1799 2663 autem
1825 2608 2033 2678 princi—

446 2702 552 2773 pali
574 2702 845 2769 oratione,
888 2717 1010 2756 cum
1062 2702 1314 2756 sacerdos
1372 2703 1679 2767 revestitus,
1728 2701 1820 2770 qui
1843 2716 1941 2771 pro
1967 2716 2033 2756 eo

444 2795 575 2849 facit
595 2792 852 2857 cilicium,
892 2794 1089 2848 exierit
1114 2794 1181 2849 de
1207 2795 1374 2849 cboro
1396 2834 1410 2857 ,
1443 2793 1699 2848 sacerdos
1734 2792 2029 2848 hebdoma-

443 2886 627 2941 (larius
663 2886 715 2940 in
746 2900 1075 2955 quacunque
1109 2896 1264 2955 parte
1302 2884 1453 2939 chori
1496 2886 1597 2947 sit,
1635 2884 1781 2940 nullo
1835 2900 2030 2954 exspe-

447 2986 596 3032 ctato
626 2977 780 3047 signo
810 2976 1083 3046 compleat
1126 2978 1331 3045 reliqua
1360 2978 1541 3031 omnia
1565 2992 1684 3045 qua:
1712 2986 2030 3045 sequuntur.

516 3066 648 3122 Cum
690 3078 872 3123 autem
898 3069 1012 3137 ipse
1044 3069 1497 3124 hebdomadarius
1530 3069 1820 3123 revestitus
1850 3078 2033 3124 cantat

446 3172 723 3227 vesperas,
755 3168 846 3213 aut
868 3160 1163 3213 matutinas
1204 3160 1410 3223 laudes,
1439 3170 1493 3213 et
1532 3161 1800 3231 completa
1831 3162 2034 3233 princi-
2061 3191 2105 3253 Ο

447 3247 555 3318 pali
580 3248 829 3303 oratione
852 3248 1131 3319 egreditur
1162 3250 1391 3305 chorum
1422 3261 1480 3306 ut
1506 3262 1761 3316 exuatur,
1783 3261 1911 3308 tunc
1941 3254 2031 3308 uni

445 3338 513 3393 de
539 3353 638 3394 suo
660 3337 829 3394 choro
854 3339 940 3395 cui
970 3339 1205 3395 voluerit
1241 3341 1453 3412 signum
1488 3341 1654 3396 faciat
1705 3351 1765 3396 ut
1794 3351 1918 3412 agat
1939 3357 2037 3411 pro

445 3441 512 3481 eo
559 3417 1513 3485 commemorationemSanctorum.
1555 3430 1718 3502 285
1752 3431 1865 3499 Qua
1893 3446 2038 3486 com-

443 3519 603 3589 picta,
640 3521 1103 3579 liebilomadarius
1138 3538 1388 3578 reversus
1415 3523 1469 3578 in
1496 3523 1722 3578 chorum
1768 3523 2038 3593 compleat

444 3624 564 3678 quae
593 3621 910 3679 sequuntur.

1039 3699 1268 3755 CAPUT
1307 3700 1443 3755 XIV.

848 3790 926 3844 De
964 3792 1329 3845 itineramibus
1359 3792 1631 3860 fratribus.

438 3936 439 3939 η
476 3888 479 3891 ’
518 3879 735 3943 Frater,
766 3879 818 3931 in
850 3880 1068 3948 aliquod
1116 3880 1218 3934 iter
1246 3880 1590 3951 profecturus
1618 3890 1672 3935 et
1703 3880 1757 3936 in
1800 3881 2038 3936 crastino

449 3985 557 4024 non
593 3984 920 4024 reversurus
939 4012 954 4035 ,
984 3970 1213 4039 accipiat
1239 3970 1677 4027 benedictionem
1703 3970 1967 4037 exeundi;
1992 3971 2036 4026 si

450 4078 585 4117 vero
606 4062 901 4133 contigerit
925 4071 984 4117 ut
1005 4062 1179 4117 altera
1204 4062 1293 4117 die
1320 4071 1646 4127 revertatur,
1671 4077 1776 4117 non
1808 4063 2040 4133 accipiat

443 4152 882 4210 benedictionem
930 4155 1273 4220 revertendi;
1342 4155 1386 4210 si
1450 4165 1632 4210 autem
1697 4153 2038 4225 profecturus

447 4255 631 4314 sperat
680 4260 740 4301 se
781 4246 833 4301 in
891 4245 1133 4301 crastino
1172 4245 1508 4309 rediturum,
1541 4260 1648 4300 non
1687 4245 1918 4315 accipiat
1946 4246 2041 4301 be-

449 4336 813 4391 nedictionem
837 4335 1020 4392 eundi.
1045 4335 1198 4402 Quod
1222 4336 1265 4390 si
1292 4337 1536 4391 evenerit
1566 4344 1625 4391 ut
1648 4336 1787 4390 ultra
1814 4335 2037 4390 biduum

446 4434 710 4490 moretur,
763 4441 1013 4481 reversus
1064 4425 1367 4481 revertendi
1418 4426 1855 4481 benedictionem
1895 4424 2039 4479 acci-

2137 603 2236 643 nec
2267 589 2340 643 sit
2365 587 2415 643 ei
2444 596 2809 657 opportunum
2854 588 3073 653 statim,
3105 588 3192 644 vel
3236 588 3399 644 etiam
3430 604 3529 658 per
3555 598 3704 645 totam

2135 680 2307 751 ipsam
2338 679 2483 734 diem
2514 679 2699 744 exire,
2749 680 2819 735 ad
2863 679 3214 750 quotcunque
3260 679 3429 736 horas
3453 681 3509 734 in
3539 697 3706 735 monac

2135 772 2303 828 sterio
2324 771 2488 826 fuerit
2510 771 2745 840 accipiat
2768 771 3178 827 benedictiones
3200 771 3480 836 veniendi,
3497 776 3703 831 exeundi

2135 878 2268 919 vero
2298 862 2555 928 minime;
2590 862 2694 918 nisi
2726 860 2868 917 forte
2898 864 3189 934 contigerit
3235 878 3361 919 eum
3404 864 3525 934 ipsa
3569 874 3705 921 nocte
3746 931 3765 943 η

2136 955 2189 1009 in
2222 954 2555 1010 monasterio
2586 967 2905 1019 remanere,
2943 963 3069 1010 tunc
3100 956 3245 1010 enim
3291 956 3347 1012 in
3376 956 3641 1023 crastino,
3666 960 3703 1013 si
3745 952 3766 995 ί

2134 1044 2285 1099 exire
2310 1043 2576 1107 voluerit,
2617 1044 2880 1115 suscipiat
2905 1058 3051 1098 eam.

2209 1134 2293 1188 Ad
2314 1148 2594 1205 vesperas,
2616 1135 2703 1190 vel
2731 1136 2797 1190 ad
2821 1135 3235 1206 eompletorium
3264 1151 3544 1206 nunquam
3570 1138 3705 1195 debet

2133 1227 2249 1282 dari
2266 1226 2572 1283 benedictio
2593 1227 2856 1294 exeundi;
2878 1227 3064 1293 frater,
3084 1239 3305 1299 accepta
3326 1230 3704 1295 benedictione,

2134 1323 2176 1377 si
2210 1322 2526 1392 priusquam
2575 1323 2643 1376 de
2688 1321 2927 1377 claustro
2969 1333 3129 1377 exeat
3186 1324 3408 1393 signum
3465 1321 3705 1394 regularis

2133 1415 2280 1469 hora:
2309 1414 2587 1481 senuerit,
2627 1429 2750 1469 cum
2796 1414 3008 1470 caeteris
3042 1415 3095 1468 in
3145 1414 3374 1469 chorum
3423 1423 3637 1486 pergat,
3662 1425 3707 1468 et

2134 1505 2277 1561 dicta
2322 1507 2494 1569 hora,
2528 1506 2583 1560 in
2616 1506 2758 1561 viam
2794 1520 2949 1561 suam
2996 1507 3191 1571 vadat;
3245 1506 3290 1562 si
3340 1518 3529 1561 autem
3574 1516 3706 1561 extra

2133 1599 2430 1655 claustrum
2498 1598 2699 1666 fuerit,
2755 1606 2810 1654 et
2885 1598 3204 1668 priusquam
3280 1608 3503 1668 portam
3563 1597 3708 1655 curia

2132 1707 2386 1765 egressus
2411 1693 2503 1757 sit,
2537 1692 2605 1747 ad
2636 1691 2944 1763 regularem
2974 1692 3163 1747 horam
3192 1690 3411 1759 signum
3456 1688 3704 1759 pulsatum

2136 1782 2330 1847 fuerit,
2378 1781 2445 1837 ad
2491 1781 2778 1837 ecclesiam
2829 1778 3017 1835 redeat
3078 1789 3133 1835 et
3183 1778 3497 1849 regularem
3539 1780 3707 1835 horam

2136 1884 2291 1928 extra
2320 1874 2548 1945 chorum
2579 1872 2759 1935 dicat,
2790 1879 2847 1925 et
2876 1880 3066 1941 postea
3104 1871 3249 1925 viam
3282 1886 3445 1926 suam
3476 1879 3663 1926 teneat.

2206 1964 2573 2029 Fasciolatus,
2612 1973 2707 2017 aut
2747 1963 2961 2018 cinctus
2984 2003 2998 2028 ,
3032 1962 3150 2017 sive
3179 1978 3303 2017 cum
3336 1977 3547 2033 cappa,
3591 1978 3707 2017 nun-

2135 2078 2298 2131 quam
2328 2061 2383 2115 in
2407 2061 2705 2115 claustrum
2734 2059 2988 2113 introeat.
3014 2056 3234 2112 Fratres
3255 2056 3310 2111 in
3334 2056 3485 2111 viam
3509 2056 3699 2120 directi,

2134 2152 2477 2208 cutn'horam
2506 2148 2812 2218 regularem
2836 2148 3022 2202 dicunt
3043 2155 3139 2201 aut
3157 2145 3470 2201 orationem
3499 2144 3704 2209 faciunt,

2135 2252 2229 2297 aut
2276 2241 2419 2295 Deus
2457 2241 2511 2293 in
2559 2239 2884 2309 adjutorium
2926 2252 3133 2302 meum,
3175 2249 3297 2291 cum
3347 2232 3538 2289 Gloria
3582 2233 3708 2288 Patri

2136 2334 2349 2398 dicunt,
2378 2332 2423 2387 si
2454 2330 2570 2386 dies
2597 2329 2719 2384 talis
2740 2337 2822 2384 est
2844 2368 2859 2392 ,
2893 2328 3035 2383 sicut
3070 2327 3123 2381 in
3155 2326 3496 2381 monasterio
3517 2367 3531 2392 ,
3556 2340 3706 2396 genua

2136 2426 2373 2485 ﬂectant,
2406 2422 2503 2478 sed
2525 2428 2651 2476 ante
2678 2429 2733 2476 et
2759 2429 2907 2475 retro
2931 2432 3199 2489 nusquam
3224 2416 3459 2481 faciant,
3489 2432 3585 2471 nec
3604 2430 3704 2470 cum

2136 2517 2414 2580 falluntur,
2445 2513 2657 2568 veniam
2695 2511 3022 2582 petant,nisi
3045 2511 3155 2567 sint
3177 2510 3231 2565 in
3264 2509 3521 2574 ecclesia,
3546 2508 3708 2565 diebus

2136 2609 2330 2681 quibus
2359 2622 2523 2677 super
2566 2604 2772 2661 formas
2806 2614 2966 2660 orant
3002 2602 3202 2658 dicturi
3234 2602 3478 2672 aliquam
3509 2603 3707 2666 horam,

2135 2703 2181 2758 si
2211 2701 2461 2771 equitant
2488 2699 2556 2754 tle
2579 2698 2736 2767 cquis
2770 2697 3139 2762 descendant,
3174 2705 3227 2750 et
3260 2695 3519 2751 inchoata
3559 2694 3702 2755 hora,

2134 2809 2199 2848 ac
2229 2792 2388 2847 venia
2417 2790 2622 2861 petita,
2668 2803 2699 2842 a
2728 2787 2982 2841 manibus
3011 2785 3387 2849 cliirothecas,
3423 2793 3479 2838 et
3521 2800 3549 2837 a
3580 2782 3705 2851 capi-

2137 2886 2279 2940 tibus
2310 2883 2510 2954 capitia
2543 2879 2824 2942 auferant,
2863 2888 2919 2933 et
2964 2879 3043 2933 sic
3082 2876 3328 2932 ascensis
3357 2875 3516 2946 equis
3543 2875 3707 2930 horam

2136 2975 2349 3029 finiant.

2208 3067 2361 3133 Quod
2420 3066 2463 3121 si
2517 3065 2661 3119 inter
2706 3062 3050 3135 psallendum
3109 3059 3411 3114 necessitas
3477 3054 3703 3128 loquendi

2136 3159 2382 3223 eveniat,
2435 3157 2585 3211 finita
2630 3154 2931 3217 locutione,
2978 3152 3173 3205 iterum
3228 3163 3260 3203 a
3307 3147 3493 3218 capite
3540 3147 3705 3201 horam

2140 3249 2427 3319 incipiant;
2460 3246 2587 3301 dum
2619 3247 2755 3299 hora
2787 3245 2840 3298 in
2892 3241 3130 3313 hospitio
3174 3240 3414 3301 canitur,
3470 3248 3562 3293 aut
3601 3250 3704 3291 cum

2138 3340 2499 3403 mamlueant,
2549 3336 2751 3392 froccis
2792 3334 2965 3391 induti
3017 3333 3154 3395 sint,
3188 3340 3285 3387 aut
3326 3330 3461 3388 solis
3505 3327 3707 3386 cucullis

2139 3442 2391 3486 cunctam
2446 3427 2834 3501 psalmodiam,
2889 3439 3053 3496 quam
3107 3424 3161 3479 in
3217 3432 3379 3478 nocte
3414 3422 3498 3478 eis
3548 3420 3707 3476 dicere

2139 3523 2484 3580 commodum
2525 3537 2632 3577 non
2677 3527 2796 3584 est,
2839 3517 3151 3588 equitantes
3190 3529 3292 3587 per
3334 3515 3481 3569 viam
3508 3513 3702 3572 dicant.

2138 3624 2335 3687 praiter
2358 3630 2477 3670 eam
2510 3628 2675 3685 quam
2718 3612 2772 3667 in
2801 3610 2887 3666 die
2919 3610 3105 3665 dicere
3149 3607 3327 3663 solent
3353 3606 3421 3661 ad
3453 3603 3706 3675 αοωριεηο

2139 3711 2265 3765 dum
2292 3707 2535 3763 ordinem
2556 3745 2571 3770 ,
2606 3704 2673 3759 ad
2699 3702 2978 3759 vitandam
3023 3696 3401 3756 curiositatem
3422 3738 3440 3763 ,
3468 3693 3695 3753 scurrili-

2141 3808 2343 3861 tatem,
2393 3796 2763 3860 otiositatem,
2819 3803 3111 3861 antequam
3152 3788 3450 3845 dormitum
3491 3784 3703 3841 vadant.

2138 3888 2551 3959 eompletorium
2599 3885 2800 3941 dicant.
2837 3883 2956 3950 Quo
3006 3883 3152 3938 dicto
3203 3880 3249 3936 si
3297 3878 3557 3951 grandis,
3602 3888 3704 3945 qua:

2137 3980 2300 4036 vitari
2333 3996 2437 4035 non
2464 3978 2688 4041 debeat,
2719 3976 3018 4031 necessitas
3042 3970 3558 4049 loquendieveniat,
3577 3966 3703 4021 dicto

2139 4087 2501 4142 versu,quam
2522 4069 2743 4127 brevius
2767 4065 2883 4122 fieri
2908 4064 3082 4137 possit
3107 4064 3423 4140 loquantur.
3448 4058 3512 4114 Et
3532 4058 3575 4113 si
3595 4064 3705 4109 ante

2139 4164 2433 4219 matutinas
2452 4162 2557 4217 hoc
2582 4158 2818 4223 accidat,
2840 4155 3258 4226 eompletorium
3287 4152 3487 4207 iterum
3508 4148 3700 4206 dicant,

2140 4264 2196 4311 et
2236 4263 2424 4325 postea
2456 4252 2734 4308 silentium
2769 4256 3008 4305 teneant.
3062 4245 3387 4313 Ubicunque
3419 4239 3703 4297 monachus

2140 4346 2240 4409 sit,
2275 4352 2383 4399 tota
2414 4350 2571 4398 nocte
2599 4350 2725 4396 ante
2753 4355 2875 4395 eum
2907 4338 3089 4393 lumen
3117 4334 3330 4391 ardeat.

2212 4436 2289 4491 De
2336 4432 2624 4489 monachis
2682 4433 2736 4487 in
2792 4432 2938 4487 viam
3007 4428 3235 4485 directis
3312 4425 3463 4481 hunc
3521 4431 3699 4477 morem

445 4517 585 4585 piat.
637 4515 730 4568 Ille
779 4532 906 4570 vero
938 4516 1110 4570 frater
1146 4516 1273 4586 qui,
1320 4526 1542 4587 accepta
1589 4516 1843 4587 pergendi
1874 4514 2033 4571 bene-

2143 4528 2389 4584 caanobia
2450 4526 2563 4580 illa.
2596 4531 2785 4579 tenent
2836 4537 2957 4593 qua:
3010 4529 3201 4575 nostro
3259 4526 3507 4587 tempore
3556 4506 3701 4567 nostri

449 4612 721 4675 dictione,
770 4611 910 4666 ultra
952 4612 1175 4667 biduum
1205 4622 1450 4668 moratus
1498 4610 1696 4675 fuerit,
1731 4612 1775 4666 si
1805 4612 1922 4681 ipso
1952 4611 2039 4666 die

448 4717 557 4772 quo
591 4701 816 4756 redierit
867 4703 919 4755 in
958 4702 1192 4773 aliquem
1226 4703 1403 4757 locum
1450 4713 1604 4757 extra
1651 4703 2037 4757 monasterium

446 4791 787 4861 perrexerit,
816 4800 870 4846 et
899 4791 1056 4846 unius
1099 4794 1276 4849 noctis
1306 4808 1513 4848 moram
1561 4793 1787 4859 fecerit,
1823 4795 1875 4848 in
1923 4812 2040 4850 cra-

445 4878 593 4936 stino
630 4895 890 4937 reversus
937 4896 1129 4937 omnes
1172 4883 1480 4939 revertendi
1512 4883 1922 4940 benedictiones
1954 4900 2039 4939 ac-

443 4969 640 5041 cipiat,
663 4971 789 5041 quia
820 4985 887 5025 ex
917 4986 1025 5041 quo
1054 4972 1289 5042 primunt
1336 4973 1471 5028 abiit
1513 4972 1813 5042 nonjacuit
1844 4974 1897 5029 in
1924 4990 2037 5031 mo-

442 5062 707 5118 nasterio.
756 5062 812 5118 Si
862 5078 993 5118 vero
1026 5064 1146 5118 sine
1177 5064 1558 5121 benedictione
1588 5075 1778 5132 exeat,
1810 5081 2037 5136 sperans

442 5171 504 5211 se
535 5156 591 5211 in
621 5156 864 5212 crastino
892 5156 1222 5221 rediturum,
1256 5165 1312 5211 et
1352 5158 1425 5212 ita
1453 5158 1698 5222 eveniat,
1732 5167 1893 5229 atque
1923 5159 2033 5228 ipsa

445 5247 533 5301 die
558 5263 665 5316 qua
717 5248 880 5303 rediit
925 5256 1085 5312 extra
1132 5250 1553 5314 monasterium,
1602 5250 1691 5304 ubi
1724 5266 1827 5305 una
1874 5262 2033 5305 nocte

442 5349 711 5405 moretur,
759 5340 815 5394 in
864 5340 1100 5411 aliquem
1133 5341 1307 5397 locum
1357 5352 1575 5414 pergat,
1624 5358 1874 5399 reversus
1917 5344 2031 5412 ipsa

443 5429 532 5483 die
571 5444 763 5485 omnes
814 5432 1123 5486 revertendi
1174 5433 1579 5489 benedictiones
1619 5435 1872 5505 accipiat.
1919 5434 2033 5490 Hoc

438 5529 727 5588 propterea
759 5522 817 5576 fit
836 5563 849 5586 ,
878 5524 1006 5592 quia
1038 5525 1253 5581 duabus
1275 5527 1553 5582 continuis
1580 5526 1832 5583 noctibus
1876 5535 2027 5581 extra

440 5612 835 5664 monasterium
865 5612 983 5667 fuit.
1013 5614 1067 5668 In
1091 5616 1345 5670 exeundo
1368 5617 1572 5670 nullam
1597 5615 2027 5672 benedictionem

441 5700 702 5770 accipiat,
732 5703 833 5756 nisi
860 5704 999 5758 ultra
1021 5706 1242 5762 biduum
1272 5723 1330 5763 se
1358 5716 1698 5763 meraturum
1728 5707 2024 5763 existimet.

514 5792 569 5845 Si
602 5792 772 5846 frater
803 5795 1030 5861 quilibet
1057 5797 1123 5850 de
1155 5796 1285 5853 foris
1314 5801 1535 5854 veniens
1562 5800 1795 5869 accipiat
1823 5810 2025 5855 utram-

2142 4619 2346 4675 ordinis
2370 4616 2629 4686 majorem
2660 4614 3045 4670 auctoritatem
3075 4609 3299 4666 habent.
3322 4607 3526 4664 Beatus
3545 4614 3698 4660 tamen

2140 4711 2465 4769 Benedictus
2517 4725 2726 4764 moram
2782 4706 2991 4761 dierum
3051 4718 3158 4759 non
3218 4700 3573 4762 determinat,
3618 4689 3700 4747 sed

2139 4803 2383 4858 absolute
2416 4801 2645 4871 imperat
2688 4806 2748 4853 ut
2788 4798 2853 4852 de
2896 4797 3095 4851 itinere
3139 4808 3398 4849 reversus
3427 4785 3700 4846 monachus

2140 4902 2237 4963 per
2264 4907 2455 4948 omnes
2480 4890 2771 4946 canonicas
2799 4889 2963 4943 horas
2988 4885 3430 4942 benedictionem
3476 4877 3697 4950 accipiat.

2324 4978 2327 4981 ’
2738 4980 2966 5037 CAPUT
3007 4979 3126 5035 XV.

2631 5072 2703 5126 De
2730 5071 2937 5125 silentio
2983 5068 3241 5139 regulari.

2207 5165 2341 5221 Cum
2388 5165 2652 5235 regularis
2704 5164 2876 5226 hora,
2927 5169 3129 5232 prreter
3176 5158 3603 5230 eompletorium,
3650 5149 3694 5202 in

2136 5256 2467 5314 monasterio
2496 5256 2732 5319 canitur,
2783 5253 2962 5308 nullus
3007 5252 3235 5306 fratrum
3285 5251 3533 5321 loquatur
3568 5247 3692 5298 intra

2134 5347 2374 5403 ollieinas
2410 5346 2580 5400 totius
2604 5343 2925 5398 monasterii
2952 5383 2966 5407 ,
2992 5358 3095 5397 nec
3127 5341 3269 5396 infra
3300 5350 3465 5397 totam
3494 5335 3692 5393 curiam,

2135 5453 2235 5493 nec
2279 5436 2443 5491 etiam
2475 5436 2529 5489 in
2562 5434 2725 5489 domo
2756 5433 3136 5498 infirmorum,
3182 5441 3385 5504 praeter
3427 5430 3538 5486 illos
3574 5437 3695 5493 quos

2136 5535 2282 5581 tanta
2328 5525 2619 5581 infirmitas
2650 5523 2928 5594 angustiat
2961 5534 3021 5578 ut
3055 5525 3403 5582 eosinterim
3445 5517 3690 5577 silentium

2135 5627 2318 5671 tenere
2344 5629 2450 5669 non
2481 5614 2643 5668 sinat.
2676 5613 3105 5685 Completorium
3138 5629 3269 5671 vero
3317 5616 3444 5670 dum
3481 5610 3687 5667 canitur.

2130 5710 2255 5764 licet
2283 5706 2454 5778 priori
2485 5716 2541 5761 et
2577 5707 2656 5762 eis
2699 5706 2790 5776 qui
2836 5722 2937 5777 per
2963 5706 3241 5763 licentiam
3271 5706 3341 5763 de
3367 5698 3691 5772 completorio

2131 5808 2450 5866 remanent,
2480 5796 2544 5853 de
2576 5795 2798 5854 utilibus
2828 5806 2884 5853 et
2914 5797 3243 5854 necessariis
3294 5798 3450 5854 rebus
3476 5790 3620 5859 loqui.
