3864 6300
166 394 250 451 897

1085 385 1579 476 DECRETAfRO
1617 384 1870 444 ORDINE
1910 385 1968 441 S.
2009 383 2392 441 BENEDICTI.

3289 374 3394 431 498

222 500 463 560 Similiter
485 496 613 553 dum
645 495 950 567 regularem
975 496 1167 552 horam
1191 498 1389 554 fratres
1412 500 1465 553 in
1487 498 1717 555 ecclesia
1746 500 1795 557 Α
1821 513 1985 553 unum
2010 496 2078 553 de
2101 496 2439 558 senioribus,
2471 492 2559 549 cui
2601 507 2726 549 eum
2766 490 3175 548 custodiendum
3202 502 3395 544 secure

165 595 360 656 dicunt,
393 589 573 643 nullus
616 587 867 643 comedat
895 588 947 641 in
980 587 1300 653 refectorio,
1338 597 1567 659 excepto
1592 586 1708 643 solo

171 678 524 750 completorio;
559 687 685 732 tunc
712 677 856 732 enim
880 677 1005 733 licet
1030 677 1111 733 eis
1133 678 1245 748 qui,
1269 678 1448 748 aliqua
1476 678 1709 734 utilitate

167 771 397 843 impediti,
425 779 554 824 ante
582 767 724 822 illam
755 769 944 823 horam
975 782 1033 823 se
1051 769 1305 839 expedire
1330 785 1434 823 non
1463 778 1707 838 possunt,

164 872 208 918 et
232 859 472 914 fratribus
503 858 596 928 qui
619 856 824 913 deforis
847 857 1103 923 veniunt,
1132 859 1424 917 comedere
1460 858 1627 928 286
1653 859 1709 912 in

166 951 442 1009 refectorio.
511 948 615 1019 Qui
676 951 721 1005 si
794 961 920 1006 ante
978 950 1321 1007 collationem
1390 952 1711 1022 incipientes

164 1041 418 1098 comedere
462 1041 610 1097 circa
669 1042 831 1096 linem
886 1041 1221 1113 completorii
1288 1056 1503 1097 ctenam
1557 1057 1710 1097 suam

162 1133 417 1191 commode
461 1132 683 1204 esplere
728 1148 834 1187 non
888 1132 1097 1199 valent,
1140 1134 1267 1190 licet
1309 1134 1391 1189 eis
1445 1149 1476 1187 a
1527 1148 1712 1190 mensa

165 1239 387 1294 surgere,
413 1231 471 1278 et
514 1222 573 1276 in
602 1221 991 1277 monasterium
1032 1222 1101 1276 ad
1137 1222 1569 1277 benedictionem
1602 1221 1709 1286 ire,

165 1323 209 1368 et
248 1320 421 1382 postea
476 1311 532 1366 in
585 1310 934 1367 refectorium
983 1311 1050 1366 ad
1099 1310 1471 1382 complendam
1501 1324 1714 1367 caenam

166 1402 335 1458 redire.

723 1492 953 1551 CAPUT
991 1493 1129 1551 XVI.

501 1583 582 1638 De
601 1584 769 1656 culpis
796 1596 845 1640 et
875 1586 1340 1656 satisfactionibus.
1522 1599 1551 1625 ’ν
1656 1648 1661 1655 ,

223 1675 294 1730 Ad
317 1675 447 1751 levis
474 1675 652 1746 culpze
680 1675 1109 1735 satisfactionem
1155 1677 1500 1749 adjudicatus
1550 1678 1720 1732 frater

167 1782 191 1818 a
230 1766 486 1822 communi
530 1781 718 1822 mensa
763 1778 1067 1838 separatur,
1106 1784 1303 1825 usurus
1334 1770 1457 1825 cibo
1495 1778 1552 1825 et
1590 1780 1717 1840 potu

1808 589 1982 660 possit
2005 588 2347 644 committere
2366 628 2381 655 ,
2409 586 2501 656 qui
2524 600 2651 642 eum
2672 585 2741 640 ad
2765 585 2929 640 horas
2950 582 3171 649 ducere,
3196 588 3397 650 etpost

1800 679 1974 739 horas
2009 681 2077 735 ad
2123 679 2302 735 locum
2344 693 2501 734 suum
2554 676 2750 731 debeat
2797 689 2922 729 eum
2974 673 3255 728 reducere.
3289 670 3394 738 Qui

1812 771 1995 827 senior
2041 780 2167 841 post
2195 769 2492 841 capitulum
2540 774 2753 824 secreto
2796 766 2867 821 ab
2911 764 3107 820 abbate
3157 764 3401 835 inquirat

1812 878 1921 932 quo
1949 863 2140 919 ordine
2168 862 2342 918 frater
2369 861 2460 918 ille
2509 861 2683 925 vivet,
2714 866 2772 914 et
2802 857 2933 927 quid
2968 864 3064 911 aut
3110 871 3215 926 qua
3262 856 3399 911 hora

1812 953 2098 1009 comedere
2146 954 2377 1018 debeat,
2414 951 2674 1022 loquatur
2718 949 2768 1004 ei
2818 948 2993 1002 frater
3034 945 3156 1012 ille,
3201 954 3257 1000 ct
3304 945 3397 1000 alii
3459 1006 3465 1013 ,

1811 1042 2013 1112 quibus
2046 1042 2217 1099 abbas
2253 1041 2607 1112 praeceperit,
2645 1048 2969 1095 cancrorum
3000 1043 3183 1090 autem
3236 1049 3395 1090 nemo

1816 1133 1891 1189 illi
1919 1134 2179 1201 societur,
2204 1150 2379 1204 neque
2406 1133 2765 1202 colloquatur.
2996 1180 2997 1183 η

1885 1225 2022 1279 Cum
2070 1225 2314 1294 pulsatur
2354 1225 2569 1295 signum
2618 1223 2687 1277 ad
2740 1222 2963 1286 horam,
3017 1217 3243 1274 custode
3298 1230 3398 1271 suo

1818 1317 2083 1381 ducente,
2118 1325 2375 1387 cooperto
2416 1315 2628 1384 capite,
2660 1322 2786 1367 ante
2830 1311 3031 1367 ostium
3079 1308 3403 1364 monasterii

1816 1408 2031 1473 veniat,
2070 1417 2153 1473 et,
2203 1410 2247 1464 si
2296 1416 2599 1463 conventus
2631 1406 2812 1461 adhuc
2854 1401 3249 1459 monasterium
3297 1415 3406 1454 non

1818 1497 2071 1562 intravit,
2119 1511 2403 1566 quousque
2460 1503 2605 1551 totus
2670 1495 2916 1548 introeat
2970 1491 3041 1546 ibi
3100 1495 3409 1559 prostratus

1813 1589 2025 1658 jaceat;
2057 1589 2102 1644 si
2136 1603 2263 1645 vero
2284 1586 2400 1657 jam
2429 1586 2687 1652 intravit,
2718 1594 2825 1639 stet
2853 1584 2960 1647 ibi,
2988 1592 3045 1637 et
3070 1580 3319 1645 inclinet,
3353 1588 3410 1634 et

1820 1695 1993 1751 genua
2019 1679 2233 1745 ﬂectat,
2272 1680 2412 1734 sicut
2456 1678 2657 1733 fratres
2687 1676 2778 1746 qui
2812 1676 2864 1730 in
2896 1676 3066 1729 choro
3091 1681 3249 1738 sunt,
3282 1672 3411 1726 dum

1823 1780 2082 1827 cantatur
2103 1772 2272 1840 hora,
2304 1772 2349 1828 si
2377 1771 2541 1841 aliqui
2572 1770 2772 1824 fratres
2789 1768 2946 1839 juxta
2977 1781 3034 1821 se
3066 1763 3405 1827 transierint,

163 1856 334 1926 quibus
375 1859 463 1912 alii
506 1858 738 1923 fratres,
767 1860 871 1914 nisi
898 1860 949 1914 ei
993 1859 1315 1915 nominatim
1361 1859 1525 1914 fuerit
1552 1838 1718 1915 inter-
1752 1838 1795 1897 Β
1822 1860 2104 1917 humiliter
2165 1838 2391 1917 inclinet
2451 1838 2551 1917 eis.
2628 1838 2969 1914 'l‘ransennte
3032 1865 3158 1909 tunc
3217 1854 3413 1908 abbate

174 1947 379 2013 dictum,
420 1948 732 2008 refecturus
756 1951 889 2007 hora
924 1966 1102 2020 nona,
1131 1952 1176 2006 si
1205 1950 1405 2007 fratres
1428 1960 1579 2007 sexta
1597 1991 1612 2017 ,
1635 1950 1717 2005 vel

166 2040 221 2095 ad
245 2055 511 2113 vesperam
532 2084 549 2109 ,
580 2043 629 2098 si
660 2044 859 2100 fratres
886 2044 1021 2099 hora
1059 2060 1223 2099 nona.

223 2130 271 2185 In
294 2132 621 2188 monasterio
641 2141 697 2188 et
719 2134 772 2188 in
799 2133 1056 2204 capitulo,
1082 2134 1136 2188 in
1161 2133 1281 2189 loco
1304 2134 1394 2190 ubi
1417 2134 1555 2190 solet
1574 2148 1718 2199 esse,

165 2221 223 2274 sit
246 2229 330 2275 aut
351 2222 570 2278 ultimus
597 2222 844 2279 omnium
863 2263 878 2289 ,
904 2232 997 2278 aut
1026 2222 1168 2279 inter
1189 2233 1498 2295 utrumque,
1529 2239 1721 2281 secun-

168 2310 274 2364 dum
300 2313 435 2381 quod
461 2313 625 2383 culpa
650 2306 818 2367 fuerit
839 2322 898 2369 et
922 2315 1090 2369 abbas
1113 2314 1451 2385 prmceperit.

226 2402 273 2456 In
300 2404 520 2479 ecclesia
577 2405 803 2461 missam
835 2420 941 2459 non
992 2405 1262 2471 celebret,
1299 2405 1580 2475 epistolam
1639 2406 1722 2461 vel

170 2490 456 2559 lectionem,
527 2494 869 2566 evangelium
926 2510 1035 2549 non
1087 2495 1261 2564 legat,
1319 2495 1721 2565 responsorium

169 2596 255 2636 non
276 2592 453 2649 canat,
486 2587 845 2657 antipbonam
875 2602 1039 2657 super
1058 2588 1296 2657 psalmos
1320 2604 1424 2644 non
1457 2590 1720 2659 imponat,

169 2685 252 2725 nec
284 2673 474 2743 aliquid
506 2674 853 2745 hujusmodi,
908 2677 1013 2732 nisi
1043 2693 1166 2732 cum
1214 2678 1424 2733 caneris
1468 2687 1627 2749 agat,
1657 2677 1720 2733 ad

170 2760 521 2818 candelabrum
541 2805 557 2829 ,
588 2765 673 2819 vel
702 2766 768 2819 ad
799 2766 1135 2821 thuribulum
1186 2782 1291 2820 non
1327 2779 1386 2822 se
1433 2767 1721 2831 revestiat,

171 2849 226 2903 ad
245 2849 557 2909 offerendam
600 2856 683 2911 vel
709 2856 775 2911 ad
804 2871 996 2925 pacem
1029 2871 1135 2912 non
1166 2857 1409 2912 accedat.
1550 2920 1557 2929 ι

230 2941 368 2997 Circa
397 2944 558 3000 finem
611 2947 936 3018 regulariter
972 2948 1209 3003 instituti
1237 2949 1419 3019 cperis
1462 2948 1587 3013 Dei,
1615 2958 1724 3002 tam

171 3030 218 3084 in
243 3042 380 3090 nocte
408 3051 574 3105 quam
611 3038 663 3093 in
693 3039 812 3105 die,
842 3053 964 3094 cum
1002 3039 1272 3110 incipiunt
1302 3038 1468 3110 Kyrie
1490 3040 1685 3094 eleison
1707 3079 1721 3103 ,

175 3133 446 3190 prosternat
510 3143 574 3183 se
649 3140 777 3185 an‘e
855 3131 1081 3201 gradum
1163 3132 1254 3186 ubi
1317 3131 1723 3187 benedictiones

173 3214 494 3284 accipiuntur,
523 3218 711 3288 ibique
739 3221 924 3275 tandiu
956 3230 1262 3290 prostratus
1285 3221 1499 3289 jaceat,
1523 3237 1720 3292 usque-

175 3316 262 3369 quo
292 3305 490 3362 dicatur
514 3308 626 3374 Qui
655 3320 824 3364 tecum
868 3312 1019 3377 vivit;
1043 3312 1088 3366 si
1129 3311 1400 3367 festivitas
1443 3312 1724 3367 duodecim

175 3393 432 3454 lectionum
479 3401 735 3469 eveniat,
788 3403 977 3457 tandiu
1045 3404 1114 3459 ab
1184 3405 1285 3459 hac
1352 3401 1726 3459 satisfactione

174 3486 386 3552 quiescat
411 3508 699 3562 quousque
725 3494 921 3562 privati
950 3495 1066 3549 dies
1089 3495 1341 3557 redeant;
1376 3496 1502 3549 dum
1531 3494 1726 3549 fratres

177 3575 221 3629 in
243 3580 512 3639 refectorio
538 3586 868 3651 comedunt,
900 3586 1016 3656 ipse
1050 3588 1121 3641 sit
1152 3588 1202 3640 in
1228 3587 1477 3641 ecclesia.

233 3665 350 3723 Cum
390 3673 569 3729 abbati
608 3673 871 3743 placuerit
921 3676 990 3728 ab
1037 3677 1139 3731 hac
1188 3675 1560 3731 satisfactione
1604 3689 1724 3728 eum

172 3756 457 3828 absolvere,
509 3764 554 3819 si
608 3764 661 3818 in
708 3767 1043 3821 monasterio
1100 3766 1265 3822 fuerit
1311 3768 1363 3821 in
1390 3752 1393 3755 l
1420 3776 1723 3831 conventu,

176 3848 330 3904 mittat
372 3856 435 3909 ad
479 3855 673 3921 illum,
715 3872 840 3912 cum
889 3867 1193 3929 prostratus
1241 3860 1431 3924 fuerit,
1464 3874 1629 3913 unum
1662 3860 1728 3911 de

177 3939 416 4004 prioribus
439 3946 530 4015 qui
564 3947 710 4001 circa
758 3962 881 4002 eum
928 3958 1085 4013 sunt,
1134 3950 1226 4018 qui
1275 3965 1341 4004 ex
1377 3957 1530 4019 parte
1561 3949 1727 4018 ipsius

179 4025 360 4096 signum
389 4042 661 4100 prostrato
694 4034 893 4101 faciat,
931 4046 991 4090 ut
1019 4046 1236 4107 surgat,
1264 4038 1354 4107 qui
1384 4038 1570 4092 statim
1608 4054 1729 4092 sur-

178 4128 289 4183 gens
315 4120 585 4180 humiliter
621 4125 848 4181 inclinet
890 4127 1105 4192 abbati,
1139 4137 1196 4181 et
1237 4128 1304 4183 ad
1350 4127 1526 4183 locum
1570 4142 1727 4182 suum

182 4209 336 4265 vadat.
359 4212 524 4271 Porro
546 4216 593 4271 si
617 4219 786 4274 abbas
817 4219 870 4273 in
901 4219 1142 4288 capitulo
1164 4220 1383 4285 sederit,
1414 4196 1727 4289 rogantibus

181 4296 433 4373 fratribus,
452 4308 602 4363 dicat
623 4309 706 4364 ei:
734 4308 944 4363 lndulta
976 4310 1046 4364 sit
1078 4310 1231 4364 vobis
1256 4310 1371 4365 haec
1397 4310 1530 4365 bvis
1557 4309 1729 4378 culpae

184 4392 477 4465 satisfactio,
521 4400 609 4454 vel
655 4400 861 4469 aliquid
911 4401 1252 4472 hujusmodi,
1305 4411 1362 4457 et
1409 4401 1499 4455 ille
1558 4402 1728 4454 frater

1820 1962 2133 2023 prostratus
2186 1954 2400 2008 veniam
2456 1962 2638 2023 petat,
2694 1951 2739 2005 si
2798 1950 2969 2003 frater
3017 1946 3106 2000 ille
3149 1943 3304 2013 juxta
3354 1957 3413 1997 se

1820 2059 1943 2100 eum
1991 2046 2225 2100 transire
2267 2045 2601 2116 cognoverit.
2644 2042 2842 2099 Finitis
2865 2040 3018 2097 boris
3044 2037 3411 2108 regularibus,

1819 2137 2133 2194 exeuntium
2182 2138 2252 2193 ab
2297 2137 2533 2193 ecclesia
2588 2136 2848 2206 pedibus,
2900 2141 3158 2202 cooperto
3198 2127 3411 2207 capite,

1821 2237 2200 2301 prosternatur
2225 2243 2507 2302 quousque
2550 2242 2741 2283 omnes
2784 2230 3189 2295 pcrtranseant.
3243 2221 3409 2289 Egre-

1822 2320 2038 2376 dientes
2077 2336 2207 2377 vero
2247 2322 2431 2378 dicant
2451 2319 2501 2376 ei
2542 2318 2643 2377 sub
2686 2316 2903 2376 silentio
2947 2313 3263 2368 Misereatur
3314 2308 3409 2362 tibi

1824 2410 1989 2467 Deus.
2016 2412 2262 2483 Egressis
2299 2411 2553 2467 omnibus
2588 2417 2780 2480 operto
2820 2409 3028 2478 capite,
3054 2401 3280 2463 custode
3310 2413 3411 2458 suo

1824 2516 1947 2558 eum
1974 2502 2351 2573 prmeedente,
2392 2501 2459 2557 ad
2494 2500 2674 2556 locum
2710 2499 2853 2554 unde
2891 2497 3041 2552 venit
3081 2501 3411 2551 revertatur.

1896 2593 1953 2648 ln
1985 2592 2314 2663 capitulum,
2340 2590 2562 2646 statutis
2590 2590 2660 2645 ab
2691 2589 2888 2644 abbate
2917 2588 3126 2652 diebus,
3157 2583 3415 2656 prmdicto

1826 2684 2053 2740 custode
2082 2700 2204 2740 eum
2230 2684 2486 2748 ducente,
2517 2683 2722 2746 veniat,
2747 2689 2803 2736 et
2833 2679 3115 2750 corporale
3138 2674 3411 2746 judicium

1826 2772 2103 2828 humiliter
2150 2781 2204 2827 et
2247 2771 2514 2840 patienter
2545 2771 2840 2834 sustineat,
2873 2767 2939 2822 de
2992 2767 3115 2821 cibo
3171 2775 3226 2819 et
3279 2772 3418 2832 potu

1827 2874 2145 2934 competens
2202 2865 2252 2918 ei
2301 2862 2680 2917 misericordia
2735 2859 3105 2930 impendatur,
3158 2871 3226 2911 ne
3277 2855 3418 2909 forte

1826 2957 2009 3013 nimiis
2081 2957 2344 3028 angustiis
2405 2970 2699 3026 oppressus
2762 2954 3120 3008 inunoderala
3185 2950 3413 3029 tristitia

1826 3048 2204 3114 absorbeatur,
2254 3050 2355 3103 hoc
2407 3048 2568 3103 modo
2622 3055 2888 3103 tractetur
2942 3044 3293 3114 quoadusque
3320 3043 3419 3095 hu-

1828 3140 2061 3193 militate
2083 3150 2138 3194 et
2163 3139 2428 3209 patientia
2451 3147 2504 3193 et
2526 3136 2926 3193 emendationis
2946 3134 3305 3206 promissione
3325 3131 3419 3207 ad-

1824 3231 2025 3301 junctis
2060 3230 2289 3285 fratrum
2314 3231 2567 3300 precibus
2589 3228 3018 3284 misericordiam
3036 3230 3417 3293 consequatur.

1904 3322 2021 3390 Qua
2072 3335 2200 3377 vero
2253 3321 2370 3387 die,
2401 3319 2754 3389 precantibus
2785 3316 3050 3371 fratribus
3072 3356 3086 3380 ,
3115 3312 3423 3369 decreverit

1827 3414 1998 3467 abbas
2045 3409 2481 3466 miscricordiam
2526 3409 2575 3463 ei
2624 3407 2967 3477 impendere,
2998 3420 3063 3460 eo
3110 3403 3265 3458 modo
3311 3415 3419 3471 quo

1832 3503 2080 3571 superius
2105 3502 2310 3556 dictum
2342 3508 2426 3554 est
2459 3499 2510 3552 in
2540 3499 2837 3569 capitulum
2867 3502 3077 3559 veniat,
3108 3500 3417 3564 prostratus

1831 3593 2045 3663 culpam
2082 3606 2235 3647 suam
2262 3589 2524 3655 fateatur,
2552 3599 2608 3642 et
2636 3587 3070 3658 emendationem
3098 3583 3413 3655 promittat,

1831 3694 1886 3738 et
1908 3682 2339 3739 misericordiam
2363 3689 2603 3751 qua‘rat;
2624 3679 2815 3747 jussus
2844 3692 3067 3748 surgere
3102 3676 3417 3744 frequenter

1832 3790 1890 3830 se
1917 3782 2261 3845 prosternat,
2316 3782 2371 3828 et
2414 3772 2606 3827 eadem
2656 3770 2856 3837 verba,
2906 3776 2962 3824 et
3007 3766 3205 3823 similia
3235 3766 3414 3829 dicat,

1831 3875 2145 3922 cessaturus
2190 3880 2312 3920 cum
2343 3864 2510 3919 abbas
2551 3862 2750 3918 dixerit
2778 3862 2828 3916 ei
2870 3878 2882 3915 :
2912 3859 3178 3924 Sulliciat.
3212 3857 3414 3913 Postea

1826 3956 2082 4027 jubeatur
2111 3970 2314 4011 exuere
2343 3963 2398 4010 et
2426 3951 3052 4024 corporalisdiscipiinae
3078 3949 3241 4021 287
3270 3947 3417 4016 judi-

1831 4045 1975 4100 cium
2016 4044 2309 4101 sustinere.
2362 4044 2480 4111 Quo
2512 4043 2688 4108 facto,
2723 4041 2868 4096 dicat
2916 4040 2963 4096 ei
2998 4040 3166 4095 abbas
3195 4056 3208 4093 :
3240 4037 3415 4093 Motus

1832 4135 2061 4190 fratrum
2090 4145 2401 4191 nostrorum
2434 4134 2720 4203 precibus,
2749 4141 2805 4187 et
2859 4130 3122 4202 patientia
3150 4139 3205 4184 et
3237 4128 3417 4182 humi-

1831 4224 1985 4279 litate
2013 4234 2198 4280 vestra
2243 4234 2300 4279 et
2351 4223 2711 4292 promissione
2763 4218 3160 4274 emendationis
3188 4224 3416 4280 vestrae,

1832 4316 1973 4371 hanc
1998 4314 2432 4372 misericordiam
2464 4313 2617 4367 vobis
2650 4309 2932 4381 impendo,
2963 4316 3023 4361 ut
3059 4306 3258 4361 dehinc
3292 4320 3419 4358 cum

1831 4404 2094 4460 fratribus
2121 4404 2243 4459 sitis
2292 4404 2346 4456 in
2399 4402 2721 4466 refectorio,
2752 4400 2806 4454 in
2868 4399 3018 4463 loco,
3051 4412 3213 4467 quem
3258 4396 3416 4452 vobis

184 4486 341 4541 statim
366 4499 588 4562 surgat,
617 4501 673 4546 et
703 4494 770 4546 ad
800 4492 967 4562 pedes
995 4493 1207 4549 abbatis
1234 4493 1425 4559 vadat,
1455 4502 1511 4547 et
1540 4500 1725 4562 postea
1760 4511 1804 4565 Ι)
1831 4494 2268 4564 designabimus,
2302 4492 2636 4556 comedatis,
2686 4488 3028 4560 disciplinam
3074 4486 3416 4557 corporalem

182 4568 225 4623 in
255 4573 411 4632 locum
441 4595 598 4634 suum
624 4590 951 4636 revertatur.

237 4662 289 4716 δί
308 4667 471 4724 abbas
497 4671 551 4724 in
580 4671 775 4725 itinere
805 4670 1000 4737 fuerit,
1044 4671 1173 4728 licet
1201 4672 1401 4742 priori,
1435 4672 1516 4727 vel
1547 4673 1597 4727 ci
1633 4670 1724 4741 qui

182 4752 395 4811 ordinem
426 4770 601 4826 tenet,
637 4763 863 4817 absente
887 4764 1098 4834 priore,
1136 4764 1239 4818 hoc
1283 4772 1454 4818 totum
1488 4762 1687 4818 facere.

242 4842 291 4899 Si
329 4848 492 4907 frater
535 4853 733 4923 aliquis
775 4855 942 4925 (quod
1001 4855 1146 4910 Deus
1194 4856 1467 4926 avertat!)
1513 4855 1723 4924 culpam

183 4948 371 5003 gravem
434 4947 796 5012 commiserit,
857 4956 915 5003 et
974 4948 1085 5017 ipsa
1156 4946 1311 5017 culpa
1376 4946 1724 5002 manifestata

191 5036 366 5086 secreto
386 5037 657 5091 emendari
681 5046 1051 5108 competenter
1070 5037 1392 5108 nequiverit,
1419 5038 1470 5090 in
1494 5036 1726 5106 capitulo

187 5127 293 5175 ante
319 5126 560 5184 abbatem
607 5130 661 5183 in
692 5138 960 5185 conventu
1009 5129 1237 5185 fratrum
1277 5129 1640 5192 examinetur,
1672 5136 1728 5183 et

188 5219 427 5272 communi
455 5219 660 5286 judicio
690 5220 862 5275 frater
890 5220 975 5275 ille
1003 5221 1339 5291 corporalem
1385 5219 1726 5289 disciplinam

187 5301 362 5358 acriter
381 5310 634 5378 patiatur,
657 5321 711 5367 et
738 5312 791 5366 in
816 5312 999 5382 gravis
1018 5311 1190 5381 culpa:
1214 5310 1586 5366 satisfactione
1607 5325 1728 5365 esse

185 5388 424 5458 iubeatur.
455 5401 552 5469 Qui
586 5412 804 5473 accepta
845 5402 1125 5473 disciplina
1175 5402 1397 5457 vestitus
1426 5409 1587 5469 atque
1612 5400 1727 5455 cin-

186 5492 321 5552 ctus,
350 5492 613 5550 cultellum
638 5511 793 5551 suum
823 5495 894 5549 ibi
920 5495 1154 5565 deponat
1188 5502 1353 5562 caput
1380 5507 1537 5548 suum
1562 5506 1727 5561 eapu-

192 5576 257 5631 tio
274 5587 560 5653 cooperiat,
587 5597 642 5643 et
669 5604 790 5643 cum
814 5602 1027 5643 summo
1053 5587 1268 5643 silentio
1290 5587 1358 5641 ad
1394 5585 1569 5640 locum
1599 5584 1728 5639 huic

192 5673 382 5737 negotio
414 5678 716 5735 ordinatum
766 5690 984 5751 pergat,
1013 5676 1353 5749 praecedente
1398 5676 1569 5731 fratre
1601 5675 1723 5739 iHo,

194 5759 272 5824 ‘l'li
298 5762 490 5823 Clavem
520 5769 683 5839 ipsius
710 5772 811 5828 loci
848 5782 1057 5841 servat;
1093 5780 1220 5833 tunc
1248 5771 1414 5828 abbas
1444 5769 1724 5842 provideat

1830 4600 1928 4656 pro
1956 4585 2061 4639 hac
2089 4583 2247 4661 culpa
2275 4580 2502 4638 ulterius
2527 4596 2635 4635 non
2663 4578 2993 4650 suscipiatis,
3022 4579 3090 4633 de
3112 4577 3326 4634 caeteris
3347 4576 3418 4631 ad

1828 4671 2295 4745 comprobandum
2342 4671 2523 4727 adhuc
2570 4669 2932 4726 humilitatem
2988 4677 3044 4725 et
3091 4668 3416 4739 patientiam

1829 4771 2101 4823 vestram,
2144 4762 2221 4817 ita
2260 4776 2358 4816 vos
2399 4760 2627 4825 habete,
2668 4760 2809 4815 sicut
2849 4759 3019 4815 frater
3062 4760 3155 4829 qui
3196 4758 3251 4813 in
3280 4757 3416 4812 levis

1828 4854 1997 4924 culpae
2019 4854 2335 4925 posuitentia
2357 4868 2476 4908 esse
2493 4854 2735 4922 jubetnr,
2762 4862 2987 4922 excepto
3011 4852 3157 4920 quod
3182 4850 3416 4919 incoepta

1827 4943 1993 5015 Kyrie
2037 4944 2261 5013 eleison,
2293 4944 2362 4999 ad
2390 4946 2611 5015 gradum
2645 4958 2739 4998 vos
2766 4958 2873 4999 non
2901 4942 3285 5014 prosternetis.
3320 4937 3418 4993 sed

1830 5037 2046 5107 expleta
2078 5036 2315 5105 regulari
2350 5036 2481 5091 hora
2503 5076 2516 5101 ,
2548 5036 2601 5089 in
2634 5035 2752 5090 loco
2780 5034 2833 5089 in
2866 5049 2975 5105 quo
3004 5032 3247 5095 stabilis,
3272 5029 3413 5083 sicut

1827 5127 2021 5184 beatus
2042 5127 2365 5182 Benedictus
2385 5127 2650 5196 praecipit,
2666 5125 2822 5180 ﬂexis
2846 5126 2913 5179 ad
2934 5136 3135 5179 terram
3159 5121 3410 5192 genibus,

1828 5221 1971 5275 sicut
1999 5222 2090 5290 qui
2126 5222 2179 5275 in
2208 5219 2418 5290 psalmo
2464 5218 2687 5283 fallitur,
2726 5216 3005 5271 humiliter
3033 5211 3408 5268 satisfacietis.

1830 5310 1944 5366 lloc
1977 5309 2166 5365 audito
2211 5309 2385 5364 frater
2427 5308 2517 5363 ille
2564 5308 2631 5363 ad
2666 5308 2832 5375 pedes
2879 5304 3090 5360 abbatis
3131 5302 3323 5366 vadat,
3354 5309 3412 5354 et

1830 5402 2048 5457 rediens
2102 5401 2155 5455 in
2205 5401 2414 5465 locum,
2471 5400 2523 5453 in
2589 5413 2697 5468 quo
2745 5396 2952 5459 stabat,
3008 5402 3116 5448 tres
3166 5408 3406 5464 genuum

1828 5492 2116 5557 flexiones,
2177 5500 2301 5546 ante
2358 5490 2566 5546 scilicet
2619 5496 2675 5542 et
2746 5487 2813 5540 ad
2878 5486 3155 5541 dexteram
3216 5493 3273 5538 et
3338 5483 3407 5538 ad

1830 5586 2103 5639 sinistram
2165 5598 2288 5638 cum
2354 5580 2499 5636 omni
2571 5577 2860 5632 devotione
2932 5574 3127 5638 faciat,

1830 5676 2074 5732 referens
2142 5675 2402 5729 fratribus
2462 5672 2590 5742 quia
2657 5686 2755 5739 pro
2815 5685 2873 5726 se
2938 5668 3280 5740 rogaverint,
3348 5674 3405 5718 et

1829 5768 2107 5843 humiliter
2166 5765 2474 5841 supplicans
2526 5771 2794 5833 quatenus
2854 5762 3029 5818 adhuc
3076 5773 3269 5832 rogare
3316 5756 3400 5811 di-

3202 5574 3407 5646 gratias
3478 5634 3479 5637 η
