3864 6300
458 351 566 407 499

1487 351 1547 408 Β».
1586 350 1977 409 LANFRANCI
2016 350 2366 409 CANTUAR.
2399 349 2713 407 ARCHIEP.

3599 349 3696 406 500

456 469 707 531 guentur.
746 459 937 515 Postea
971 458 1220 533 designet
1250 462 1420 518 abbas
1447 463 1497 517 ei
1542 464 1719 520 locum
1747 466 1839 521 ubi
1869 464 2035 522 debet
2064 471 2110 527 Α
2136 466 2249 536 ipsa
2276 462 2646 520 satisfactione
2672 461 2874 517 habeat
2899 475 2993 526 se,
3035 460 3179 516 sicut
3219 460 3472 533 superius
3511 461 3693 519 dictum

456 550 608 617 esse,
638 560 693 604 et
716 565 781 605 eo
808 552 1162 622 prte'cipiente
1192 567 1401 607 sessum
1430 555 1612 610 vadat.

528 643 652 698 llzec
687 643 905 711 quidem
945 644 1101 715 culpa
1146 646 1214 701 ad
1259 646 1510 702 abbatem
1552 649 1767 718 proprie
1810 648 2042 718 pertinet

455 733 816 804 corrigenda;
846 735 1146 804 quitamen
1178 736 1221 791 si
1244 737 1382 792 desit
1412 751 1441 791 a
1471 739 1662 810 patria,
1690 753 1789 793 nec
1816 740 1883 793 ad
1905 742 2040 808 prte-

454 838 600 891 sens,
632 833 689 879 ut
719 820 897 880 veniat
930 834 1305 900 exspectatur,
1347 843 1377 882 a
1418 830 1597 899 priore
1626 829 1820 900 corrigi
1867 839 2042 899 potest

457 917 621 973 totius
641 918 1076 989 congregationis
1101 932 1343 975 assensu.

466 1006 475 1019 '
526 1008 585 1064 Si
627 998 796 1066 frater
834 1026 1063 1080 peccans
1096 1022 1373 1081 pet-catum
1414 1029 1567 1068 suum
1615 1012 1903 1069 defendere
1946 1028 2044 1083 po-

458 1101 562 1155 tius
594 1116 754 1170 quam
785 1117 1111 1173 cognoscere
1139 1113 1193 1158 et
1218 1105 1506 1159 emendare
1534 1104 1791 1169 voluerit,
1825 1104 2041 1173 procla-

455 1200 633 1247 matus
654 1193 816 1248 etiam
850 1193 1033 1248 abbati
1071 1193 1154 1246 vel
1202 1194 1369 1265 priori
1397 1195 1789 1250 contumaciter
1817 1208 2036 1263 respon-

453 1286 581 1340 dere
626 1284 1048 1357 prmsumpscrit,
1079 1288 1384 1343 admonitus
1418 1304 1631 1358 quoque
1666 1297 1723 1342 ut
1760 1289 2042 1358 resipiscat

456 1377 508 1430 in
543 1390 638 1430 sua
668 1378 961 1446 pertinacia
1005 1393 1323 1448 permanere
1351 1380 1671 1445 decreverit,
1704 1379 1848 1433 hunc
1878 1378 2040 1432 talem

456 1480 740 1542 surgentes
782 1470 983 1526 fratres
1023 1480 1153 1542 quot
1184 1480 1238 1527 et
1267 1472 1459 1541 quibus
1488 1472 1697 1543 jussum
1733 1471 1893 1525 fuerit
1926 1471 2040 1524 vlo--

458 1562 635 1617 lenter
657 1562 943 1633 arripiunt,
971 1558 1021 1617 et
1056 1563 1107 1617 in
1135 1568 1417 1618 carcerem
1440 1564 1744 1633 ltujusmodi
1778 1577 2038 1633 arrogan-

456 1655 599 1709 tibus
627 1653 940 1724 deputatum
968 1654 1203 1721 trahant,
1234 1655 1316 1709 vel
1338 1654 1536 1721 ferant,
1566 1656 1745 1725 ibique
1768 1654 2043 1723 depositus

458 1748 640 1801 tandiu
680 1756 891 1802 servata
932 1747 1261 1802 discretione
1301 1748 1595 1819 afﬂigatur,
1634 1761 1914 1818 quousque
1947 1761 2039 1800 su-

2140 565 2244 624 est,
2274 571 2398 611 cum
2424 555 2489 610 de
2520 554 2671 623 gravi
2695 552 2851 622 culpa
2878 561 3153 623 ageretur.

2214 646 2270 703 Si
2301 645 2525 715 abjectis
2555 645 2807 701 monachi
2852 643 3190 701 vestimentis
3238 644 3295 699 in
3330 644 3573 701 saeculari
3611 648 3694 702 lia-

2141 738 2254 793 bitu
2285 739 2355 793 ad
2398 738 2786 795 monasterium
2829 738 2991 803 redit,
3030 737 3264 793 servatis
3291 738 3445 793 circa
3473 752 3592 793 eum
3611 755 3694 796 cst-

2144 826 2296 893 teris,
2325 842 2448 896 qua:
2470 826 2721 897 superius
2743 827 2885 883 dicta
2914 834 3059 889 sunt,
3089 824 3338 881 szrculari
3363 834 3516 882 veste
3536 826 3585 881 in
3604 843 3697 898 qua

2145 930 2395 971 reversus
2424 922 2507 971 est
2528 914 2987 981 circumcinctus,
3009 914 3150 971 sicut
3179 929 3346 986 supra
3375 914 3444 970 de
3469 915 3697 971 staminis

2143 1009 2344 1065 dictum
2379 1016 2485 1075 est,
2518 1015 2573 1064 et
2602 1022 2715 1064 non
2744 1016 2972 1077 portans
3000 1005 3286 1072 cucullam,
3316 1006 3606 1078 capitulum
3629 1008 3697 1062 in-

2143 1103 2438 1173 grediatur,
2475 1110 2531 1158 et
2568 1101 2688 1172 po‘st
2725 1108 3031 1171 susceptam
3054 1098 3395 1170 disciplinam
3415 1139 3433 1165 ,
3457 1098 3648 1156 cuculla
3672 1114 3698 1153 a

2143 1194 2445 1249 camerario
2473 1201 2599 1248 ante
2628 1192 2804 1262 ipsum
2842 1190 3051 1262 posita,
3085 1191 3155 1248 ab
3178 1205 3245 1248 eo
3275 1190 3629 1261 suscipiatur,
3654 1198 3701 1244 et

2145 1282 2217 1339 ibi
2240 1285 2421 1340 statim
2445 1285 2729 1342 induatur.

2706 1377 2936 1434 CAPUT
2986 1377 3148 1434 XVII.

2565 1471 2641 1526 De
2678 1471 2886 1526 novitiis
2925 1471 3291 1542 suscipiendis.

2190 1557 2451 1622 ,Veniens
2474 1560 2670 1631 aliquis
2717 1562 2783 1616 ad
2831 1563 3240 1619 conversionem
3284 1564 3354 1620 de
3400 1564 3616 1629 seculo,
3656 1566 3701 1619 in

2143 1652 2353 1720 primis,
2391 1654 2530 1709 sicut
2569 1654 2661 1708 alii
2703 1654 2963 1725 hospites,
2992 1655 3325 1726 suscipiatur
3364 1656 3421 1711 in
3460 1656 3701 1727 hospitio;

2145 1745 2297 1814 cujus
2315 1746 2770 1818 voluntatem
2782 1747 3022 1818 cognita,
3043 1746 3234 1814 frater,
3255 1748 3352 1818 qui
3378 1747 3531 1803 cellae
3547 1748 3702 1817 hospi-

456 1837 701 1906 perbiam
763 1839 997 1907 deponat
1025 1877 1039 1901 ,
1101 1838 1312 1907 culpam
1377 1811 1704 1907 cognoscat,
1768 1811 2043 1891 humiliter
2075 1811 2114 1869 Β
2148 1811 2255 1891 tum
2279 1811 2946 1907 procuratorEStrabbati,
2969 1811 3292 1894 velabsente
3320 1839 3545 1902 abbate,
3562 1838 3608 1891 ei
3626 1811 3701 1905 qui

456 1928 892 1984 emendationem
946 1929 1250 1997 promittat.
1295 1928 1447 1994 Quod
1490 1929 1535 1983 si
1592 1928 1893 1998 inspirante
1932 1929 2040 1984 Deo

457 2019 720 2083 evenerit,
748 2032 836 2073 res
861 2019 1011 2088 prius
1041 2019 1093 2071 in
1127 2017 1368 2087 capitulo
1401 2018 1751 2085 ostendatur,
1788 2020 1985 2075 dehinc
2010 2034 2039 2072 a

458 2111 655 2175 fratre,
686 2110 773 2164 cui
798 2108 1101 2176 huiusmodi
1126 2125 1257 2163 cura
1287 2110 1524 2179 injuncta
1559 2111 1650 2175 sit,
1674 2111 1727 2165 in
1748 2112 2039 2181 capitulum

457 2202 778 2265 deducatur,
826 2199 1062 2255 introeat
1108 2208 1288 2254 autem
1341 2200 1421 2253 vel
1470 2199 1666 2266 nudus,
1713 2201 1852 2256 sicut
1905 2200 2043 2270 fugi-

458 2293 603 2347 tivus
632 2292 952 2355 monachus,
986 2290 1069 2345 vel
1109 2290 1356 2356 indutus,
1385 2299 1548 2360 prout
1590 2304 1678 2345 res
1711 2292 2036 2361 poposcerit,

456 2384 797 2439 considerata
839 2382 1099 2451 qualitate
1136 2392 1191 2437 et
1224 2384 1525 2452 quantitate
1562 2384 1641 2437 vel
1685 2387 2039 2454 praecedentis

455 2473 625 2543 culpae
660 2472 743 2527 vel
788 2460 1170 2542 subsequentis
1208 2475 1567 2545 arrogantiae;
1608 2484 1794 2544 postea
1838 2486 2040 2533 tracte-

460 2575 548 2615 tur
571 2563 711 2617 sicut
732 2563 980 2632 superius
1010 2562 1214 2617 dictum
1240 2572 1345 2628 est,
1381 2565 1482 2619 hoc
1510 2573 1623 2631 est,
1657 2565 1741 2621 vel
1775 2569 2037 2637 graviter,

456 2655 500 2709 si
541 2656 725 2725 gravi;
782 2653 869 2710 vel
908 2654 1121 2719 leviter,
1186 2656 1239 2709 si-
1261 2654 1367 2709 levi
1400 2655 1569 2726 culpae
1603 2655 1767 2712 fuerit
1808 2658 2037 2728 deputa-

458 2758 562 2801 lllS‘.
1738 2758 1739 2761 “

530 2837 684 2905 Quod
721 2838 765 2893 si
800 2837 992 2908 spiritu
1020 2836 1289 2892 diabolico
1314 2836 1507 2906 plenus
1547 2837 1830 2908 superbire
1864 2840 2039 2911 magis

457 2940 619 2995 quam
664 2928 982 2995 promittere
1004 2926 1436 2982 emendationem
1469 2926 1711 2997 elegerit,
1741 2929 2038 2984 adhibean-

422 3020 425 3021 ⁷
460 3026 550 3071 tur
574 3016 629 3069 ei
652 3018 719 3071 de
750 3026 863 3071 toto
888 3026 1152 3071 conventu
1180 3017 1488 3072 orationum
1515 3016 1798 3089 sull‘ragia.
1827 3018 1884 3074 Si
1911 3034 2038 3076 vero

420 3096 629 3183 ’abbas
681 3122 780 3162 nec
830 3106 908 3161 sic
973 3120 1124 3160 suam
1184 3105 1504 3161 industriam
1553 3106 1849 3175 prmvalere
1901 3121 2035 3163 con-

420 3192 717 3271 "spexeri‘t,
761 3199 1056 3268 prudenter
1105 3205 1300 3252 tractet
1349 3212 1469 3253 cum
1515 3198 1744 3254 consilio
1792 3200 2031 3257 omnium

455 3290 686 3347 fratrum
714 3301 892 3346 utrum
920 3292 1172 3361 expediat
1199 3304 1324 3345 eum
1343 3290 1428 3346 vel
1449 3290 1649 3346 diutius
1670 3291 1924 3357 detineri,
1953 3292 2036 3347 vel

457 3384 525 3439 de
556 3383 885 3439 monasterio
924 3382 1141 3452 expelli.

526 3473 807 3545 Fugitivus
845 3474 913 3530 de
947 3474 1277 3529 monasterio
1312 3472 1638 3539 monachus,
1671 3474 1716 3527 si
1757 3487 2033 3529 reversum

458 3567 525 3620 ad
557 3566 941 3621 monasterium
966 3565 1365 3635 suscipiendum
1396 3579 1521 3621 eum
1551 3579 1673 3619 esse
1699 3564 1868 3620 abbas
1886 3563 2036 3634 judi-

458 3656 680 3718 caverit,
710 3656 827 3710 ‘hoc
873 3654 1033 3709 mOdo
1078 3655 1426 3723 suscipiatur.
1472 3653 1529 3708 ln
1579 3654 1832 3724 hospitali
1876 3656 2036 3709 domo

458 3742 749 3812 aliquantis
798 3742 988 3796 diebus
1040 3742 1273 3812 primum
1318 3752 1559 3807 maneat,
1600 3743 1668 3796 ad
1711 3743 2033 3809 claustrum,

456 3833 545 3888 vel
591 3833 658 3887 ad
695 3831 935 3887 olI‘rcinas
975 3832 1233 3898 claustri,
1260 3832 1345 3888 vel
1374 3835 1442 3888 ad
1477 3834 1864 3890 monasterium
1884 3875 1899 3899 ,
1932 3835 2036 3889 nisi

452 3926 637 3994 jussus
663 3923 970 3979 nullatenus
1010 3926 1266 3989 accedat,
1311 3933 1374 3978 ut
1418 3924 1637 3980 interim
1680 3924 2036 3994 paenitudinis

456 4034 597 4082 suae,
624 4026 679 4071 et
704 4014 1024 4070 humilitatis
1044 4056 1059 4080 ,
1089 4024 1146 4070 et
1181 4015 1454 4084 patientiae
1494 4015 1715 4085 aliquod
1743 4017 2038 4071 documen-

457 4116 570 4161 tum
625 4106 899 4170 ostendat,
951 4104 1132 4160 nullus
1186 4104 1358 4161 frater
1411 4120 1595 4161 secum
1640 4114 2032 4173 conversetur,

456 4197 636 4251 nullus
667 4198 713 4251 ei
744 4196 797 4250 in
829 4194 1011 4265 aliquo
1037 4194 1341 4260 consortio,
1384 4194 1470 4250 vel
1504 4194 1776 4264 colloquio
1811 4194 2035 4265 conjun-

454 4298 631 4361 gatur,
663 4290 765 4344 nisi
807 4290 857 4343 ei
887 4288 955 4344 ab
980 4286 1204 4351 abbate,
1235 4287 1321 4343 vel
1346 4302 1376 4342 a
1408 4288 1612 4358 priore,
1642 4287 1729 4342 vel
1755 4286 1916 4357 abeo
1940 4290 2031 4359 qui

452 4389 636 4434 servat
656 4379 900 4433 ordinem
926 4379 1199 4448 jubeatur.

2144 1928 2387 1984 ordinem
2422 1935 2567 1983 tenet
2594 1944 2707 1983 rem
2738 1929 2970 1984 nuntiet.
2993 1927 3272 1998 Loquatur
3290 1943 3423 1983 cum
3447 1942 3515 1982 eo
3536 1927 3701 1987 abbas.

2142 2020 2227 2075 vel
2254 2020 2418 2090 prior,
2455 2021 2537 2075 vel
2569 2020 2764 2090 aliquis
2788 2020 3084 2091 spiritualis
3105 2020 3278 2076 frater
3307 2020 3396 2075 cui
3424 2020 3699 2090 injunctunt

2142 2110 2327 2164 fuerit.
2354 2109 2506 2176 Quod
2534 2111 2579 2165 si
2620 2111 2948 2166 desiderium
2984 2112 3218 2180 petentis
3245 2127 3313 2166 ex
3350 2111 3471 2166 Deo
3496 2126 3609 2165 esse
3632 2124 3702 2165 co-

2142 2199 2408 2269 gnoverit,
2437 2200 2759 2255 ostendatur
2784 2215 2870 2256 res
2896 2190 3158 2256 fratribus
3193 2200 3247 2255 in
3288 2201 3558 2272 capitulo,
3585 2214 3700 2268 quo-

2143 2307 2261 2345 rum
2284 2291 2475 2347 audito
2499 2291 2745 2357 consilio,
2768 2291 2811 2346 si
2834 2291 3240 2361 suscipiendum
3262 2307 3387 2347 eum
3416 2306 3543 2347 esse
3560 2292 3703 2347 abbas

2142 2379 2463 2445 decreverit,
2493 2388 2697 2435 statuta
2737 2380 2847 2445 die,
2886 2379 3119 2435 ducente
3145 2394 3267 2435 eum
3317 2381 3582 2450 praedicto
3625 2380 3700 2433 ho-

2141 2472 2339 2541 spitum
2376 2460 2725 2541 susceptore,
2743 2480 2797 2526 et
2828 2471 3018 2527 doctus
3039 2471 3109 2527 ab
3144 2472 3335 2526 eodem
3364 2472 3598 2542 qualiter
3623 2486 3699 2541 pe-

2141 2561 2385 2616 titionem
2412 2560 2591 2617 facere
2611 2561 2823 2625 debeat,
2855 2561 2907 2615 in
2928 2560 3222 2630 capitulum
3254 2561 3463 2626 veniat,
3494 2562 3546 2614 in
3574 2560 3692 2624 loco,

2140 2655 2231 2711 ubi
2265 2656 2531 2726 prosterni
2555 2655 2715 2721 solet,
2747 2671 2806 2712 se
2833 2663 3165 2725 prosternat,
3195 2654 3566 2725 interrogatus
3590 2653 3701 2723 quid

2140 2746 2306 2812 dicat,
2333 2762 2494 2816 quam
2532 2746 2808 2801 humiliter
2834 2746 3052 2817 poterit,
3094 2747 3147 2800 in
3184 2746 3293 2811 bis,
3329 2745 3419 2801 vel
3448 2746 3506 2801 in
3532 2743 3702 2801 simili-

2140 2836 2245 2892 bus
2268 2837 2450 2893 verbis
2474 2837 2787 2907 petitionem
2815 2852 2970 2891 suam
3003 2834 3203 2891 faciat:
3234 2854 3253 2887 ι
3286 2835 3383 2890 Dei
3414 2836 3703 2892 misericor-

2139 2928 2301 2992 diam,
2330 2936 2385 2982 et
2407 2938 2649 2983 vestram
2677 2927 3018 2991 societatem,
3040 2935 3094 2981 et
3129 2925 3536 2981 fraternitatem
3561 2925 3700 2994 hujus

2139 3019 2243 3073 loci
2266 3018 2525 3089 requiro;
2562 3018 2616 3073 in
2654 3018 2758 3073 hoc
2804 3017 3137 3074 monasterio
3167 3018 3475 3073 monachus
3502 3018 3636 3083 ﬁeri,
3658 3026 3705 3071 et

2146 3111 2256 3166 Deo
2285 3111 2491 3166 servire
2512 3110 2780 3166 desidero.
2816 3129 2838 3163 ι
2883 3108 3193 3180 Respondet
3216 3109 3267 3164 ei
3294 3109 3470 3165 abbas
3488 3108 3605 3176 ,vel
3625 3106 3705 3176 qui

2141 3198 2260 3254 loco
2286 3199 2497 3254 abbatis
2522 3199 2698 3255 ordini
2720 3208 2918 3269 praeest
2945 3214 2960 3253 :
2991 3218 3009 3251 ι
3039 3198 3389 3263 Societatem,
3422 3209 3481 3254 et
3506 3211 3704 3254 consor-

2142 3292 2273 3347 tium
2295 3291 2592 3348 electorum
2634 3307 2855 3347 suorum
2895 3292 3159 3347 concedat
3194 3290 3351 3347 vobis
3378 3292 3704 3361 omnipotens

2139 3383 2319 3448 Deus;
2363 3401 2385 3434 ι
2435 3390 2490 3435 et
2540 3395 2798 3451 responso
2846 3396 2877 3434 a
2928 3389 3037 3436 toto
3086 3390 3420 3444 conventu,t
3449 3383 3638 3442 Amen,
3680 3394 3698 3428 ι

2134 3471 2314 3541 jussus
2345 3486 2567 3543 surgere
2597 3479 2800 3542 surgat,
2830 3471 3252 3542 pronuntientur
3294 3470 3342 3524 ei
3374 3470 3514 3525 dura
3544 3479 3596 3525 et
3631 3482 3705 3522 ss-

2138 3577 2290 3632 pera,
2322 3579 2440 3633 qua:
2461 3564 2515 3617 in
2538 3563 2641 3618 hoc
2668 3564 2857 3618 ordine
2878 3561 3167 3633 perferunt
3188 3562 3279 3631 qui
3304 3562 3393 3632 pie
3415 3571 3475 3616 et
3510 3559 3701 3631 regula-

2139 3654 2273 3711 riter
2298 3656 2480 3711 vivere
2506 3654 2713 3710 volunt.
2741 3654 2876 3711 ltem
2906 3653 3126 3707 duriora
3161 3660 3215 3707 et
3250 3652 3551 3722 asperiora,
3577 3665 3700 3721 quae,

2139 3747 2185 3801 si
2229 3745 2628 3817 indisciplinate
2668 3760 2728 3801 se
2755 3744 2952 3800 habent
2979 3783 2994 3809 ,
3036 3743 3138 3798 sibi
3185 3752 3447 3813 poterunt
3484 3742 3700 3798 evenire.

2137 3838 2344 3906 Quibus
2366 3837 2585 3903 auditis,
2616 3837 2661 3890 si
2693 3836 2870 3890 adhuc
2891 3835 2944 3889 in
2973 3834 3253 3905 proposito
3273 3849 3373 3889 suo
3397 3832 3700 3903 perstiterit,

2137 3938 2193 3983 et
2215 3927 2432 3982 duriora
2459 3936 2514 3982 et
2546 3926 2823 3997 asperiora
2858 3940 2917 3981 se
2954 3934 3202 3995 paratum
3246 3923 3491 3995 perferre
3519 3923 3702 3994 promi-

2138 4021 2293 4084 serit,
2328 4018 2723 4088 respondeatur
2749 4017 2798 4072 ei
2841 4016 2909 4071 ab
2951 4031 3017 4070 eo
3049 4016 3141 4085 qui
3186 4015 3482 4085 capitulum
3528 4022 3699 4068 tenet:

2145 4129 2162 4161 ι
2198 4110 2462 4171 Dominus
2482 4107 2639 4165 Jesus
2667 4107 2919 4164 Christus
2949 4107 3027 4161 sic
3051 4104 3299 4176 perliciat
3324 4106 3379 4159 in
3402 4105 3557 4160 vobis
3575 4101 3700 4172 quod

2138 4215 2237 4268 pro
2262 4199 2379 4268 ejus
2402 4212 2588 4253 amore
2613 4197 2938 4268 promittitis
2968 4205 3025 4249 ut
3053 4195 3170 4265 ejus
3198 4195 3432 4263 gratiam
3463 4203 3518 4249 et
3556 4192 3704 4247 vitam

2138 4296 2397 4341 aeternam
2434 4287 2638 4341 habere
2667 4284 2907 4356 possitis.
2946 4305 2965 4335 ι
3010 4284 3076 4338 Ει
3118 4282 3570 4354 respondentibus
3603 4295 3704 4334 out-

2138 4377 2315 4444 uibus,
2347 4395 2364 4428 t
2394 4376 2586 4441 Amen,
2617 4394 2637 4428 ι
2668 4373 2992 4445 subiungat:
3032 4391 3049 4425 ‹
3079 4373 3145 4427 Et
3166 4386 3265 4427 nos
3290 4387 3388 4443 pro
3407 4372 3524 4443 ejus
3539 4382 3703 4425 amore

525 4469 604 4521 Ea
640 4483 767 4521 vero
795 4468 883 4521 die
915 4482 1018 4537 qua
1062 4468 1115 4521 in
1146 4466 1444 4536 capitulum
1478 4468 1781 4522 intraturus
1812 4476 1926 4532 est,
1979 4466 2032 4521 in
2067 4482 2110 4540 ι)
2140 4468 2240 4521 hoc
2285 4476 2470 4527 tenore
2494 4465 2844 4521 concedimus
2876 4465 3053 4530 vobis,
3089 4461 3234 4532 quod
3284 4471 3397 4516 tam
3426 4460 3700 4540 humiliter,

453 4556 717 4612 l'ocutorio
738 4556 1074 4611 vestimentis
1094 4556 1208 4611 suis
1237 4570 1297 4611 se
1315 4564 1499 4621 exuat,
1513 4558 1851 4623 staminia,si
1874 4557 2035 4611 habi-

456 4655 570 4700 tum
595 4658 701 4699 non
724 4644 963 4713 reliquit,
992 4645 1378 4713 circumposito
1404 4645 1617 4714 cingulo
1638 4661 1696 4699 se
1712 4646 2037 4701 circumcin-

454 4746 566 4807 gat,
585 4735 805 4791 sinistro
819 4734 1045 4790 brachio
1064 4733 1331 4790 cucullam
1356 4733 1629 4803 plicatam,
1658 4745 1713 4790 et
1736 4736 1791 4789 in
1813 4736 2033 4792 dextera

455 4844 622 4884 manu
642 4830 823 4901 virgas
837 4838 1038 4895 sumat,
1068 4839 1123 4884 et
1145 4830 1225 4885 sic
1245 4828 1403 4884 nudis
1426 4829 1736 4899 pedibus,.et
1768 4831 1912 4884 nudo
1936 4832 2034 4885 de-

451 4935 616 4991 super
627 4934 858 4989 corpore
872 4919 1102 4975 ducente
1113 4934 1235 4974 eum
1258 4919 1427 4974 fratre
1438 4920 1523 4975 cui
1540 4920 1834 4991 injunctum
1853 4920 2033 4988 fuerit,

451 5013 507 5067 in
533 5011 828 5081 capitulum
849 5012 1054 5066 veniat.
1084 5011 1201 5078 Quo
1231 5011 1527 5081 ingressus,
1560 5012 1613 5065 in
1643 5011 1764 5067 loco
1785 5013 1873 5068 ubi
1905 5028 2031 5082 pro-

450 5098 625 5158 sterni
648 5101 788 5158 solet
810 5101 995 5156 statim
1027 5114 1083 5156 se
1112 5108 1453 5170 prosternat,
1488 5101 1850 5173 interrogatus
1882 5119 2032 5158 more

452 5195 612 5251 solito
637 5195 852 5267 culpam
893 5194 1072 5260 dicat;
1107 5195 1305 5250 dehinc
1342 5196 1538 5250 sedens
1575 5198 1911 5266 corporalem
1952 5198 2031 5253 di-

456 5286 737 5356 sciplinam
777 5289 844 5342 ad
887 5285 1174 5355 imperium
1206 5286 1416 5341 abbatis
1446 5287 1725 5355 suscipiat.
1762 5286 1875 5354 Qua
1910 5303 2032 5341 sus-

452 5384 630 5444 cepta,
670 5377 879 5433 cuculla
924 5385 1131 5431 tantum
1177 5376 1247 5431 ibi
1291 5376 1501 5444 induta,
1547 5378 1686 5433 sicut
1723 5380 1892 5443 venit,
1937 5380 2030 5434 sed

456 5480 563 5519 non
587 5466 765 5521 ferens
793 5468 995 5537 virgas,
1027 5468 1081 5521 in
1112 5467 1435 5522 locutorium
1471 5468 1688 5532 redeat,
1728 5469 1800 5522 ibi
1833 5483 1890 5523 se
1918 5470 2029 5523 cal-

455 5561 575 5609 cect
614 5563 667 5609 et
693 5557 1013 5626 regulariter
1054 5558 1259 5622 induat,
1292 5566 1346 5610 et
1375 5559 1427 5611 iu
1458 5558 1753 5627 capitulum
1784 5559 2024 5624 rediens,

457 5644 642 5697 tandiu
678 5660 736 5700 se
776 5654 1119 5715 prosternat,
1150 5650 1321 5704 donec
1358 5650 1426 5705 ab
1464 5649 1657 5703 abbate
1692 5649 1902 5704 dicatur
1929 5650 1978 5704 ei
2016 5669 2026 5699 :

454 5731 716 5793 Suﬂiciat.
737 5734 1050 5808 lujungatur
1073 5738 1123 5794 ei
1146 5738 1441 5795 satisfactio
1466 5740 1646 5813 gravis
1679 5741 1866 5814 culpae,
1898 5750 1949 5796 et
1974 5741 2024 5796 iu

2139 4566 2195 4611 et
2228 4563 2337 4609 tam
2366 4562 2680 4609 constanter
2723 4529 3078 4622 requiritis.)
3110 4529 3227 4606 Hoc
3264 4551 3453 4606 audito
3481 4529 3707 4605 novitiu:

2140 4647 2319 4710 vadat,
2362 4650 2420 4698 et
2464 4643 2743 4698 humiliter
2784 4640 3060 4701 osculetur
3099 4639 3266 4711 pedes
3313 4640 3503 4709 ipsius.
3562 4636 3699 4692 Tunc

2138 4736 2261 4807 ipso
2310 4727 2865 4805 praecipiente'ducat
2907 4748 3031 4789 eum
3094 4733 3357 4803 magister
3394 4732 3699 4788 novitiorutn

2138 4828 2192 4881 in
2240 4826 2556 4892 ecclesiam,
2612 4825 2799 4895 ibique
2839 4839 3025 4881 coram
3070 4824 3313 4893 quolibet
3362 4824 3516 4880 altari
3562 4831 3699 4880 extra

2135 4921 2365 4977 chorum
2421 4918 2615 4974 sedens
2656 4906 3024 4988 praestoletur,
3083 4918 3258 4972 donec
3311 4917 3599 4987 capitulum
3639 4912 3697 4968 li-

2136 5009 2335 5063 niatur.

2205 5100 2323 5166 Quo
2339 5099 2514 5165 linito,
2548 5099 2709 5153 ducat
2735 5111 2858 5152 eum
2891 5096 3178 5165 praedictus
3209 5096 3469 5167 magister
3500 5107 3623 5151 suus
3650 5092 3697 5144 in

2136 5191 2330 5246 cellam
2355 5190 2664 5254 camerarii,
2692 5188 2775 5244 vel
2805 5189 2857 5242 in
2890 5188 3052 5242 aliam
3075 5189 3294 5242 domum
3317 5187 3457 5251 ,‘ubi
3489 5185 3538 5240 id
3568 5178 3697 5254 quod

2134 5283 2397 5353 agendum
2452 5292 2569 5345 est,
2618 5281 2972 5351 opportunius
3025 5279 3142 5335 fieri
3188 5280 3391 5349 possit,
3435 5274 3695 5334 benedicta

2132 5376 2233 5429 sibi
2258 5376 2413 5444 prius
2434 5388 2656 5438 corona,
2696 5362 2741 5428 si
2780 5372 2953 5427 laicus
2980 5372 3069 5435 sit,
3116 5387 3237 5426 cum
3279 5366 3611 5439 antipbonis,
3648 5369 3697 5417 et

2131 5467 2381 5537 psalmis,
2405 5476 2461 5522 et
2489 5466 2761 5530 collectis,
2791 5465 2861 5518 ad
2890 5466 2995 5519 hoc
3036 5463 3270 5520 cilicium
3307 5459 3590 5530 ordinatis,
3621 5454 3696 5508 vel

2132 5560 2183 5613 in
2211 5560 2433 5615 ecclesia
2463 5568 2590 5615 ante
2619 5561 2898 5615 introitum
2927 5558 3105 5614 missa:
3137 5559 3204 5612 ad
3233 5559 3454 5629 gradum
3483 5553 3568 5608 ubi
3604 5553 3693 5606 be-

2130 5651 2462 5707 nedictiones
2494 5650 2694 5706 fratres
2716 5650 3009 5720 accipiunt.
3034 5648 3125 5704 vel
3150 5649 3202 5702 in
3238 5648 3440 5719 capella
3467 5642 3692 5699 inﬁrmo-

2132 5758 2269 5810 rum,
2317 5751 2409 5803 aut
2444 5744 2498 5799 in
2539 5742 2751 5814 capella
2793 5742 3047 5809 abbatis,
3082 5742 3376 5797 secundum
3420 5735 3549 5810 quod
3598 5729 3697 5805 ipsi
