3864 6300
181 390 260 447 501

1099 393 1415 454 DECRETA
1453 398 1591 457 PRO
1626 397 1879 456 ORDINE
1911 396 1967 453 S.
2010 379 2405 452 BENEDICTI:

3280 382 3385 438 503

178 505 330 563 abbati
359 504 631 574 placuerit.
668 506 868 563 Ductus
898 508 1080 578 itaque
1109 513 1343 569 novitius
1370 515 1483 570 sive
1513 515 1704 579 laicus,
1737 522 1781 576 Α
1814 512 2125 575 sinistram,
2183 509 2385 581 gratias
2436 504 2678 562 referens
2728 501 2985 558 fratribus
3032 514 3130 570 pro
3178 496 3392 554 miseri-

175 601 269 654 sive
293 598 530 662 clericus,
567 598 617 651 in
650 599 961 668 praedictum
992 602 1166 657 locum
1202 606 1510 669 tondeatur,
1541 617 1596 660 et
1626 623 1712 660 ra-

176 689 308 742 datur
341 700 482 740 more
514 688 931 755 monachorum;
965 690 1159 747 dehinc
1206 694 1444 748 vestibus
1487 696 1711 750 saecula-

178 777 303 831 ribus
348 782 572 829 exuatur
627 785 681 830 et
738 779 895 833 rebus
950 783 1259 837 monasterii
1328 785 1707 853 regularibus,

171 873 334 934 praeter
378 865 659 931 cucullum,
709 869 904 936 capirio
949 879 1133 925 assuto
1184 875 1381 927 tunicae
1432 875 1710 929 induatur.

171 947 284 1009 Dum
326 956 434 1011 haec
490 968 721 1025 aguntur
776 974 805 1011 a
852 959 1112 1017 fratribus
1162 963 1356 1030 quibus
1408 963 1708 1033 injunctum

171 1045 323 1110 fuerit,
351 1058 551 1115 septem
586 1049 985 1118 ptenitcntiales
1016 1051 1206 1120 psalmi
1252 1052 1304 1107 in
1339 1053 1602 1107 directum
1628 1054 1710 1109 di-

172 1146 350 1192 cantur.
378 1136 467 1192 Sic
492 1148 711 1207 paratus
747 1140 972 1195 ducatur
994 1142 1049 1196 in
1084 1153 1407 1198 conventum
1442 1144 1702 1212 fratrum;

173 1227 214 1281 in
239 1230 407 1293 choro,
439 1229 481 1283 si
513 1229 741 1285 clericus
771 1240 875 1296 est,
897 1232 1117 1288 ultimus
1142 1235 1211 1289 sit
1244 1235 1295 1288 in
1327 1236 1517 1291 ordine
1548 1236 1707 1290 cleri-

170 1332 354 1383 corum;
378 1318 422 1373 si
451 1317 642 1385 laicus,
678 1319 960 1387 laicorum,
985 1331 1041 1376 et
1064 1323 1132 1377 ad
1160 1324 1561 1392 processionem
1581 1365 1594 1389 ,
1625 1325 1700 1379 si-

168 1410 337 1465 militer
356 1410 403 1465 in
432 1410 690 1481 capitulo,
726 1421 780 1469 et
806 1413 1117 1481 refectorio,
1149 1415 1288 1469 sicut
1313 1424 1395 1471 est
1423 1413 1556 1472 ordo
1577 1431 1704 1471 con-

169 1503 393 1558 versionis
414 1503 550 1574 ejus.

222 1593 269 1647 ln
291 1594 413 1648 cella
442 1595 775 1650 novitiorum
806 1596 1057 1661 dormiat,
1090 1607 1183 1653 aut
1211 1598 1264 1653 in
1295 1599 1698 1665 dormitorio,si

168 1684 431 1759 mno‘bium
458 1685 976 1756 bujusmodicellam
1003 1703 1109 1743 non
1137 1689 1317 1744 habet.
1346 1690 1402 1744 ln
1431 1700 1697 1746 conventu

167 1787 251 1826 non
276 1772 422 1844 legat,
446 1773 593 1830 solus
615 1790 722 1830 non
746 1785 960 1842 cantet,
990 1778 1057 1833 ad
1092 1779 1313 1834 missam
1338 1795 1444 1834 non
1473 1779 1696 1846 offerat,

1816 606 2001 661 cordia
2039 620 2227 660 eorum
2255 602 2509 673 precibus
2539 599 2641 654 sibi
2673 598 2934 667 impensa.
2974 595 3166 650 Postea
3200 590 3394 661 praeci-

1814 700 1993 769 piente
2032 698 2227 752 abbate
2280 709 2400 749 cum
2450 686 2709 761 magistro
2753 702 2850 744 suo
2891 694 3085 750 exeat,
3125 683 3387 752 ﬁnitoque

1813 788 2073 858 capitulo,
2101 787 2145 842 si
2176 781 2447 842 scribendi
2481 783 2764 838 scientiam
2796 780 2959 834 habet
2992 775 3385 848 professionem

1815 894 1968 932 suam
1994 878 2217 940 scribat,
2246 884 2340 929 aut
2363 874 2407 929 si
2434 870 2872 928 nescit‘scribere
2900 867 3061 922 alium
3092 873 3265 934 roget,
3297 864 3393 933 qui

1810 982 1909 1036 pro
1936 980 1993 1020 se
2015 964 2249 1025 scribat;
2278 964 2392 1033 ipse
2412 972 2595 1018 tamen
2627 962 2680 1015 in
2712 960 2818 1015 fine
2848 958 3016 1028 ipsius
3044 955 3396 1025 professionis

1808 1058 2019 1126 signum
2032 1054 2211 1110 crucis
2224 1053 2408 1118 faciat,
2423 1052 2614 1108 deinde
2630 1050 2808 1105 ablato
2824 1064 2853 1103 a
2869 1048 3047 1103 tunica
3069 1046 3284 1117 caputio
3308 1060 3397 1101 us-

1808 1162 1912 1217 que
1925 1147 1990 1200 ad
2004 1146 2189 1200 horam
2204 1143 2591 1200 benedictionis
2601 1156 2731 1205 Siue,
2746 1150 2900 1195 extra
2916 1140 3139 1194 chorum
3158 1145 3394 1191 maneat.

1876 1240 2075 1293 Cantor
2103 1252 2231 1293 vero
2271 1246 2563 1307 procurare
2594 1220 2693 1289 sibi
2744 1233 2902 1286 debet
2935 1230 3305 1285 membranam
3341 1235 3399 1281 et

1807 1331 2129 1393 incaustum,
2160 1336 2215 1381 et
2264 1325 2604 1396 scriptorem,
2633 1324 2678 1377 si
2709 1321 2881 1376 nescit
2928 1310 3208 1381 scribere;
3263 1318 3397 1371 hora

1805 1416 2155 1472 benedicendi
2187 1416 2239 1469 in
2264 1410 2485 1469 arbitrio
2511 1413 2721 1468 abbatis
2745 1420 2846 1477 est,
2877 1410 3127 1467 videlicet
3151 1418 3245 1463 aut
3270 1416 3398 1483 ante

1807 1511 2089 1563 introitum
2117 1508 2316 1571 missae,
2358 1507 2402 1561 si
2437 1507 2656 1561 missam
2689 1520 2793 1559 non
2842 1504 3097 1580 celebrat,
3144 1511 3238 1557 aut
3277 1510 3398 1573 post

1802 1598 2161 1667 evangelium,
2197 1597 2310 1652 sive
2350 1597 2572 1651 missam
2625 1594 2882 1659 celebret,
2933 1594 3044 1648 sive
3098 1607 3226 1647 non.
3279 1591 3399 1663 Ipse

1805 1701 1980 1745 tamen
2032 1692 2084 1745 in
2135 1691 2541 1746 consecratione
2589 1690 2874 1755 monachi,
2913 1689 2957 1744 si
2983 1688 3031 1742 ei
3058 1687 3397 1743 commodum

1800 1794 1903 1851 est,
1927 1786 2145 1840 missam
2157 1785 2432 1840 celebrare
2447 1783 2627 1848 debet,
2643 1782 2782 1837 sicut
2804 1794 3038 1838 canones
3058 1780 3393 1851 praecipiunt.

165 1874 321 1930 pacem
347 1877 444 1917 non
473 1874 679 1931 sumat,
704 1865 759 1919 in
786 1865 1021 1923 claustro
1049 1869 1339 1938 separatim
1361 1870 1546 1925 sedeat
1575 1886 1695 1924 cum
1729 1854 1773 1912 Β
1870 1877 2034 1932 Lecto
2074 1876 2238 1946 igitur
2266 1875 2586 1944 evangelio,
2622 1876 2858 1929 intrante
2901 1874 3127 1929 chorum
3170 1871 3394 1934 novitio,

167 1952 393 2021 magistro
412 1968 508 2009 suo
534 1955 588 2009 in
615 1955 742 2011 loco
770 1957 988 2012 novitiis
1011 1957 1296 2029 deputato,
1330 1961 1510 2015 nullus
1539 1960 1586 2014 ei
1621 1960 1696 2015 lo~

165 2053 419 2127 qualuraut
435 2049 648 2120 signum
664 2048 827 2105 faciat
841 2050 1045 2120 absque
1060 2052 1301 2123 magistri
1324 2053 1405 2108 sui
1438 2052 1655 2109 licentia
1676 2071 1689 2119 ;

164 2135 381 2204 magister
408 2137 527 2193 talis
553 2138 628 2194 sit
658 2139 750 2209 qui
780 2140 1029 2210 exemplo
1055 2142 1177 2196 vita:
1189 2152 1241 2196 et
1257 2142 1422 2198 verbo
1439 2144 1695 2198 doctrina:

163 2227 299 2295 possit
321 2242 435 2282 eum
458 2229 523 2284 de
552 2229 736 2284 anima
766 2244 860 2285 sua
895 2244 1114 2286 monere
1129 2241 1183 2285 et
1207 2232 1449 2287 ordinem
1475 2235 1690 2288 docere.

217 2313 555 2385 Loquentibus
589 2318 644 2373 in
683 2318 922 2374 claustro
952 2319 1241 2388 fratribus,
1277 2322 1320 2376 si
1356 2322 1480 2391 quis
1510 2338 1696 2377 amore

164 2405 237 2460 Dei
260 2414 307 2461 et
329 2407 439 2465 zelo
458 2407 690 2483 justitia:
718 2411 785 2464 ad
821 2426 944 2464 eum
977 2412 1190 2475 venire,
1227 2426 1461 2481 eumque
1498 2414 1581 2468 vel
1609 2430 1695 2467 ar-

162 2511 294 2567 guere
313 2499 390 2558 vel
424 2515 649 2555 monere
678 2501 929 2567 voluerit,
975 2502 1102 2557 licet
1145 2512 1203 2557 ut
1241 2504 1450 2570 veniat,
1482 2514 1564 2572 et,
1599 2521 1681 2560 ac-

162 2596 282 2665 cepta
303 2611 329 2650 a
354 2593 612 2669 magistro
634 2592 868 2666 licentia,
902 2594 1041 2671 quod
1069 2595 1249 2658 dicere
1271 2596 1498 2658 voluerit
1523 2597 1689 2669 dicat;

164 2681 276 2741 facto
316 2698 481 2743 autem
525 2691 788 2756 clamore,
842 2693 1021 2747 statim
1070 2709 1297 2764 surgens
1346 2712 1527 2751 coram
1582 2711 1694 2750 ma-

162 2777 298 2848 gistro
336 2795 448 2849 suo,
486 2783 635 2837 sicut
664 2783 860 2839 fratres
902 2784 954 2838 in
988 2785 1254 2854 capitulo,
1297 2786 1509 2841 veniam
1548 2795 1695 2857 petat

164 2884 247 2922 non
277 2885 507 2928 sessurus
526 2915 539 2938 ,
568 2874 774 2939 donec,
801 2876 1178 2933 emendatione
1216 2878 1481 2948 promissa
1501 2919 1516 2945 ,
1548 2880 1689 2935 idem

164 2960 377 3028 magister
402 2965 696 3036 praecipiat.
730 2966 797 3020 Et
828 2968 893 3022 de
919 2966 1127 3024 levibus
1153 2970 1368 3039 quidem
1397 2971 1567 3040 culpis
1590 2973 1692 3029 hoc

166 3051 292 3104 modo
315 3063 519 3124 agatur;
566 3072 663 3127 pro
700 3058 997 3127 majoribus
1042 3068 1221 3115 autem
1265 3060 1463 3130 culpis,
1506 3071 1598 3117 aut
1639 3064 1690 3118 in

162 3142 377 3210 capitulo,
402 3162 495 3215 pro
523 3150 829 3218 quantitate
857 3151 1027 3227 culpae
1055 3152 1381 3223 corripiatur
1403 3163 1515 3220 aut,
1544 3154 1587 3209 si
1619 3155 1688 3208 ibi

166 3232 272 3289 cella
299 3239 611 3296 novitiorum
645 3251 747 3309 cst,
788 3244 840 3297 in
870 3261 930 3300 ca
970 3246 1419 3315 quemadmodum
1457 3247 1508 3301 in
1550 3248 1697 3317 capi-

166 3325 255 3381 tulo
292 3330 591 3403 increpetur
634 3343 687 3390 et
733 3336 1068 3401 verberetur;
1122 3338 1188 3392 de
1234 3337 1503 3407 capitulo,
1551 3338 1695 3391 facto

167 3428 391 3486 sermone,
423 3424 664 3491 quotidie
696 3433 875 3490 exeat,
919 3433 974 3480 et
1013 3425 1228 3480 interim
1272 3427 1325 3480 in
1367 3428 1696 3481 monasterio

167 3517 357 3575 maneat,
380 3511 474 3567 nisi
505 3527 609 3582 pro
633 3513 819 3582 majori
843 3513 995 3584 culpa
1018 3554 1032 3579 ,
1070 3524 1127 3568 ut
1159 3516 1359 3570 dictum
1392 3525 1505 3581 est,
1533 3518 1694 3571 casti-

166 3598 332 3661 gandus
376 3613 689 3668 remaneat;
734 3603 800 3658 de
848 3604 933 3659 his
968 3605 1175 3675 culpis,
1218 3621 1355 3678 quas
1399 3606 1451 3660 in
1500 3608 1695 3661 saeculo

167 3687 317 3754 gessit,
342 3700 389 3745 et
415 3707 530 3762 quae
563 3695 616 3747 in
645 3694 748 3748 hoc
781 3693 972 3751 ordine
996 3696 1097 3751 sibi
1123 3706 1439 3761 evenerunt,
1464 3698 1547 3752 vel
1575 3714 1695 3753 eve-

164 3775 303 3845 niunt,
335 3780 636 3854 frequentes
672 3785 1044 3843 confessiones
1074 3787 1235 3844 faciat
1258 3789 1472 3859 abbati,
1504 3792 1692 3861 priori,

165 3868 485 3937 spiritualibus
505 3877 768 3934 fratribus
788 3880 985 3950 quibus
1016 3881 1129 3935 haec
1151 3897 1280 3937 cura
1312 3881 1550 3952 injuncta
1587 3894 1689 3939 εει.

217 3960 497 4025 Transactis
530 3971 808 4043 plerisque
841 3973 1049 4040 diebus,
1095 3974 1139 4030 si
1188 3976 1295 4030 vita
1348 3975 1463 4045 ejus
1510 3978 1695 4033 fratri-

166 4049 260 4119 bus,
283 4067 329 4111 et
360 4058 580 4117 fratrum
612 4065 951 4121 conversatio
985 4065 1087 4124 sibi
1128 4066 1423 4138 placuerit,
1471 4083 1695 4123 monen-

167 4141 243 4199 dus
266 4159 337 4205 est
377 4168 404 4207 a
446 4156 706 4227 magistro
746 4172 844 4211 suo
878 4165 1145 4228 quatenus
1177 4168 1325 4230 roget
1366 4161 1602 4230 priorem
1641 4171 1695 4216 et

166 4232 335 4306 aliquos
368 4245 594 4316 majores
629 4246 860 4314 fratres,
898 4257 956 4303 ut
991 4258 1045 4304 et
1079 4248 1179 4321 ipsi
1218 4265 1318 4319 pro
1356 4265 1421 4305 eo
1458 4251 1690 4305 interce-

166 4324 269 4379 dant
299 4335 423 4401 apud
461 4338 712 4393 abbatem
751 4355 847 4411 pro
876 4340 1250 4397 benedictione
1285 4342 1599 4407 tribuenda,
1638 4351 1692 4396 et

167 4417 453 4483 professione
498 4430 862 4499 suscipienda.
896 4430 1048 4498 Quod
1102 4433 1148 4486 si
1197 4445 1319 4485 eum
1366 4432 1687 4488 benedicere

1722 3200 1761 3256 C

1801 1970 2137 2039 praecedente
2184 1984 2306 2024 eum
2344 1967 2605 2038 magistro
2637 1981 2776 2031 suo,
2830 1965 3120 2035 incipiente
3166 1965 3394 2018 dextero

1799 2063 1988 2127 choro,
2013 2062 2155 2117 dicat
2183 2067 2481 2116 conventus
2504 2058 2767 2129 psalmum
2808 2057 3056 2112 Miserere
3082 2057 3203 2119 mei,
3229 2055 3389 2108 Deus.

1798 2152 2043 2209 Novitius
2090 2162 2215 2209 ante
2256 2152 2426 2207 altare
2452 2152 2674 2207 veniens
2703 2164 2864 2220 super
2894 2150 3120 2221 gradum
3169 2164 3227 2203 se
3272 2163 3396 2218 pro-

1798 2253 2021 2307 sternat,
2047 2244 2301 2314 dictoque
2328 2243 2536 2313 psalmo
2563 2256 2788 2311 surgens
2817 2240 3206 2310 professionem
3241 2255 3395 2294 suam

1798 2334 1959 2405 legat,
2002 2346 2053 2388 et
2081 2348 2245 2403 super
2284 2332 2451 2387 altare
2479 2340 2659 2402 ponat.
2689 2330 2842 2399 Quod
2864 2331 2906 2387 si
2938 2332 3159 2403 ignarus
3189 2331 3396 2386 littera-

1798 2440 1914 2478 rum
1945 2435 2049 2488 est,
2083 2424 2338 2493 magister
2363 2438 2494 2481 suus
2520 2423 2681 2481 debet
2720 2439 2839 2479 eam
2869 2439 2967 2494 pro
2995 2439 3060 2479 eo
3091 2423 3290 2494 legere,
3339 2432 3395 2477 et

1797 2517 1910 2590 ipse
1940 2516 2174 2575 novitius
2215 2534 2376 2590 super
2418 2519 2584 2575 altare
2613 2533 2833 2590 ponere.
2864 2518 2981 2586 Quo
3025 2516 3191 2581 facto,
3241 2515 3395 2571 flexis

1798 2627 1979 2666 coram
2009 2611 2165 2666 altari
2197 2612 2445 2681 genibus,
2476 2611 2689 2665 veniam
2723 2618 2886 2680 petat,
2918 2618 2973 2663 et
3003 2618 3187 2679 postea
3215 2607 3280 2669 ad
3313 2607 3390 2662 lo-

1797 2718 1918 2757 cum
1956 2702 2043 2757 ubi
2085 2717 2143 2757 se
2171 2704 2464 2773 prostravit
2505 2702 2718 2757 rediens
2770 2716 2985 2756 versum
3029 2699 3248 2768 Suscipe
3287 2714 3390 2759 me.

1796 2792 2037 2858 Domine,
2067 2801 2148 2846 ter
2176 2793 2342 2858 dicat,
2392 2792 2569 2861 ibique
2597 2792 2737 2846 inter
2769 2791 3054 2847 dicendum
3089 2801 3170 2845 ter
3214 2804 3390 2859 genua

1795 2882 1973 2937 ﬂectat
1998 2900 2011 2947 ;
2043 2897 2201 2951 quem
2233 2896 2448 2935 versum
2481 2889 2561 2935 ter
2587 2889 2836 2949 repetens
2857 2887 3179 2942 conventus,
3207 2877 3393 2946 adjun-

1796 2982 1884 3042 gat
1912 2973 1978 3027 ad
2010 2972 2255 3025 ultimum
2285 2970 2466 3026 Gloria
2512 2968 2679 3036 I’atri,
2726 2968 2894 3039 Kyrie
2938 2969 3148 3030 eleison,
3193 2966 3395 3021 Christe

1795 3065 2005 3122 cleison.
2027 3061 2412 3133 Kyrieeleison,
2431 3059 2595 3113 Pater
2619 3071 2809 3114 noster.
2828 3060 3102 3114 Conventn
3130 3058 3390 3127 iucipicno

1797 3162 1868 3216 te,
1896 3150 2075 3206 Gloria
2118 3149 2299 3216 Patri,
2334 3151 2568 3205 novitius
2600 3150 2890 3204 inclinatus
2919 3148 3197 3218 pervolvat
3234 3163 3292 3201 se
3335 3148 3393 3199 in

1798 3245 2101 3307 circuitum,
2146 3255 2199 3299 et
2232 3243 2412 3298 statim
2444 3250 2751 3313 prosternat
2775 3256 2851 3296 se.
2883 3240 3085 3305 Abbas,
3132 3240 3275 3294 dicto
3319 3237 3390 3292 Et

1799 3351 1860 3389 ne
1900 3350 1991 3388 nos
2016 3335 2235 3387 inducas
2262 3336 2693 3401 intentationem,
2716 3341 2770 3388 et
2801 3347 3058 3401 responso
3099 3330 3202 3385 Sed
3223 3329 3388 3382 libera

1798 3442 1889 3480 nos
1926 3444 1956 3479 a
1984 3424 2141 3491 malo,
2171 3426 2393 3496 incipiat
2418 3427 2683 3497 psalmum
2716 3426 2790 3480 De
2830 3425 3142 3496 profundis;
3176 3440 3281 3493 quo
3332 3424 3395 3476 fi-

1797 3518 1909 3572 nito
1936 3536 1964 3572 a
1994 3526 2283 3583 conventu,
2309 3533 2431 3572 cum
2464 3517 2645 3572 Gloria
2692 3516 2859 3582 Patri,
2894 3515 3146 3584 adjungat
3172 3509 3387 3567 Salvum

1796 3609 1880 3678 fac
1906 3625 2105 3663 servum
2138 3618 2306 3674 tuum,
2343 3608 2493 3662 Mitte
2516 3611 2583 3674 ei,
2619 3609 2858 3673 Domine,
2894 3606 3151 3677 auxilian
3190 3606 3253 3658 de
3274 3622 3392 3658 san-

1795 3708 1896 3763 cto,
1938 3696 2087 3750 Nihil
2122 3698 2365 3768 proﬁciat
2396 3698 2637 3751 inimicus
2669 3697 2721 3749 in
2760 3714 2851 3761 eo,
2884 3696 3009 3749 Esto
3040 3697 3105 3759 ei,
3154 3695 3387 3755 Domine,

1795 3790 1955 3849 turris
1969 3790 2315 3858 fortitudinis,
2343 3788 2580 3854 Domine,
2627 3789 2820 3842 exaudi
2865 3788 3154 3841 orationem
3198 3801 3388 3849 uicani,

1793 3878 2049 3934 Dominus
2064 3879 2324 3934 vobiscum
2344 3896 2357 3944 ;
2375 3879 2567 3934 deinde
2579 3879 2859 3934 collectam
2878 3878 3036 3942 Deus,
3056 3877 3392 3947 indulgentia:

1797 3971 1998 4038 Pater;
2036 3973 2161 4028 item
2193 3973 2350 4027 aliam
2384 3972 2543 4038 Deus,
2586 3973 2673 4042 qui
2723 3989 2815 4041 per
2859 3982 3212 4035 cowternum;
3264 3971 3389 4024 item

1795 4067 1954 4122 aliam
1984 4066 2204 4121 Domine
2239 4066 2364 4121 Jesu
2395 4065 2616 4132 Christe,
2648 4067 2736 4137 qui
2764 4083 2815 4119 es
2841 4066 2939 4118 ria.
2981 4064 3147 4117 Dictis
3184 4065 3266 4117 his
3300 4064 3390 4115 tri-

1793 4160 1894 4213 bus
1919 4157 2157 4213 collectis
2186 4156 2409 4225 singulis
2437 4172 2557 4210 cum
2591 4157 2795 4225 integro
2828 4152 2948 4207 'Per
2987 4153 3267 4205 Dominum
3300 4169 3393 4203 no-

1793 4259 1980 4314 strum,
2005 4248 2224 4315 incipiat
2249 4248 2414 4301 abbas
2437 4247 2695 4317 hymnum
2732 4243 2877 4307 Veni,
2904 4252 3111 4295 creator
3134 4238 3384 4307 Spiritus.

1794 4338 1911 4406 Quo
1942 4355 1970 4391 a
1999 4347 2263 4394 conventu
2296 4337 2486 4392 devote
2539 4346 2593 4389 et
2623 4334 2938 4389 solemniter
2962 4331 3272 4392 decantato,
3309 4331 3391 4383 di-

1795 4438 1880 4484 cat
1908 4428 2184 4483 collectam
2217 4425 2410 4481 Sancte
2434 4424 2682 4495 Spiritus,
2719 4424 2808 4494 qui
2841 4432 2888 4476 te
2916 4422 3084 4475 Deum
3116 4437 3178 4473 ac
3209 4419 3390 4474 Domi-

168 4507 311 4566 abbati
347 4533 443 4573 non
472 4522 765 4590 placuerit,
802 4531 999 4578 statuta
1032 4522 1121 4579 die
1161 4524 1214 4578 in
1262 4524 1496 4594 capitulo
1536 4525 1688 4579 finito
1723 4536 1767 4593 ι)
1795 4536 1937 4574 num.
1971 4519 2084 4584 Qua
2117 4517 2280 4578 dicta,
2330 4523 2516 4585 surgat
2563 4514 2795 4569 novitius
2820 4554 2834 4580 ,
2880 4521 2935 4568 et
2972 4521 3191 4581 Spargat
3230 4525 3392 4579 super

168 4608 394 4671 sermone,
432 4610 481 4664 in
514 4610 633 4667 loco
663 4613 752 4667 ubi
789 4614 927 4667 solet
958 4630 1018 4670 se
1063 4625 1403 4685 prosternat,
1449 4627 1689 4686 prostra-

170 4694 323 4787 iusque
348 4712 439 4765 pro
481 4705 816 4771 Impetranda
855 4703 1231 4759 benedictione
1263 4706 1575 4775 petitionem
1614 4708 1691 4763 fa-

169 4781 269 4835 ciat.
291 4781 432 4845 .lusso
464 4807 527 4847 eo
558 4808 807 4864 surgere,
834 4806 1128 4851 narrentur
1158 4797 1206 4851 ei
1249 4814 1429 4852 rerum
1468 4800 1601 4854 dura
1638 4810 1691 4854 et

170 4871 316 4967 traria
343 4891 452 4945 qua:
490 4882 541 4935 in
572 4892 756 4938 nostro
786 4885 976 4940 ordine
1003 4900 1032 4939 a
1058 4887 1259 4942 sanctis
1295 4886 1542 4942 Patribus
1565 4898 1690 4945 sunt

172 4962 390 5023 instituta.
422 4971 518 5039 Qui
557 4975 601 5029 si
648 4975 762 5029 haec
789 4977 973 5031 omnia
1011 4984 1068 5031 et
1101 4978 1276 5033 adhuc
1321 4978 1602 5048 graviora,
1645 4979 1688 5032 si

171 5065 352 5114 necesse
380 5062 561 5131 fuerit,
589 5067 865 5121 humiliter
892 5076 947 5122 et
983 5069 1251 5138 patienter
1277 5084 1335 5123 se
1366 5068 1506 5124 ferre
1534 5086 1691 5142 para-

172 5148 261 5231 tum
288 5162 392 5204 essr
416 5159 746 5225 reSponderit
765 5200 777 5222 ,
808 5160 1106 5231 interroget
1149 5161 1316 5216 abbas
1348 5162 1689 5218 considentes

172 5227 330 5293 fratres
364 5243 483 5312 quid
509 5247 631 5303 inde
674 5249 932 5313 sentiant,
961 5227 1231 5303 etwutrum
1281 5251 1530 5320 precibus
1572 5251 1689 5321 ejus

173 5332 465 5412 {Vincendum
481 5354 596 5395 esse
618 5341 937 5397 concedant.
954 5340 1159 5411 Quibus
1172 5342 1617 5412 reSpondentibus
1631 5358 1689 5398 se

172 5407 304 5508 289
316 5419 522 5482 libenter
533 5407 1104 5505 concedere,adjungat
1122 5453 1132 5487 :
1155 5434 1220 5489 Et
1235 5407 1330 5489 nos
1343 5437 1690 5492 concedimus

174 5514 215 5601 Ψ
240 5513 426 5601 nomine
455 5519 683 5576 Domini.
714 5521 831 5590 Quo
861 5524 1004 5579 dicto
1031 5525 1191 5579 vadat
1226 5525 1291 5578 ad
1338 5527 1502 5594 pedes
1528 5528 1691 5581 abba-

176 5596 247 5657 lIS,
267 5600 337 5654 vel
361 5605 465 5673 ejus
490 5613 575 5679 qui
600 5613 776 5669 ordini
800 5624 1011 5685 prazest,
1035 5616 1079 5671 si
1102 5617 1269 5671 abbas
1292 5618 1463 5682 deest,
1493 5617 1687 5672 dehinc

175 5692 383 5785 {eversus
412 5697 460 5751 in
492 5700 678 5767 locum,
708 5705 759 5758 in
791 5721 898 5775 quo
937 5708 1137 5771 stabat,
1190 5709 1340 5761 flexis
1384 5707 1451 5761 ad
1487 5716 1687 5762 terram

176 5776 379 5848 lienibus,
406 5786 663 5850 humiliter
690 5795 905 5851 inclinet
936 5805 1059 5851 ante
1091 5806 1141 5851 et
1172 5797 1236 5851 ad
1266 5798 1509 5851 dextram
1537 5808 1590 5853 ct
1614 5798 1677 5852 ad

1793 4622 1915 4663 cum
1948 4606 2114 4661 abbas
2141 4620 2334 4677 aquam
2361 4604 2730 4669 benedictam;
2782 4619 2956 4674 eoque
2999 4610 3178 4658 stante
3222 4603 3387 4657 bene-

1793 4702 2002 4755 dicatur
2027 4698 2258 4765 cuculla,
2302 4706 2358 4753 et
2393 4705 2713 4769 aspergatur
2758 4712 2894 4765 aqua
2926 4696 3206 4752 benedicta
3234 4712 3249 4760 ;
3280 4711 3388 4765 qua

1792 4792 2070 4848 benedicta
2114 4791 2339 4847 accedat
2369 4792 2603 4846 novitius
2632 4791 2697 4844 ad
2727 4791 2977 4845 abbatem
3013 4798 3067 4842 et
3095 4789 3248 4844 ﬂexis
3295 4805 3386 4859 ge-

1794 4887 1969 4946 nibus,
2004 4895 2110 4940 stet
2134 4895 2260 4941 ante
2285 4903 2428 4950 eum,
2459 4902 2619 4955 quem
2667 4885 2846 4940 tunica
2875 4899 3079 4939 exuens
3106 4884 3273 4939 abbas
3302 4883 3361 4935 di

1793 4989 1941 5035 catzt
1966 4980 2141 5035 Exuat
2172 4989 2221 5035 te
2252 4981 2510 5034 Dominus
2540 4989 2776 5034 veterem
2808 4979 3079 5032 hominem
3105 4991 3227 5031 cum
3256 4974 3383 5027 acti-

1792 5071 1890 5125 bus
1917 5073 2049 5125 suis.
2092 5091 2108 5123 ›
2142 5072 2205 5125 Et
2232 5072 2457 5125 induens
2499 5086 2620 5124 eum
2651 5070 2856 5125 cuculla
2891 5068 3177 5137 subiungat
3205 5083 3218 5119 :
3248 5082 3264 5116 ι
3298 5063 3383 5117 ln-

1792 5162 1922 5215 tluat
1954 5171 2006 5215 te
2046 5161 2302 5216 Dominus
2346 5177 2540 5216 novum
2594 5161 2889 5225 hominem,
2945 5162 3035 5229 qui
3082 5156 3379 5212 secundum

1793 5253 1958 5305 Deum
1996 5261 2209 5305 creatus
2229 5259 2311 5305 est
2333 5252 2384 5305 in
2406 5250 2640 5319 justitia,
2668 5262 2722 5304 et
2742 5251 3030 5305 sanctitate
3059 5246 3322 5301 veritatis.
3358 5264 3376 5295 ι

1790 5341 1871 5393 Ad
1888 5349 2172 5410 utrumque
2198 5341 2554 5411 respondeant
2573 5340 2851 5393 audientes
2873 5336 3090 5399 fratres,
3115 5355 3132 5385 ‹
3151 5336 3375 5388 Amen»

1793 5430 2163 5501 Subseqnatur
2196 5448 2358 5502 super
2406 5447 2527 5487 eum
2576 5432 2727 5487 flexis
2778 5430 3001 5500 genibus
3068 5427 3381 5481 inclinatum

1792 5523 1975 5578 Oratio
2018 5524 2159 5578 Deus
2204 5526 2493 5579 misericors
2519 5567 2532 5589 ,
2594 5526 2731 5581 Deus
2778 5522 3020 5576 clemens.
3064 5520 3179 5586 Qua
3213 5520 3379 5587 dicta,

1791 5616 2059 5671 osculetur
2094 5634 2213 5671 cum
2260 5618 2445 5679 abbas,
2496 5617 2721 5671 induens
2748 5624 2909 5685 caput
2952 5613 3065 5683 ejus
3114 5615 3376 5684 capntio;

1792 5707 1985 5761 dehinc
2028 5708 2253 5762 ducatur
2298 5724 2391 5776 per
2433 5710 2653 5762 chorum
2700 5710 2765 5763 ad
2811 5709 3158 5763 osculandum
3191 5723 3393 5763 enices.

1794 5798 2011 5864 fratres,
2044 5798 2262 5854 ultimus
2292 5799 2600 5856 collocetur.
