3864 6300
433 361 539 417 50⁸5

1465 364 1521 417 Β.
1559 363 1946 421 ιΑΝιτιιΑΝαι
1994 361 2342 418 CANTUAR.
2380 361 2703 417 ARCHIEP.

3582 359 3678 415 585

501 482 698 551 Tribus
755 478 942 534 diebus
1004 478 1433 533 communionem
1494 480 1737 547 corporis
1785 489 1832 533 et
1891 494 2013 534 san-
2042 476 2287 532 Adincm
2333 476 2587 540 tenentis,
2618 473 2779 542 petita
2814 470 3207 536 benedictione,
3257 469 3415 525 luetis
3463 481 3518 525 et
3564 486 3682 540 pro-

427 571 603 642 guinis
642 568 840 624 Ch‘risti
885 567 1134 634 accipiat.
1177 564 1361 619 Tertia
1389 566 1477 621 die
1515 568 1579 620 ad
1622 582 1805 634 pacem
1834 568 2008 635 missae

427 659 638 715 auferat
661 657 712 711 ei
746 655 1017 725 caputium
1044 656 1111 709 de
1140 654 1314 723 capite
1356 654 1544 718 abbas,
1593 654 1676 707 vel
1710 654 1796 708 cui
1842 653 2008 708 abbas

424 748 762 818 przeeeperit,
791 746 836 801 si
877 746 992 814 ipse
1035 744 1085 799 id
1133 746 1362 800 faciendi
1410 745 1856 814 Opportunitatem
1901 760 2005 797 non

425 840 607 893 habet.
655 838 799 892 Ante
848 837 988 891 hanc
1032 836 1244 901 horam,
1292 852 1360 892 ex
1395 850 1501 905 quo
1548 836 1859 891 benedictus
1904 845 2002 897 est,

422 945 692 985 summum
726 929 996 985 silentium
1043 936 1259 993 teneat;
1306 929 1372 983 de
1420 928 1673 998 capitulo,
1726 927 1866 984 facto
1894 945 2009 984 ser-

423 1034 603 1083 mone,
635 1029 813 1083 exeat,
855 1020 921 1075 ad
966 1019 1364 1089 processionem
1415 1033 1519 1072 non
1573 1019 1757 1084 vadat,
1798 1019 2008 1075 cuculla

423 1112 935 1168 iudutuseucullato
956 1112 1133 1180 capite
1155 1111 1403 1165 dormiat.
1426 1110 1483 1164 In
1510 1112 1687 1180 primo
1716 1120 1895 1165 autem
1918 1128 2010 1167 ca-

421 1203 616 1271 pitulo,
647 1217 756 1272 quo
781 1203 829 1257 ei
861 1202 985 1257 licet
1014 1202 1179 1271 loqui,
1211 1203 1367 1258 debet
1404 1202 1663 1271 magister
1703 1200 1818 1270 ejus
1846 1203 1913 1257 de
1943 1218 2007 1260 eo

424 1295 741 1350 memoriam
772 1294 973 1350 [rabere
992 1309 1173 1353 coram
1204 1294 1425 1359 abbate,
1448 1293 1633 1348 dicens
1661 1312 1673 1346 :
1708 1311 1731 1345 ι
1760 1294 2013 1360 Domine,

427 1387 471 1440 si
500 1386 736 1456 placeret
760 1385 913 1439 vobis
935 1384 1245 1454 praecipere,
1281 1391 1461 1453 posset
1492 1383 1593 1438 iste
1616 1382 1784 1438 frater
1811 1384 1878 1438 ab
1904 1384 2006 1439 hac

423 1476 511 1531 die
546 1476 599 1530 in
626 1484 784 1531 antea
809 1476 987 1543 legere
1013 1483 1067 1528 et
1094 1481 1315 1527 cantare
1339 1472 1393 1527 in
1433 1481 1724 1539 conventu,
1755 1472 1896 1528 sicut
1915 1472 2007 1527 alii

425 1570 660 1623 fratres:
694 1588 713 1620 ι
764 1566 1121 1637 respondente
1162 1565 1356 1618 abbate
1400 1582 1413 1617 :
1457 1584 1474 1615 ι
1512 1563 1694 1617 Faciat
1740 1578 1861 1618 cum
1911 1564 2003 1618 Dei

424 1660 821 1724 benedictione,
859 1679 877 1710 ›
917 1659 1133 1713 inclinet
1173 1658 1284 1726 ipse
1306 1658 1543 1713 novitius
1568 1657 1641 1711 ad
1661 1658 1909 1713 abbatem
1941 1658 2008 1712 de

426 1752 542 1806 loco
570 1751 623 1804 in
654 1765 760 1821 quo
792 1750 961 1805 sedet.

2112 566 2369 620 nuntiatis
2413 580 2533 634 quae
2569 564 2675 631 legi
2714 571 2764 618 et
2823 561 3154 617 considerari
3197 562 3678 629 consuetudinea,

2112 656 2252 711 facto
2278 668 2550 718 sermone,
2577 653 2721 709 dicto
2746 671 2764 705 ι
2798 653 3105 724 Loquamur
3127 651 3194 708 de
3214 652 3408 708 ordine
3433 663 3635 721 nostro,
3654 676 3673 708 ι

2108 749 2154 803 si
2177 748 2438 804 clamatur
2459 746 2655 815 aliquis
2672 745 2762 814 qui
2788 758 3070 798 commune
3097 760 3219 798 cum
3246 759 3379 809 uno,
3400 754 3500 800 aut
3525 745 3680 814 pluri-

2107 839 2206 895 bus
2230 853 2425 895 nomen
2446 838 2640 893 habeat
2655 836 2758 892 nisi
2786 836 3025 891 clamans
3050 836 3123 891 ita
3148 836 3420 892 discernat
3439 845 3498 893 et
3514 837 3681 893 deter»

2109 929 2277 985 minet
2301 936 2360 983 ut
2387 928 2530 983 nulla
2557 926 2821 981 dubitatio
2850 926 3019 996 possit
3046 940 3186 992 esse,
3217 940 3411 981 omnes
3434 929 3531 997 qui
3553 928 3680 998 ejus

2109 1019 2231 1073 dem
2261 1018 2494 1072 nominis
2516 1027 2657 1080 sunt,
2684 1014 2838 1083 cujus
2856 1025 2938 1069 est
2956 1014 3044 1069 ille
3068 1015 3162 1084 qui
3181 1015 3476 1083 clamatur,
3506 1017 3685 1073 statin

2109 1110 2305 1167 debent
2325 1118 2632 1180 surgere,et
2655 1109 2721 1164 ad
2743 1109 2925 1163 venias
2950 1108 3226 1164 humiliter
3242 1125 3303 1165 se
3331 1119 3685 1179 pramature,

2108 1203 2276 1259 donec
2324 1202 2585 1258 clamatur
2624 1203 2980 1257 determinate
3025 1201 3191 1272 eligat
3233 1201 3300 1256 de
3351 1217 3465 1270 quo
3507 1200 3681 1265 dicat;

2109 1292 2224 1361 ipsa
2251 1300 2429 1348 autem
2456 1291 2833 1346 determinatio
2858 1290 2928 1345 ab
2954 1290 3253 1356 ordinibus,
3297 1290 3384 1345 vel
3409 1289 3623 1355 ofﬁciis,
3643 1291 3683 1343 si

2108 1382 2279 1451 possit
2300 1380 2611 1447 fieri,debet
2637 1397 2759 1438 esse
2782 1383 2883 1437 hoc
2912 1382 3074 1438 modo
3103 1401 3116 1436 :
3144 1382 3386 1438 Domnus
3410 1382 3688 1437 Eduardus

2108 1472 2390 1542 presbiter,
2441 1472 2718 1537 diaconus,
2751 1472 3134 1534 subdiaconus.
3173 1471 3539 1536 secretarius,
3571 1486 3656 1525 ma

2109 1563 2276 1631 gistcr
2295 1561 2602 1626 infantium,
2628 1562 3004 1634 veljuvcnum,
3025 1564 3104 1618 vel
3133 1563 3335 1632 aliquid
3354 1561 3681 1631 bujusmodi,

2110 1668 2214 1707 non
2261 1653 2689 1718 archidiaconus,
2724 1669 2828 1707 non
2869 1652 3274 1720 Londoniensis,
3331 1668 3441 1708 non
3492 1652 3683 1721 aliqui:

2110 1744 2551 1813 cognominatum
2572 1745 2635 1798 de
2661 1744 2876 1799 sarculo.

495 1843 575 1897 Ex
596 1808 687 1897 illa
707 1843 790 1897 die
814 1841 1181 1911 cujuscunque
1198 1841 1403 1894 ordinis
1427 1840 1497 1894 sit
1521 1840 1711 1895 habeat
1733 1840 2004 1895 licentiam
2039 1808 2082 1865 Β
2179 1835 2449 1891 Clamator
2471 1877 2487 1900 ,
2519 1836 2565 1890 ei
2607 1851 2765 1903 super
2793 1850 2953 1904 quem
2979 1835 3332 1890 clamatorem
3369 1833 3463 1906 [[2,
3491 1835 3686 1889 clamo-

424 1932 761 2002 exsequendi-
786 1932 966 1986 omnia
995 1947 1113 2000 qua:
1141 1932 1223 1985 sui
1253 1930 1459 1985 ordinis
1488 1938 1634 1993 sunt,
1682 1929 1783 1983 nisi
1826 1929 1898 1985 sit
1923 1944 2008 1985 sa-

426 2024 641 2089 cerdos,
690 2023 789 2093 ipsi
831 2023 974 2077 enim
1025 2021 1166 2075 infra
1210 2021 1442 2091 primum
1490 2020 1855 2076 conversionis
1899 2034 2010 2074 suae

415 2130 625 2173 annum
654 2115 874 2169 missam
902 2111 1176 2168 celebrare
1229 2126 1335 2167 non
1368 2110 1515 2176 licet,
1563 2111 1665 2164 nisi
1711 2111 1766 2165 in
1813 2109 2010 2165 sxeculo

424 2205 671 2275 probatze
687 2204 954 2260 castitatis
980 2202 1160 2268 fuerit,
1187 2212 1239 2259 et
1262 2203 1430 2258 abbas
1450 2217 1558 2272 pro
1589 2202 1692 2257 hac
1715 2216 1773 2256 re
1799 2202 2009 2271 specia-

424 2298 526 2354 lem
554 2298 604 2352 ei
635 2297 905 2353 licentiam
937 2296 1171 2351 dederit.

493 2390 812 2447 Offerendus
832 2405 991 2460 puer,
1016 2389 1155 2444 facta
1179 2389 1278 2444 sibi
1309 2389 1457 2459 prius
1499 2402 1722 2453 corona,
1760 2387 2009 2442 manibus

421 2492 644 2553 portans
678 2484 932 2549 hostiam,
955 2493 1009 2538 et
1037 2482 1258 2538 calicem
1280 2496 1399 2537 cum
1424 2481 1568 2545 vino,
1592 2480 1729 2535 sicut
1754 2495 1871 2535 mos
1900 2490 2005 2545 est,

422 2586 544 2646 post
592 2576 925 2646 evangelium
977 2574 1243 2630 sacerdoti
1290 2577 1383 2643 qui
1433 2572 1655 2628 missam
1708 2570 2003 2627 celebrata

422 2669 735 2737 parentibus
771 2668 1051 2724 offeratur.
1084 2668 1197 2735 Qua
1229 2667 1501 2724 oblatione
1530 2682 1559 2719 a
1593 2665 1869 2721 sacerdote
1889 2680 2006 2721 sus-

423 2769 597 2829 cepta,
633 2759 903 2814 involvunt
959 2759 1199 2827 prtedicti
1245 2766 1495 2827 parentes
1522 2772 1714 2812 manus
1752 2758 1905 2826 pueri
1951 2758 2040 2811 in-

423 2851 593 2921 palla,
616 2865 722 2919 qua
748 2850 917 2903 altare
946 2858 1257 2918 coopertum
1295 2856 1397 2912 est,
1427 2857 1479 2903 et
1522 2848 1676 2917 cujus
1704 2862 1828 2916 pars
1853 2856 2005 2902 ante-

426 2942 537 2993 rius
572 2940 788 3007 pendet,
819 2947 868 2992 et
902 2949 1027 2991 tunc
1051 2938 1308 3006 suscipiat
1338 2954 1458 2992 eum
1491 2938 1673 2993 abbas.
1698 2938 1815 3006 Quo
1840 2937 2005 3002 facta,

426 3031 632 3101 pt'ml‘dll
682 3037 933 3098 parentes
978 3043 1158 3082 coram
1199 3028 1303 3081 Deo
1327 3037 1382 3082 et
1425 3028 1627 3082 sanctis
1668 3030 1782 3098 ejus
1823 3028 2005 3084 statim

2112 1924 2249 1997 rem]
2272 1924 2424 1990 facit,
2454 1926 2505 1979 in
2540 1926 2654 1995 ipso
2690 1923 2926 1993 capitulo
2960 1921 3218 1992 judicium
3252 1939 3359 1977 non
3384 1922 3577 1976 faciat.
3605 1920 3687 1975 ln-

2112 2025 2414 2087 terrogatus
2454 2032 2602 2081 more
2633 2032 2658 2071 s
2680 2016 2810 2079 ιΙὶῑθ,
2846 2016 2939 2085 qui
2981 2015 3363 2084 prosternitur,
3386 2014 3479 2067 .ad
3509 2026 3690 2067 omnes

2110 2107 2293 2162 venias
2322 2126 2339 2158 ι
2373 2106 2487 2161 Mea
2520 2106 2675 2175 culpa
2703 2093 2864 2172 dicat,
2914 2123 2935 2157 ι
2966 2113 3194 2175 excepto
3220 2117 3344 2158 cum
3370 2092 3689 2157 societatem

2107 2198 2364 2269 postulat,
2398 2209 2490 2253 aut
2519 2197 2838 2253 obedientiae
2861 2194 3285 2257 absolutionem,
3308 2201 3408 2247 aut
3437 2207 3568 2247 cum
3598 2191 3684 2243 alis

2109 2288 2230 2357 quis
2242 2289 2409 2343 frater
2430 2288 2706 2342 minimam
2720 2287 2871 2355 petit,
2885 2300 2983 2354 pro
2996 2299 3096 2339 suo
3117 2283 3446 2354 propinquo,
3464 2281 3689 2339 noviter,

2108 2391 2456 2451 ctpostquant
2480 2380 2544 2433 ad
2567 2380 2810 2434 ordinem
2834 2374 3272 2438 venitdefttncto,
3288 2384 3449 2445 palm
3468 2372 3689 2443 scilicet,

2109 2483 2301 2535 matre,
2332 2472 2529 2534 fratre,
2556 2483 2759 2534 sorore,
2805 2468 2889 2524 vel
2914 2482 3037 2522 cum
3067 2480 3226 2531 unus,
3255 2473 3350 2518 aut
3377 2464 3573 2533 plures
3600 2476 3694 2531 pro

2109 2577 2174 2617 eo
2207 2562 2297 2631 qui
2332 2562 2383 2614 in
2415 2560 2593 2628 gravis
2618 2558 2786 2627 culpa:
2820 2556 3191 2612 satisfactione
3215 2555 3430 2625 positus
3464 2564 3572 2619 eat,
3603 2555 3688 2606 mi-

2110 2651 2460 2709 sericordiam
2486 2657 2696 2719 petunt,
2727 2648 2955 2702 vel‘cum
2980 2646 3174 2715 aliquis
3198 2644 3368 2699 frater
3394 2644 3455 2699 in
3484 2640 3703 2714 longum

2111 2744 2212 2798 iter
2240 2740 2580 2812 profecturus
2606 2748 2704 2804 est,
2738 2745 2832 2793 aut
2873 2752 2997 2793 cum
3020 2737 3218 2807 aliquid
3248 2751 3511 2804 magnum
3540 2744 3597 2789 et
3620 2750 3690 2787 ar»

2109 2834 2295 2896 duum,
2326 2839 2381 2886 et
2417 2829 2529 2884 suis
2551 2829 2755 2884 viribus
2777 2830 2951 2898 impar
2984 2827 3137 2881 fratri
3168 2825 3509 2896 iniungitur;
3545 2825 3597 2878 in
3617 2823 3693 2877 his

2109 2931 2162 2976 et
2208 2922 2260 2976 in
2295 2919 2622 2990 bujusmodi,
2656 2918 2758 2973 hoc
2783 2918 2947 2974 modo
2971 2916 3362 2986 respondetur:
3400 2933 3421 2966 ι
3461 2914 3556 2969 Dei
3599 2913 3688 2967 mi.

2111 3012 2482 3077 serieordiam,
2530 3021 2585 3066 et
2628 3020 2864 3066 vestram
2908 3010 3144 3081 requiro,
3182 3015 3237 3063 et
3276 3008 3509 3063 obsecro
3533 3047 3551 3071 ,
3599 3026 3617 3057 ο
3644 3014 3692 3057 et

429 3100 745 3190 promittant
775 3120 915 3188 quod
947 3135 1045 3188 per
1066 3135 1149 3184 se,
1180 3130 1273 3173 aut
1302 3137 1327 3172 a
1358 3135 1417 3174 se
1461 3121 1789 3189 suppositam
1816 3136 2004 3190 perso-

2115 3114 2331 3168 cattera,
2360 3105 2501 3158 sicut
2526 3106 2663 3158 ratio
2693 3106 2800 3171 rei,
2828 3120 2924 3174 pro
2950 3120 3054 3173 qua
3080 3103 3301 3173 petitur,
3332 3100 3597 3172 postulat.

428 3224 552 3263 nam
601 3218 905 3279 susceptura
951 3209 1192 3264 ordinem
1240 3225 1373 3278 puer
1402 3224 1675 3278 nunquam
1722 3212 2008 3279 relinquat,

429 3316 604 3370 neque
626 3316 685 3356 se
706 3302 753 3355 ei
777 3301 974 3370 aliquid
1001 3300 1234 3357 scienter
1254 3303 1493 3363 daturos.
1514 3301 1653 3356 unde
1674 3317 1824 3370 puer,
1849 3302 2012 3373 290

427 3394 569 3463 quod
600 3393 778 3448 absit!
812 3393 991 3463 perire
1024 3394 1229 3463 possit;
1262 3394 1399 3448 hanc
1425 3394 1834 3462 promissionem
1865 3397 2010 3465 prius

428 3482 685 3551 scriptam
713 3497 895 3537 coram
927 3482 1152 3538 testibus
1188 3483 1370 3539 verbis
1406 3482 1478 3537 ibi
1508 3483 1658 3554 prius
1684 3483 1914 3547 edicant,
1958 3494 2013 3539 et

427 3583 611 3643 postea
645 3589 808 3642 super
839 3574 1009 3628 altare
1044 3583 1265 3644 ponant.

500 3662 592 3716 llis
620 3664 867 3731 expletis,
902 3666 1182 3720 benedicat
1208 3667 1373 3722 abbas
1400 3667 1685 3732 cucullum,
1732 3662 1785 3722 et
1807 3682 2011 3722 exuens

426 3768 653 3821 puerum
699 3767 887 3822 cappa,
936 3754 1019 3807 vel
1065 3755 1307 3822 pellibus,
1354 3756 1438 3811 vel
1483 3755 1658 3826 aliqua
1707 3757 2010 3826 bujusmodi

431 3840 735 3912 chlamyde,
763 3842 944 3897 dicat:
975 3859 993 3893 ε
1029 3842 1199 3896 Exuat
1227 3853 1278 3899 te
1309 3843 1565 3900 Dominus
1579 3856 1812 3901 veterem
1838 3846 2012 3901 homi-

432 3947 576 3997 nem,
608 3952 625 3984 ι
668 3942 729 3987 ut
770 3947 952 4003 supra,
1002 3943 1058 3989 et
1104 3935 1331 3989 induens
1366 3950 1487 3989 eum
1520 3938 1751 4003 cuculla,
1796 3938 2014 4007 subjun-

432 4030 565 4091 gat:
593 4041 610 4072 ‹
643 4022 836 4077 lnduat
883 4032 933 4079 te
986 4024 1245 4081 Dominus
1284 4043 1478 4081 novum
1534 4027 1835 4093 hominem,
1893 4047 1910 4078 ι
1958 4038 2012 4082 et

437 4120 656 4166 ca‘tcra.
707 4113 912 4169 Dehinc
953 4114 1185 4169 ducatur
1222 4116 1288 4170 ad
1337 4117 1631 4171 radendum
1671 4127 1727 4172 et
1779 4120 2013 4173 vestiet}.

429 4201 582 4265 dum,
621 4203 762 4258 sicut
790 4204 959 4259 nostri
985 4204 1193 4260 ordinis
1218 4207 1552 4261 consuetudo
1575 4216 1677 4261 est.
1724 4207 1858 4262 Cum
1886 4223 2013 4264 vero

428 4293 608 4347 adulta
645 4302 804 4349 relate
840 4294 1085 4351 facturus
1132 4296 1522 4366 professionem
1573 4296 1755 4363 fuerit,
1797 4298 1925 4352 fiant
1963 4299 2011 4353 ei

428 4393 655 4449 caetera,
715 4398 833 4454 qua:
875 4387 1121 4457 superius
1172 4387 1371 4444 debere
1425 4389 1545 4444 fieri
1591 4404 1851 4445 converso
1899 4389 2009 4457 jam

428 4472 701 4538 diximus;
732 4474 833 4530 hoc
859 4478 1020 4543 enim,
1046 4480 1186 4546 quod
1211 4479 1368 4534 modo
1417 4479 1615 4534 factum
1667 4491 1771 4545 est,
1825 4482 2007 4537 iterari

428 4581 532 4619 non
566 4577 796 4634 Oportet.

997 4701 1224 4757 CAPUT
1261 4702 1448 4757 XVlll.

915 4820 987 4873 De
1010 4822 1237 4890 capitulo
1269 4823 1515 4893 regulari.

496 4934 655 4989 Omni
679 4935 985 4990 dietninimi
1014 4937 1172 5006 signi,
1200 4938 1267 4992 ad
1286 4938 1671 5005 designandum
1696 4938 2007 5006 capitulum,

424 5024 719 5093 incipiente
744 5039 896 5090 sono,
930 5025 1126 5081 fratres
1154 5041 1344 5081 omnes
1392 5027 1483 5097 qui
1530 5026 1718 5081 sedent
1748 5027 1801 5080 in
1844 5027 2019 5081 choro.

424 5115 606 5170 statim
631 5130 872 5198 surgere,
904 5125 958 5171 et
998 5116 1134 5170 versi
1165 5118 1229 5171 ad
1260 5117 1523 5171 orientem
1568 5116 1781 5170 interim
1815 5115 2012 5169 debent

424 5211 599 5268 stare;
657 5204 855 5260 fratres
893 5218 1145 5275 quoque,
1191 5206 1280 5274 qui
1337 5205 1531 5260 alicubi
1582 5205 1633 5258 in
1684 5205 2017 5259 monasterio

426 5302 577 5359 sunt,
611 5296 835 5349 chorum
888 5297 1107 5350 intrare.
1152 5294 1339 5351 Nullus
1360 5310 1544 5351 eet-um
1584 5295 1778 5350 librum
1811 5303 2008 5359 teneat,

428 5382 606 5438 nullus
638 5386 690 5439 in
720 5386 857 5442 libro
884 5388 1083 5456 aliquid
1110 5387 1270 5459 legat,
1301 5398 1394 5440 aut
1431 5386 1718 5456 inspiciat;
1752 5386 1927 5439 nullus
1958 5386 2009 5439 in

426 5472 662 5529 claustro
688 5494 785 5546 pro
814 5479 1053 5548 qualibet
1080 5480 1365 5534 occasione
1396 5491 1521 5532 tunc
1559 5477 1783 5542 sedeat;
1827 5476 2013 5546 praedi-

426 5563 501 5615 cti
528 5565 663 5634 signi
695 5580 946 5624 cessante
976 5572 1178 5635 sonitu,
1221 5570 1611 5640 praecedentem
1658 5570 1888 5636 priorem
1930 5583 2016 5621 se-

431 5664 669 5722 quantur
704 5660 816 5722 alii,
846 5662 985 5715 sicut
1014 5672 1096 5717 est
1122 5663 1255 5717 ordo
1285 5659 1657 5717 conversionis
1686 5674 1893 5713 eorum.

502 5742 915 5803 Consideutibus
945 5750 1199 5806 fratribus
1245 5751 1297 5805 in
1324 5748 1575 5820 capitulo,
1602 5749 1667 5805 ad
1698 5757 1884 5805 nutum
1923 5766 2015 5811 or-

2186 3194 2548 3264 Suscepturus
2564 3195 2850 3264 judicium,
2873 3204 2966 3248 aut
2996 3193 3398 3263 solagrossiori
3429 3191 3585 3263 virga
3608 3204 3687 3245 sua

2111 3303 2207 3359 per
2227 3288 2548 3345 stamineum
2575 3288 2908 3353 verberetur,
2950 3297 3006 3341 et
3036 3294 3339 3356 prostratus
3360 3285 3569 3354 jaceat,
3610 3294 3690 3335 aut

2110 3378 2353 3448 pluribus
2384 3378 2756 3447 gracilioribus
2779 3379 2961 3447 virgis,
2979 3388 3033 3433 et
3057 3376 3229 3432 nudus
3258 3376 3469 3441 sedeat,
3493 3383 3686 3429 utrum-

2113 3484 2217 3539 que
2248 3470 2312 3521 ad
2346 3469 2627 3523 arbitrium
2658 3468 2774 3537 ejus
2800 3471 2889 3539 qui
2916 3478 3112 3539 praeest
3134 3468 3334 3534 ordini,
3355 3468 3691 3523 considerata

2112 3557 2370 3627 qualitate
2426 3568 2480 3611 et
2506 3558 2805 3627 quantitate
2834 3558 3021 3628 culpae,
3051 3558 3181 3611 dum
3205 3557 3507 3626 corporalis
3539 3555 3689 3611 disci-

2111 3648 2253 3718 plina
2280 3649 2528 3714 infertur,
2557 3650 2752 3705 fratres
2797 3665 2984 3705 onmes
3014 3649 3269 3705 inclinato
3299 3649 3480 3719 capite
3502 3648 3688 3702 debent

2113 3756 2251 3806 esse,
2275 3751 2329 3794 et
2353 3742 2441 3811 pio
2465 3753 2520 3797 et
2548 3739 2789 3794 fraterno
2828 3739 3023 3795 affectu
3057 3739 3493 3808 compassiouetn
3537 3750 3689 3804 super

2113 3847 2235 3887 eum
2261 3832 2478 3887 habere.
2505 3832 2724 3887 Interim
2770 3833 2823 3886 in
2869 3831 3102 3901 capitulo
3138 3845 3298 3886 neruo
3342 3830 3504 3886 debet
3532 3829 3686 3901 loqui,

2114 3936 2271 3977 nemo
2301 3922 2367 3976 ad
2399 3922 2546 3976 illum
2576 3922 2821 3992 aspicere
2861 3922 3101 3992 exceptis
3144 3922 3397 3993 gravibus
3422 3922 3684 3992 personis,

2113 4013 2306 4082 quibus
2333 4014 2456 4069 licet
2476 4030 2571 4084 pro
2594 4029 2659 4069 eo
2681 4014 3032 4069 intercedere.
3056 4013 3353 4081 Clamatus,
3383 4030 3552 4085 super
3577 4029 3685 4070 eum

2114 4122 2144 4160 a
2172 4122 2277 4176 quo
2298 4106 2691 4171 clamatusest,
2720 4107 2771 4161 in
2802 4106 2917 4177 ipso
2941 4106 3175 4177 capitulo
3197 4106 3492 4161 clamorem
3522 4106 3691 4162 facere

2117 4194 2221 4252 non
2244 4197 2387 4264 licet,
2416 4196 2752 4267 disciplinam
2775 4196 3112 4268 corporalem
3138 4194 3358 4261 inferat,
3384 4196 3689 4265 quicunque

2117 4285 2202 4340 ille
2235 4287 2301 4340 sit
2332 4285 2418 4341 cui
2448 4287 2515 4341 ab
2544 4286 2743 4340 abbate
2770 4285 2861 4340 vel
2883 4282 3062 4355 priore
3111 4283 3426 4355 injungitur,
3467 4285 3571 4339 hoc
3603 4284 3687 4337 ob-

2115 4387 2359 4443 servato,
2388 4392 2455 4432 ne
2490 4376 2786 4432 infantibus
2824 4375 2908 4431 vel
2932 4375 3237 4444 juvenibus,
3270 4382 3367 4429 aut
3398 4374 3617 4429 novitiis
3640 4370 3685 4424 id

2043 4487 2087 4540 ε)
2115 4471 2292 4525 facere
2328 4467 2672 4540 injungatur;
2708 4482 2866 4522 nemo
2896 4466 2968 4521 ibi
3016 4482 3140 4523 cum
3170 4480 3298 4532 uno,
3328 4476 3423 4520 aut
3459 4464 3687 4535 pluribus

2115 4567 2321 4614 secreto
2355 4550 2623 4628 loquatur,
2655 4557 2915 4627 quidquid
2963 4555 3087 4627 quis
3128 4555 3368 4627 loquitur
3408 4570 3442 4609 ει
3492 4566 3686 4611 rectore

2113 4651 2336 4716 ordinis,
2376 4661 2427 4703 et
2450 4666 2481 4704 a
2506 4660 2615 4704 toto
2644 4658 2911 4705 conventu
2933 4648 3201 4702 audiatur.

2183 4744 2373 4799 Sermo
2402 4752 2606 4796 tantum
2643 4742 2713 4796 sit
2739 4741 2804 4795 de
2833 4740 3072 4805 utilibus,
3102 4749 3157 4795 et
3188 4742 3254 4795 de
3284 4740 3350 4795 iis
3379 4756 3503 4809 qua:
3523 4737 3587 4793 ad
3604 4751 3684 4791 or-

2113 4833 2291 4888 dinem
2339 4835 2639 4903 pertinent,
2671 4832 2923 4901 loquente
2954 4839 3303 4914 uno'taceant
3350 4830 3485 4896 alii;
3534 4828 3683 4884 verba

2111 4925 2378 4995 loquentis
2404 4938 2561 4978 nemo
2591 4924 2945 4992 interrumpat
2974 4932 3171 4990 przeter
3210 4936 3333 4976 eum
3379 4921 3479 4993 qui
3521 4927 3689 4974 rector

2112 5025 2195 5072 est
2228 5000 2457 5081 ordinis,
2493 5014 2577 5069 cui
2624 5013 2746 5068 licet
2789 5013 3024 5083 loquenti
3069 5013 3368 5084 pnecipere
3414 5022 3473 5067 ut
3514 5012 3679 5067 sileat:

2112 5109 2156 5163 si
2187 5109 2321 5162 forte
2360 5108 2408 5163 ei
2436 5122 2614 5161 sermo
2647 5107 2732 5161 ille
2761 5105 3080 5175 superfluus,
3113 5115 3170 5161 et
3194 5105 3401 5162 inutilis
3430 5106 3681 5161 videatur.

2113 5198 2341 5254 Rcctore
2352 5199 2557 5254 ordinis
2580 5197 3217 5268 incipienteloqui,etiam
3240 5197 3286 5251 si
3308 5196 3681 5268 aliquisloque-

2114 5303 2292 5358 batur,
2319 5300 2511 5358 taceat,
2530 5299 2583 5346 et
2605 5291 2671 5345 ab
2695 5290 2945 5344 omnibus
2981 5290 3257 5345 silentium
3288 5304 3551 5345 sumntum
3578 5286 3681 5340 fiat.

2705 5381 2931 5438 CAPUT
2966 5380 3105 5436 XIX.

2370 5475 2429 5530 Si
2457 5475 2571 5543 quis
2602 5473 2766 5541 frater
2792 5472 2972 5525 altiori
3003 5471 3172 5540 gradu
3212 5470 3450 5524 donetur.

2188 5566 2244 5621 Si
2276 5566 2449 5636 placet
2494 5564 2671 5618 abbati
2704 5563 2935 5632 aliquem
2969 5562 3193 5616 fratrem
3221 5577 3319 5631 pro
3347 5561 3457 5616 suis
3486 5556 3676 5612 meritis

2118 5657 2404 5719 honorare,
2438 5665 2490 5708 et
2517 5653 2854 5709 considerata
2887 5666 3129 5722 person-.13
3156 5651 3276 5721 ejus
3318 5651 3605 5705 honestate.
3631 5646 3681 5695 in

2120 5745 2381 5817 superiori
2410 5746 2525 5800 loco
2556 5754 2814 5810 statuere,
2842 5743 3043 5808 audito,
3072 5742 3241 5798 frater
3266 5742 3377 5808 i‘lle,
3407 5741 3472 5797 ab
3498 5735 3678 5793 abbate
