3864 6300
126 348 218 404 505
1076 341 1394 400 DECRETA
1430 343 1566 402 PRO
1605 343 1861 403 0RDlNE
1895 349 1952 405 S.
1993 351 2371 412 BENEDICTI.

123 461 321 514 sedente
352 454 680 525 incapitaln,
711 454 787 509 Itc
831 455 1078 525 superius
1126 458 1313 513 sedere
1351 458 1505 527 juxta
1538 460 1685 515 illum
1716 473 1763 528 Α

124 554 322 607 fratrem
349 566 364 614 ;
396 549 581 603 statim
612 563 839 618 surgens
865 551 931 602 ad
970 550 1132 618 pedes
1163 551 1374 606 abbatis
1411 552 1586 619 vadat,
1634 562 1689 629 et

124 650 288 713 postea
315 637 381 693 ad
422 638 602 693 locum
632 639 721 693 ubi
751 639 799 692 ei
831 639 1140 710 praecipitur
1162 656 1366 695 sessum
1395 650 1603 714 pergat,
1633 652 1688 698 et

122 750 175 787 ex
204 731 284 786 illa
328 730 414 786 die
451 730 614 802 291
666 729 718 784 in
760 732 1123 797 monasterio,
1156 743 1212 787 et
1257 735 1604 803 processione
1634 743 1688 790 et

122 822 385 877 rcfectorio
416 822 592 891 ipsum
626 820 798 877 locum
839 822 1075 885 habeat;
1124 822 1318 878 laicum
1365 840 1685 880 conversum

120 916 289 968 beatus
336 913 665 969 Benedictus
712 930 817 968 non
854 915 1092 985 praecipit
1139 915 1315 971 taliter
1358 919 1685 988 promoveri.

122 1004 167 1056 Si
194 1013 364 1058 tamen
403 1004 590 1058 abbati
634 1020 950 1074 promovere
985 1021 1107 1060 eum
1156 1006 1434 1077 placuerit,
1488 1008 1685 1077 locum,

121 1106 259 1161 quem
284 1090 337 1145 in
376 1091 617 1161 capitulo
642 1094 887 1164 suscipit,
923 1094 976 1149 in
1012 1093 1300 1152 refectorio
1331 1098 1494 1152 etiam
1535 1106 1685 1154 tene-

120 1180 207 1245 bit,
238 1183 286 1236 in
321 1184 660 1239 monasterio
695 1199 844 1253 vero,
888 1194 941 1241 et
976 1188 1342 1256 processione,
1389 1204 1550 1259 super
1594 1205 1688 1246 eos

122 1288 385 1331 conversos
409 1290 539 1331 esse
577 1276 875 1345 jubebitur,
924 1280 1117 1351 quibus
1168 1280 1334 1336 frater
1377 1281 1485 1349 ille,
1535 1283 1689 1355 juxta

121 1379 260 1435 quem
288 1364 465 1420 locum
498 1367 683 1432 habet,
715 1369 863 1438 prior
890 1384 1011 1424 esse
1039 1369 1391 1439 dignoscitur.

181 1455 406 1512 Eveuire
446 1466 632 1527 potest
662 1473 783 1513 cum
824 1457 1126 1529 hujusmodi
1165 1464 1433 1532 promotio
1471 1466 1685 1521 ordina-

125 1557 200 1601 tur
222 1556 277 1601 ut
299 1550 561 1605 absentes
592 1550 698 1605 sint
736 1550 900 1620 aliqui
955 1552 1153 1608 fratres
1213 1554 1422 1610 honesti
1451 1566 1505 1611 et
1532 1559 1688 1613 bonis

125 1642 405 1698 actionibus
464 1646 710 1714 prrediti;
772 1648 969 1717 quibus
1025 1649 1170 1718 prior
1222 1650 1294 1705 sit
1354 1649 1522 1705 frater
1575 1651 1686 1717 ille,

122 1732 255 1799 juxta
282 1749 440 1804 quem
472 1747 758 1806 promotus
791 1739 980 1793 sedere
997 1737 1246 1809 jubetur;
1277 1751 1332 1796 et
1356 1742 1475 1796 ideo
1513 1743 1688 1797 deter-

3262 372 3369 430 508

2367 472 2593 529 CAPUT
2627 477 2765 533 XXI.
3342 502 3349 507 ’

2226 561 2302 616 De
2330 564 2606 632 disciplina
2633 585 2935 637 puerorum.

1862 648 1975 704 Tali
1997 650 2126 706 hora
2147 654 2296 724 prior
2310 672 2467 710 unaue
2484 659 2551 712 ad
2573 661 2889 718 excitandos
2901 663 3099 723 fratres
3122 669 3359 724 sonitum

1790 741 1949 798 debet
1989 744 2188 809 facere,
2216 756 2273 801 ut
2316 749 2468 817 pueri
2502 748 2661 809 factis
2686 753 2862 811 solitis
2904 758 3263 827 orationibus,
3309 762 3364 815 in

1789 832 2025 890 claustro
2040 837 2455 910 valeantlegere.
2474 843 2575 910 Qui
2596 860 2721 900 cum
2749 846 2928 918 legere
2952 850 3208 906 inchoent
3236 851 3364 917 alte,

1790 927 2027 994 quandiu
2068 928 2253 999 legunt
2284 935 2521 1002 separati
2552 938 2620 992 ab
2645 937 2877 995 invicem
2921 940 2993 996 ita
3024 944 3252 1000 sedeant
3302 953 3365 999 ut

1790 1017 1927 1071 alter
1946 1019 2175 1075 alterum
2206 1038 2307 1077 nec
2348 1026 2596 1082 manibus
2631 1042 2731 1084 nec
2770 1031 3014 1087 vestibus
3051 1033 3368 1105 contingere

1789 1109 1978 1178 possit.
2018 1110 2203 1167 Infans
2230 1110 2419 1170 infanti
2449 1131 2553 1172 non
2586 1118 2740 1189 signo
2764 1120 3031 1188 minuere,
3063 1138 3171 1179 non
3199 1124 3368 1181 verbo

1789 1201 1991 1283 aliquid
2014 1203 2215 1269 dicere,
2249 1205 2354 1261 nisi
2380 1207 2594 1263 vidente
2627 1219 2790 1279 atque
2822 1212 3077 1269 audiente
3106 1216 3368 1286 magistro

1790 1304 2098 1361 praesumat,
2130 1312 2236 1352 non
2274 1298 2340 1354 de
2374 1299 2493 1356 loco
2535 1301 2591 1356 in
2632 1316 2740 1372 quo
2776 1305 2927 1360 sedet
2951 1305 3068 1361 sine
3096 1317 3367 1379 praecepto

1788 1384 1872 1440 vel
1902 1386 2118 1443 licentia
2146 1398 2352 1461 surgat.

1859 1476 2197 1551 Quocunque
2225 1492 2458 1552 pergunt
2486 1484 2719 1543 infantes
2750 1504 2892 1544 unus
2938 1489 3199 1560 magister
3228 1489 3370 1544 inter

1788 1568 1924 1626 duos
1953 1570 2188 1628 infantes
2218 1575 2309 1629 sit.
2368 1575 2738 1634 Transeuntes
2789 1590 2916 1636 ante
2974 1580 3174 1636 fratres
3210 1581 3367 1640 incli-

1790 1674 1919 1719 nent
1948 1663 2229 1733 fratribus,
2258 1681 2314 1723 et
2340 1668 2540 1725 fratres
2562 1672 2644 1727 eis
2671 1674 2925 1728 sedentes
2952 1684 3193 1739 tantum;
3233 1675 3367 1729 duo-
3446 1670 3455 1671 ί

1790 1754 1890 1810 bus
1922 1771 2027 1810 una
2057 1756 2260 1812 laterna
2287 1761 2548 1826 sufficiat;
2580 1764 2623 1817 si
2663 1773 2772 1819 tres
2803 1764 3029 1830 fuerint,
3066 1766 3261 1820 tertius
3292 1766 3369 1819 al-

127 1822 305 1878 miuate
329 1835 551 1894 oportet
579 1828 627 1881 ei
665 1828 717 1882 in
754 1830 991 1900 capitulo
1018 1832 1118 1886 dici
1144 1842 1321 1887 utrum
1352 1850 1516 1904 super
1544 1836 1687 1905 ipsos
1720 1819 1763 1873 Β
1791 1852 1964 1899 teram
1996 1857 2213 1916 portet;
2250 1852 2297 1904 si
2324 1850 2506 1920 plures
2529 1852 2753 1920 fuerint,
2790 1855 2892 1911 boc
2949 1856 3141 1911 ordine
3183 1856 3366 1926 dispo-

126 1914 269 1968 etiam
294 1916 574 1983 absentes,
608 1935 730 1974 cum
761 1921 1041 1988 redierint,
1084 1938 1205 1979 esse
1245 1924 1458 1981 debeat.
1499 1926 1685 1998 Ingre.

128 2004 259 2060 diens
281 2006 454 2062 frater
476 2010 773 2080 capitulum
821 2012 1167 2089 loquentibus
1215 2017 1336 2072 aliis
1387 2018 1687 2078 Benedicile

129 2094 271 2149 dicat.
299 2095 607 2168 Egrediens
624 2117 755 2157 vero
784 2105 830 2160 si
869 2114 950 2161 est
972 2123 1290 2163 reversurus
1324 2123 1423 2164 nec
1454 2120 1580 2166 ante
1634 2124 1688 2167 ct

128 2194 256 2240 retro
279 2188 463 2256 faciat,
500 2208 605 2249 nec
640 2192 941 2253 Benedicite
966 2198 1149 2267 dicat;
1176 2200 1352 2256 sinon
1384 2211 1467 2258 est
1502 2218 1685 2259 rever-

130 2290 286 2347 surus,
316 2288 616 2354 utrumque
641 2297 783 2359 agat.
1044 2326 1047 2329 -

721 2379 945 2437 CAPUT
968 2385 1087 2442 XX.

632 2464 711 2523 De
730 2471 1178 2542 confraternilate.

188 2550 479 2613 Monachus
531 2559 800 2629 petiturus
846 2569 1069 2623 concedi
1120 2570 1219 2625 sibi
1264 2573 1584 2628 societatem
1633 2585 1687 2630 et

131 2639 425 2701 beneficium
497 2653 834 2719 monasterii,
889 2656 1225 2715 introductus
1279 2662 1331 2716 in
1373 2665 1687 2734 capitulum,

132 2731 401 2791 Bcnedicite
430 2739 611 2807 dicat;
642 2745 835 2799 deinde
868 2758 1173 2818 prostratus
1204 2754 1269 2808 ad
1319 2731 1545 2825 gradum
1598 2759 1688 2813 ubi

133 2829 441 2881 consuetudo
470 2838 574 2892 est,
603 2832 965 2904 interrogatus
1011 2841 1140 2908 quid
1164 2843 1333 2908 dicat,
1398 2846 1586 2901 humili
1638 2858 1691 2903 et

133 2911 303 2971 devoto
327 2920 497 2975 corde
530 2921 583 2975 in
623 2923 707 2978 his
734 2926 911 2982 verbis
941 2931 1295 2999 respondeat;
1355 2952 1373 2985 ι
1429 2935 1560 2989 Peto
1595 2951 1692 3006 per

133 3002 537 3064 misericordiam
566 3012 657 3068 Dei
689 3022 743 3068 et
798 3026 1061 3082 vestram,
1096 3028 1149 3073 et
1177 3023 1417 3077 omnium
1462 3024 1688 3079 istorum

132 3097 380 3153 seniorum
409 3102 732 3159 societatem
781 3118 834 3162 et
862 3108 1186 3166 beneficium
1228 3112 1386 3181 hujus
1411 3128 1679 3172 monaste-

135 3277 365 3339 Dominus
397 3288 665 3342 concedat
699 3291 847 3344 vobis
870 3293 1012 3360 quod
1042 3296 1284 3363 qrtmritis
1303 3307 1361 3349 ct
1402 3298 1516 3366 ipse
1547 3313 1578 3366 p
1610 3313 1686 3352 az-

135 3374 225 3423 s'.et
250 3373 399 3430 vobis
428 3378 765 3433 consortium
821 3382 1117 3438 electorum
1167 3401 1409 3440 suorum.
1447 3406 1463 3438 »
1498 3387 1688 3443 Postea

131 3460 288 3528 jussus
315 3482 544 3538 surgere
578 3474 802 3527 accedat
834 3477 901 3529 ad
934 3477 1209 3543 abbatem,
1258 3486 1312 3532 et
1369 3481 1438 3533 ab
1482 3495 1547 3534 eo
1597 3497 1693 3551 per

136 3548 304 3607 librum
357 3558 562 3626 regula:
611 3570 790 3615 sumat
837 3566 1152 3620 monasterii
1207 3568 1546 3623 societatem.
1576 3548 1691 3637 Qua

136 3654 338 3714 sumpta,
373 3660 705 3721 acceptoque
729 3656 799 3710 ab
824 3671 889 3711 eo
919 3660 1106 3715 osculo
1145 3648 1363 3717 inclinet
1387 3679 1446 3718 se
1478 3664 1544 3718 ad
1588 3681 1683 3737 pes

136 3732 214 3786 des
230 3738 457 3799 abbatis,
489 3742 685 3798 deinde
722 3745 999 3803 osculetur
1027 3765 1218 3805 omnes
1265 3752 1460 3809 fratres
1492 3754 1543 3808 in
1579 3756 1688 3810 cir-

137 3826 279 3883 cuitu.
309 3830 425 3897 Quo
453 3831 594 3888 facto
627 3845 928 3892 revertatur
954 3841 1021 3894 ad
1053 3842 1225 3897 locum
1258 3846 1346 3899 ubi
1375 3861 1432 3901 se
1455 3858 1693 3918 prostra-

136 3916 219 3982 vit,
246 3919 423 3991 ibique
452 3933 561 3978 tres
582 3941 813 3995 genuum
844 3928 1103 3987 flexiones
1134 3934 1293 3989 solito
1326 3916 1475 3992 more
1504 3937 1689 3999 faciat.

135 4003 327 4064 Fratres
355 4026 487 4066 vero
512 4013 771 4070 inclinent
790 4016 862 4082 ci,
888 4017 1085 4074 dehinc
1115 4022 1459 4092 pnecipiente
1499 4027 1692 4084 abbate

137 4113 318 4160 sessum
346 4106 532 4173 vadat,
559 4108 841 4181 designato
863 4112 911 4166 ei
956 4113 1108 4169 prius
1160 4114 1302 4183 loco,
1356 4120 1448 4175 ubi
1502 4121 1692 4176 sedere

139 4194 324 4252 debeat.

194 4281 350 4344 Porro
389 4288 435 4344 si
484 4289 651 4347 abbas
689 4290 874 4357 fuerit,
918 4294 1256 4364 ingrediente
1283 4315 1348 4354 eo
1396 4301 1448 4355 in
1489 4303 1694 4373 capitu—

139 4372 251 4442 lum,
285 4386 431 4435 totus
458 4392 757 4439 conventura
810 4386 858 4439 ei
915 4398 1185 4458 assurgat,
1237 4399 1291 4444 et
1353 4372 1692 4450 tandiuistet

1788 1945 2020 1992 nantur:
2059 1939 2112 1993 in
2143 1939 2343 1997 nullius
2369 1957 2585 1997 manum
2606 1944 2806 2013 aliquid
2863 1947 3028 2011 dent;
3081 1948 3147 2003 de
3172 1946 3370 2001 nullius

1789 2047 1949 2089 manu
1965 2035 2167 2106 aliquid
2199 2038 2473 2109 accipiant
2501 2041 2603 2096 nisi
2639 2042 2874 2110 abbatis,
2903 2045 3098 2115 prioris
3123 2045 3367 2116 majoris,

1790 2126 2032 2197 magistri
2074 2143 2284 2197 eorum,
2307 2138 2363 2185 et
2388 2131 2491 2187 hoc
2516 2148 2622 2187 non
2663 2134 2884 2205 ubique,
2919 2138 3013 2191 sed
3038 2135 3090 2189 in
3119 2135 3376 2207 congruis

1789 2214 1945 2281 locis,
1971 2218 2060 2273 ubi
2089 2219 2247 2275 aliter
2268 2236 2389 2276 esse
2409 2237 2515 2277 non
2535 2224 2725 2292 possit,
2751 2233 2845 2279 aut
2864 2241 2970 2281 non
2996 2227 3217 2293 debe‘at;
3244 2242 3373 2281 can»-

1791 2312 1877 2360 tor
1905 2320 2138 2375 quoque,
2165 2324 2285 2363 cum
2318 2310 2372 2363 in
2402 2310 2601 2367 scholis
2621 2327 2809 2367 eorum
2837 2321 2940 2379 est,
2971 2323 3145 2384 potest
3175 2313 3373 2367 librum

1792 2394 1844 2448 in
1870 2409 1977 2462 quo
2006 2398 2212 2451 cantari
2249 2406 2344 2452 aut
2364 2398 2467 2467 legi
2495 2399 2678 2463 debet,
2728 2402 2862 2457 dare
2889 2402 2991 2465 eis.
3016 2412 3075 2458 et
3128 2402 3376 2472 accipere

1791 2485 1858 2541 ab
1878 2485 1980 2540 eis.
2006 2486 2087 2541 Ad
2113 2487 2284 2544 altare
2314 2490 2358 2544 si
2386 2491 2650 2556 serviunt,
2682 2492 2817 2548 dant
2841 2493 3004 2549 etiam
3034 2493 3127 2548 ibi
3155 2502 3209 2549 et
3235 2494 3376 2549 acci-

1790 2577 2145 2646 piunt,>sicut
2196 2581 2412 2636 ordines
2440 2596 2628 2637 eorum
2658 2592 2978 2653 exposcunt.
3027 2583 3082 2638 ln
3131 2582 3375 2653 capitulo

1792 2686 1888 2726 suo
1929 2670 2205 2742 vapulent,
2226 2671 2368 2726 sicut
2392 2670 2626 2741 nrajores
2652 2673 2705 2727 in
2739 2672 2929 2741 majori
2951 2674 3210 2742 capitulo.

1860 2762 2172 2818 Confessuri
2216 2761 2284 2816 ad
2315 2762 2595 2827 abbatem,
2622 2762 2703 2816 vel
2751 2763 2818 2816 ad
2871 2763 3111 2832 priorem
3148 2760 3373 2824 vadaut,

1792 2850 1874 2906 vel
1903 2852 1970 2906 ad
2000 2866 2095 2907 eos
2116 2865 2252 2920 quos
2276 2850 2587 2920 specialiter
2616 2851 2670 2904 in
2727 2850 2963 2919 capitulo
3013 2848 3378 2919 designaverit

1793 2942 1981 3007 abbas,
2011 2942 2136 2996 dum
2175 2942 2466 2997 confitetur
2502 2956 2662 3007 unus,
2697 2940 2882 2996 sedeat
2914 2942 3053 2995 alter
3088 2941 3141 2995 in
3173 2954 3376 3010 suppa.

1792 3029 1987 3094 daneo,
2016 3032 2277 3100 magistro
2299 3046 2488 3086 eorum
2523 3040 2677 3087 extra
2714 3031 3011 3102 capitulum
3043 3031 3265 3086 sedente
3315 3029 3372 3083 in

1831 3136 1943 3175 I‘OXI
1954 3136 2056 3174 mo.

132 3133 379 3153 υυιιιυιυυ.
410 3133 732 3159 δυωῠιιιιῦιιι
781 3133 834 3162 τι
862 3133 1186 3166 ueriencium
1228 3133 1386 3181 lllljllS
1411 3133 1679 3172 uronasre-
1718 3157 1758 3213 ρ
1793 3133 1824 3188 p

131 3184 186 3239 rii
216 3202 227 3241 :
258 3207 275 3240 ι
306 3204 413 3259 quo
447 3192 617 3258 dicto,
665 3198 992 3266 respondeat
1041 3201 1249 3256 abbas:
1287 3223 1303 3254 α
1339 3204 1690 3274 Omnipotens
1742 3196 1760 3216 ¹

1863 3211 1921 3265 Si
1955 3218 2076 3281 post
2110 3226 2351 3273 versum.
2384 3213 2474 3281 qui
2512 3222 2639 3268 ante
2694 3214 2876 3269 cibum
2924 3213 3143 3278 dicitur,
3196 3212 3376 3282 ingrec

1792 3301 2014 3357 diuntur
2052 3301 2429 3368 refectorium,
2465 3304 2548 3360 vel
2594 3314 2715 3374 post
2748 3301 2991 3358 Gloriam
3037 3303 3196 3373 primi
3237 3301 3377 3371 psal-

1793 3390 1866 3444 mi
1896 3390 1962 3445 ad
2000 3391 2166 3446 horas
2192 3391 2399 3446 intrant
2421 3393 2669 3458 chorum,
2720 3393 2821 3462 ipsi
2870 3394 3089 3463 quidem
3136 3394 3207 3447 ad
3255 3392 3375 3447 loca

1793 3495 1889 3535 sua
1912 3482 2128 3546 vadant,
2154 3482 2315 3543 solito
2346 3499 2498 3538 more
2520 3485 2814 3551 inclinent;
2844 3484 3102 3554 magister
3129 3498 3255 3537 vero
3280 3497 3376 3541 eo:

1794 3586 1911 3623 rum
1936 3572 2002 3624 ad
2037 3570 2152 3625 loca
2179 3586 2301 3640 qum
2330 3574 2670 3629 tardantibus
2698 3574 2945 3628 instituta
2969 3580 3098 3627 sunt
3117 3580 3228 3626 eat.

1863 3659 2026 3731 292
2065 3659 2261 3728 Puero,
2290 3662 2383 3731 qui
2441 3671 2569 3719 ante
2623 3678 2866 3719 mensam
2926 3662 3138 3717 abbatis
3186 3661 3375 3727 servit,

1793 3750 2114 3806 abstinentia
2144 3752 2250 3807 cibi
2301 3752 2386 3807 vel
2407 3761 2567 3823 potus
2593 3753 2712 3810 sine
2740 3752 2859 3821 ejus
2914 3762 3188 3823 prrecepto
3216 3752 3377 3806 mini-

1795 3858 1879 3896 me
1910 3840 2241 3913 injungatur.
2274 3842 2429 3910 Quod
2459 3846 2503 3900 si
2535 3844 2883 3914 prmcipiente
2937 3860 3004 3900 eo
3051 3843 3372 3914 injnngitur,

1792 3942 1886 3987 aut
1910 3934 1957 3987 ei
1987 3933 2349 4003 indulgeatur,
2381 3917 2475 3989 aut
2515 3935 2734 3990 interim
2760 3950 2791 3990 a
2821 3950 3010 3991 mensa
3046 3933 3257 3990 abbatis
3283 3947 3375 3987 rc-

1793 4036 2099 4093 moveatur,
2134 4028 2188 4083 in
2219 4029 2391 4083 choro
2411 4037 2679 4098 praesente
2708 4030 2926 4094 abbate,
2960 4026 3064 4084 nisi
3105 4033 3377 4097 praecepto

1796 4116 1934 4186 ejus,
1991 4119 2171 4175 nullus
2203 4134 2300 4175 eos
2345 4122 2638 4191 percutiat,
2698 4121 2875 4176 nullus
2933 4134 3135 4175 exuere
3190 4118 3374 4174 faciat.

1793 4210 2031 4264 Absente
2069 4225 2155 4275 eo,
2186 4219 2379 4265 cantor
2418 4212 2484 4266 de
2523 4212 2589 4267 iis
2628 4227 2749 4281 qua:
2793 4211 2875 4265 sui
2917 4208 3078 4263 oﬂicii
3124 4216 3254 4262 sunt
3282 4222 3383 4262 eos

1794 4300 2045 4369 castiget.
2067 4300 2225 4355 Prior
2249 4316 2376 4355 vero
2397 4303 2465 4356 de
2488 4302 2706 4358 caneris
2744 4301 2799 4354 in
2828 4297 3027 4368 quibus
3073 4312 3134 4354 se
3181 4297 3382 4352 leviter

1796 4391 2021 4446 habent.
2075 4389 2394 4461 Ubicunque
2425 4392 2534 4446 sint
2584 4400 2783 4462 praeter
2818 4403 3081 4463 personas
3127 4386 3381 4459 superius

140 4479 393 4539 (lucusque
424 4470 588 4529 humo
616 4485 940 4543 prostratos,
989 4478 1129 4533 sicut
1152 4481 1419 4549 superius,
1474 4485 1691 4553 petitio-
1724 4494 1772 4553 ι)
1799 4482 2127 4552 designatas,
2164 4480 2346 4537 nullus
2390 4482 2470 4538 eis
2518 4483 2728 4553 signum
2779 4480 2969 4547 faciat,
3022 4479 3202 4535 nullus
3231 4478 3376 4533 arri-

139 4566 244 4609 nem
269 4556 453 4627 faciat,
485 4570 540 4617 et
562 4573 780 4619 erectus
838 4582 961 4620 cum
1008 4570 1288 4625 monachis
1316 4572 1428 4625 suis
1464 4574 1695 4627 societa-

140 4649 230 4698 tem
254 4649 525 4719 suscipiat,
547 4667 721 4722 eaque
745 4667 995 4726 suscepta
1028 4656 1197 4726 juxta,
1224 4661 1473 4716 abbatem
1515 4665 1695 4718 consi-

141 4733 266 4802 deat;
292 4743 543 4797 monachi
570 4759 722 4808 vero,
753 4745 869 4813 ejus
898 4750 1159 4805 societate
1184 4761 1460 4822 suscepta,
1491 4757 1689 4809 reversi

142 4827 195 4879 ad
223 4830 416 4899 locum,
446 4835 535 4890 ubi
569 4851 628 4892 se
656 4847 1088 4906 prostraverunt,
1145 4852 1255 4897 tres
1310 4859 1546 4915 genuum
1598 4845 1690 4901 lle-

142 4916 321 4983 xinnes,
352 4923 498 4978 sicut
558 4925 807 4994 superius
843 4927 1046 4983 dictum
1093 4944 1198 4995 est,
1249 4930 1470 4986 faciant.
1530 4934 1693 5004 Egre-

140 5004 321 5066 dientes
350 5012 551 5069 fratres
584 5014 651 5070 de
675 5016 911 5085 capitulo
935 5018 1246 5076 oscnlcutur
1271 5022 1438 5077 abbas
1466 5032 1522 5076 ct
1573 5038 1692 5078 mo-

139 5103 273 5157 nachi
300 5107 437 5177 ejus.

196 5190 246 5247 Si
282 5195 453 5265 major
494 5202 844 5271 congregatio
899 5202 1080 5269 fuerit,
1134 5207 1201 5262 ab
1246 5210 1432 5265 osculo
1488 5212 1688 5267 cessari

139 5290 307 5348 potest,
337 5289 484 5359 quod
511 5290 563 5343 in
589 5290 772 5347 multis
791 5291 903 5361 jam
931 5296 1196 5352 cmuobiis
1224 5298 1338 5354 fieri
1364 5303 1684 5369 consuevit;

140 5371 176 5423 Si
199 5378 457 5435 szccularis
482 5394 712 5450 persona
735 5379 901 5439 fuerit
934 5393 1062 5439 ante
1118 5385 1392 5454 abbatem,
1425 5390 1506 5444 vel
1531 5391 1686 5462 juxta

140 5462 392 5540 abbatem;
425 5475 468 5528 si
500 5473 832 5533 honorabilis
865 5493 1090 5548 persona
1123 5480 1217 5547 sit,
1244 5484 1470 5551 sedeat;
1499 5497 1687 5555 postea

140 5564 327 5615 ostensa
355 5562 470 5631 ejus
486 5565 744 5634 petitione
767 5565 1045 5634 fratribus,
1092 5586 1189 5639 per
1217 5582 1421 5628 textum
1446 5575 1692 5647 Evange-

140 5642 186 5698 lii
210 5651 508 5708 societatem
531 5656 816 5726 suscipiat;
848 5659 1044 5714 debinc
1076 5662 1143 5715 aJ
1194 5664 1546 5721 osculandum
1580 5642 1685 5723 fra-

145 5744 253 5805 ‘t‘cs,
284 5743 324 5798 si
350 5746 542 5801 mulier
566 5762 672 5802 non
701 5749 790 5816 sit,
823 5749 875 5805 in
903 5753 1133 5810 circuitu
1158 5767 1367 5828 pergat.

1797 4573 1940 4629 deat.

1864 4665 1922 4720 in
1950 4665 2193 4720 scholam
2223 4680 2411 4720 corum
2444 4665 2622 4721 nullus
2646 4666 3000 4737 ingrediatur,
3033 4665 3212 4720 nullus
3248 4679 3378 4720 cum

1795 4756 1877 4811 eis
1901 4755 2099 4812 alicubi
2130 4756 2408 4824 loquatur,
2466 4757 2570 4810 nisi
2617 4757 2719 4812 sibi
2752 4758 2821 4811 ab
2844 4758 3043 4812 abbate
3069 4756 3153 4811 vel
3191 4755 3381 4827 priore

1797 4846 2130 4912 ingrediendi
2159 4845 2241 4901 vel
2273 4845 2525 4916 loquendi
2559 4847 2777 4902 licentia
2802 4848 3156 4903 concedatur.

1864 4938 2177 4994 Meridianis
2207 4938 2357 4994 horis
2387 4939 2440 4993 in
2473 4938 2637 4995 lectis
2685 4940 2800 4995 suis
2841 4955 3120 5011 nunquam
3165 4939 3377 5010 legant,

1794 5031 1924 5085 nihil
1955 5031 2095 5085 aliud
2128 5031 2196 5086 ibi
2229 5040 2410 5100 agant,
2434 5032 2527 5087 sed
2559 5033 2796 5102 cooperti
2826 5041 3031 5087 tantum
3057 5030 3371 5100 quiescant:

1796 5139 1956 5187 unus,
1986 5138 2151 5192 super
2200 5123 2335 5179 alios
2392 5124 2701 5195 magistros,
2758 5127 2831 5180 sit
2874 5124 3131 5193 magister
3182 5136 3374 5176 eorum

1793 5224 2039 5270 maturus
2072 5225 2127 5270 et
2152 5216 2575 5287 discretus,qui,
2596 5216 2794 5272 auditis
2818 5211 3377 5281 clamoribus,cnlpaa

1793 5307 2220 5378 delinquentium
2245 5311 2519 5364 moderata
2545 5310 2875 5365 discretione
2917 5306 3056 5361 sciat
3076 5304 3159 5358 vel
3178 5303 3375 5373 punire

1790 5399 1875 5455 vel
1900 5400 2195 5470 indulgere.
2222 5400 2511 5457 Collocatis
2546 5402 2597 5455 in
2631 5401 2786 5456 lectis
2815 5398 2926 5452 suis
2948 5395 3229 5450 assistant
3259 5408 3376 5447 ma-

1792 5491 1970 5561 gistri,
2002 5492 2125 5545 dum
2168 5492 2277 5546 sint
2315 5493 2576 5552 coonerti.
2636 5493 2691 5546 in
2741 5498 2909 5547 nocte
2953 5502 3077 5543 cum
3126 5487 3378 5542 accensis

1793 5582 2050 5638 candens.

1863 5673 2115 5739 Juvenes,
2142 5683 2247 5730 tam
2281 5676 2467 5730 nutriti
2490 5691 2652 5747 quam
2705 5675 2773 5730 de
2818 5676 3018 5732 saeculo
3064 5674 3367 5730 venientem

1793 5765 1882 5835 qui
1914 5765 2185 5836 magistris
2205 5766 2539 5823 custodiendi
2568 5769 3037 5837 commendantur,
3069 5768 3125 5823 in
3154 5767 3367 5830 multis;
