3864 6304
481 292 588 347 sor
1508 286 1567 341 ιι.
1600 283 1991 341 LANFRANCI
2043 280 2393 339 caurum.
2426 250 2742 340 ARCHIEP.
3612 287 3694 342 503

485 406 626 463 sicut
651 401 886 459 infantes
905 403 974 458 de
1002 402 1197 472 quibus
1234 402 1482 472 superius
1513 402 1715 457 dictmn
1749 410 1851 461 est.
1885 407 2060 455 custo—
2091 405 2131 458 Α
2165 399 2532 465 intirmorum;
2568 400 2619 453 in
2662 415 2767 469 qua
2807 398 2969 453 domo
3023 399 3301 453 serviatur
3344 398 3393 452 ei
3445 400 3696 455 secundum

484 496 722 551 diantur.
765 494 1006 560 Remoti,
1035 503 1095 548 ut
1122 509 1307 563 supra,
1339 510 1368 547 a
1415 508 1473 548 se
1533 494 1763 548 invicem
1809 493 2060 556 sedeant;
2170 491 2271 544 loci
2300 490 2735 560 possibilitatem,
2772 498 2878 543 tam
2910 490 2977 543 de
3010 488 3400 543 communibus
3421 489 3549 543 cibis
3570 507 3698 560 quam

485 599 642 645 extra
674 589 854 643 lorum
912 586 1170 643 custodia:
1214 601 1326 642 suae
1372 587 1490 641 sine
1525 584 1751 640 custode
1799 599 2065 654 nusquam
2168 582 2232 637 de
2259 596 2351 637 esu
2383 581 2586 646 carnis,
2614 589 2671 634 ut
2694 579 2890 634 nullius
2924 579 3019 641 rei,
3047 579 3092 633 si
3127 579 3245 632 fieri
3272 578 3468 646 possit,
3502 578 3701 650 indigen~

485 681 815 750 procedant;
858 680 985 743 duo,
1012 685 1076 735 et.
1097 677 1202 732 duo
1228 676 1466 731 internas
1514 676 1722 742 ferant;
1750 676 1954 741 abbati,
1982 674 2065 728 vel
2170 673 2297 726 tiam
2325 672 2583 741 patiatur.
2627 671 2703 725 Ex
2739 685 2845 739 quo
2896 684 3114 723 carnem
3150 668 3447 722 comedere
3504 668 3698 737 incipiet,

484 768 655 840 priori
685 777 739 822 et
773 766 903 822 nulli
934 766 1047 832 alii,
1080 766 1183 821 nisi
1232 766 1546 835 specialiter
1593 765 1929 836 designatum
1973 763 2062 826 sit,
2169 778 2491 833 quocunque
2521 770 2711 833 perget
2738 767 3139 831 caputopertus
3165 759 3397 830 capitio,
3455 770 3508 815 et
3552 760 3702 816 baculo

488 858 860 915 confessiones
884 874 1009 914 suas
1035 858 1251 914 faciant.
1289 858 1603 914 Meridianis
1652 858 1803 913 horis
1831 858 1885 912 in
1914 856 2068 911 lectis
2168 868 2226 910 se
2249 863 2560 910 sustentans
2596 854 2847 909 incedere
2872 853 3054 908 debet.

491 953 606 1008 suis
632 967 736 1006 non
760 951 959 1007 debent
987 952 1186 1023 legere,
1224 967 1331 1007 non
1352 952 1612 1017 scribere,
1662 965 1768 1006 non
1792 951 2067 1022 quidpiam
2241 945 2355 1011 Qua
2378 960 2507 999 vero
2537 944 2623 999 die
2644 945 2875 999 sanitate
2905 952 3119 1014 recepta
3163 942 3236 997 ad
3272 934 3587 998 conventum
3615 947 3703 1001 red-

490 1044 673 1116 operis
697 1044 897 1111 facere,
930 1046 1023 1100 sed
1046 1045 1283 1115 cooperti
1315 1053 1522 1098 tantum
1570 1044 1871 1113 quiescere,
1902 1044 2070 1097 lectos
2172 1037 2251 1092 ire
2295 1036 2546 1103 voluerit,
2583 1037 2628 1091 si
2656 1051 2873 1091 carnem
2917 1038 3241 1102 comederit,
3298 1038 3448 1107 prius
3479 1053 3629 1103 rasus,
3654 1039 3701 1091 ad

492 1151 623 1193 suos
646 1146 773 1191 ante
799 1135 885 1192 vel
908 1136 1048 1191 inter
1099 1136 1267 1190 lectos
1296 1135 1679 1206 magistrorum
1737 1135 1958 1189 habere.
2010 1131 2069 1187 Si
2170 1132 2389 1195 horam,
2416 1144 2536 1200 quae
2575 1139 2699 1185 ante
2727 1131 3019 1202 capitulum
3044 1134 3287 1198 canitur,
3334 1134 3550 1187 chorum
3575 1134 3703 1186 intro-

492 1244 714 1285 necesse
743 1229 942 1284 habent
968 1242 1205 1299 surgere,
1239 1228 1390 1298 prius
1415 1228 1702 1298 magistros
1724 1227 1982 1289 excitent,
2016 1232 2071 1280 et
2171 1230 2279 1284 eat,
2307 1230 2363 1276 et
2400 1222 2444 1275 si
2473 1231 2596 1292 post
2638 1223 2809 1289 ipsam
2865 1222 3058 1277 horam
3098 1224 3150 1278 in
3178 1233 3455 1279 conventu
3482 1226 3623 1279 missa
3646 1226 3704 1279 di-

494 1329 681 1389 postea
712 1332 938 1373 accensa
970 1318 1196 1384 laterna,
1236 1318 1282 1372 si
1311 1332 1419 1372 nox
1447 1327 1549 1382 est,
1590 1318 1656 1371 ad
1710 1316 2064 1372 necessitates
2172 1311 2333 1377 cilur.
2367 1312 2434 1366 ad
2463 1311 2634 1381 ipsam
2672 1329 2778 1367 non
2829 1312 3043 1367 οίΪυῐθιο
3100 1315 3388 1386 lngl‘essu's
3440 1315 3703 1386 capitulum.

495 1424 623 1483 suas
657 1408 971 1479 explendas,
994 1424 1114 1463 cum
1139 1408 1417 1477 magistris
1442 1407 1738 1462 ambulent.
2174 1417 2296 1455 cum
2372 1400 2632 1456 indictum
2701 1403 2865 1457 fuerit
2944 1404 3008 1458 de
3061 1406 3258 1460 ordine
3318 1405 3481 1475 loqui,
3546 1405 3704 1475 primus

494 1546 499 1551 ,
565 1498 770 1552 Praeter
821 1499 1096 1567 abbatem,
1126 1499 1363 1568 priorem
1412 1499 1813 1569 magistrosque
1859 1513 2067 1562 eorum,
2176 1492 2336 1564 293
2364 1501 2571 1564 surgat,
2594 1495 2720 1547 etin
2747 1493 2885 1561 loco,
2913 1496 3002 1549 ubi
3026 1498 3367 1552 consuetudo
3392 1506 3487 1558 est,
3518 1506 3704 1565 prostra-

426 1622 429 1625 ν
496 1585 627 1665 nulli
658 1586 887 1642 liberum
910 1587 982 1642 sit
1006 1588 1059 1641 in
1110 1587 1230 1643 loco
1266 1588 1530 1643 custodite
1579 1603 1765 1643 eorum
1819 1589 2073 1657 deputato
2178 1595 2262 1639 tus
2287 1586 2497 1653 veniam
2540 1594 2705 1656 petat.
2773 1586 3142 1658 Interrogatus
3186 1598 3245 1641 et
3308 1588 3625 1658 respondens,
3666 1598 3705 1640 ut

495 1676 706 1742 sedere,
739 1690 837 1733 nec
863 1678 1027 1733 verbo
1054 1693 1153 1734 nec
1192 1679 1345 1749 signo
1373 1677 1574 1748 aliquid
1600 1679 1680 1733 eis
1707 1678 2070 1741 innotescere,
2109 1743 2145 1749 _
2180 1675 2293 1729 lieri
2323 1674 2479 1740 solet,
2507 1676 2692 1745 jussus
2722 1691 2947 1747 surgere
2980 1677 3095 1731 lucc
3123 1677 3209 1732 vel
3238 1677 3436 1732 similia
3470 1677 3609 1729 verba
3644 1674 3701 1747 di-

496 1767 601 1823 nisi
624 1777 845 1839 accepta
879 1766 1095 1823 licentia
1122 1771 1189 1824 ab
1214 1743 1429 1834 abbate,
1462 1743 1550 1824 vel
1591 1770 1808 1839 priore;
1861 1786 1980 1838 quae
2012 1769 2075 1822 li-
2109 1743 2151 1796 Β
2178 1773 2297 1818 cat:
2330 1782 2348 1815 ι
2417 1743 2665 1828 Domine,
2703 1743 3015 1819 infirmitate
3051 1779 3170 1819 mea
3225 1774 3481 1836 gravatus
3514 1765 3560 1817 in
3588 1743 3704 1818 domo

496 1857 673 1912 centia
720 1871 842 1911 cum
889 1858 1234 1924 conceditur,
1274 1860 1532 1930 magister
1568 1860 1758 1915 sedere
1802 1860 1958 1914 debet
1986 1859 2076 1913 in-
2181 1856 2514 1911 infirmorum
2543 1857 2630 1911 ditt
2658 1856 2765 1924 fui;
2799 1857 2851 1911 in
2879 1857 3025 1924 cibo,
3058 1867 3111 1912 et
3141 1868 3302 1929 potu,
3350 1867 3404 1913 et
3430 1857 3541 1911 aliis
3570 1856 3704 1909 multis

498 1959 586 2012 ter
630 1947 888 2018 juvenem
934 1957 988 2004 et
1041 1965 1164 2004 eum
1214 1950 1306 2019 qui
1331 1949 1517 2019 juveni
1546 1950 1800 2019 loquitur.
1860 1949 2078 2005 Iuvenis
2179 1949 2401 2015 offendi,
2442 1959 2497 2005 et
2551 1960 2741 2004 contra
2786 1950 3031 2004 ordinem
3076 1958 3331 2003 nostrum
3374 1947 3492 2012 feci,
3533 1956 3576 2000 et
3614 1945 3703 1999 inde

497 2056 623 2096 cum
646 2038 844 2110 juvene
887 2055 992 2096 non
1028 2040 1305 2111 loquatur,
1339 2041 1443 2095 nisi
1491 2041 1746 2097 audiente
1781 2050 1838 2095 et
1876 2040 2075 2096 intelli-
2179 2052 2304 2112 pcto
2358 2042 2753 2096 absolutionem
2801 2051 3056 2095 vestram.
3097 2060 3115 2093 ι
3156 2040 3276 2096 Hoc
3326 2040 3467 2095 dicto
3510 2037 3703 2092 absolvat

496 2142 660 2207 gente
690 2134 947 2206 magistro
984 2135 1115 2205 quid
1153 2135 1407 2204 utrinque
1436 2135 1671 2191 dicatur.
1724 2134 1966 2205 Magistri
1999 2137 2078 2189 iu-
2180 2150 2304 2189 cum
2336 2134 2503 2189 abbas
2533 2134 2759 2188 dicens:
2798 2151 2817 2184 ι
2857 2133 3217 2203 Omnipotens
3269 2131 3521 2187 Dominus
3568 2128 3701 2182 absol.

499 2240 585 2284 ter
610 2243 706 2284 eos
736 2228 977 2295 sedeant,
1012 2229 1094 2285 vel
1140 2238 1268 2285 ante
1297 2230 1442 2296 illos,
1471 2230 1549 2286 sic
1579 2240 1637 2287 ut
1665 2246 1782 2297 eos,
1812 2246 1937 2286 cum
1981 2246 2077 2285 vo-
2182 2237 2273 2281 vat
2302 2242 2398 2282 vos
2424 2227 2599 2282 abhis
2622 2237 2677 2281 et
2705 2226 2773 2281 ab
2803 2226 3055 2282 omnibus
3080 2225 3205 2281 aliis
3253 2223 3446 2279 vesuis
3473 2220 3660 2276 delictis.
3686 2238 3698 2269 ι

498 2321 634 2382 Iunt,
665 2322 983 2392 conspicere
1012 2322 1253 2377 valeant.
2183 2319 2462 2374 Conventu
2503 2319 2886 2387 respondente,
2927 2336 2943 2369 ι
2980 2317 3181 2382 Amen,
3220 2335 3240 2369 ι
3283 2316 3473 2370 offerat
3502 2329 3551 2367 sc
3582 2312 3703 2364 frater

571 2410 706 2466 Cum
734 2411 1026 2466 dormitum
1059 2413 1295 2478 vadunt,
1331 2413 1518 2467 tandiu‘
1560 2408 1709 2467 stent
1755 2421 1881 2469 ante
1930 2414 2079 2483 ipsos
2185 2412 2276 2467 ille
2310 2412 2376 2465 ad
2398 2411 2596 2481 pedem
2627 2411 2873 2474 abbatis;
2925 2419 3110 2479 postea
3164 2423 3417 2463 reversus
3470 2405 3527 2460 ad
3571 2404 3699 2457 locum

502 2500 769 2569 magistri,
801 2515 975 2571 usque
1002 2501 1127 2556 dum
1158 2501 1258 2571 ipsi
1292 2502 1522 2571 juvenes
1561 2504 1613 2558 in
1660 2504 1819 2559 lectis
1857 2504 2081 2573 jaceant
2186 2504 2274 2558 ubi
2309 2518 2367 2557 se
2419 2502 2719 2573 prostravit
2764 2502 2970 2572 gratias
3007 2503 3257 2556 referens
3311 2498 3502 2562 abbati,
3549 2506 3592 2551 et
3631 2496 3699 2549 toti

502 2590 764 2659 cooperti.
792 2589 849 2645 Si
878 2606 983 2646 nox
1015 2600 1099 2647 est
1121 2607 1242 2647 cum
1266 2594 1507 2649 candelis
1529 2595 1773 2650 accensis
1795 2596 2075 2650 assistant.
2185 2593 2492 2657 conventui,
2528 2593 2653 2663 quia
2686 2592 2991 2647 ministrata
3025 2602 3152 2647 sunt
3185 2593 3260 2656 ei,
3296 2606 3413 2659 qua:
3455 2586 3696 2642 inﬁrmitati

504 2679 563 2733 In
619 2681 971 2745 nmnasterio,
1025 2680 1283 2750 capitulo,
1365 2681 1678 2748 refectorio,
1739 2684 2085 2752 processione
2186 2702 2297 2742 sua:
2335 2686 2555 2741 fuerunt
2586 2688 2916 2755 necessaria,
2984 2696 3093 2743 tres
3148 2684 3541 2759 genuﬂcxiones
3587 2680 3700 2735 solito

505 2773 653 2828 misti
685 2774 795 2828 sint
819 2774 1143 2838 senioribus,
1194 2790 1299 2828 non
1326 2774 1636 2839 observato,
1668 2773 1710 2827 si
1744 2789 1965 2831 necesse
1993 2776 2080 2838 sit,
2188 2792 2338 2832 more
2370 2777 2553 2831 faciat.
2579 2777 2695 2847 Ipsa
2724 2780 2830 2844 die,
2872 2787 2927 2833 et
2976 2778 3261 2849 deinceps,
3316 2784 3556 2848 quantum
3598 2784 3699 2841 opus

506 2865 700 2922 ordine
729 2866 1102 2921 conversionis
1124 2880 1332 2920 eorum.
1361 2865 1421 2920 Si
1478 2866 1545 2919 ad
1597 2881 1840 2921 mensam
1880 2866 2083 2938 legunt,
2189 2868 2369 2931 fuerit,
2398 2865 2653 2935 jubeatur
2689 2868 2908 2921 mistum
2939 2868 3213 2937 accipere.

507 2957 595 3012 vel
619 2958 687 3012 de
709 2958 937 3026 coquina
967 2957 1231 3021 serviunt,
1258 2958 1607 3028 surgentibus
1633 2973 1663 3011 a
1694 2973 1878 3013 mensa
1912 2959 2088 3014 fratri-
2260 2956 2318 3012 Si
2343 2972 2468 3012 vero
2498 2971 2719 3011 carnem
2765 2970 2869 3011 non
2903 2957 3160 3024 comedit,
3201 2958 3257 3011 in
3289 2953 3603 3025 dispositione
3632 2948 3697 3001 alio

509 3048 614 3101 bus
640 3062 763 3101 cum
793 3047 871 3101 eis
901 3048 966 3101 ad
991 3047 1379 3101 monasterium
1403 3048 1623 3114 vadunt,
1648 3057 1703 3103 et
1731 3048 1897 3113 dicto,
1930 3048 1997 3102 Et
2027 3068 2087 3104 ne
2116 3080 2159 3140 ο
2192 3048 2334 3103 batis
2363 3048 2433 3103 sit
2475 3062 2580 3119 qua
2616 3049 2747 3102 hora
2776 3048 2827 3102 in
2850 3057 3179 3103 conventum
3215 3048 3379 3117 petita
3407 3042 3593 3100 licentia
3612 3038 3700 3093 red-

511 3153 632 3203 ποι.
668 3152 793 3193 cum
825 3137 1145 3193 custodibus
1190 3137 1258 3191 ad
1305 3136 1651 3193 refectorium
1709 3136 2088 3209 revertantur;
2125 3134 2158 3140 ⁷
2197 3140 2299 3206 ire,
2331 3148 2384 3194 et
2419 3137 2688 3209 quomodo
2719 3153 2777 3193 se
2804 3139 2870 3193 de
2894 3147 3089 3193 caetero
3114 3139 3317 3193 habere
3348 3134 3538 3191 debeat.

516 3230 625 3284 duo
656 3228 836 3292 simul,
871 3237 964 3283 aut
985 3228 1186 3299 plures,
1210 3229 1253 3283 si
1284 3228 1401 3283 fieri
1445 3230 1644 3299 possit,
1698 3230 1766 3286 de
1823 3245 2093 3288 conventu
2214 3243 2224 3251 '
2770 3227 2995 3286 CAPUT
3033 3228 3225 3284 XXIII.

515 3328 855 3375 remaneant.
887 3320 1040 3387 Quod
1067 3319 1112 3375 si
1147 3320 1392 3390 paucitas
1423 3320 1707 3387 majorum,
1736 3329 1789 3376 et
1815 3320 2096 3391 pluralitas
2512 3320 2588 3374 De
2619 3318 2993 3390 «gratantibus
3023 3318 3181 3371 morti
3205 3314 3469 3388 proximis.

508 3408 771 3481 juvenum
803 3409 963 3464 aliter
1012 3410 1280 3480 agendum
1323 3408 1584 3480 coegerit,
1641 3409 1965 3467 sufficientes
2011 3414 2091 3467 eis
2270 3412 2326 3468 Si
2362 3412 2607 3467 infirmus
2649 3411 2821 3479 magis
2868 3412 2934 3464 ad
2980 3418 3212 3465 mortem
3245 3421 3401 3479 quam
3438 3402 3495 3456 ad
3532 3396 3697 3453 salulem

512 3501 766 3556 custodes
794 3501 1133 3572 deputentur.
2199 3506 2420 3560 tendere
2450 3503 2713 3569 videatur,
2743 3511 2797 3557 et
2816 3518 2874 3556 se
2902 3509 3048 3572 petat
3071 3500 3282 3570 inungi,
3310 3490 3551 3562 lratcrqui
3569 3481 3696 3542 domui

586 3589 781 3655 Ροττο,
806 3590 849 3644 εί
875 3592 1119 3646 (ευδῑοάίτι
1148 3590 1236 3645 ina
1261 3589 1544 3660 iuvenum.
1575 3607 1694 3661 quae
1718 3592 1772 3647 in
1808 3593 2088 3648 nonnullis
2201 3598 2535 3651 infirmorum
2564 3604 2759 3666 praeest
2786 3609 2897 3648 rem
2923 3593 3182 3648 fratribus
3215 3594 3265 3647 in
3296 3584 3511 3659 capitulo
3543 3582 3695 3637 narret;

515 3681 784 3737 coenobiis
807 3689 1041 3746 tenetur,
1070 3683 1244 3752 magis
1263 3683 1456 3752 placet.
1485 3692 1542 3736 ut
1563 3684 1814 3739 videlicet
1837 3685 1890 3738 in
1915 3686 2095 3740 diver-
2203 3700 2331 3746 tunc
2352 3690 2577 3759 jubente
2599 3691 2812 3755 abbate,
2839 3689 2922 3744 vel
2946 3690 3036 3760 qui
3068 3689 3187 3744 loco
3228 3684 3433 3743 abbatis
3460 3681 3505 3735 in
3529 3670 3696 3744 capitulo

516 3773 597 3827 sis
624 3787 685 3827 ac
709 3773 983 3842 separatis
1008 3772 1077 3827 ab
1105 3773 1336 3828 invicem
1376 3772 1510 3827 locis
1549 3788 1646 3844 per
1670 3775 1967 3830 claustrum
2005 3791 2095 3831 se-
2200 3783 2372 3850 sedet,
2414 3791 2613 3837 exeant
2640 3782 2890 3837 sacerdos
2931 3778 3401 3841 ltebdomadarius,
3430 3764 3695 3828 secretarius,

517 3863 702 3929 deant,
733 3864 929 3933 singuli
956 3862 1216 3933 singulos,
1248 3871 1341 3917 aut
1377 3863 1581 3933 plures,
1632 3866 1677 3920 si
1736 3875 1888 3921 tanta
1940 3866 2095 3935 copia
2200 3882 2435 3944 quatuor
2460 3872 2730 3938 conversi,
2761 3881 2815 3927 et
2841 3881 3171 3943 parentqute
3193 3871 3263 3926 ad
3292 3859 3560 3939 hujusmodi
3584 3863 3695 3921 ηοεο-

515 3968 624 4024 est,
649 3957 907 4014 custodes
945 3958 1212 4024 habeant;
1243 3958 1440 4029 singuli
1487 3958 1726 4029 singulas
1779 3958 2015 4014 laternas
2044 3960 2096 4014 in
2202 3966 2333 4019 tium
2368 3963 2548 4033 parari
2572 3971 2807 4033 oportet.

520 4059 683 4106 nocte
708 4050 910 4105 ferant.
939 4050 1135 4105 Custos
1179 4046 1438 4117 juvenem
1489 4064 1599 4104 non
1656 4034 1945 4120 relinquat,
1995 4052 2097 4105 nisi
2268 4032 2474 4121 Quibus
2524 4032 2748 4122 paratis,
2780 4053 3116 4123 expletisque
3163 4068 3285 4122 quzc
3327 4052 3377 4105 iu
3415 4040 3607 4116 capitulo
3638 4032 3694 4101 ειεί

517 4145 955 4201 commendatum
987 4142 1147 4198 alicui
1179 4142 1357 4208 fratri,
1386 4143 1438 4197 iu
1470 4158 1598 4212 quo,
1628 4152 1678 4199 et
1712 4143 1778 4198 de
1814 4150 1927 4211 ‘quo
1957 4143 2097 4198 bene
2200 4146 2333 4201 ordo
2358 4145 2604 4215 requirit,
2629 4155 2890 4201 exeuntes
2918 4145 2983 4200 de
3013 4145 3341 4200 monasterio
3363 4140 3594 4195 transeant
3612 4137 3694 4182 autc

518 4234 773 4291 conﬁdat.
799 4234 989 4290 Omnis
1015 4234 1249 4305 denique
1274 4232 1520 4288 custodia
1551 4234 1601 4288 ei
1632 4233 1957 4288 adhibeatur
1977 4247 2099 4303 quae
2201 4235 2516 4305 capitulum,
2552 4236 2653 4291 hoc
2684 4235 2874 4291 ordine
2896 4234 3251 4305 procedentes
3280 4251 3295 4289 :
3323 4231 3510 4303 primus
3533 4238 3584 4278 ex
3606 4230 3694 4272 con-

517 4326 767 4395 ‘upel'ius
795 4325 1069 4397 descripta
1096 4334 1201 4380 est.
2199 4328 2372 4382 versis
2399 4342 2540 4382 unus
2565 4343 2685 4383 cum
2714 4326 2872 4382 situla
2897 4341 3050 4396 aquae
3071 4326 3386 4388 benedictae,
3415 4316 3578 4374 dehinc
3600 4307 3693 4399 alius

519 4443 527 4449 ν
1076 4415 1305 4472 CAPUT
1338 4415 1500 4471 XXII.
2134 4435 2179 4489 ι)
2205 4434 2327 4475 cum
2357 4434 2539 4485 cruce,
2569 4429 2690 4489 post
2718 4418 2815 4473 hos
2856 4419 2958 4473 duo
3002 4434 3124 4473 cum
3170 4411 3509 4473 candelabris,
3534 4408 3693 4457 cxttetlll

776 4503 856 4558 De
876 4506 1238 4560 misericordia
1267 4522 1511 4561 concessa
1537 4508 1815 4562 debilibus.
1962 4530 1963 4533 η
2138 4488 2141 4489 ν
2203 4508 2529 4564 secretarius
2556 4488 2678 4563 cum
2721 4509 2863 4573 oleo,
2897 4518 2951 4562 et
3000 4507 3253 4562 sacerdos
3285 4505 3399 4559 alba
3441 4497 3629 4553 indutus,
3658 4488 3692 4533 cl

596 4591 788 4648 Frater
807 4593 984 4664 aliqua
1018 4596 1099 4650 sui
1139 4597 1385 4666 corporis
1438 4597 1878 4653 incommoditate
1916 4602 2100 4653 dcten-
2205 4597 2363 4664 stola,
2389 4613 2511 4652 cum
2536 4597 2807 4666 manipulo
2835 4604 3059 4667 portans
3091 4596 3307 4652 librum.

522 4690 631 4747 tus,
665 4683 709 4738 si
740 4692 1062 4738 conventum
1093 4686 1246 4751 sequi
1278 4699 1383 4738 non
1409 4693 1608 4753 potest,
1643 4688 1918 4741 humiliter
1945 4689 2045 4755 prii

2275 4686 2397 4743 Istis
2421 4687 2825 4741 transeuntibus
2847 4702 3071 4757 surgens
3092 4695 3399 4747 conventus,
3420 4672 3690 4750 βετωεεθίιυθ

523 4773 581 4828 in
613 4771 848 4843 capitulo
868 4771 1032 4843 petita
1064 4773 1244 4839 venia,
1270 4773 1456 4844 jussus
1483 4789 1706 4844 surgere
1733 4784 1885 4829 stans
1931 4776 2103 4830 fatea-
2208 4779 2409 4846 tabula,
2441 4779 2483 4833 si
2510 4779 2625 4834 dies
2653 4779 2773 4833 talis
2809 4786 2912 4844 est,
2940 4779 3222 4850 egrediens
3251 4778 3312 4832 de
3341 4765 3543 4843 capitulo
3556 4761 3689 4830 juugr

527 4876 614 4921 tur
643 4879 704 4921 sc
724 4868 831 4920 non
863 4880 1021 4935 posse
1047 4866 1335 4921 conventui
1369 4866 1637 4922 interesse
1686 4877 1905 4937 propter
1954 4866 2103 4922 iulir-
2211 4881 2296 4926 tur
2317 4871 2416 4937 eis,
2446 4879 2500 4926 et
2541 4871 2833 4941 psallentes
2873 4880 3076 4941 septem
3112 4869 3340 4940 psalmos
3373 4864 3433 4919 ad
3457 4866 3615 4928 :egrutu
3635 4858 3690 4895 te-

526 4960 773 5013 nuitatem
794 4972 971 5013 suam.
1006 4958 1104 5014 Cui
1130 4959 1419 5029 respondet
1467 4959 1659 5025 abbas,
1706 4959 1792 5014 vel
1848 4959 1942 5029 qui
1986 4959 2104 5013 loco
2212 4963 2387 5029 niant;
2419 4972 2472 5018 et
2518 4963 2768 5018 ordinate
2797 4963 3169 5027 circumstent,
3215 4963 3347 5016 sicut
3386 4945 3595 5012 locus,ill
3623 4950 3692 5003 (μω

527 5048 744 5104 abbatis
791 5049 971 5103 ordini
1020 5049 1315 5119 praesidet:
1363 5069 1382 5102 ι
1439 5049 1791 5122 Omnipotens
1848 5051 2105 5107 Dominus
2206 5054 2370 5123 jacet,
2405 5053 2520 5108 fieri
2550 5054 2833 5123 permittit.
2868 5054 3105 5110 Primum
3143 5060 3413 5123 spargatur
3448 5033 3689 5123 aquom"?

528 5141 795 5195 concedat
818 5140 975 5196 vobis
1007 5141 1193 5196 utilem
1217 5142 1531 5209 sanitatem,
1557 5121 1698 5197 sicut
1739 5143 1892 5198 vobis
1937 5159 2102 5214 expc-
2208 5121 2377 5205 dicta,
2414 5121 2609 5199 dehinc
2638 5144 2805 5199 finitis
2842 5144 3065 5215 psalmis
3095 5121 3346 5215 sequatur
3381 5131 3519 5204 Hyrie
3538 5121 3689 5215 ειῖνὲιοιιἶ

528 5229 645 5285 dire
668 5232 971 5302 cognoscit.
1000 5232 1211 5289 Amodo
1236 5241 1466 5289 tractate
1495 5247 1610 5299 vos,
1633 5235 1929 5289 secundum
1956 5236 2107 5289 iutir-
2213 5245 2267 5288 et
2298 5233 2553 5305 capitula,
2579 5242 2634 5289 et
2676 5198 2912 5290 collectae
2940 5250 3059 5304 qua:
3082 5198 3335 5289 ordinatae
3360 5232 3466 5283 sunt
3492 5224 3617 5305 usqut
3645 5198 3689 5253 ³ί¹

531 5321 776 5378 mitatem
807 5332 1067 5390 vestram,
1108 5331 1165 5379 et
1192 5332 1471 5381 remanete
1510 5324 1579 5380 de
1624 5334 1915 5391 conventu,
1966 5327 2109 5382 sicut
2215 5304 2641 5393 confessionem;
2675 5326 2815 5381 facta
2853 5326 3193 5381 confessione
3231 5320 3508 5380 absolvatur
3541 5304 3592 5359 ab
3613 5308 3688 5393 θοις

533 5413 686 5469 vobis
713 5412 905 5469 melius
929 5415 1100 5470 visum
1130 5412 1313 5470 fuerit.
1345 5435 1365 5469 ι
2219 5417 2395 5481 nibus,
2430 5426 2482 5471 et
2512 5417 2626 5485 ipse
2668 5416 2910 5469 absolvat
2942 5431 3149 5471 omnes.
3193 5412 3381 5470 Dehinc
3405 5396 3623 5460 οεωιεωτ
3643 5376 3687 5485 “1:

607 5464 682 5469 _--
713 5464 903 5469 --------
940 5464 1100 5470 ,------
1131 5464 1313 5470 -------
1345 5464 1360 5469 -
2219 5464 2395 5481 ______,
2433 5464 2479 5471 --
2515 5464 2625 5485 τη
2669 5464 2909 5469 --,---,--
2947 5464 3149 5471 --,,-,---
3193 5464 3314 5470 ,----

607 5502 669 5560 Si
692 5505 956 5575 wgritudo
982 5506 1119 5562 adeo
1145 5506 1430 5561 invaluerit
1454 5514 1511 5561 ut
1553 5506 1606 5561 in
1636 5515 1904 5562 conventu
1937 5521 2113 5560 rema-
2218 5507 2487 5560 omnibus.
2536 5505 2755 5559 tulerint
2787 5506 3035 5560 dicantur
3069 5506 3188 5561 alia:
3236 5501 3453 5560 collecta:
3486 5492 3615 5551 usque

536 5609 669 5651 nere
689 5610 794 5650 non
827 5597 1015 5666 possit,
1048 5597 1325 5667 praecipiat
1353 5598 1522 5654 abbas
1549 5597 1727 5660 fratri,
1785 5598 1872 5652 cui
1926 5596 2113 5666 hujus-
2223 5594 2563 5663 unctionem;
2610 5596 2749 5650 facta
2784 5597 3058 5659 unctione,
3100 5597 3243 5651 lat-ct
3287 5583 3505 5648 sacerdos
3541 5574 3684 5667 Illalllfo

536 5684 684 5745 modi
712 5700 841 5741 cura
867 5686 1116 5759 imposita
1144 5695 1250 5756 est,
1276 5696 1334 5743 ut
1373 5688 1534 5745 ducat
1563 5703 1765 5759 aegrum
1827 5689 1878 5743 iu
1921 5687 2110 5743 cellam
2223 5700 2268 5745 ct
2305 5689 2615 5762 projiciatur
2661 5705 2797 5761 aqua
2840 5691 2889 5744 in
2925 5691 3124 5761 igni-tn,
3156 5688 3237 5744 vel
3270 5687 3322 5740 'in
3357 5666 3595 5738 sacrarium
3626 5648 3683 5701 ἀε-
