3864 6304
576 292 676 348 5H

1585 294 1644 348 Β.
1678 294 2068 352 ιΑΝΗιΑΝαι
2105 295 2155 350 0

2260 294 2460 351 ιύΑιι.
2495 292 2811 349 ARCIIIEP.
3688 303 3764 359 δη

562 407 749 463 audito
776 405 1018 461 inclinati
1050 407 1245 489 fratres
1265 406 1449 462 dicant
1482 406 1640 463 Pater
1660 421 1851 463 noster.
1888 408 2152 463 Saeerdos
2181 414 2225 473 Α
2260 406 2333 460 Ea
2365 416 2543 461 autem
2576 407 2734 470 liora,
2765 415 2949 476 postea
2972 421 3160 461 omnes
3188 406 3427 462 calccent
3447 423 3525 476 se,
3543 421 3592 466 et
3610 412 3762 483 lavent,

562 497 712 551 circa
734 510 932 566 corpus
954 510 1150 565 aquam
1183 495 1521 551 benedictam
1547 508 1784 567 spergat,
1809 506 1866 553 et
1888 498 2149 552 ittcenset.

564 586 771 642 Deltinc
817 548 960 641 dicat
990 548 1056 639 1131
1091 604 1155 639 ne
1198 603 1314 652 nos,
1347 588 1383 640 Α
1416 548 1784 657 portalinIZri:
1834 597 2017 658 postea
2046 586 2155 641 eol-

563 676 778 731 lcctam.
798 675 892 730 llis
917 678 989 730 ita
1020 678 1189 746 gestis
1213 677 1495 745 pulsentur
1517 678 1691 748 signa,
1721 688 1913 733 cantor
1934 678 2155 748 incipiat

565 770 967 838 responsorium
986 767 1280 830 Subvenite,
1300 768 1468 823 sancti
1496 768 1613 822 Dei.
1639 769 1704 823 Et
1725 769 2154 839 praecedentibus

564 860 653 915 bis
697 861 790 931 qui
843 861 1059 915 situlam
1107 876 1227 917 cnzn
1280 876 1464 929 aqua,
1513 876 1760 924 crucem,
1808 860 2151 926 candelabra,

567 952 902 1008 tburibulum
961 962 1213 1024 portant,
1279 953 1631 1022 sequentibus
1694 953 2033 1017 infantibus,
2100 964 2155 1008 et

566 1046 777 1115 reliquo
804 1058 1095 1111 conventu,
1130 1044 1389 1100 extremis
1424 1044 1503 1099 cis
1544 1045 1633 1114 qui
1664 1060 1858 1114 corpus
1884 1045 2151 1113 lavarunt,

566 1148 621 1192 ct
651 1145 883 1207 portant,
917 1138 1137 1192 veniant
1185 1138 1236 1190 in
1269 1136 1587 1203 ecclesiam;
1614 1137 1898 1207 positoque
1927 1152 2153 1207 corpore

567 1230 621 1282 in
670 1229 806 1292 loco,
840 1229 928 1283 ubi
960 1229 1085 1297 poni
1136 1228 1292 1291 solet,
1326 1236 1543 1282 cessent
1583 1227 1758 1297 signa,
1790 1227 1981 1297 figatur
2018 1242 2153 1289 crux

568 1317 635 1369 ad
666 1325 828 1385 caput
868 1315 1009 1384 ejus,
1043 1329 1312 1387 ponantur
1358 1316 1465 1372 duo
1500 1316 1848 1381 candelabra,
1886 1333 2049 1371 unum
2087 1318 2150 1371 ad

568 1416 748 1477 caput,
797 1417 851 1462 et
902 1409 1127 1462 alterum
1179 1409 1243 1461 ad
1299 1406 1483 1478 pedes,
1530 1424 1652 1463 cum
1701 1410 1873 1463 cereis
1922 1409 2153 1479 desuper

566 1500 841 1565 accensis;
883 1501 975 1569 qui
1025 1501 1277 1555 continue
1344 1500 1413 1557 ibi
1477 1502 1702 1556 ardeant
1754 1517 2031 1575 usquequo
2084 1502 2151 1556 ad

564 1591 903 1662 sepulturam
945 1590 1241 1647 deferatur.
1270 1594 1449 1650 Finito
1485 1604 1645 1650 cantu
1683 1595 1924 1650 inclinati
1966 1597 2152 1651 dicant

565 1681 730 1738 Pater
779 1692 987 1749 uoster;
1036 1684 1291 1739 sacerdos
1337 1684 1405 1739 Et
1455 1702 1517 1739 ne
1559 1702 1677 1751 nos,
1706 1687 1746 1739 Α
1774 1696 1924 1755 porta
1971 1687 2149 1756 inferi,

2256 505 2311 552 et
2334 497 2628 567 pectiuent,
2653 497 2950 566 solitasque
2982 498 3257 552 orationes
3281 497 3503 564 faciant,
3526 515 3645 571 quas
3667 510 3761 562 ordo

2258 587 2400 642 illius
2426 588 2682 657 temporis
2710 587 2906 658 poscit.
2933 585 3196 642 Sedentes
3217 587 3452 657 psallam
3487 589 3582 643 nisi
3608 593 3661 646 ad
3684 594 3765 648 lla-

2255 681 2468 751 gni/icat
2496 722 2511 747 ,
2558 688 2615 736 et
2639 679 2704 734 ad
2734 680 3083 745 Benedictus;
3117 690 3240 734 tunc
3270 680 3421 735 enim
3462 689 3597 737 stare
3621 683 3764 740 debent

2257 772 2336 824 Ad
2369 771 2531 825 Pater
2573 780 2768 837 noster,
2797 779 2852 825 et
2881 770 2949 825 ad
2981 769 3236 826 collectas
3261 785 3404 840 quas
3427 773 3655 827 sacerdos
3676 776 3766 829 dicit

2258 861 2537 924 inclinanti
2571 861 2680 916 sint
2715 876 2881 932 super
2910 876 3084 932 genua
3118 877 3233 916 sua.
3266 860 3328 916 Si
3374 870 3501 917 ante
3542 873 3765 922 noctumas

2255 952 2467 1023 vigilias
2496 951 2667 1006 frater
2695 951 2917 1015 obierit,
2946 959 3092 1004 tanta
3114 950 3225 1019 jam
3260 952 3441 1007 noctis
3469 964 3611 1024 parte
3642 964 3764 1009 trans

2257 1052 2379 1098 aeta
2420 1053 2478 1098 ut
2525 1043 2659 1098 duas
2684 1042 2893 1113 vigilias
2938 1041 3119 1098 facere
3172 1043 3515 1098 commodum
3562 1059 3650 1098 non
3688 1044 3763 1109 sit,

2255 1134 2434 1191 locato
2464 1135 2516 1189 in
2562 1136 2790 1191 ecclesia
2819 1152 3076 1206 corpore,
3106 1135 3309 1191 fratres
3334 1152 3523 1192 omnes
3549 1138 3764 1209 vigilantes

2253 1235 2307 1278 et
2335 1226 2622 1295 psallentes
2645 1225 2717 1280 ibi
2749 1236 3109 1293 remaneant;
3152 1225 3391 1282 infantes
3420 1241 3537 1281 cum
3560 1228 3765 1302 magistris

2256 1318 2369 1373 suis
2395 1314 2688 1372 dormitum
2727 1319 2779 1372 in
2808 1318 3189 1375 dormitorium
3226 1319 3472 1373 redeant.

2324 1408 2571 1474 Quandiu
2599 1424 2798 1478 corpus
2825 1423 2989 1476 super
3015 1419 3215 1463 terram
3244 1419 3362 1474 est,
3392 1407 3563 1463 nullus
3601 1409 3644 1462 in
3666 1408 3765 1462 clau-

2255 1509 2368 1555 stro
2395 1497 2669 1569 loquatur.
2691 1501 2895 1555 Tabula
2917 1501 3179 1568 tamen,si
3211 1502 3331 1555 dies
3359 1500 3479 1555 talis
3500 1502 3577 1563 sit,
3600 1501 3643 1554 in
3666 1502 3764 1570 capi-

2256 1591 2368 1645 tulo
2399 1592 2669 1662 pulsetur,
2702 1601 2759 1648 et
2802 1592 3106 1647 Benedicite
3135 1592 3377 1659 dicatur,
3409 1593 3539 1648 sicut
3566 1592 3665 1646 aliis
3686 1592 3762 1645 die-

2255 1684 2387 1750 bus;
2419 1684 2463 1738 si
2492 1692 2673 1740 tamen
2705 1686 2820 1756 ipsa
2854 1685 2941 1741 die
2984 1694 3105 1756 post
3132 1685 3436 1756 capitulum
3479 1683 3662 1756 sepeliri
3698 1683 3762 1735 dc-

562 1773 846 1829 collectam
871 1775 1287 1844 sicutsuperies
1312 1777 1515 1831 dictum
1550 1787 1652 1833 est.
1688 1778 1780 1832 His
1814 1779 2072 1848 peractis,
2106 1778 2150 1832 si
2185 1759 2227 1816 Β
2256 1776 2377 1841 bet,
2408 1775 2721 1846 priusquam
2766 1776 3061 1846 sepeliatur
3106 1776 3236 1832 nulli
3287 1776 3449 1831 liceat
3492 1784 3625 1830 extra
3662 1774 3764 1827 clau-

563 1867 775 1920 souitus
833 1866 1027 1923 tabulze
1093 1870 1157 1923 de
1213 1869 1502 1925 refectorio
1572 1871 1768 1929 fratres
1813 1873 2152 1937 adduxerat,

565 1957 766 2013 ablutis
812 1959 1060 2014 manibus
1103 1959 1170 2014 ad
1204 1960 1552 2016 refectorium
1596 1972 1960 2029 revertantur,
1988 1962 2152 2033 perfi-

565 2050 819 2119 ciantque
846 2052 987 2121 quod
1029 2051 1403 2120 imperfectum
1436 2061 1792 2120 remanserat,
1826 2055 2154 2110 remanenti-

566 2141 667 2196 bus
689 2156 810 2196 cum
842 2156 1068 2212 corpore
1096 2144 1368 2214 aliquibus
1400 2144 1680 2209 fratribus,
1704 2156 1858 2215 quot,
1882 2155 1937 2202 et
1960 2147 2155 2217 quibus

566 2232 863 2301 injunctum
892 2233 1079 2301 fuerit,
1132 2236 1219 2305 qui
1264 2236 1499 2306 psalmos
1552 2238 1625 2294 ibi
1680 2237 1897 2293 inierint
1930 2247 2150 2303 canant,

565 2340 839 2395 nunquam
883 2328 1027 2381 enim
1078 2328 1192 2382 sine
1228 2328 1526 2398 psztlmodia
1563 2345 1762 2400 corpus
1808 2345 1928 2385 esse
1972 2330 2149 2391 debet,

565 2428 791 2487 excepto
842 2420 1057 2488 quando
1092 2421 1143 2474 itt
1191 2420 1359 2476 choro
1410 2420 1611 2491 aliquid
1662 2422 1965 2477 communis
1993 2420 2153 2477 oﬂicii

523 2559 526 2563 .
568 2509 893 2565 celebratur.

638 2599 948 2655 Conventus
972 2600 1027 2656 in
1058 2602 1145 2656 die
1174 2602 1319 2657 circa
1347 2619 1543 2675 corpus
1579 2621 1795 2674 semper
1823 2606 1977 2660 debet
2009 2619 2152 2669 esse,

568 2692 671 2747 nisi
703 2693 919 2762 quando
948 2706 1149 2750 canunt
1181 2696 1341 2751 lioras
1382 2697 1467 2751 vel
1493 2698 1707 2760 missas,
1739 2697 1824 2750 vel
1858 2697 2161 2767 procrssio:

566 2799 690 2836 netu
742 2784 887 2837 circa
938 2783 1231 2837 claustrum
1281 2786 1365 2839 vel
1414 2794 1569 2840 extra
1618 2786 1938 2849 claustrum,
1982 2786 2027 2840 si
2079 2786 2152 2839 ita

564 2873 864 2942 contingat,
905 2873 1133 2937 faciunt,
1162 2876 1244 2928 Vel
1288 2877 1339 2929 itt
1391 2877 1627 2945 capitulo
1673 2886 1817 2941 sunt,
1846 2884 1940 2931 aut
1968 2877 2020 2930 in
2071 2892 2148 2931 re-

568 2960 820 3023 fectorio,
849 2969 943 3014 aut
972 2962 1025 3015 in
1058 2963 1377 3017 dormitorio
1405 2965 1721 3020 meridianis
1751 2966 1925 3027 horis.
1949 2973 2003 3020 et
2029 2975 2154 3019 tunc

571 3059 779 3104 tantum
810 3052 1136 3123 deputentur
1167 3055 1332 3123 aliqui
1367 3055 1562 3110 fratres
1594 3057 1684 3126 qui
1716 3056 1788 3112 ibi
1819 3067 2151 3120 remaneant,

567 3142 884 3213 psalterium
897 3159 962 3197 ex
978 3143 1166 3198 ordine
1183 3145 1344 3217 295
1362 3146 1612 3216 psallant,
1631 3147 2156 3202 commendationem

568 3234 766 3287 animai
814 3243 997 3301 agant,
1050 3250 1322 3304 vesperas,
1379 3236 1629 3306 vigilias,
1688 3251 1810 3291 cunt
1866 3235 2155 3301 laudibus,

581 3323 747 3380 Verba
778 3343 914 3390 mea,
944 3336 997 3381 et
1020 3327 1133 3381 lucc
1162 3329 1349 3381 eadem
1378 3326 1711 3397 frequenter.

642 3417 813 3473 Nocte
845 3435 969 3473 vero
1013 3429 1131 3489 post
1170 3421 1601 3491 completorium,
1633 3421 1896 3492 incipiens
1927 3419 2157 3489 primam

566 3509 809 3580 vigiliam
861 3512 1052 3565 dexter
1087 3511 1289 3567 chorus
1319 3511 1516 3576 faciat,
1568 3513 1864 3569 secundum
1914 3511 2154 3574 sinister,

571 3600 943 3668 persolventes
1009 3602 1225 3671 utrique
1281 3604 1593 3673 supradicta
1647 3603 1944 3672 obsequia,
1998 3612 2159 3673 prout

573 3689 848 3757 quantitas
897 3692 1136 3745 noctium
1179 3692 1296 3747 fieri
1342 3693 1691 3762 permiserit,
1740 3694 1842 3747 hoc
1869 3694 2159 3747 observato

574 3779 861 3852 diligenter
890 3795 957 3836 ne
982 3782 1197 3851 utrique
1224 3783 1431 3852 priores
1462 3784 1514 3836 in
1547 3798 1653 3837 una
1690 3782 1870 3853 vigilia
1899 3783 2160 3850 deputen‘

575 3879 681 3926 tur.
719 3872 874 3926 Circa
920 3874 1080 3928 fluent
1120 3874 1309 3944 prima:
1357 3875 1553 3944 vigilia:
1593 3883 1749 3930 exeat
1800 3874 1949 3943 prior
1978 3873 2160 3927 ferens

575 3965 937 4027 absconsum,
985 3972 1039 4018 et
1086 3964 1250 4018 vadat
1295 3966 1347 4018 in
1388 3965 1790 4027 dormitorium,
1845 3965 2160 4034 excitetque

571 4050 901 4121 fratresqui
953 4054 1247 4108 secundum
1300 4054 1541 4121 vigiliam
1598 4054 1793 4109 facturi
1851 4063 1997 4109 sunt.
2031 4053 2160 4109 Post

570 4142 869 4198 matutinas
926 4142 1143 4207 laudes,
1197 4143 1356 4197 dictis
1411 4144 1463 4198 in
1494 4145 1665 4199 choro
1705 4159 1824 4214 quae
1871 4144 1973 4199 dici
2027 4144 2160 4199 ordo

568 4232 816 4302 depascit
845 4272 860 4293 .
910 4231 1171 4302 quidquid
1223 4243 1471 4302 superest
1528 4235 1704 4288 noctis
1749 4233 1984 4288 infantes
2037 4248 2160 4287 cum

566 4321 850 4390 magistris
898 4323 1143 4377 canendo
1177 4324 1501 4392 expendant,
1536 4325 1788 4379 intersint
1832 4339 2047 4395 quoque
2080 4324 2161 4377 in-

2256 1876 2429 1921 strtnn
2470 1869 2783 1922 monasterii
2820 1869 3004 1935 exire,
3037 1867 3142 1923 nisi
3168 1877 3279 1922 tam
3311 1881 3476 1937 prope
3499 1866 3557 1921 sit
3592 1865 3705 1920 locus
3723 1874 3761 1915 ut

2256 1958 2321 2012 ad
2360 1956 2729 2028 sepeliendum
2758 1957 2981 2013 fratrem
3010 1959 3181 2029 possit
3216 1959 3419 2013 redire.

2326 2049 2528 2105 Omnes
2551 2050 2643 2119 qui
2674 2060 2902 2122 possunt
2947 2052 3066 2122 ipso
3092 2051 3180 2106 die
3208 2066 3313 2121 pro
3343 2037 3409 2106 eo
3436 2049 3628 2107 missam
3662 2048 3758 2104 cele-

2256 2142 2433 2196 brent.
2491 2140 2657 2197 Missa
2713 2141 3056 2197 matutinalis
3110 2156 3335 2217 proco
3375 2141 3555 2196 festive
3596 2149 3759 2209 agatur,

2256 2234 2467 2288 etiamsi
2528 2234 2643 2290 dies
2690 2235 2978 2306 praecipuae.
3025 2234 3346 2290 festivitatis
3402 2234 3487 2289 sit.
3538 2233 3609 2288 Ad
3649 2247 3757 2302 quam

2256 2324 2476 2378 missam
2525 2326 2739 2393 quoties
2787 2325 3051 2379 diaconus
3098 2324 3352 2379 incensat
3394 2319 3759 2388 altare,adcoro

2256 2428 2357 2483 pus
2382 2430 2597 2485 quoque
2624 2416 3016 2470 incensandum
3044 2430 3168 2470 cum
3203 2413 3479 2469 tlturibulo
3506 2410 3643 2466 debet
3655 2424 3759 2463 atec-

2256 2504 2407 2563 dere.

2326 2593 2490 2650 Facto
2518 2595 2571 2649 in
2599 2595 2834 2665 capitulo
2854 2608 3106 2652 sermone
3128 2593 3378 2648 absolvat
3394 2606 3509 2648 eum
3528 2587 3682 2647 abbas.
3702 2580 3755 2634 vel

2257 2685 2348 2755 qui
2372 2686 2547 2741 ordini
2576 2696 2792 2755 praeest.
2826 2686 3033 2741 Deinde
3054 2685 3341 2758 prmipiat
3370 2697 3465 2755 pro
3487 2695 3545 2735 eo
3568 2673 3755 2734 celebrari

2257 2778 2478 2848 triginta
2531 2778 2721 2833 diebus
2779 2779 3000 2849 triginta
3032 2777 3269 2842 missas,
3322 2772 3538 2844 singulis
3579 2763 3756 2821 videlicet

2256 2868 2447 2924 diebus
2477 2869 2717 2941 singulas
2740 2870 2957 2934 missas,
2983 2876 3182 2939 praeter
3202 2882 3302 2922 eas
3328 2880 3445 2937 quae
3482 2864 3530 2917 in
3562 2866 3754 2915 conventu

2256 2960 2593 3015 celebranda:
2622 2969 2777 3023 sunt,
2806 2960 2881 3015 ita
2932 2969 2992 3015 ut
3040 2958 3220 3013 nullus
3260 2960 3535 3028 praetereat
3561 2952 3653 3004 dies
3684 2960 3755 3016 quo

2260 3051 2423 3105 missa
2447 3066 2544 3121 pro
2564 3066 2630 3106 eo
2661 3066 2767 3107 non
2806 3050 3134 3112 celebretur,
3171 3048 3277 3104 nisi
3304 3048 3580 3103 Parasceve
3607 3040 3676 3101 sit,
3696 3042 3755 3089 aut

2260 3141 2557 3197 Sabbatum
2584 3151 2861 3207 sanctum;
2887 3148 2941 3194 et
2962 3139 3053 3210 qui
3085 3139 3315 3194 inchoat
3342 3152 3444 3192 non
3482 3135 3579 3205 ipsa
3604 3131 3669 3184 die
3685 3141 3753 3196 qua

2258 3231 2570 3302 sepelietur,
2587 3231 2682 3285 sed
2705 3232 2760 3285 in
2788 3230 3032 3285 crastino
3061 3229 3327 3283 inchoare
3348 3224 3517 3281 debet.
3532 3216 3755 3276 Celebratis

2257 3322 2487 3390 quisque
2513 3321 2616 3375 sibi
2642 3320 2899 3391 injunctis
2937 3319 3120 3373 missis
3165 3318 3288 3387 ipso
3327 3316 3414 3370 die
3443 3314 3490 3368 id
3518 3313 3564 3365 in
3589 3302 3756 3374 capitulo

2258 3412 2437 3474 dicat,
2480 3418 2747 3479 quatenus
2772 3410 2885 3473 alii,
2923 3411 3013 3478 qui
3044 3406 3308 3476 subsequi
3342 3404 3544 3485 debeat
3567 3439 3579 3463 ,
3616 3393 3753 3450 ibidem

2259 3501 2426 3555 abbas
2463 3501 2546 3554 vel
2586 3501 2736 3570 prior
2786 3500 2928 3555 idem
2983 3500 3251 3570 injungat.
3306 3499 3427 3569 Ipso
3472 3494 3551 3547 die
3592 3486 3755 3543 infantes

2260 3610 2414 3648 suum
2442 3592 2733 3664 capitulum
2770 3608 2876 3647 non
2911 3600 3154 3648 teneant.

2332 3684 2664 3754 Quacunque
2697 3684 2851 3747 hora,
2886 3699 2984 3753 per
3014 3691 3182 3737 totam
3229 3681 3378 3736 diem
3403 3719 3417 3744 ,
3459 3683 3565 3748 post
3587 3667 3751 3726 sonilum

2259 3791 2420 3845 quem
2449 3777 2597 3845 prior
2623 3776 2689 3829 ad
2721 3775 3040 3830 excitandos
3072 3773 3272 3828 fratres
3305 3785 3459 3827 mane
3479 3767 3628 3821 facere
3644 3756 3752 3814 solet.

2264 3870 2431 3925 frater
2479 3870 2774 3935 moriatur,
2803 3868 3075 3939 sepultura
3115 3869 3233 3935 ejus
3278 3880 3448 3936 usque
3479 3866 3584 3933 post
3621 3850 3755 3909 cristi-

2265 3978 2391 4016 nnm
2428 3960 2720 4031 capitulum
2773 3960 3079 4026 differatur,
3138 3959 3244 4015 nisi
3294 3950 3607 4013 rationabilis
3644 3952 3753 4000 causa

2262 4056 2464 4110 existat
2484 4069 2606 4125 qua:
2631 4053 2715 4110 vel
2746 4062 2868 4125 post
2897 4039 3161 4125 majorem
3186 4052 3430 4113 missam,
3460 4045 3534 4101 vel
3570 4046 3663 4112 posl
3693 4046 3755 4086 ηο·

2264 4164 2389 4204 nam
2415 4147 2632 4218 sepeliri
2659 4162 2781 4202 eum
2808 4147 3053 4212 suadeat,
3075 4154 3130 4199 et
3156 4144 3399 4198 maxime
3424 4141 3468 4195 si
3496 4144 3603 4191 ante
3625 4131 3754 4183 horam

2263 4257 2382 4312 quae
2419 4240 2501 4295 vel
2533 4248 2740 4306 aestate,
2770 4240 2853 4295 vel
2894 4239 3075 4294 hieme
3121 4246 3250 4292 ante
3283 4233 3561 4306 capitulum
3599 4221 3755 4278 dicitur.

2267 4331 2403 4386 mori
2432 4345 2554 4385 eum
2583 4329 2881 4400 contingat.
2913 4327 3068 4396 Quod
3102 4343 3227 4383 eum
3274 4324 3469 4382 accidit
3499 4324 3657 4390 praeter

567 4414 717 4468 ﬁrmi
744 4415 816 4467 illi
841 4415 931 4483 qui
963 4415 1014 4468 in
1038 4416 1200 4470 domo
1225 4415 1562 4470 infirmorum
1587 4418 1802 4472 assidue
1831 4430 2159 4473 eonversan-
2188 4433 2237 4492 ο
2264 4423 2453 4477 vitium
2498 4422 2643 4492 quod
2692 4397 2796 4491 pro
2834 4430 3049 4475 mortuo
3087 4420 3255 4474 fratre
3292 4416 3470 4472 facere
3508 4410 3650 4467 solent
3684 4397 3754 4451 fn-

566 4513 665 4557 «tur
719 4515 773 4559 et
820 4505 1127 4560 facultatem
1174 4507 1280 4562 hoe
1330 4506 1568 4562 faciendi
1626 4509 1826 4564 habere
1883 4508 2154 4563 videntur.

568 4596 771 4650 Caneri
811 4612 943 4650 vero
974 4596 1169 4651 fratres
1200 4598 1253 4652 in
1284 4597 1438 4653 lectis
1484 4599 1598 4652 suis
1644 4599 1930 4668 quiescant
1964 4611 2161 4668 usque-

576 4701 687 4754 quo
720 4686 867 4742 facto
915 4701 1076 4741 mane
1119 4697 1438 4759 surgentes,
1481 4689 1743 4753 calceati,
1790 4689 1909 4755 loti,
1941 4699 1996 4744 et
2037 4688 2159 4760 pexi

572 4775 845 4845 factisque
872 4777 1212 4831 orationibus
1240 4787 1607 4848 aggregentur
1633 4788 1689 4833 et
1719 4778 1820 4847 ipsi
1853 4779 1919 4833 ad
1942 4794 2158 4848 corpus.

571 4866 790 4934 Quibus
820 4868 1129 4937 aggregatis
1157 4876 1390 4937 pergant
1420 4868 1659 4923 infantes
1684 4885 1743 4924 se
1783 4868 2055 4934 calceum,
2091 4869 2163 4923 la-

573 4972 735 5023 vare,
783 4969 836 5012 et
868 4967 1127 5029 pectere,
1181 4960 1474 5029 solitasque
1521 4962 1800 5015 orationes
1854 4959 2072 5025 facere;
2107 4970 2161 5014 et

570 5057 720 5117 post,
746 5050 1010 5103 accedant
1040 5060 1094 5104 et
1119 5050 1241 5119 ipsi,
1274 5063 1330 5106 et
1359 5053 1461 5107 ltoc
1487 5052 1579 5116 fit,
1612 5053 1658 5107 si
1689 5052 1807 5108 dies
1835 5050 1957 5105 talis
1983 5052 2055 5108 sit
2104 5064 2161 5105 ut

572 5151 702 5212 post
726 5140 1021 5195 ntatutinas
1058 5140 1241 5198 laudes
1265 5143 1330 5196 ad
1361 5142 1528 5198 lectos
1559 5144 1733 5198 redire
1760 5142 2017 5198 fratribus
2049 5143 2164 5198 lici-

574 5240 695 5305 tum
735 5232 826 5288 sit.
876 5231 935 5287 In
966 5233 1145 5289 hieme
1183 5248 1333 5299 vero,
1379 5237 1593 5304 quando
1622 5234 1904 5291 intervalla
1936 5236 2091 5299 fiunt,
2117 5236 2160 5288 si

576 5332 706 5392 post
730 5323 976 5379 litaniam
1007 5325 1210 5395 aliquid
1234 5335 1482 5396 superest
1507 5328 1704 5393 noctis,
1738 5327 1862 5383 licet
1891 5327 2164 5397 praedictis

582 5412 810 5482 reliquis
837 5415 1099 5470 fratribus
1128 5417 1180 5478 in
1217 5418 1373 5472 lectis
1404 5419 1516 5473 suis
1545 5434 1713 5488 usque
1739 5419 1806 5472 ad
1834 5418 1975 5477 diem
2005 5418 2157 5487 quie-

586 5512 770 5573 scere;
798 5504 980 5559 vestiti
1016 5514 1193 5560 tamen
1218 5514 1275 5561 et
1298 5507 1522 5563 calceati
1555 5511 1859 5577 quiescant.

662 5591 932 5659 infantes,
983 5597 1123 5651 sicut
1175 5600 1424 5668 superius
1474 5601 1675 5653 dictum
1720 5608 1822 5662 est,
1876 5614 1999 5652 cum
2050 5613 2162 5652 nta-

581 5679 771 5749 gistris
813 5690 864 5737 et
893 5682 1298 5742 infirmissuatn
1329 5690 1471 5746 circa
1504 5703 1696 5759 corpus
1721 5699 1880 5760 agant
1906 5688 2159 5761 vigiliam.

2266 4524 2392 4579 tres,
2416 4514 2686 4583 integrum
2713 4510 3030 4583 psalterium
3051 4551 3067 4576 ,
3097 4525 3222 4565 eum
3255 4511 3464 4578 integra
3503 4502 3752 4556 mortuorum

2265 4604 2588 4673 psalmodia,
2622 4616 2721 4671 pro
2748 4615 2813 4656 eo
2860 4600 3087 4672 singulis
3128 4608 3213 4654 est
3250 4596 3506 4653 fratribus
3543 4586 3749 4655 injungcn-

2263 4694 2411 4747 dum.
2640 4679 2650 4684 ’

2336 4783 2392 4836 Si
2424 4792 2549 4838 ante
2598 4788 2890 4836 nocturnas
2921 4778 3132 4850 vigilias
3179 4776 3428 4837 moritur,
3475 4760 3750 4829 subsequi!!!“

2265 4875 2515 4931 similiter
2553 4875 2640 4930 die
2692 4882 2816 4943 post
2866 4873 3161 4943 capitulum
3214 4870 3517 4940 sepeliatur.
3574 4859 3617 4913 Si
3659 4853 3752 4943 iutrr

2269 4964 2413 5033 ipsas
2439 4963 2672 5035 vigilias,
2692 4936 2781 5017 vel
2805 4936 2992 5032 postea
3016 4936 3479 5029 anteprtedictutn
3503 4936 3749 5040 ευιιὶιξξωιξ

2267 5032 2370 5106 lioc
2397 5032 2595 5106 saeculo
2616 5051 2831 5121 migret,
2861 5058 2984 5119 post
3017 5048 3277 5116 majorem
3305 5047 3511 5100 missam
3538 5032 3646 5091 tradi
3668 5036 3747 5080 eum

2267 5144 2554 5213 sepulturae
2576 5152 2809 5214 oportet.
2837 5144 2893 5199 Si
2921 5143 3188 5198 festivitas
3220 5140 3492 5197 duodecim
3520 5130 3745 5186 lectionum.

2267 5246 2360 5289 aut
2413 5235 2613 5299 trium,
2664 5236 2716 5289 in
2753 5235 2947 5305 quain
3002 5234 3240 5288 claustro
3290 5229 3500 5285 minime
3541 5219 3747 5288 ιοιιυετιωτ

2269 5324 2484 5389 fratres,
2514 5325 2627 5395 ipsa
2674 5324 2761 5380 die
2804 5323 3013 5389 fuerit,
3064 5333 3183 5393 post
3214 5319 3493 5392 capitulum
3526 5307 3745 5367 celebreluf

2268 5431 2365 5484 pro
2396 5431 2460 5471 eo
2508 5417 2671 5470 missa
2710 5415 3042 5470 matutinalis
3072 5416 3267 5470 festivo
3301 5424 3476 5473 more,
3506 5405 3621 5459 sicut
3643 5402 3746 5458 Sull”

2270 5505 2381 5559 rius
2409 5505 2607 5559 dictum
2639 5514 2743 5560 est.

2341 5594 2544 5648 Dehinc
2574 5594 2715 5649 dicta
2746 5598 2926 5661 tertia,
2956 5596 3229 5665 missaque
3265 5591 3477 5661 majore,
3502 5584 3674 5655 pera-tl“
3700 5564 3741 5665 il"

2268 5685 2631 5755 sepeliendum
2674 5685 2915 5742 fratrem.
2951 5687 3031 5741 Ad
3076 5696 3233 5756 quem
3264 5682 3554 5739 accedentes
3597 5657 3739 5721 δὶιόάε
