3864 6304
74 408 159 468 513

993 396 1309 456 DECRETA
1344 396 1480 455 PRO
1517 396 1770 455 ORDINE
1809 397 1868 452 S.
1911 394 2301 454 BENEDICTI.

3196 397 3301 453 5H

70 522 289 598 capitulo,
330 518 444 573 sive
473 517 537 572 de
565 516 729 572 choro
755 523 975 579 exeant,
1017 512 1261 569 canendo
1294 510 1460 565 Verba
1497 527 1611 565 mea
1644 515 1688 574 Α
1717 511 1884 576 dicta,
1909 520 1965 565 et
2008 511 2259 580 imposito
2294 510 2451 564 tlmrc
2495 510 2695 565 tribuat
2723 508 3055 567 thuribulum
3091 510 3181 565 uni
3205 520 3302 565 c0-

71 617 122 669 ad
147 624 328 681 corpus
358 608 599 662 veniant.
634 604 854 660 Interim
903 603 1145 676 pulsetur
1202 601 1375 658 tribus
1408 602 1614 657 vicibus

70 720 204 760 unum
236 706 298 757 de
321 700 616 771 majoribus
642 698 831 767 signis,
868 706 926 751 ut
956 697 999 751 si
1036 695 1127 766 qui
1157 695 1294 750 forte
1330 693 1527 748 absunt
1547 694 1614 747 ad

70 800 185 852 hunc
217 808 406 850 sonum
433 793 551 847 sine
577 804 729 845 mora
754 790 1101 845 conveniant.

125 885 446 943 Secretarius
500 872 722 948 abbati,
761 890 817 937 et
862 881 1053 952 priori,
1097 890 1153 935 et
1199 879 1465 936 sacerdoti
1522 878 1613 950 qui

73 978 349 1047 obsequium
407 975 651 1031 facturus
693 982 796 1038 est,
830 988 1018 1029 cereos
1064 973 1378 1033 diSlribuat,
1420 971 1615 1026 cande-

70 1073 131 1127 las
149 1070 352 1139 reliquis
376 1066 660 1130 fratribus,
695 1067 952 1138 magister
981 1064 1296 1120 infantibus.
1345 1065 1613 1119 Sacerdos

70 1162 251 1217 indutus
276 1160 346 1216 sit
371 1159 521 1222 alba,
546 1172 670 1212 eum
701 1157 837 1213 stola
873 1166 929 1212 et
955 1156 1254 1228 manipulo,
1292 1166 1346 1211 et
1378 1157 1431 1211 in
1475 1156 1613 1211 albis

68 1250 153 1306 duo
199 1250 387 1305 fratres
434 1250 605 1304 exiis
661 1249 752 1320 qui
814 1257 971 1305 antea
1020 1248 1267 1303 laverant
1317 1256 1609 1302 mortuum.

72 1342 193 1397 Alba:
218 1355 340 1396 vero
379 1340 494 1395 sint
522 1340 589 1394 ad
633 1338 939 1409 hujusmodi
988 1339 1263 1409 negotium
1307 1337 1614 1409 specialiter

65 1435 314 1505 deputata.

121 1525 263 1596 296
294 1524 330 1578 li
378 1523 471 1593 qui
513 1531 732 1591 portant
766 1522 982 1579 situlam
1035 1537 1157 1576 cum
1207 1537 1345 1591 aqua
1392 1523 1614 1577 benedi-

68 1628 427 1681 cta,crucem,
459 1615 820 1681 candelabra,
872 1613 1205 1669 thuribulum
1232 1655 1245 1677 ,
1291 1622 1435 1667 stent
1488 1614 1613 1667 hinc

70 1717 110 1763 et
146 1706 279 1773 inde,
325 1707 392 1761 ad
448 1716 617 1776 caput
672 1704 957 1769 defuncti,
1015 1702 1255 1772 reliqutts
1313 1712 1613 1757 conventus

68 1799 118 1852 ad
141 1798 398 1853 dexteram
422 1838 437 1863 ,
470 1807 531 1851 et
572 1798 639 1851 ad
668 1796 951 1851 sinistram
974 1835 990 1859 ,
1037 1795 1180 1849 sicut
1211 1801 1293 1848 est
1335 1794 1469 1848 ordo
1521 1808 1613 1846 eo-

1716 617 1833 656 rum
1860 601 1951 672 qui
1980 601 2117 656 albis
2145 602 2312 658 induti
2345 601 2471 657 illuc
2500 602 2921 669 descenderant,
2967 612 3023 659 et
3053 604 3302 658 incense-

1718 703 1802 747 tur
1845 695 2173 763 sepulcrum.
2225 691 2435 749 Dehinc
2479 694 2624 750 dicta
2667 695 2892 750 collecta
2949 694 3299 751 Obsecremus

1714 784 2127 838 misericordiam
2160 794 2327 851 tuam,
2352 784 2459 840 duo
2486 800 2551 840 ex
2580 785 2837 840 fratribus
2866 786 2957 855 qui
2992 784 3124 842 foris
3169 798 3299 843 sunt

1714 874 1933 943 pallium
1990 874 2224 945 desuper
2275 878 2602 941 extendant,
2658 877 2748 931 alii
2796 877 2944 943 duo,
2987 892 3184 946 corpus
3227 880 3294 933 «το

1716 969 1915 1024 feretro
1966 968 2329 1039 accipientes,
2365 970 2470 1026 illis
2522 972 2764 1026 tribuant
2794 971 2883 1041 qui
2937 971 2987 1025 in
3032 971 3293 1025 tumulum

1715 1060 2137 1116 descenderant.
2171 1060 2247 1115 llli
2287 1060 2575 1131 diligenter
2602 1062 2729 1115 illud
2777 1060 2830 1114 iu
2873 1060 3124 1130 sepulcro
3148 1074 3299 1116 com-

1715 1157 1958 1221 ponant,
2004 1159 2059 1205 et
2106 1150 2498 1205 absolutionem
2545 1151 2804 1221 scriptam
2861 1160 2918 1205 et
2961 1169 2989 1206 a
3033 1152 3297 1207 fratribus

1716 1239 1907 1295 lectam
1952 1256 2114 1311 super
2158 1251 2349 1311 pectus
2383 1243 2498 1312 ejus
2547 1255 2754 1312 ponant
2800 1252 2857 1296 et
2920 1243 3203 1312 operiant.
3245 1254 3300 1298 et

1713 1333 1895 1387 statim
1947 1344 2237 1396 exeuntes,
2268 1343 2324 1389 et
2370 1335 2443 1389 ad
2486 1337 2871 1389 monasterium
2924 1346 3256 1390 revertentes
3283 1376 3298 1398 .

1713 1425 1859 1477 exuti
1906 1425 2064 1490 albis,
2100 1436 2155 1480 et
2186 1427 2357 1481 induti
2388 1427 2631 1482 vestibus
2680 1427 2827 1491 suis,
2860 1428 2926 1480 ad
2975 1437 3300 1481 conventum

1714 1514 1957 1569 redeant.
1995 1515 2236 1586 Corpore
2286 1516 2336 1570 in
2375 1518 2648 1587 sepultura
2685 1518 2879 1587 podio,
2934 1518 3180 1587 protinus
3210 1534 3304 1571 cx-

1713 1605 2063 1675 stinguautur
2086 1607 2326 1662 candela:
2355 1619 2409 1663 et
2440 1620 2657 1665 cessent
2682 1611 2859 1680 signa.

1785 1695 2028 1766 Espletis
2054 1697 2296 1768 reliquis,
2331 1699 2470 1753 sicut
2502 1701 2552 1754 in
2586 1701 2772 1756 codice
2801 1702 2851 1755 in
2900 1716 3008 1771 quo
3037 1701 3139 1755 hoc
3181 1697 3303 1754 olli-

1715 1789 1857 1843 ciunt
1900 1776 2213 1846 ordinatum
2261 1802 2347 1847 est
2373 1796 2660 1864 reperitur.
2698 1805 3045 1849 revertantur
3090 1809 3297 1849 carica-

73 1905 183 1945 rum.
233 1888 501 1944 Sacerdos
551 1889 849 1943 adveniens
900 1890 1053 1959 prius
1110 1892 1364 1955 aspergat
1419 1900 1617 1955 corpus
1650 1871 1691 1923 Β
1721 1888 1801 1934 tes
1825 1890 2032 1951 septem
2062 1881 2301 1951 psalmos
2326 1887 2749 1953 pmnitentiales.
2784 1886 3051 1941 Sacerdos
3098 1901 3300 1956 praten-

74 1996 180 2049 squa
202 1980 499 2044 benedicta,
527 1980 721 2035 dehinc
760 1980 1024 2035 accedens
1066 1978 1134 2032 ad
1165 1985 1325 2045 caput
1351 1975 1613 2039 defuncti,

76 2078 156 2124 stet
178 2070 242 2125 ita
266 2078 323 2125 ut
345 2072 641 2140 praedictos
677 2072 969 2140 portitores
996 2070 1062 2124 ad
1085 2070 1360 2124 dexteram
1382 2082 1534 2122 suam
1563 2076 1617 2121 et

73 2162 301 2216 sinistram
323 2162 545 2218 habeat.
577 2163 856 2217 Accedant
879 2162 984 2217 duo
1023 2170 1294 2224 cantores,
1322 2168 1375 2215 et
1406 2166 1616 2213 stantes

73 2248 182 2304 inter
214 2251 377 2308 altare
425 2254 574 2323 quod
603 2254 674 2308 ibi
717 2253 881 2309 situm
926 2262 1033 2318 est,
1060 2261 1115 2307 et
1158 2266 1374 2322 corpus,
1405 2250 1613 2315 dicant,

76 2338 200 2409 Kyrie
222 2344 422 2409 eleison,
473 2342 686 2398 Christe
751 2343 964 2403 eleison,
1000 2342 1162 2413 Kyrie
1204 2340 1431 2406 eleison;
1486 2354 1613 2394 con-

72 2440 199 2483 ventu
224 2430 320 2485 duo
334 2433 520 2502 priora
555 2441 927 2503 repetente,et
948 2431 1197 2484 ultimum
1226 2428 1391 2499 Kyrie
1420 2428 1614 2482 eleison

75 2534 166 2573 cum
197 2522 267 2576 eis
302 2525 539 2579 dicente.
585 2521 779 2577 Postea
834 2521 1111 2585 sacerdos,
1141 2520 1421 2574 humiliter
1453 2518 1612 2572 incli-

76 2610 183 2665 natis
208 2614 466 2677 ornnibus,
513 2613 657 2668 dicat
687 2612 970 2668 collectam
1003 2610 1255 2669 Oremus.
1294 2608 1416 2663 Non
1448 2610 1611 2662 intres

76 2701 116 2753 iu
136 2701 383 2769 judicium.
426 2702 549 2770 Qua
580 2704 753 2766 dicta,
783 2701 1055 2772 prredictis
1104 2698 1419 2754 cantoribus
1475 2699 1611 2752 inci-

77 2790 333 2858 pientibus,
385 2801 622 2848 canatur
678 2792 1085 2861 responset-ium
1128 2805 1251 2844 cum
1298 2804 1455 2845 versu
1504 2789 1611 2855 Qui

81 2881 307 2939 Lazarum.
354 2885 510 2953 Quod
561 2886 687 2940 dum
744 2885 1001 2949 canitur,
1056 2884 1301 2938 incenset
1355 2882 1611 2937 sacerdos

77 2973 227 3038 altare,
249 2977 382 3045 quod
408 2976 478 3031 ibi
516 2983 620 3040 est,
654 2985 708 3030 et
734 2990 950 3043 corpus.
994 2973 1109 3027 Hoc
1139 2983 1333 3044 agatur
1372 2973 1610 3027 secundo

77 3070 117 3114 et
138 3063 287 3131 tertio,
316 3075 545 3136 excepto
567 3064 709 3134 quod
735 3063 854 3117 alia:
885 3063 1125 3117 collecta:
1166 3070 1220 3116 et
1244 3062 1347 3116 alia
1380 3077 1609 3130 respuu-

76 3155 184 3208 soria
207 3157 298 3212 dici
320 3158 543 3222 debent,
558 3158 700 3211 sicut
721 3156 775 3210 in
798 3154 973 3220 libris,
990 3154 1077 3209 ubi
1109 3155 1253 3210 actio
1272 3152 1430 3223 hujus
1448 3152 1607 3208 ollicii

76 3256 137 3296 est
157 3246 396 3310 ordinata,
423 3246 764 3302 continetur.

131 3334 291 3392 Finitis
330 3339 582 3394 versibus
634 3337 778 3393 tertii
816 3336 1187 3408 responsorii,
1226 3333 1370 3405 quod
1418 3341 1610 3389 cantor

78 3428 315 3497 Prmcepit,
360 3437 642 3500 repetatur
683 3444 714 3481 a
752 3429 932 3497 capite
981 3428 1383 3499 responsorium
1438 3443 1453 3479 :
1502 3441 1622 3494 qus.

78 3526 339 3581 percantato
368 3525 528 3589 roget
550 3517 809 3572 sacerdos
835 3532 932 3587 pro
960 3532 1025 3571 eo
1051 3516 1219 3579 orari,
1238 3515 1311 3569 ita
1336 3508 1565 3569 dicendo
1592 3529 1604 3566 :

82 3603 203 3659 Pater
230 3620 409 3675 noster,
443 3610 516 3664 Et
551 3626 616 3664 ne
645 3625 764 3674 nos,
794 3607 916 3663 Non
945 3611 1131 3674 intres,
1161 3606 1205 3659 A
1231 3615 1386 3677 porta
1415 3606 1607 3675 inferi,

78 3694 280 3754 Dominus
304 3702 589 3767 vobiscum,
605 3698 851 3765 Oremus,
882 3698 1111 3763 Inclina,
1140 3697 1383 3761 Domine,
1405 3711 1608 3759 (mrem,

78 3796 118 3840 et
142 3791 335 3862 rel‘qua.

131 3878 205 3934 llis
240 3884 304 3936 ita
352 3884 613 3954 peractis,
646 3894 870 3939 cantorc
914 3880 1209 3951 incipiente
1253 3879 1609 3949 antiphonasn

80 3966 127 4021 1η
149 3975 419 4039 paradisum
447 4019 463 4043 ,
515 3986 718 4031 exeant
763 3983 1024 4031 canentes
1060 3971 1324 4042 psalmum
1356 3968 1424 4024 In
1466 3970 1610 4024 exitu

80 4058 229 4116 Israel.
261 4064 573 4123 Praecedant
601 4067 840 4137 praedicti
869 4064 1166 4137 portitores
1196 4077 1371 4133 aqum,
1409 4060 1608 4125 crucis,

80 4153 471 4213 candelabrorum
503 4200 520 4223 ,
559 4167 611 4212 et
651 4155 933 4212 tlmribuli.
983 4153 1294 4224 Sequantur
1333 4152 1609 4216 sacerdos,

81 4251 120 4294 et
140 4254 302 4300 cantor
345 4249 503 4318 cujus
535 4246 694 4301 ofﬁcii
726 4246 1036 4316 specialiter
1061 4247 1289 4299 interest
1326 4240 1473 4296 omni
1504 4239 1612 4296 sol-

82 4330 309 4393 licitudine
354 4341 684 4409 providere,
739 4355 806 4393 ne
861 4340 915 4393 in
963 4339 1068 4393 hoc
1120 4337 1383 4406 obsequio
1430 4334 1611 4404 aliqua

80 4427 215 4489 possit
247 4431 570 4502 negligentia
607 4432 847 4487 evenire.
882 4430 1010 4485 Post
1054 4429 1154 4484 hos
1201 4428 1498 4499 procedant
1531 4428 1613 4481 itt-

1635 3212 1678 3272 C

1719 1971 1853 2026 dens
1879 1972 2273 2038 infantes,cum
2298 1975 2366 2030 ad
2389 1978 2776 2031 monasterium
2809 1979 3036 2041 venerit,
3069 1980 3301 2033 divertat

1720 2063 1770 2117 in
1803 2066 2137 2131 vestiarium,
2173 2074 2249 2133 et,
2278 2069 2516 2139 deposita
2561 2070 2679 2125 alba
2708 2081 2761 2125 et
2806 2072 3100 2142 manipulo,
3136 2082 3300 2141 atque

1718 2154 1939 2211 indutus
1984 2157 2225 2213 vestibus
2275 2160 2410 2224 suis,
2469 2171 2776 2217 revertatur
2829 2165 2880 2217 in
2930 2164 3190 2229 rlmrum,
3244 2173 3300 2217 et

1716 2254 2023 2314 prostratus
2073 2262 2195 2301 cum
2245 2249 2458 2303 caeteris
2488 2252 2805 2319 prostratis,
2839 2254 2984 2322 quod
3032 2252 3297 2321 reliquum

1716 2343 1800 2389 est
1829 2335 1896 2389 de
1922 2335 2149 2405 psalmis
2193 2338 2360 2392 dicat.
2389 2338 2595 2404 Quibus
2636 2340 2796 2395 dictis
2834 2341 3164 2411 sultjungattt
3192 2342 3301 2399 fle-

1714 2424 1886 2497 quiem
1920 2435 2169 2481 arternam
2212 2428 2352 2482 dona
2382 2429 2475 2493 eis,
2520 2429 2762 2497 Domine,
2797 2430 2959 2485 Pater
3011 2446 3203 2500 nos!er,
3231 2435 3300 2490 Et

1715 2530 1778 2568 ne
1824 2531 1938 2578 nos,
1972 2515 2014 2567 A
2038 2526 2189 2586 porta
2228 2518 2414 2587 inferi,
2457 2518 2710 2574 Dominus
2740 2522 2999 2576 vobiscum
3026 2564 3040 2589 ,
3073 2525 3298 2580 collecta

1717 2606 2029 2677 Sntislaciat
2059 2609 2177 2673 tibi,
2208 2607 2431 2664 Domine
2468 2610 2606 2665 Deus
2652 2623 2857 2676 noster;
2891 2624 3011 2682 post
3060 2615 3175 2671 lucc
3208 2633 3297 2668 rc-

1714 2710 1996 2755 vertantur
2022 2702 2072 2754 in
2115 2701 2431 2769 claustrum,
2468 2714 2523 2758 ct
2564 2705 2709 2759 dicto
2740 2706 2808 2759 ab
2840 2706 3047 2761 infante
3074 2706 3299 2763 Benedi-

1712 2790 1831 2856 cite,
1863 2790 2153 2860 loquantur
2182 2793 2232 2845 in
2258 2792 2515 2853 claustro.
2548 2794 2594 2848 si
2629 2795 2746 2850 dies
2794 2795 2916 2850 talis
2946 2805 3005 2851 et
3048 2797 3176 2850 hora
3204 2797 3296 2851 sit.

1715 2878 1932 2949 Septem
1981 2878 2139 2949 plena
2198 2881 2371 2936 ollicia
2419 2898 2517 2953 pro
2554 2898 2620 2939 eo
2664 2884 2715 2937 in
2763 2894 3032 2940 conventu
3094 2896 3294 2957 agant;

1713 2970 1935 3039 triginta
1966 2971 2159 3026 diebus
2193 2971 2360 3025 Verba
2392 2990 2529 3037 utea,
2557 2984 2612 3029 et
2654 2975 2720 3029 ad
2746 2990 2940 3029 omnes
2959 2976 3123 3031 horas
3160 2976 3298 3032 Voce

1713 3075 1848 3124 mea,
1869 3076 1968 3131 pro
1989 3076 2054 3116 eo
2080 3063 2284 3117 dicant.
2325 3062 2691 3135 Singulariter
2719 3068 3090 3138 unusquisque
3128 3085 3296 3139 quan-

1715 3159 1824 3203 tum
1873 3153 2041 3206 abbas
2072 3156 2329 3225 prmcepit
2350 3171 2448 3226 pro
2480 3159 2661 3213 anima
2683 3157 2803 3227 ejus
2822 3160 3017 3225 faciat;
3076 3161 3296 3231 triginta

1712 3257 1927 3312 quoque
1969 3243 2183 3308 diebus,
2226 3255 2321 3300 aut
2361 3247 2624 3318 pluribus,
2654 3250 2700 3303 si
2733 3250 2900 3304 abbas
2938 3251 3296 3320 ordiuaverit,

1712 3348 1905 3401 panem
1937 3352 2100 3389 unum
2136 3352 2258 3390 cum
2290 3348 2417 3407 potu
2446 3348 2501 3393 et
2530 3330 3031 3410 ι’(ἐτιιςιι-ἰὺιιεέἰιής
3063 3342 3298 3398 cleemo-

1716 3426 1968 3493 syuarius
1998 3427 2247 3498 accipiat.
2347 3426 2353 3433 ’

2275 3520 2500 3577 CAPUT
2543 3522 2726 3579 XXIV.

1972 3609 2048 3662 De
2074 3611 2414 3666 morientibus
2446 3624 2594 3668 extra
2629 3616 3027 3669 eratmateriam.

1785 3698 1839 3754 Si
1873 3698 2039 3754 frater
2086 3712 2238 3755 extra
2272 3705 2661 3758 monasterium
2691 3706 2759 3760 de
2809 3706 2910 3761 hac
2939 3706 3048 3760 vita
3100 3704 3302 3775 migra-

1714 3791 1893 3857 verit,
1945 3806 2045 3847 nec
2086 3790 2285 3847 fratres
2321 3808 2507 3849 secum
2548 3796 2749 3851 fuerint
2789 3799 2881 3868 qui
2925 3814 3048 3855 eum
3077 3800 3304 3855 abluaut

1712 3893 2018 3953 canet-aque
2050 3899 2170 3954 quae
2199 3887 2450 3956 superius
2480 3881 2622 3943 dict'a
2655 3900 2783 3945 sunt
2811 3892 2957 3947 circa
2983 3907 3107 3947 eum
3135 3892 3303 3947 adim-

1712 3971 1915 4041 pleaut,
1948 3975 2262 4043 deportatus
2283 3976 2350 4030 ad
2382 3978 2773 4035 monasterium
2804 3980 2856 4034 in
2898 3979 3126 4046 feretro,
3159 3981 3304 4051 quod

1712 4062 1813 4117 sibi
1865 4064 2117 4134 praemitti
2168 4067 2349 4132 debet,
2378 4084 2500 4122 cum
2554 4070 2720 4139 pallio
2769 4086 2864 4141 per
2894 4081 3093 4141 portas.
3132 4073 3304 4127 curiae

1712 4152 2071 4223 ingrediatur.
2115 4164 2169 4209 et
2208 4169 2535 4226 cooperante
2587 4158 2775 4222 fratre,
2828 4162 2914 4215 cui
2962 4160 3302 4214 inﬁrmorum

1713 4257 1843 4297 cura
1875 4245 2161 4299 commissa
2199 4254 2303 4310 est,
2335 4248 2387 4300 in
2418 4248 2578 4301 domo
2609 4249 2947 4302 inﬁrmorum
2977 4248 3304 4320 deponatur;

1713 4349 1821 4404 quo
1852 4336 2098 4404 deposito
2151 4337 2404 4402 famulus,
2448 4347 2501 4391 ut
2536 4339 2700 4401 solet,
2738 4340 2803 4393 ad
2851 4339 3048 4393 ostium
3083 4337 3307 4396 claustri

1714 4426 1941 4489 veniat,
1994 4423 2228 4479 tabulam
2278 4428 2591 4498 percutiat,
2648 4439 2955 4485 conventus
3006 4430 3305 4496 adveniat,

84 4513 219 4573 iantes
252 4537 364 4577 cum
410 4523 691 4592 magistris
715 4523 869 4588 suis,
919 4522 1119 4577 dehinc
1160 4519 1353 4591 reliqui
1385 4517 1605 4582 fratres,
1642 4557 1686 4611 Ι)
1716 4517 1952 4586 fiantque
2006 4527 2200 4572 caatera
2232 4560 2249 4583 ,
2296 4535 2360 4574 ac
2394 4520 2437 4575 si
2495 4522 2562 4576 de
2620 4523 2721 4578 hac
2766 4522 2872 4576 vita
2919 4523 3205 4594 migrasset
3251 4523 3307 4578 in

82 4611 292 4666 extremis
335 4615 624 4683 prioribus,
656 4613 1088 4684 przecedeutibus
1111 4609 1441 4682 junioribus,
1468 4610 1609 4665 sicut

84 4703 147 4748 est
181 4703 297 4756 ordo
320 4719 510 4759 eorum
554 4702 943 4759 cenversiouis.
980 4702 1107 4759 Post
1152 4717 1345 4757 omnes
1372 4700 1610 4756 .veniaut

85 4786 152 4852 (ιυῑ
172 4804 343 4863 corpus
385 4805 624 4867 portant,
672 4795 725 4850 bi
756 4810 888 4850 vero
920 4795 1048 4860 sint,
1081 4794 1125 4851 si
1160 4793 1444 4849 commode
1492 4792 1609 4849 ﬁeri

86 4881 234 4947 possit,
256 4886 343 4955 qui
366 4887 617 4943 laverant
651 4887 803 4953 illud,
840 4886 1220 4957 adjuvantibus
1258 4903 1379 4952 eos,
1404 4886 1450 4942 si
1475 4901 1613 4956 opus

89 4962 234 5038 fuerit,
275 4976 388 5033 aliis
414 4978 696 5043 fratribus,
727 4978 923 5049 quibus
952 4978 1122 5039 abbas
1160 4987 1254 5032 aut
1302 4978 1450 5049 prior
1481 4992 1612 5049 prae-

90 5063 216 5130 cepit.
243 5066 366 5124 Cum
396 5071 547 5127 exire
586 5071 869 5142 incipiunt,
898 5070 1183 5143 pulsentur
1229 5072 1380 5143 signa
1415 5088 1613 5141 usque-

91 5161 173 5217 (ιιια
197 5171 376 5231 corpus
402 5162 728 5220 collocatum
759 5164 830 5218 sit
856 5165 909 5218 in
939 5164 1237 5232 sepultura.

142 5241 254 5301 Cum
275 5266 398 5308 vero
443 5253 510 5308 ad
543 5251 875 5323 sepulturam
907 5252 1256 5322 pervenerint
1294 5259 1436 5305 stent
1469 5250 1613 5306 ordi-

91 5345 191 5391 nate
214 5339 326 5398 hinc
371 5354 427 5400 et
458 5345 601 5409 inde,
638 5346 782 5401 sicut
814 5346 865 5401 in
900 5347 1068 5401 choro
1094 5354 1241 5401 stare
1281 5345 1473 5400 solent.
1517 5344 1616 5400 Sa-

94 5428 246 5484 cerdos
267 5442 361 5488 stet
384 5436 522 5491 inter
536 5437 673 5493 duos
694 5438 912 5503 choros,
929 5453 1036 5492 nou
1066 5437 1224 5506 longe
1240 5453 1268 5491 a
1287 5436 1561 5506 sepultura
1594 5454 1609 5500 ;

96 5516 442 5596 adqdexteratn
484 5528 602 5597 ejus
650 5538 709 5584 et
752 5529 824 5585 ad
882 5529 1203 5595 sinistram,
1255 5528 1346 5600 qui
1395 5538 1615 5600 portant

99 5620 252 5675 "luam
273 5629 322 5672 et
362 5636 610 5690 crucem,
656 5633 713 5677 et
755 5632 952 5678 caetera
996 5625 1063 5677 de
1114 5624 1309 5692 quibus
1367 5622 1616 5691 superius

100 5699 261 5762 dictum
287 5724 391 5779 est;
413 5717 551 5773 dicta
580 5717 805 5772 collecta
837 5715 952 5771 Pio:
992 5717 1370 5771 recordationis
1400 5717 1614 5786 a/j‘ectu,

104 5799 281 5858 accedat
300 5810 554 5874 sacerdos,
589 5818 643 5864 et
672 5816 924 5878 aspergat
952 5808 1262 5878 sepulcrum
1289 5823 1425 5878 aqua
1456 5808 1615 5862 benc-

1710 4609 1898 4663 eadem
1932 4608 2274 4664 infirmorum
2322 4612 2456 4666 cella
2479 4654 2493 4677 ,
2521 4624 2747 4686 excepto
2774 4614 2917 4685 quod
2952 4631 3058 4670 non
3106 4615 3309 4672 dicitur

1713 4696 2079 4766 Proﬁciscere,
2114 4702 2291 4755 anima
2322 4701 2647 4761 Christiana.

1780 4787 1950 4844 Porro
1977 4790 2021 4846 si
2070 4792 2267 4848 fratres
2312 4809 2496 4849 secum
2528 4795 2751 4864 fuerint,
2781 4813 2924 4852 unus
2954 4806 3049 4852 aut
3097 4795 3307 4868 plures,

1712 4884 1966 4957 factaque
2019 4898 2146 4943 sunt
2182 4903 2247 4943 ea
2286 4905 2408 4959 qua:
2463 4894 2516 4944 in
2577 4891 2668 4945 tali
2730 4893 2947 4962 negotio
2983 4892 3145 4963 297
3188 4893 3309 4946 fieri

1714 4988 1948 5047 oportet,
1988 4980 2249 5050 procedat
2278 4980 2327 5035 ei
2357 4992 2658 5037 conventus
2696 4984 2912 5038 obviam
2942 5000 3041 5055 per
3070 4984 3310 5054 majores

1715 5079 1898 5139 portas
1945 5073 2289 5138 monasterii,
2317 5073 2611 5144 psallendo,
2642 5076 2741 5131 ltos
2789 5077 3026 5146 pSalmos
3061 5072 3311 5127 Miserere

1714 5163 1845 5227 mei,
1875 5161 2032 5227 Deus,
2066 5166 2373 5229 secundum,
2411 5164 2550 5220 Deus
2578 5167 2632 5219 in
2664 5168 2872 5222 nomine
2914 5178 3025 5229 (tto,
3056 5163 3310 5219 Miserere

1717 5253 2017 5319 mei,Deus,
2047 5252 2295 5309 Miserere
2310 5256 2426 5322 mei,
2451 5256 2532 5309 Ad
2553 5255 2836 5310 Dominum
2858 5272 2976 5309 cum
2999 5253 3307 5317 tribu/orer,

1716 5356 1770 5401 et
1812 5346 1902 5415 qui
1951 5357 2250 5415 sequuntur
2302 5347 2473 5403 donec
2504 5349 2571 5403 ad
2613 5364 2813 5418 corpus
2860 5347 3201 5415 perveniant.
3234 5346 3306 5400 At

1718 5438 1806 5493 ubi
1864 5438 2209 5508 pervenerint
2260 5439 2463 5495 faciant
2513 5441 2801 5495 stationem
2846 5437 2987 5492 versi
3033 5437 3099 5490 ad
3142 5436 3308 5491 alter-

1717 5541 1925 5596 utrum;
1960 5530 2233 5596 sacerdos,
2270 5530 2390 5585 alba
2446 5530 2663 5587 indutus
2712 5529 2945 5594 etstola,
2978 5527 3203 5585 accedat
3251 5540 3307 5584 ct

1718 5633 1969 5694 aspergat
1997 5637 2194 5694 corpus
2225 5639 2363 5694 aqua
2391 5623 2693 5689 benedicta,
2723 5632 2780 5677 et
2808 5624 3077 5687 incenset,
3110 5623 3307 5678 deinde

1720 5723 1933 5769 moueat
1962 5721 2021 5767 ut
2048 5722 2207 5768 orent
2238 5728 2334 5783 pro
2359 5727 2447 5776 eo,
2474 5711 2703 5766 dicendo
2738 5711 2894 5766 Pater
2919 5723 3116 5777 noster,
3149 5710 3213 5764 Et
3244 5727 3308 5764 ns

1722 5824 1836 5871 uos,
1866 5806 1984 5860 Non
2030 5807 2190 5860 intres
2222 5808 2273 5861 in
2296 5806 2590 5876 judicium,
2653 5805 2899 5877 Ileqniem
2954 5816 3224 5869 a'lcrnam,
3262 5804 3301 5854 Α
