3864 6304
544 378 650 434 513

1504 374 1560 427 Β.
1611 368 1999 426 ΙΑΝΕΚΑΝΩΙ
2040 365 2124 423 CA

2246 367 2398 424 UA“.
2452 366 2771 423 ARCHIEP.
3672 378 3746 432 διδ

540 501 691 555 porta
729 488 907 559 inferi,
957 486 1214 543 Dominus
1269 485 1549 549 vobiscum,
1597 484 1820 539 Oremus
1846 524 1862 547 ,
1907 481 2130 537 collecta
2159 486 2210 546 Α
2242 490 2523 552 surgentes
2565 491 2621 536 et
2655 480 2825 535 Verba
2863 496 2977 536 mea
3007 491 3263 539 canentes
3286 486 3585 544 sonantibus
3621 490 3747 564 signis

541 581 800 649 Suscipe,
854 579 1115 643 Domine,
1172 578 1405 632 animam
1461 577 1594 631 serui
1644 578 1755 640 tui;
1794 576 1954 630 aliam
1992 574 2130 630 Sus-

538 673 693 741 cipe,
769 671 1037 735 Domine,
1101 686 1307 723 servum
1372 677 1540 722 tuum.
1608 667 1737 725 Inde
1790 675 2132 722 revertantur

537 772 762 819 cantore
820 762 1115 831 incipiente
1176 761 1578 831 responsorium
1634 759 1932 815 Subvenite.
1992 758 2127 814 Dum

538 855 746 909 intrant
778 855 830 908 in
871 853 1158 909 ecclesiam
1186 853 1472 923 pulsentur
1520 853 1704 906 omnia
1751 852 1924 923 signa,
1949 859 2005 907 et
2030 850 2127 907 de-

537 955 773 1015 ponatur
802 945 855 999 in
882 944 1002 999 loco
1047 945 1099 999 in
1127 960 1235 1015 quo
1265 945 1449 999 caeteri
1472 942 1669 997 fratres
1701 943 1898 1014 deponi
1932 943 2127 1009 solent,

537 1047 595 1090 et
625 1045 864 1107 agantur
884 1045 1081 1091 caetera
1115 1052 1236 1106 qua:
1283 1045 1596 1102 agerentur,
1625 1036 1668 1089 si
1705 1036 1757 1089 in
1792 1036 1953 1091 domo
1982 1036 2131 1090 inﬁr-

539 1142 751 1181 morum
789 1136 1038 1183 mortuus
1077 1136 1134 1182 et
1182 1127 1251 1183 de
1289 1126 1381 1182 illa
1414 1127 1576 1182 domo
1632 1127 1760 1183 illuc
1811 1129 2128 1198 deportatus

541 1218 757 1276 fuisset.

610 1311 941 1383 Quacunque
982 1313 1139 1378 hora,
1168 1330 1235 1369 ex
1266 1330 1372 1384 quo
1411 1314 1647 1370 infantes
1678 1330 1837 1369 mane
1869 1316 2130 1387 incipiunt

538 1401 718 1472 legere
740 1418 910 1472 usque
940 1405 1007 1457 ad
1041 1403 1385 1459 collationem
1406 1446 1419 1469 ,
1449 1405 1515 1459 de
1547 1407 1812 1460 monacho
1834 1422 2130 1476 congrega-

539 1495 704 1551 tionis
734 1496 862 1552 alibi
910 1496 1168 1553 defuncto
1215 1508 1379 1567 atque
1418 1499 1662 1569 sepulto,
1692 1500 1775 1555 vel
1822 1499 2130 1571 sepeliendo

538 1595 724 1643 certus
754 1590 996 1654 nuntius,
1034 1599 1129 1644 aut
1154 1592 1333 1646 brevis
1355 1591 1421 1644 ad
1455 1592 1844 1646 monasterium
1874 1592 2124 1657 venerit;

539 1679 584 1731 si
615 1677 814 1735 fratres
849 1695 957 1735 non
1004 1690 1134 1757 sunt
1165 1682 1218 1736 in
1248 1681 1514 1751 capitulo,
1565 1691 1657 1735 aut
1700 1681 1753 1735 in
1801 1681 2088 1737 refectorio
2110 1723 2124 1746 ,

2232 573 2285 627 in
2316 573 2541 626 chorum
2596 571 2854 639 veniant,
2908 572 3244 643 expletisque
3296 574 3535 645 inemptis
3579 582 3745 649 psalmis

2230 680 2351 721 cum
2380 664 2629 730 collecta,
2652 680 2915 737 vesperas
2942 664 3297 732 Mortuorum,
3328 677 3383 725 et
3424 668 3632 727 ofﬁcium
3656 689 3744 731 cunt

2232 747 2425 811 novem
2466 754 2788 812 lectionibus
2814 764 2871 811 et
2899 755 3150 813 laudibus
3171 757 3625 824 dicant,'accensis
3658 776 3746 820 ante

2231 847 2402 903 altare
2451 846 2659 901 duobus
2685 845 3079 910 luminaribus;
3118 848 3289 904 missa
3341 850 3646 906 matutinalis
3679 869 3746 923 pro

2230 953 2295 993 eo
2333 936 2523 992 festive
2570 936 2802 1003 dicatur,
2836 936 2941 991 nisi
2990 936 3108 992 dies
3143 936 3456 995 Dominicus
3496 948 3580 995 aut
3605 957 3744 1013 magna
3838 936 3839 1007 ἲ

2231 1029 2548 1085 solemnitas
2576 1029 2668 1084 sit.
2697 1028 2849 1096 Quod
2878 1028 2923 1084 si
2953 1029 3217 1095 evenerit,
3243 1029 3299 1083 in
3330 1029 3488 1085 alium
3527 1031 3645 1087 diem
3672 1033 3745 1086 dit-
3838 1040 3839 1059 ‘

2229 1127 2458 1183 feratur.
2485 1125 2615 1182 Post
2640 1127 2757 1183 haec
2788 1127 2841 1181 in
2874 1125 3050 1198 primo
3072 1125 3311 1197 capitulo
3342 1126 3647 1183 absolvatur.

2298 1216 2646 1273 Continuatio
2691 1216 2915 1289 triginta
2950 1216 3265 1282 missarum,
3296 1217 3344 1271 si
3375 1217 3429 1271 in
3458 1231 3519 1271 eo
3541 1216 3664 1281 loco,
3685 1220 3746 1272 ubi

2230 1319 2479 1366 mortuus
2504 1318 2618 1375 est,
2656 1325 2761 1365 non
2805 1310 2888 1374 fit,
2940 1323 3040 1380 pro
3084 1323 3151 1364 eo
3203 1307 3529 1380 iniungatur,
3564 1309 3744 1379 ﬁantque

2230 1409 2425 1455 caetera
2445 1441 2459 1463 ,
2484 1416 2604 1469 quae
2633 1415 2731 1471 pro
2760 1399 2931 1455 fratre
2960 1400 3402 1471 congregationis
3429 1399 3482 1454 in
3518 1414 3746 1470 congrega-

2233 1490 2378 1545 tione
2412 1489 2667 1545 defuncto
2700 1490 2817 1545 fieri
2842 1491 3061 1547 solent.

2803 1581 2913 1637 Pro
2943 1584 3245 1639 cellerario.

2306 1672 2466 1728 Pater
2492 1683 2686 1739 noster,
2716 1672 2785 1728 Et
2820 1691 2883 1729 ne
2915 1691 3031 1741 nos,
3062 1674 3285 1731 Salvum
3310 1675 3400 1748 [ac
3423 1690 3603 1730 serram
3626 1683 3742 1737 tum,

540 1779 633 1824 aut
663 1771 716 1825 in
743 1771 1061 1827 dormitorio
1077 1774 1389 1828 meridianis
1407 1774 1684 1837 horis,aut
1707 1775 1751 1830 si
1775 1775 1829 1829 in
1858 1785 2126 1833 monaste.

2246 1763 2385 1819 Mitte
2411 1769 2481 1829 ei,
2513 1765 2751 1832 Domine,
2788 1765 3048 1820 auxilium
3085 1766 3150 1821 de
3183 1773 3405 1832 sancto,
3443 1765 3661 1820 Dominus
3684 1782 3744 1818 το-

542 1863 624 1917 rio
650 1903 665 1925 ,
714 1863 801 1917 vel
852 1874 1005 1918 extra
1055 1866 1441 1920 monasterium
1494 1880 1599 1920 non
1652 1866 1908 1921 intersint
1962 1866 2122 1921 alicui
2161 1837 2200 1894 Β
2231 1855 2449 1909 θῖδείυηο
2483 1853 2726 1909 θτεηιυδ·
2755 1853 3096 1925 Οηιηίροεεηε
3132 1856 3450 1927 δεηιρῖιενηε
3473 1854 3609 1918 Det“.
3639 1854 3747 1907 πύκ’

539 1952 841 2023 obsequio,
889 1954 1032 2023 quod
1080 1954 1300 2019 deseri,
1352 1962 1408 2009 et
1456 1954 1828 2025 imperfectum
1893 1955 2123 2026 relinqui

545 2043 889 2098 commodum
923 2058 1029 2099 non
1058 2044 1146 2109 sit,
1180 2045 1371 2099 statim
1392 2046 1544 2113 prior
1571 2045 1805 2099 tabulam
1836 2047 2121 2116 percutiat,

543 2143 599 2188 ct
628 2134 989 2190 residentibus
1037 2137 1087 2190 in
1123 2135 1359 2207 capitulo
1396 2136 1677 2201 fratribus,
1713 2136 1895 2190 fratris
1920 2137 2125 2191 obitum

544 2227 774 2292 nuntiet,
803 2238 858 2283 et
882 2229 1169 2300 subjnngat
1195 2248 1208 2283 :
1241 2249 1261 2282 ε
1296 2230 1516 2295 Eamus,
1546 2239 1599 2285 et
1624 2229 1889 2293 faciamus
1910 2229 1959 2283 ei
1984 2229 2127 2298 quod

532 2314 741 2385 justum
779 2327 883 2384 est,
911 2327 967 2376 et
993 2320 1164 2375 nostri
1195 2321 1404 2376 ordinis
1424 2319 1761 2376 consuetudo
1794 2318 1955 2374 habet
1975 2359 1990 2383 ,
2021 2338 2040 2372 ι
2071 2329 2129 2375 et

2235 1963 2346 2001 rere
2367 1946 2671 2017 famulotno
2703 1945 2803 2013 N.,
2825 1956 2873 2001 et
2899 1947 3064 2017 dirige
3092 1963 3212 2002 eum
3239 1926 3519 2001 secundum
3542 1955 3660 1999 lttttlt
3676 1943 3745 1996 ιιι·

2233 2036 2484 2090 mentium
2528 2037 2584 2090 in
2614 2036 2752 2090 viam
2789 2034 2980 2091 salutis
3026 2045 3262 2102 (sternte,
3290 2045 3345 2090 ut
3388 2046 3436 2089 te
3472 2031 3743 2087 ἀσπαλιειέὺί

2232 2126 2426 2197 placita
2457 2127 2653 2196 cupiat,
2680 2136 2728 2181 et
2758 2136 2866 2181 tota
2894 2127 3079 2182 virtute
3104 2127 3372 2201 perﬁciat.
3413 2124 3511 2180 Per
3529 2124 3742 2179 Potuimus
3838 2152 3839 2213 Ε

2236 2227 2469 2271 nostrum
2490 2215 2524 2270 ¹Ι
2529 2234 2675 2271 esum
2701 2216 2990 2272 Christum.

1697 2453 1854 2509 Finis
1884 2464 2201 2510 statutorum
2231 2454 2301 2513 D.
2334 2455 2645 2528 Laufranci.

606 2639 3739 2681 Μ

1303 2784 1886 2896 ΒΕΔΤῙ
1966 2786 3058 2905 LANPBANGI

1684 2996 2236 3059 CANTUARlENSlS
2271 3001 2797 3062 ARCHIEPISCOPI

1127 3175 2505 3363 EPISTOLARUM
2589 3188 3220 3320 LIBER.

823 3513 1183 3589 298-299
1218 3517 1553 3575 EPISTOLA
1601 3519 1839 3579 PRIMA.

687 3616 755 3658 ΔΙ)
793 3618 1150 3663 ALEXANDBUI
1191 3624 1228 3663 ΙΙ
1269 3625 1594 3667 PONTIFICEII
1635 3627 1912 3669 ROMANUM.

543 3692 681 3748 ﬂrat
717 3705 772 3776 ut
800 3712 930 3749 onus
960 3700 1282 3776 episcopale,
1314 3706 1453 3776 quod
1477 3704 1642 3774 ipsius
1664 3708 1894 3760 maxime
1914 3707 2131 3776 imperio

617 3775 830 3819 coactus
856 3780 1153 3837 susceperat
1175 3773 1286 3845 ,_alr
1315 3775 1544 3826 humeris
1575 3776 1684 3827 suis
1712 3777 1871 3829 eximi
1912 3773 2130 3845 jubeat;

617 3845 932 3958 excusqtque
973 3853 1027 3892 se
1066 3840 1205 3909 quod
1237 3840 1458 3896 Romam
1498 3845 1718 3913 praeﬁxo
1758 3840 1986 3917 tempore
2028 3840 2130 3902 non

617 3920 787 3957 veneri
817 3945 832 3958 .
956 3946 957 3949 η

617 3920 832 3958 venertt.

621 3996 851 4054 Summo
927 4009 1131 4058 sancta:
1205 4002 1465 4062 Ecclesiae
1532 4007 1737 4076 pastori
1804 4007 2132 4067 ALEXANDBO
2231 4012 2465 4068 culatori
2495 4014 2828 4087 Διευκριιο
2857 4035 3040 4091 papae,
3085 3996 3443 4081 Luravmcus
3468 4031 3639 4082 sancta
3671 3996 3743 4073 llo-
3838 3996 3839 4037 ἶ

2235 4104 2580 4163 rohernensis
2612 4107 2873 4165 Ecclesiae
2904 4114 3168 4183 antistes,
3217 4114 3463 4172 debitam
3507 4127 3610 4173 cum
3635 4105 3742 4165 omni

548 4102 727 4158 papre,
768 4089 1123 4149 Lasrnmcus
1159 4092 1411 4167 indignus
1479 4099 1743 4166 antistes,
1814 4102 2129 4157 canonicam

544 4178 941 4237 obedientiam.
1646 4246 1649 4249 ,

615 4268 812 4329 Nescio
833 4274 921 4329 cui
948 4283 1129 4346 apttus
1151 4276 1491 4335 calamitates
1515 4296 1662 4336 meas
1682 4282 1943 4353 explicem
1966 4300 2127 4354 quam

544 4364 671 4427 tibi,
702 4364 887 4434 Pater,
909 4376 1015 4423 etc.
1048 4368 1172 4423 Jam
1205 4370 1448 4427 dedimus
1474 4373 1544 4427 ad
1573 4374 1766 4430 calcem
1786 4375 2129 4447 epistolarum

542 4452 828 4511 Alexandri
856 4455 923 4510 ΙΙ
939 4496 953 4523 ,
994 4458 1310 4531 Patrologia:
1352 4471 1391 4515 ι.
1424 4460 1673 4527 CXLVI.

1014 4547 1177 4619 300
1214 4550 1552 4607 EPISTOLA
1599 4552 1665 4608 ll.

1160 4659 1228 4696 ΔΙ)
1263 4659 1503 4701 ευιωεκ.

549 4723 630 4779 De
668 4723 935 4812 Hermum
965 4731 1203 4812 episcopo
1222 4773 1238 4798 ,
1260 4738 1425 4812 _quod
1454 4738 1605 4812 senili
1633 4748 1787 4812 a’tate
1823 4741 2127 4812 prolixaque

624 4799 1222 4882 mgrﬁudinenconfectus
1253 4799 1426 4882 impar
1440 4808 1560 4875 jam
1591 4810 1737 4882 oneri
1762 4799 2001 4882 videatur
2028 4799 2058 4882 ἔγ
2076 4822 2125 4866 et

614 4941 1055 5062 cogsecrqtiouem
1080 4941 1386 5012 permittere
1398 4946 1603 5016 debeat,
1627 4950 1717 5019 qui
1742 4941 1890 5005 illius
1912 4941 2124 5006 loco'est

614 5025 672 5062 su
713 5025 836 5062 roaa
864 5026 943 5062 us.

610 5025 943 5079 suorogntus.

615 5098 894 5156 Universae
917 5099 1119 5159 Christi
1145 5104 1399 5164 Ecclesiae
1419 5124 1633 5167 summo
1657 5112 1859 5167 rectori
1886 5112 2125 5168 ALEXAN-

541 5203 645 5245 nao
662 5228 678 5255 ,
705 5189 958 5263 indignus
972 5190 1267 5265 Anglorum
1292 5198 1729 5271 archiepiscopus
1751 5199 2123 5271 Lsnraancus,

542 5282 704 5337 tinem
738 5283 941 5340 inferre
971 5286 1170 5341 bonum
1206 5288 1348 5344 bono
1376 5292 1660 5364 principio.

611 5370 949 5430 Necessitate
972 5380 1201 5448 urgente
1225 5390 1562 5450 exspectare,
1587 5394 1694 5440 etc.
1723 5382 1936 5457 Reliqua
1965 5386 2122 5443 habes

541 5463 595 5516 in
627 5465 925 5523 Alexandro
953 5468 1038 5536 II,
1072 5471 1159 5524 ubi
1196 5488 1373 5544 supra.

997 5566 1155 5637 301
1200 5567 1533 5626 EPISTOLA
1573 5570 1661 5626 ut.

1166 5677 1232 5715 ΔΙ)
1270 5679 1510 5719 ΕυΙΙΒΕὶΙ.

544 5740 889 5800 Eboracensis
915 5747 1163 5805 Ecclesia:
1190 5754 1436 5807 adversus
1459 5752 1887 5810 Cantuariensem
1912 5765 2124 5811 contro-

590 5815 832 5903 .vei'siam
881 5822 1100 5887 promit,
1151 5837 1253 5891 quo
1282 5840 1433 5893 pac.o
1474 5825 1526 5878 in
1566 5825 1824 5880 Wentano
1873 5839 2122 5881 conventu

2301 3538 2526 3613 tractata
2562 3539 2613 3585 et
2648 3534 2896 3613 conclusa
2919 3535 3101 3607 fuerit,
3124 3539 3524 3613 perscriptteque
3539 3538 3621 3595 sibi
3632 3537 3742 3613 fuit

2305 3599 2453 3681 illam
2484 3606 2779 3681 concordia:
2806 3599 3017 3681 mittens
3054 3599 3354 3681 eas'empIum
3404 3599 3521 3681 petit
3556 3621 3601 3663 ut
3632 3599 3742 3681 priri-

2302 3668 2495 3747 legiun}
2520 3674 2867 3747 apostolicum
2911 3677 3180 3747 indulgeat
3247 3668 3742 3735 commemoratiidcis

2302 3741 2565 3821 pontiﬁcis
2591 3758 2714 3821 erga
2738 3762 2793 3821 se
2820 3741 3111 3816 beneficiis,
3138 3741 3291 3821 suam
3332 3751 3403 3805 ad
3436 3750 3733 3819 Berengarim

2302 3811 2577 3865 epistolam
2619 3811 2777 3869 mittit
2814 3811 2973 3888 quam
3009 3819 3320 3888 expetierat.

2305 3921 2534 3979 Domino
2584 3925 2752 3983 totius
2792 3928 3120 3987 Christianae
3150 3932 3436 4004 religionis
3460 3941 3743 3997 ευωωοενικ

2231 4194 2491 4251 servitute
2520 4198 2908 4257 obedientiam.

2301 4284 2613 4344 Meminisse
2639 4290 2801 4347 debet
2830 4293 3108 4350 humiliter
3140 4311 3421 4354 excedens
3459 4293 3740 4353 excellente?

2230 4395 2335 4449 quc
2363 4380 2580 4439 humilis
2602 4382 2882 4443 beatitudo
2916 4398 3129 4457 vestra,
3170 4400 3275 4447 etc.
3313 4390 3446 4447 Vide
3468 4390 3548 4445 ubi
3580 4398 3714 4456 δίψης

2586 4559 2945 4633 302-303
2984 4548 3321 4621 EPISTOLA
3364 4566 3453 4621 tv.

2482 4705 2785 4749 ALEXAND!!!
2823 4711 2863 4750 ιι
2902 4712 3049 4752 ΡΔΡΕ
3087 4713 3155 4752 ΑΙ)
3194 4712 3560 4755 ιλκηιιιηεῦκ.

2228 4801 2683 4883 Prtedccessorum
2712 4824 2933 4883 suorum
2974 4810 3194 4883 decreta
3211 4812 3510 4883 conﬁrmat,
3537 4819 3736 4865 81W“

613 4867 679 4921 de
715 4866 1068 4951 Lichfeldensi
1091 4873 1180 4939 qui
1206 4866 1504 4951 episcopn'tu
1532 4895 1585 4933 se
1607 4878 1894 4951 abdicauit,
1918 4898 1985 4951 αη
2013 4881 2124 4951 ejus
2159 4885 2208 4945 υ
2299 4876 2412 4951 cltis
2433 4874 2685 4951 ecclesias
2712 4879 3039 4951 cat/tedrales
3067 4866 3466 4939 obtinere'liceat
3496 4866 3738 4951 'contrseot

2302 4946 2392 5019 qui
2417 4944 2730 5019 Cantuariis;
2794 4949 3019 5019 aliisque
3042 4951 3172 5007 locis
3225 4954 3504 5008 monachos
3528 4946 3739 5007 ετιιτιοτε

2303 5014 2617 5086 clericosque
2638 5017 2885 5075 inducere
2922 5014 3271 5079 conabantur.

2300 5128 2630 5183 ALEXANDER
2664 5132 2976 5205 episcopus,
3016 5150 3209 5193 servus
3231 5150 3506 5194 servorum
3549 5134 3649 5193 Del.
3682 5140 3739 5177 τέ’

2232 5220 2626 5277 verendissimo
2649 5221 2805 5279 fratri
2838 5226 2891 5280 in
2923 5228 3144 5285 Christo
3171 5228 3487 5285 Laurusnco
3509 5210 3736 5280 venerabili

2243 5311 2651 5369 Cantuariorum
2675 5317 3105 5392 archiepiscopo,
3138 5320 3367 5377 salutem
3386 5328 3439 5375 et
3461 5309 3687 5388 apostolic
3701 5315 3737 5355 tn

2231 5403 2683 5463 benedictionem.

2302 5517 2626 5586 Accepimus
2669 5535 2701 5575 a
2736 5522 3059 5591 quibusdam
3109 5524 3443 5581 venientibus
3469 5521 3529 5575 de
3555 5508 3737 5588 partibus

2232 5607 2464 5672 vestris,
2528 5618 2633 5664 etc.
2693 5608 2822 5667 Vide
2869 5615 3003 5669 inter
3059 5616 3306 5686 epistolas
3367 5606 3624 5668 Alexandri
3666 5593 3735 5655 Ην

2234 5697 2559 5774 Patrologiw
2591 5714 2624 5759 ι.
2655 5706 2796 5761 CXL
2813 5708 2904 5763 VI.
