3864 6304
99 364 185 420 5I'l

549 474 707 547 θοι
761 473 1095 532 EPISTOLA
1140 476 1204 531 v.

134 579 420 622 UNFRANCI
476 580 545 619 ΑΙ)
591 580 1029 630 ιιιιυεΒκΑΝυυιί,
1078 581 1304 622 ROIANE
1351 583 1615 626 εεοιεεειε

644 652 1095 694 ΑΒΕΙΠΙΠΛΟΟΝΠΜ.

95 725 161 781 De
184 741 273 779 sua
299 724 354 778 in
382 724 541 779 illum
569 725 918 779 benevolentia
970 726 1225 795 prie/atus
1280 729 1425 782 docet
1458 727 1659 783 Ebora-

153 810 345 867 censent
364 798 769 867 controversiam
792 795 954 867 fuisse
968 798 1304 864 compositam
1316 839 1329 863 ,
1346 801 1659 867 missumque

151 864 215 939 ad
241 866 431 939 sedem
462 863 806 939 apostolicam
850 866 925 918 rei
964 876 1119 935 gesta:
1153 867 1479 934 relationem,
1512 863 1654 939 quod

151 935 208 987 ab
235 934 345 1003 ipso
377 934 488 1004 legi
513 935 705 1002 cupiat.

148 1023 367 1078 Domino
413 1034 624 1079 sanctae
670 1024 925 1080 Romanae
976 1026 1235 1082 Ecclesize
1274 1030 1656 1086 archidiacono

101 1114 491 1183 liuosssuno,
533 1116 885 1173 Lsxrnauccs
937 1134 1090 1181 suus,
1135 1123 1336 1177 sanctis
1376 1123 1655 1194 principiis

92 1213 318 1258 sanctum
346 1204 683 1275 conjungere
710 1205 893 1261 linem.

148 1293 435 1364 Explicare
479 1296 681 1352 litteris
729 1313 882 1352 mens
910 1315 1028 1355 mea
1077 1317 1182 1356 non
1235 1311 1410 1372 potest
1451 1316 1651 1375 quanta

90 1383 356 1439 dilectione
386 1394 595 1469 vestrae
621 1386 924 1442 sinceritati
980 1392 1340 1458 connectitur,
1383 1402 1489 1447 etc.
1530 1393 1653 1448 Vide

89 1476 146 1529 ad
198 1476 386 1531 calcem
452 1478 796 1547 epistolarum
846 1479 1082 1551 Gregorii
1132 1481 1262 1549 VII,
1330 1481 1649 1556 Patrologite

88 1579 197 1623 tom.
218 1568 544 1624 CXLVIII.

632 1660 966 1718 EPISTOLA
1004 1663 1092 1718 VI.

408 1766 775 1807 BILDEBRANDI
814 1769 881 1807 AD
920 1770 1293 1810 LANFBANCUII.

87 1839 467 1916 ideopallium,
486 1844 647 1916 Aquod
677 1844 789 1913 ejus
827 1845 983 1915 legati
1003 1847 1243 1916 petebant
1266 1889 1280 1912 ,
1303 1849 1519 1903 missum
1544 1866 1645 1903 non

142 1911 496 1981 fuisse,.quod
520 1911 827 1969 absent—ibus
875 1911 1011 1970 mitti
1044 1934 1145 1971 non
1194 1911 1377 1973 soleat.
1413 1918 1667 1974 Proinde

142 1984 481 2035 necessarium
507 2000 619 2037 esse
650 1996 704 2037 ut
736 1984 960 2039 Romam
990 1988 1183 2041 veniat.

139 2069 477 2138 LANFRLNCO,
554 2075 849 2129 venerabili
907 2074 1322 2134 Cantuariorum
1379 2080 1645 2152 archiepi-

86 2175 244 2230 scopo,
272 2174 478 2219 sanctze
526 2165 784 2221 Romanae
818 2168 1075 2225 Ecclesia:
1110 2170 1522 2231 HILDEBRANDL'S
1554 2192 1642 2231 ar-

85 2253 435 2322 chidiaconus,
463 2258 703 2313 salutem
737 2260 790 2315 in
830 2262 1078 2318 Domino.

143 2345 295 2400 Verba
342 2347 652 2419 legatorum
715 2362 1055 2418 vestrorum,
1105 2364 1210 2411 etc.
1268 2354 1458 2412 Exstat
1508 2359 1643 2413 inter

84 2432 293 2501 epistolas
317 2435 379 2491 S.
399 2435 650 2508 Gregorii
688 2438 818 2508 VII,
846 2442 934 2496 ubi
960 2461 1141 2513 supra.

608 2530 945 2589 EPISTOLA
984 2533 1091 2589 VII.

166 2628 400 2673 νιιιεωιι
440 2634 847 2683 ϐΟΝΩΕΕΞΤΟΒΙὸ
886 2640 953 2678 ΔΙ)
991 2639 1297 2681 αιιεαοιιιυι
1334 2643 1527 2684 PADAI.

87 2702 381 2789 Admonitus
406 2728 504 2765 rea:
534 2729 566 2765 a
594 2710 769 2789 legato
801 2715 865 2768 de
905 2715 1161 2789 fidelitate
1198 2718 1445 2787 facienda
1466 2722 1636 2789 ponti-

137 2774 239 2839 ﬁci,
268 2790 314 2857 et
346 2780 411 2857 de
469 2774 694 2857 pecunia
727 2774 949 2857 Romam
970 2774 1242 2857 mittenda
1261 2805 1279 2842 :
1307 2790 1373 2842 de
1413 2774 1635 2857 picunia

141 2848 300 2901 annuit
317 2865 337 2914 ;
365 2850 429 2904 de
454 2848 740 2920 ﬁdelitate,
769 2855 891 2924 quia
914 2852 1254 2921 inusitatum,
1289 2848 1560 2914 recusarit.

140 2934 591 2997 Excellentissimo
611 2955 812 2999 sancta:
837 2928 1091 3001 Ecclesia:
1109 2949 1311 3017 pastori
1329 2946 1629 3015 Caesonio,

87 3025 312 3093 gloriosus
338 3034 516 3103 gratia
546 3035 637 3090 Dei
664 3036 955 3108 Anglorum
978 3053 1096 3102 rex,
1123 3047 1178 3092 et
1208 3039 1312 3092 dux
1342 3038 1630 3095 Nortman-

86 3132 241 3174 uorum
267 3121 571 3180 Willelmus
591 3168 605 3192 ,
637 3128 868 3183 salutem
901 3144 1022 3183 cum
1054 3128 1316 3184 amicitia.
1438 3196 1442 3199 Ι

138 3210 384 3273 Ilubertus
438 3221 652 3291 legatus
709 3231 863 3288 tuus,
910 3231 1015 3278 etc.
1079 3222 1269 3278 Exstat
1314 3224 1384 3279 ad
1432 3225 1623 3281 calcen'

84 3305 379 3370 epistolarum
403 3308 671 3381 Gregorii.
1116 3314 1117 3317 “
1254 3310 1261 3313 ’
1398 3308 1401 3311 ’

464 3404 631 3475 305
682 3403 1017 3461 EPISTOLA
1066 3408 1197 3463 VIII.

386 3533 686 3573 LANFBANCI
724 3534 792 3572 ΔΙ)
830 3534 1134 3576 GREGORIUI
1172 3537 1269 3575 νη.

91 3597 250 3671 Purgat
276 3607 430 3681 qu_od_
448 3608 713 3681 objectum
737 3610 911 3678 fuerat
931 3629 963 3665 a
983 3613 1226 3681 pontiﬁce
1243 3654 1257 3675 ,
1282 3613 1456 3667 minus
1481 3631 1536 3668 se
1558 3616 1622 3670 ab

138 3689 186 3725 eo
202 3714 215 3738 ,
234 3677 604 3751 etchclesiam
633 3677 920 3751 Romanam
942 3677 1054 3749 post
1085 3677 1331 3751 adeptum
1355 3685 1624 3751 episcopa-

137 3747 418 3824 tumdiligi,
452 3764 614 3824 quam
641 3748 858 3814 solebat;
885 3747 1115 3824 amorem
1146 3747 1326 3806 contra
1352 3747 1621 3824 pontiﬁcis

141 3816 565 3894 remissiorem'ait
594 3835 717 3887 erga
759 3835 814 3872 se
853 3820 1035 3894 videri.
1071 3821 1142 3875 Se
1179 3824 1321 3891 regi,
1352 3816 1623 3894 quod'per

139 3882 336 3951 legatum
360 3882 714 3958 suggesserat,
743 3890 995 3955 suasisse,
1034 3898 1123 3945 sed
1151 3882 1258 3946 nari
1279 3882 1618 3962 persuasisse.

138 3970 421 4032 Reverentia
468 3988 672 4033 sancta:
724 3980 1045 4036 universalis
1096 3982 1352 4039 Ecclesia:
1408 4002 1621 4041 stunmo

86 4067 248 4125 pastori
290 4068 589 4135 Caesonio,
651 4082 904 4140 peccator
965 4082 1021 4127 et
1081 4074 1331 4143 indignus
1392 4078 1620 4133 antistes

85 4148 410 4227 harnanccs,
444 4163 731 4218 servitium
759 4179 881 4218 cum
911 4164 1091 4220 debita
1121 4166 1474 4239 subjectionc.

139 4245 338 4308 Litteras
363 4255 700 4311 excellentiae
728 4267 948 4321 vestrae,
995 4267 1103 4312 etc.
1148 4256 1279 4314 Vide
1316 4260 1404 4314 ubi
1436 4277 1613 4332 supra.

588 4370 924 4428 EPISTOLA
964 4372 1056 4427 IX.

207 4492 265 4531 AD
301 4497 520 4537 TIIOIAI
558 4498 933 4538 EBORACENSEI
972 4499 1450 4541 ARCHIEPISCOPUM.

88 4559 143 4616 De
161 4574 404 4629 renitente
430 4574 653 4643 triplicis
677 4575 944 4630 homicidii
976 4593 1095 4639 reo,
1126 4587 1172 4632 et
1201 4577 1613 4632 commouitoriis

531 4645 645 4716 ejus
666 4645 888 4715 episcOpi
911 4646 1115 4702 litteris.

137 4725 452 4793 LANI-‘MNCUS
489 4737 743 4808 indignus
770 4738 1030 4804 antistes,
1069 4736 1421 4793 dilectissimo
1466 4739 1610 4794 Ebo-

90 4823 251 4877 racensi
277 4829 677 4902 archiepiScOpo
707 4828 913 4884 Tuom
933 4869 950 4896 ,
986 4828 1214 4886 salutem
1249 4844 1376 4885 cum
1404 4830 1613 4885 oratio-

88 4905 224 4966 nibus.

138 4997 372 5065 Robenus
404 5011 683 5082 Sagiensis
727 5013 1015 5084 episcopus
1061 5008 1205 5070 hunc
1251 5012 1607 5083 paenitentem

87 5087 136 5139 ad
158 5107 227 5147 me
244 5099 410 5166 misit,
436 5112 489 5157 et
509 5105 785 5158 mandavit
816 5104 957 5173 quod
995 5103 1097 5158 iste
1128 5103 1465 5159 miserrimus
1500 5113 1608 5158 tres

90 5175 285 5240 homines
316 5202 547 5247 montem
599 5192 789 5249 Sancti
839 5193 1135 5248 Michaelis
1160 5194 1423 5249 adeuntes
1452 5195 1607 5248 tertio

88 5261 378 5334 Pentecostes
403 5281 489 5337 die
512 5282 787 5347 invaserit,
808 5293 861 5338 et
877 5284 1229 5338 interfecerit.
1254 5282 1352 5338 Cui
1369 5299 1436 5339 ex
1458 5299 1605 5338 more

89 5358 352 5420 l’anitentia
382 5369 617 5440 injuncta
649 5373 1095 5429 commonitorias
1131 5373 1339 5428 litteras
1365 5373 1465 5428 sibi
1491 5381 1604 5427 tra—

88 5446 218 5519 didit,
244 5466 295 5512 ut
322 5462 362 5516 si
387 5464 506 5533 quis
533 5466 823 5536 episcopus
844 5467 1047 5536 pietate
1084 5476 1262 5521 motus
1298 5464 1604 5519 misericor-

90 5536 199 5599 diam
254 5550 300 5604 ei
353 5555 508 5611 vellet
576 5556 918 5628 impendere,
968 5566 1292 5629 potestatem
1346 5554 1597 5617 haberet.

89 5643 298 5696 quantum
339 5647 523 5715 vellet,
564 5650 661 5720 ipsi
710 5652 1036 5720 ignosceret.
1088 5649 1259 5720 Hujus
1296 5649 1477 5718 itaque
1523 5646 1599 5701 rei

90 5728 211 5785 testis
246 5748 355 5792 eum
382 5742 444 5797 ad
478 5758 572 5797 vos
607 5743 788 5808 mitto,
820 5752 1084 5813 quatenus
1120 5743 1222 5797 hoc
1270 5755 1454 5796 verum
1481 5753 1600 5793 esse

1545 361 1923 421 EPISTOLIE.

1692 484 1738 542 Α
1769 480 1982 546 sciatis,
2022 491 2183 554 atque
2227 487 2419 541 animae
2465 487 2611 557 ejus,
2660 490 2953 546 secundum
2994 491 3138 563 quod
3171 492 3345 551 visum

3243 377 3345 433 518

1765 576 1916 629 vobis
1943 576 2104 633 fuerit
2128 619 2144 645 ,
2171 581 2491 639 consulatis.

2318 672 2659 733 EPISTOLA
2696 676 2765 732 X.

2254 779 2447 818 THOIE
2492 782 2560 820 AD
2598 782 2837 822 EUIDElI.

1761 845 1836 900 De
1871 848 1948 926 iis
1977 849 2069 926 qu_i_
2092 866 2292 926 uxores
2337 855 2703 922 fornicationis
2746 874 2908 911 causa
2955 857 3243 926 relinquere
3288 870 3335 914 et

1828 917 1962 997 alias
1990 917 2101 997 sibi
2131 917 2443 993 conjungere
2492 929 2671 979 volunt
2731 929 2855 997 quid
2904 917 3261 991 sentiendum,
3287 939 3334 981 r1

1826 987 1890 1067 de
1927 1005 1987 1041 eo
2008 992 2098 1056 qui
2127 987 2264 1067 eam,
2309 987 2438 1067 q'ute
2472 1012 2609 1049 uxor
2638 987 2875 1067 putatur,
2900 987 3259 1067 desponsasse'
3282 1018 3333 1054 ss

1825 1057 2077 1128 abnegat,
2108 1062 2232 1130 quid
2274 1057 2551 1133 agendum.

1826 1146 2188 1206 Dilectissimo
2216 1152 2370 1206 fratri
2400 1163 2455 1208 et
2482 1155 2657 1211 amico
2688 1156 3049 1213 Eboracensis
3078 1158 3333 1213 Ecclesiae

1754 1242 2158 1315 archiepiscopo
2178 1246 2405 1311 Tuosne,
2436 1248 2604 1304 frater
2625 1248 2992 1316 Lsnrnancus,
3018 1260 3331 1321 perpetuam

1754 1332 1979 1413 salutem
2010 1350 2131 1390 cum
2167 1339 2524 1394 orationibus.

1821 1422 1984 1495 306
2018 1425 2146 1483 Illos
2174 1429 2390 1498 quidem
2439 1431 2530 1500 qui
2579 1433 2939 1503 corporaliter
2985 1441 3225 1497 tantum,
3273 1446 3331 1491 ct

1751 1524 1977 1585 prepter
2009 1527 2223 1574 terrena
2263 1520 2408 1576 lucra
2438 1538 2496 1578 se
2526 1535 2744 1590 amant,
2778 1525 3056 1580 intervalla
3087 1526 3327 1580 locorum

1719 1619 1857 1673 quo
1891 1606 2188 1675 prolixiora
2227 1621 2351 1665 sunt
2393 1627 2460 1666 eo
2512 1628 2545 1667 a
2592 1623 2779 1669 mutuo
2820 1610 3007 1669 amere
3033 1615 3329 1685 impensius

1750 1706 2038 1765 separant;
2088 1716 2184 1755 eos
2222 1716 2351 1757 vero
2386 1719 2521 1773 quos
2568 1705 2784 1761 sincera
2832 1706 3156 1762 Christiana:
3194 1706 3322 1761 reli-

1679 1786 1923 1875 Bgiouis
1976 1791 2215 1847 charitas
2268 1790 2477 1865 jungit,
2539 1795 2840 1865 corporalis
2893 1795 3169 1861 absentia,
3228 1811 3323 1852 seu

1746 1879 2000 1947 quaelibet
2025 1880 2213 1937 localis
2250 1884 2603 1954 intercapedo
2634 1887 2858 1941 minime
2894 1886 3168 1957 disiungit.
3198 1888 3326 1942 Stu-

1745 1969 1972 2026 deamus
2005 1986 2138 2042 ergo
2168 1971 2412 2029 fraterno
2437 1975 2670 2031 invicem
2703 1992 2886 2031 amore
2911 1978 3201 2046 prolicere,
3226 1995 3323 2048 pro
3388 2022 3392 2027 .

1745 2059 1978 2118 invicem
2032 2079 2222 2131 orare,
2302 2066 2528 2123 alterius
2586 2070 2967 2125 necessitatem
3044 2073 3320 2141 propriam

1744 2150 2034 2220 deputare;
2071 2165 2340 2226 quatenus
2385 2156 2439 2212 in
2478 2166 2771 2228 conspectu
2823 2158 2917 2213 Dei
2957 2168 3121 2228 atque
3149 2161 3324 2216 homi-

1743 2256 1872 2296 num
1916 2244 2198 2300 evidenter
2243 2257 2503 2316 appareat
2532 2248 2675 2317 quod
2705 2247 2940 2303 carnalis
2984 2250 3168 2313 zelus,
3213 2265 3321 2318 quo

1742 2334 1937 2395 anima:
1960 2346 2214 2403 uruntur,
2241 2339 2522 2395 vindicare
2559 2340 2611 2395 in
2645 2340 2801 2397 nobis
2835 2342 2970 2397 nihil
3006 2342 3316 2411 praevaleat.

1810 2425 1887 2480 De
1915 2427 1998 2482 his
2033 2437 2212 2484 autem
2237 2428 2330 2499 qui
2362 2445 2560 2485 uxores
2603 2431 2958 2503 desponsatas
3008 2450 3173 2490 causa
3206 2436 3316 2490 for-

1738 2518 2029 2575 nicationis
2054 2520 2381 2593 relinquere,
2397 2523 2638 2595 aliasque
2656 2525 2759 2580 sibi
2782 2524 3109 2597 conjungere
3131 2528 3320 2584 volunt
3404 2518 3407 2521 ’

1738 2610 1862 2679 (hoc
1877 2612 2022 2667 enim
2045 2621 2224 2668 vestra
2243 2615 2529 2686 prudentia
2549 2632 2583 2672 a
2604 2631 2691 2673 me
2712 2619 3038 2689 requisivit),
3059 2620 3316 2676 Dominus

1733 2700 1891 2757 Jesus
1939 2702 2190 2758 Christus
2253 2705 2379 2773 quid
2425 2706 2765 2762 sentiendum
2815 2710 2887 2763 sit
2932 2710 2984 2765 iu
3028 2709 3317 2779 Evangelio

1732 2796 2026 2849 secundum
2075 2794 2314 2850 Marcum
2378 2800 2723 2866 aperﬁssime
2764 2800 2897 2855 dicit
2947 2818 2961 2855 :
3009 2799 3317 2871 Quicunque

1732 2884 1986 2937 dimiserit
2015 2900 2232 2941 uxorem
2256 2903 2424 2950 suam,
2454 2897 2501 2940 et
2542 2888 2702 2943 aliam
2731 2890 2969 2955 duxerit,
2997 2889 3316 2944 adulterium

1732 2973 2001 3025 committit
2024 2991 2181 3043 super
2200 2992 2316 3029 eam
2336 2988 2355 3027 :
2377 2985 2424 3028 et
2449 2976 2494 3029 si
2517 2990 2653 3029 uxor
2672 2977 2926 3032 dimiserit
2948 2980 3112 3031 cirum
3136 2997 3314 3043 suum,

1729 3068 1777 3110 et
1804 3058 1966 3112 alium
2005 3062 2251 3129 duxerit,
2282 3066 2572 3135 mage/ratur
2598 3064 2791 3136 (Marc.
2822 3082 2886 3132 ι,
2918 3068 2975 3120 Η
3004 3107 3017 3132 ,
3043 3068 3151 3137 I2).
3184 3068 3314 3122 Item

1654 3157 1701 3219 ο
1733 3150 2022 3204 secundum
2054 3151 2254 3208 Lucam
2283 3167 2298 3207 :
2323 3152 2505 3208 Omnis
2533 3156 2624 3223 qui
2650 3155 2862 3209 dimittit
2892 3173 3106 3210 uxorem
3139 3174 3309 3220 suam,

1729 3251 1776 3296 et
1817 3244 1960 3298 ducit
2009 3245 2263 3313 alteram,
2311 3250 2600 3307 nuecliatur
2638 3249 2790 3322 (an.
2841 3264 2971 3319 ut,
3018 3253 3127 3322 l8).
3174 3252 3314 3307 Sunt
3366 3302 3373 3303 ,

1728 3334 1891 3390 etiam
1921 3337 1987 3391 de
2016 3339 2118 3392 hac
2150 3353 2208 3392 re
2238 3338 2481 3409 plurimae
2512 3352 2825 3397 sanctorum
2875 3342 3094 3396 Patrum
3125 3355 3314 3399 aucio-

1728 3414 1919 3484 ritates
1937 3469 1952 3495 ,
1981 3432 2074 3485 sed
2108 3432 2197 3486 ubi
2225 3432 2305 3486 sol
2336 3432 2508 3496 lucet,
2537 3433 2817 3488 candelam
2840 3435 2905 3488 ad
2929 3434 3309 3505 proferendum

1726 3517 1904 3573 lumen
1937 3521 2170 3589 proferri
2205 3523 2435 3577 minime
2476 3535 2713 3593 oportet.
2751 3526 2809 3580 In
2857 3526 2943 3581 his
2990 3527 3168 3581 verbis
3205 3526 3312 3582 Do-

1724 3608 1941 3666 minicis
1977 3611 2095 3666 luce
2137 3611 2341 3667 clarius
2375 3612 2576 3683 liquet,
2607 3615 2757 3683 quia,
2779 3616 2995 3671 vivente
3026 3616 3176 3682 viro,
3223 3617 3307 3671 vel

1725 3716 1922 3769 uxore,
1969 3713 2285 3761 extraneam
2355 3706 2605 3776 copulam
2653 3722 2896 3777 quaerere
2950 3708 3304 3775 nullieorum

1724 3789 1871 3846 licet.
1910 3792 2044 3847 Eum
2080 3810 2241 3859 vero,
2274 3796 2366 3864 qui
2393 3795 2674 3850 mulierem
2695 3836 2712 3860 ,
2746 3810 2866 3865 qua:
2891 3813 3027 3851 uxor
3056 3806 3302 3866 putatur,

1721 3880 2081 3951 desponsasse
2115 3900 2173 3939 se
2195 3885 2445 3955 abnegat,
2473 3894 2567 3941 aut
2587 3886 2929 3941 evidentibus
2953 3887 3299 3952 testimoniis,

1721 3991 1814 4031 seu
1837 3979 2164 4049 quibuslibet
2192 3980 2358 4036 claris
2383 3981 2598 4037 indiciis
2623 3981 2837 4037 mentiri
2862 3998 2982 4037 eum
3005 3983 3300 4047 ostendite,

1720 4068 1889 4123 autin
1912 4072 2346 4140 praesentiarum,
2376 4073 2729 4143 quoadusque
2773 4088 2862 4129 res
2895 4073 3087 4130 melius
3123 4073 3301 4130 clare-

1719 4168 1867 4225 scat,
1929 4175 2150 4216 causam
2210 4161 2329 4231 ejus
2372 4164 2629 4218 omittite.

2270 4253 2606 4309 EPISTOLA
2648 4253 2739 4308 XI.

1721 4355 1917 4395 TIIOIIB
1965 4358 2357 4398 ARCHIEPISCOPI
2408 4360 2761 4400 EBORACENSIS
2799 4359 2867 4398 AD
2924 4360 3294 4401 LANFBANCUM.

1719 4428 1885 4501 Rogat
1916 4442 1972 4505 ut
2008 4434 2075 4486 ad
2115 4434 2433 4505 sacrandum
2464 4433 2766 4490 Orclmdum
2802 4436 3097 4505 episcopum
3140 4436 3297 4491 Win-

1646 4497 1692 4551 D
1786 4497 2107 4571 gorniensem
2127 4515 2172 4557 et
2203 4504 2682 4575 Dorcacestrensem
2703 4497 3290 4575 episcopos-Eboracum

1785 4575 1988 4637 mittat,
2019 4575 2273 4643 spondens
2316 4573 2519 4628 nullum
2562 4585 2836 4645 propterea
2862 4573 2955 4646 jus
2984 4577 3039 4631 in
3076 4577 3196 4632 illos
3239 4595 3295 4632 se

1784 4646 2192 4698 vindicaturum.
3217 4660 3223 4665 ·

1786 4736 2032 4792 Piissimo
2072 4744 2128 4791 et
2179 4735 2527 4793 salictissimo
2555 4737 2974 4795 Cantuariorum
3019 4739 3290 4811 archiepi-

1712 4842 1909 4898 scopo,
1976 4827 2144 4881 totius
2192 4841 2409 4901 quoque
2460 4828 2759 4885 Britannia:
2820 4844 3036 4885 summo
3083 4829 3290 4900 pastori

1711 4921 2056 4984 Laaraaaco,
2097 4917 2317 4974 Tnouas
2357 4918 2529 4975 ﬁdelis
2577 4935 2736 4987 suus,
2771 4929 2825 4977 et
2876 4922 2980 4977 nisi
3031 4937 3291 4993 praesum-

1709 5020 1966 5081 ptuo‘sum
1989 5010 2271 5065 sanctitati
2295 5026 2407 5064 sua:
2426 5012 2695 5077 videatur,
2721 5011 3081 5069 Eboracensis
3100 5011 3289 5066 Eccle-

1710 5101 1803 5155 sia:
1826 5099 2425 5169 archiepiscOpus,c(eli
2452 5112 2637 5170 portas
2658 5102 2805 5157 Petri
2821 5102 2946 5169 jure
2973 5100 3094 5171 [al.,
3119 5099 3283 5171 vice],

1701 5189 1862 5257 justis
1904 5196 1960 5242 et
1991 5188 2202 5258 injustis
2241 5185 2391 5255 juste
2427 5191 2643 5259 aperire
2677 5201 2734 5247 et
2758 5192 3034 5249 claudere.

1776 5279 1919 5333 Ecce
1954 5278 2139 5349 (Pater
2160 5279 2527 5351 sanctissime)
2567 5280 2709 5335 illius
2739 5291 2861 5337 tuus
2892 5284 2958 5339 ad
2982 5292 3034 5336 te
3060 5280 3279 5346 clamat,

1705 5369 1801 5425 sed
1833 5368 2005 5437 magis
2033 5368 2175 5433 lilia,
2225 5369 2583 5425 Eboracensis
2612 5370 2861 5424 videlicet
2893 5369 3131 5425 Ecclesia
3153 5408 3168 5432 ,
3212 5370 3280 5423 ad

1704 5478 1853 5527 eam,
1881 5462 1966 5517 cui
1996 5461 2351 5532 dispositione
2395 5463 2578 5518 divina
2622 5461 2910 5533 praesides,
2942 5460 3276 5525 Ecclesiam,

1705 5564 1960 5625 tanquam
1983 5554 2050 5608 ad
2070 5562 2375 5609 maternum
2396 5568 2681 5610 recurrens
2705 5552 2881 5609 sinum
2904 5554 2989 5623 pie
3013 5554 3274 5625 postulat,
3318 5606 3319 5609 η

1707 5658 1766 5703 ιιι
1794 5663 1861 5702 ex
1892 5645 2221 5702 abundantia
2249 5655 2615 5701 maternarnm
2654 5643 2968 5700 deliciarum
2997 5655 3278 5715 reparetur

1704 5740 1881 5809 inopia
1913 5753 2130 5794 suarum
2164 5752 2223 5793 se
2249 5734 2638 5801 deserentium;
2684 5734 2792 5791 imo
2846 5735 3029 5808 longe,
3056 5746 3110 5793 et
3137 5738 3276 5791 inter
