3938 6288
538 350 598 405 51
610 350 643 407 9

539 466 798 521 barbaras
827 462 1073 516 nationes
1103 460 1400 530 positarum
1445 460 1638 513 virium
1675 458 1797 530 [al.,
1840 450 2117 522 matrum].
2154 455 2195 510 Α

536 554 817 626 Siquidem
846 552 994 607 venit
1025 552 1090 604 ad
1117 565 1213 604 nos
1242 549 1471 604 clericus
1498 548 1715 618 quidam
1736 588 1748 609 ,
1779 559 1938 615 quem
1972 544 2119 597 misit

533 642 734 701 Paulus
764 656 947 699 comes
990 656 1114 696 cum
1168 640 1368 695 litteris
1418 638 1670 710 sigillatis
1704 638 1771 691 de
1807 635 2116 691 Orchadum

535 735 810 804 partibus,
838 730 1155 802 significans
1201 731 1254 785 in
1304 729 1384 786 eis
1421 729 1792 799 episcopatum
1821 741 1929 780 suae
1961 735 2118 777 terra'

531 824 710 880 cidem
754 822 953 879 clerico
999 837 1059 878 se
1088 820 1455 884 concessisse;
1486 828 1541 873 at
1582 818 1668 873 ille
1711 826 2116 871 antecessorum

532 928 756 969 suorum
779 913 974 969 ordine
1003 911 1283 967 custodito
1312 909 1547 980 postulat
1579 924 1608 962 a
1634 908 1791 963 nobis
1811 907 2119 977 episcopum

533 1016 594 1057 se
632 1000 943 1056 consecrari
980 1014 994 1053 :
1029 1000 1114 1054 cui
1156 999 1296 1069 quod
1323 999 1471 1065 juste
1514 999 1682 1069 petit,
1726 995 1923 1065 injuste
1952 994 2118 1050 dene-

535 1106 667 1162 gare
697 1107 805 1145 non
839 1106 1148 1160 possumus.

603 1182 871 1237 Precatur
894 1181 1018 1253 [nl.,
1048 1179 1358 1253 precamur]
1390 1195 1521 1252 ergo
1539 1222 1554 1246 ,
1574 1191 1632 1235 ut
1664 1180 1822 1235 nobis
1848 1180 1982 1235 duos
2009 1180 2124 1250 epi-

532 1289 728 1342 scopos
758 1274 959 1343 dirigat
988 1274 1293 1342 paternitas
1322 1282 1500 1328 vestra
1523 1314 1538 1338 ,
1573 1288 1804 1343 quorum
1834 1271 1951 1327 fulti
1995 1287 2122 1326 ora-

532 1365 774 1418 tionibus
825 1373 883 1418 et
938 1364 1173 1427 auxilio,
1215 1372 1381 1418 tanta:
1425 1364 1501 1418 rei
1549 1360 1949 1419 sacramentum
1976 1380 2124 1419 com-

533 1455 777 1525 pleamus
807 1457 1090 1511 canonice.
1146 1456 1239 1510 Illa
1288 1467 1469 1510 autem
1521 1456 1711 1526 procul
1742 1467 1995 1510 arceatur
2030 1470 2121 1510 su-

534 1547 744 1618 spicio,
809 1564 973 1617 quam
1027 1548 1338 1618 nuperrime
1392 1548 1547 1603 nobis
1613 1558 1800 1602 noster
1855 1547 2026 1602 frater
2072 1554 2126 1601 et

534 1639 887 1711 cocpiscopus
911 1639 1193 1695 subintulit
1237 1638 1544 1708 Remigius,
1596 1653 1682 1693 me
1724 1639 1930 1694 scilicet
1969 1640 2124 1710 inpo-

535 1736 741 1789 sterum
759 1742 954 1801 questu
964 1748 1079 1785 rttm
1094 1731 1190 1804 [αι.
1204 1770 1218 1794 ,
1231 1731 1461 1800 quresitu
1471 1729 1611 1803 rum]
1629 1730 2121 1796 Dorcacestrensis,

535 1825 620 1880 vel
638 1822 1056 1894 Vingorniensis
1070 1822 1312 1893 episcopi
1330 1824 1431 1876 hac
1443 1823 1509 1877 de
1526 1837 1689 1876 causa
1706 1821 2123 1889 subiectionem.
2160 1810 2202 1865 Β

537 1915 668 1971 Dico
704 1916 848 1971 enim
901 1930 1085 1970 coram
1120 1914 1231 1969 Deo
1268 1929 1353 1968 me
1394 1928 1666 1983 nunquam
1696 1915 1797 1969 hoc
1831 1913 2122 1968 facturum.

538 2009 594 2065 Si
618 2009 797 2080 placet
823 2008 988 2077 igitur
1008 2006 1284 2062 sanctitati
1309 2017 1526 2069 vestrm,
1550 2014 1608 2058 ut
1626 2004 1781 2074 juxta
1806 2006 2124 2076 petitionem

537 2110 778 2157 nostram
847 2099 965 2173 [nl.,
1019 2098 1285 2171 vestram]
1336 2098 1493 2153 nobis
1558 2097 1740 2153 facere
1803 2097 2122 2170 dignemini,

536 2194 712 2247 locum
767 2192 1102 2257 Eboracum,
1160 2201 1371 2261 tempus
1417 2191 1608 2260 quinto
1656 2190 1841 2245 Nonas
1904 2188 2125 2245 Martias

537 2286 695 2340 nobis
728 2284 1144 2340 immntabiliter
1187 2283 1608 2349 constituimus,
1636 2292 1693 2337 et
1734 2282 1890 2337 vobis
1918 2281 2118 2353 είς-πὶ.

538 2393 752 2434 camus.
786 2378 930 2450 Ergo
961 2378 1143 2443 vivas,
1192 2386 1248 2431 et
1295 2376 1511 2441 valcas,
1540 2384 1597 2431 et
1620 2374 1996 2445 spiritualibus
2043 2375 2125 2429 in-

535 2471 830 2526 crementis
873 2485 1265 2541 usquequaque
1308 2470 1581 2539 proficias.

1080 2562 1417 2618 EPISTOLA
1458 2562 1573 2616 XII.

536 2682 831 2733 LANFIIANCI
886 2692 954 2731 ΑΒ
1011 2692 1289 2732 γεω-ΛΜΝ
1343 2690 1747 2730 WIGORNIENSEH
1800 2690 1870 2729 ΕΤ
1908 2689 2121 2729 PETRI!

993 2763 1338 2802 CESTRENSEI
1380 2761 1679 2801 EPISCOPOS.

537 2838 608 2894 Ut
634 2842 703 2895 ad
728 2841 1047 2894 sacrandum
1077 2838 1380 2894 Orchadum
1410 2839 1703 2907 episcopum
1728 2835 2027 2890 Eboracum
2053 2836 2123 2889 ad

609 2911 862 2966 Thomam
913 2911 1357 2980 archiepiscopum
1402 2908 2027 2980 proﬁciscantur,_atque
2059 2916 2122 2980 ut

606 2983 780 3037 securi
808 2983 947 3047 sint,
991 2974 1103 3051 ejus
1132 2974 1333 3033 litteras
1374 2974 1537 3051 mittit
1561 2978 1748 3051 quibus
1776 2974 2119 3051 ﬁdemfncit,

607 3051 812 3107 nullum
844 3046 941 3105 illi
966 3046 1040 3105 re!
1078 3049 1463 3104 successoribus
1501 3046 1827 3118 iu‘ipsorum
1860 3046 2124 3101 Ecclesias

609 3125 693 3190 ius
720 3121 1120 3193 acquireudum.

606 3217 958 3273 Lssrasxcus
1011 3215 1106 3270 Dei
1179 3214 1356 3286 gratia
1424 3223 1628 3270 sancta:
1694 3213 2123 3270 Dorobcrnensis

538 3309 802 3366 Ecclesia:
864 3306 1339 3377 archiepiscopus,
1398 3305 1801 3361 venerabilibus
1865 3305 2126 3360 fratribus

530 3401 793 3457 Vomano
819 3395 1311 3471 [al.,Wuusnxo]
1337 3395 1704 3467 Wigorniensi
1728 3405 1785 3451 ct
1806 3395 1996 3450 Perno
2026 3395 2126 3450 Ce-

538 3493 740 3548 strensi
774 3489 1063 3561 episcOpis,
1103 3488 1351 3543 salutem.
1782 3512 1785 3513 ν

616 3584 780 3655 307
816 3581 1115 3638 Insinuavit
1152 3580 1308 3635 nobis
1350 3579 1676 3635 venerabilis
1724 3579 1894 3634 frater
1941 3587 2128 3633 noster

541 3672 782 3728 Thomas
836 3670 1195 3726 Eboracensis
1242 3670 1681 3740 archiepiscopus
1731 3669 2020 3724 adveniese
2062 3669 2128 3723 de

543 3765 857 3822 Orchadum
887 3762 1078 3818 insulis
1114 3762 1179 3815 ad
1222 3776 1281 3816 se
1310 3762 1600 3831 quemdam
1641 3760 1934 3825 clericum,
1966 3758 2126 3829 quem

544 3858 597 3912 in
620 3857 932 3927 episcopatu
959 3854 1129 3925 ipsius
1159 3864 1337 3919 terrm,
1363 3852 1710 3923 praecipiente
1738 3862 1793 3907 et
1817 3852 2128 3907 insinuante

543 3947 714 4003 Paulo
744 3947 977 4012 comite,
1015 3954 1246 4000 testatur
1283 3959 1405 3999 esse
1438 3944 1690 3999 electum.
1741 3944 1809 3998 Et
1854 3944 2011 4011 quia,
2060 3957 2125 3996 ex

543 4041 775 4111 antiquo
810 4053 993 4103 more,
1028 4037 1111 4093 sui
1142 4036 1283 4107 juris
1319 4043 1403 4089 est
1447 4032 1793 4104 praefuturum
1827 4033 2125 4088 insularum

544 4134 807 4204 praesules
845 4148 1199 4200 consecrare,
1220 4132 1387 4203 petiit
1420 4148 1449 4186 a
1479 4146 1565 4186 me
1595 4141 1654 4185 ut
1682 4131 1893 4185 mittam
1926 4130 2029 4186 sibi
2062 4130 2127 4186 de

548 4226 751 4282 nostris
771 4225 1129 4296 sulfraganeis
1151 4225 1308 4289 duos,
1329 4225 1418 4294 qui
1447 4233 1606 4278 tantze
1628 4224 1704 4278 rei
1728 4231 2126 4278 sacramentum

548 4334 676 4374 cum
706 4332 772 4373 eo
799 4317 1019 4371 valeant
1044 4315 1341 4372 celebrare.
1374 4314 1650 4385 Rogantes
1675 4313 1858 4383 itaque
1886 4314 2129 4383 praccipio

552 4422 694 4471 mus,
722 4404 1100 4477 praecipientes
1128 4418 1403 4472 rogamus,
1426 4415 1693 4474 quatenus
1718 4402 1863 4457 omni
1896 4415 2126 4455 excusa-

1549 345 1605 399 Β.
1654 336 2043 398 LANFRANCI
2084 334 2411 391 CANTUAR
2452 332 2768 390 ARCHIEI‘.
3672 342 3755 402 520

2759 446 3094 504 EPISTOLA
3124 447 3261 503 XIII.

2327 555 2393 592 ΑΙ)
2428 554 2664 595 1οΑΝΝΕ11
2699 554 3169 593 ΝΟΙΠἭΠΑΝΝΟΙΠῚΜ
3208 554 3663 597 Αιιειιιεριεεορυι.

2225 627 2307 681 Ea:
2351 630 2622 681 occasione
2669 627 2964 680 litterarum
3014 628 3126 696 ejus
3174 627 3239 681 de
3294 626 3553 679 nonnuliis
3602 632 3753 690 ritibus

2291 699 2529 761 disserit,
2563 699 2633 751 ad
2662 698 3040 751 dedicationem
3072 697 3409 750 ecclesiarum
3432 707 3480 749 et
3510 699 3750 758 subdiaco.

2293 784 2479 821 norum
2501 769 2883 821 ordinationem
2910 768 3275 837 spectantibus.

2295 859 2523 915 Domino
2583 860 2777 915 merito
2832 860 3135 915 sanctitatis
3191 860 3478 928 insigniter
3522 859 3755 919 offerendo

2223 952 2412 1008 JUANNI
2448 952 2944 1007 Nortbmaunorum
2973 952 3402 1023 archiepisc0po,
3449 953 3755 1012 LANFMNCUS

2227 1046 2473 1115 indignus
2494 1044 2674 1099 vocari
2705 1044 3012 1114 episcopus,
3047 1042 3185 1097 bene
3199 1044 3393 1114 ereptis
3411 1044 3621 1099 meliora
3650 1063 3756 1101 con-

2224 1148 2464 1192 DCCICI‘C.

2296 1228 2515 1283 Gratias
2540 1243 2640 1298 ago
2663 1227 2901 1283 colenda:
2926 1226 3242 1297 benignitati
3272 1236 3467 1284 vestra:
3486 1268 3501 1293 ,
3534 1229 3645 1298 quia
3673 1247 3757 1287 non

2227 1320 2398 1375 solum
2442 1334 2683 1388 prmscns
2724 1327 3042 1389 prtrsentem
3092 1334 3180 1373 me
3232 1319 3560 1373 indeficienti
3608 1336 3759 1376 amore

2227 1412 2472 1483 (propter
2503 1410 2694 1482 Deum)
2721 1410 3019 1476 dilexistis,
3044 1424 3231 1466 verum
3267 1410 3434 1465 etiam
3473 1412 3652 1467 absens
3685 1430 3760 1483 pro

2226 1502 2449 1557 absente
2481 1511 2761 1571 paternam
2800 1517 2895 1557 vos
2923 1517 3110 1557 curam
3142 1516 3334 1573 gerere
3377 1501 3577 1557 salubri
3610 1502 3761 1557 admo-

2227 1593 2434 1645 nitione
2474 1592 2755 1646 evidenter
2797 1592 3134 1647 ostendistis.
3182 1592 3339 1647 Absit
3389 1601 3565 1646 autem
3608 1608 3634 1646 a
3668 1608 3761 1658 me,

2229 1680 2494 1752 longeque
2543 1696 2573 1735 a
2632 1682 2881 1737 sensibus
2931 1683 3067 1737 meis
3114 1683 3259 1739 hunc
3306 1698 3548 1738 errorem
3592 1697 3765 1739 avertat

2228 1771 2409 1826 divina
2458 1762 2783 1839 clementia,
2833 1782 2892 1827 ut
2942 1774 3227 1829 molestum
3271 1775 3403 1828 mihi
3448 1775 3545 1839 sit,
3588 1776 3626 1829 si
3669 1777 3765 1846 quis

2234 1871 2481 1932 respectu
2510 1862 2699 1918 salutis
2729 1878 2891 1927 mean,
2914 1865 3039 1918 vitae
3060 1874 3280 1921 aeternae.
3317 1864 3763 1933 contemplatione.

2228 1954 2295 2008 de
2334 1955 2514 2008 anima
2548 1969 2665 2010 mea
2706 1954 3122 2011 sollicitudinem
3158 1966 3344 2022 gerat,
3373 1957 3419 2009 si
3457 1972 3550 2019 ea,
3579 1972 3685 2026 qua:
3714 1957 3765 2011 de

2227 2049 2437 2104 actibus
2487 2048 2623 2103 meis
2670 2048 2771 2102 sibi
2799 2048 3108 2118 displicent,
3133 2049 3334 2117 pietate
3365 2058 3541 2103 motus
3566 2049 3767 2102 indicare

2227 2154 2336 2193 non
2363 2138 2592 2201 differat,
2609 2139 2653 2192 si
2674 2138 2833 2193 aliter
2849 2154 2935 2193 me
2961 2139 3237 2209 corrigere
3260 2155 3364 2192 non
3389 2148 3592 2208 potest,
3619 2140 3767 2194 verbis

2226 2244 2442 2300 quoque
2467 2227 2754 2298 obiurgare
2794 2238 3112 2300 praesentem
3133 2270 3148 2293 ,
3180 2239 3272 2284 aut
3304 2229 3501 2284 litteris
3525 2230 3768 2300 increpare

2225 2320 2502 2375 absentem
2522 2335 2625 2373 non
2644 2319 2901 2390 negligat,
2923 2321 3016 2375 sed
3044 2321 3254 2375 amicus
3276 2320 3460 2390 potius
3480 2336 3508 2373 a
3531 2320 3767 2389 mejustus

2224 2407 2625 2462 existimabitur
2640 2407 2737 2478 qui
2751 2409 2803 2461 in
2827 2408 3198 2463 misericordia
3215 2409 3441 2478 corripit
3456 2422 3540 2462 me
3561 2419 3611 2462 et
3626 2409 3770 2462 iacre-

2225 2506 2338 2568 pat;
2366 2498 2533 2552 hostis
2549 2508 2730 2553 autem
2753 2511 3023 2569 peccator.
3043 2499 3133 2568 qui
3151 2499 3270 2554 oleo
3283 2514 3465 2569 prava:
3482 2498 3768 2554 adulationis

2225 2600 2389 2660 caput
2419 2606 2599 2645 meum
2623 2600 2717 2645 aut
2740 2592 3063 2662 impinguat,
3087 2602 3179 2646 aut
3200 2593 3542 2663 impinguare
3569 2592 3765 2648 laborat.

2298 2680 2570 2750 Quidquid
2613 2696 2744 2736 vero
2768 2683 3031 2737 sanctitas
3062 2691 3244 2737 vestra
3275 2684 3340 2739 de
3366 2682 3505 2738 stola
3543 2683 3766 2751 scripsit,

2227 2771 2455 2825 multum
2491 2771 2621 2825 mihi
2661 2771 2897 2841 placuit,
2944 2788 3042 2827 nec
3080 2785 3318 2842 unquam
3367 2772 3654 2843 displicuit;
3692 2772 3769 2825 sed

2225 2862 2368 2932 quad
2399 2860 2697 2931 subjunxit,
2726 2861 2851 2932 quia
2889 2862 2955 2915 ad
2986 2860 3343 2917 dedicandam
3375 2861 3650 2917 ecclesiam
3678 2861 3769 2931 epi-

2228 2972 2425 3027 scopus
2455 2972 2813 3027 processurus
2848 2956 3023 3012 sacris
3056 2955 3323 3016 vestibus.
3366 2971 3434 3010 ex
3463 2954 3772 3008 institutione

2229 3048 2555 3119 episcopalis
2597 3047 2803 3103 ordinis
2849 3047 3043 3102 debeat
3090 3062 3210 3101 esse
3256 3047 3499 3112 indutus,
3540 3053 3687 3115 atque
3726 3044 3768 3096 in

2152 3156 2197 3218 α
2230 3141 2569 3211 expositione
2599 3140 2837 3210 ipsarum
2867 3154 3149 3194 sacrarum
3179 3138 3410 3192 vestium
3438 3135 3668 3191 casulam
3697 3148 3773 3204 pc-

2227 3231 2364 3294 suit,
2393 3230 2545 3285 valde
2584 3229 2796 3299 stupui,
2853 3228 2981 3298 quia
3022 3228 3129 3282 tale
3164 3226 3365 3296 aliquid
3410 3242 3495 3281 me
3532 3239 3773 3294 nunquam

2227 3323 2449 3388 vidisse,
2496 3322 2806 3377 meminisse
2843 3335 2949 3375 non
2973 3320 3158 3390 potui;
3186 3320 3429 3373 diversos
3456 3317 3593 3373 enim
3629 3316 3759 3370 diver

2227 3428 2410 3466 sarum
2465 3410 2869 3481 provinciarum
2924 3407 3180 3477 praesules
3229 3406 3519 3462 ecclesias.
3555 3404 3775 3460 dedicare

2227 3516 2370 3572 sa‘pe
2398 3498 2692 3571 conspexi,
2719 3499 3082 3568 onmibusque
3099 3535 3113 3563 ,
3135 3512 3258 3567 qua:
3284 3497 3355 3551 ab
3377 3497 3459 3553 eis
3481 3495 3617 3551 facta
3636 3503 3774 3553 sunt.

2227 3602 2490 3662 quantam
2521 3592 2666 3663 potui
2693 3606 2881 3646 curam
2921 3590 3167 3656 adhibui,
3196 3590 3289 3659 qui
3314 3590 3422 3645 etsi
3465 3590 3517 3644 in
3541 3585 3779 3642 nonnullis

2228 3683 2516 3739 dissimilia
2540 3683 2770 3753 egerint.
2797 3698 2987 3738 omnes
3014 3691 3193 3737 tamen
3222 3681 3412 3751 cappis
3436 3680 3602 3735 induti
3630 3692 3776 3748 usque

2227 3774 2295 3827 ad
2330 3772 2753 3829 celebrationem
2796 3772 2976 3826 missa:
3002 3771 3180 3827 debita
3214 3771 3439 3826 servitia
3474 3771 3589 3826 sine
3620 3767 3776 3826 casula

2229 3865 2615 3936 expleverunt;
2665 3864 2900 3934 denique
2941 3872 3162 3917 sanctus
3206 3862 3317 3917 Leo
3371 3863 3622 3917 llomante
3663 3858 3781 3915 sedis

2228 3971 2475 4011 summus
2535 3955 2761 4010 antistes
2820 3954 3295 4019 ltomcriccnsem,
3355 3969 3442 4008 me
3505 3962 3778 4025 pnesente,

2226 4048 2515 4103 ecclesiam
2555 4046 2858 4111 dedicavit,
2890 4055 3223 4116 cunctaque,
3257 4062 3378 4115 qua:
3421 4055 3547 4102 ante
3587 4046 3780 4101 missam

2231 4140 2346 4195 fieri
2378 4140 2513 4195 ordo
2542 4139 2966 4209 depoposcerat,
3012 4139 3129 4192 sine
3156 4138 3341 4193 casula
3383 4137 3776 4193 consummavit.

2302 4230 2474 4284 Porro
2505 4228 2648 4297 quod
2691 4229 2745 4282 in
2786 4228 2980 4283 dandis
3007 4227 3293 4283 ordinibus
3338 4228 3440 4282 soli
3480 4228 3779 4283 subdiacono

2230 4319 2344 4374 dari
2382 4319 2713 4390 manipulum
2748 4317 3127 4389 perbibuistis,
3175 4317 3266 4373 ubi
3304 4318 3409 4373 hoc
3455 4317 3777 4389 acceperitis,

2233 4424 2363 4480 rogo
2386 4423 2471 4465 me
2493 4408 2690 4464 vestris
2712 4408 2907 4463 litteris
2929 4408 3241 4475 instruatis;
3268 4425 3294 4462 a
3322 4409 3641 4480 quibusdam
3660 4408 3781 4462 enim

555 4501 706 4556 tione
732 4498 1014 4561 subruata,
1057 4496 1185 4551 illuc
1226 4496 1394 4561 eatis.
1434 4506 1489 4550 ct
1524 4512 1588 4550 ex
1634 4503 1819 4549 nostro
1861 4503 2129 4564 prmceplo
2161 4524 2205 4580 ι)
2235 4500 2285 4555 id
2313 4500 2429 4557 fieri
2446 4500 2627 4565 audio,
2653 4499 2746 4553 sed
2775 4509 2955 4553 utrum
2979 4498 3031 4553 id
3060 4499 3174 4553 ﬁeri
3205 4501 3378 4555 sacris
3397 4498 3781 4554 auctoritatibus

548 4592 848 4648 secundum
890 4591 1031 4659 quod
1064 4588 1267 4658 justum
1297 4597 1414 4651 est,
1464 4589 1515 4641 in
1548 4598 1709 4642 tanta:
1751 4586 1826 4641 rei
1866 4586 2127 4655 mysterio

547 4685 898 4756 compleatis.
946 4684 1062 4739 Non
1106 4684 1250 4739 enim
1293 4686 1450 4739 decet
1489 4691 1548 4735 ut
1596 4680 1687 4751 qui
1736 4678 2035 4735 sacrandus
2073 4677 2127 4733 in

548 4779 695 4833 hanc
721 4786 922 4833 terram
952 4776 1129 4842 venit,
1165 4785 1220 4831 et
1247 4790 1370 4831 cum
1399 4774 1547 4829 omni
1576 4772 1884 4828 humilitate
1923 4772 2127 4829 sacrari

548 4886 612 4927 se
653 4871 889 4943 postulat
899 4912 935 4945 ι
963 4870 1143 4941 inopia
1182 4868 1487 4938 adjutorum
1529 4882 1559 4921 a
1610 4873 1762 4921 tanto
1812 4880 1979 4934 regno
2021 4880 2128 4921 non

552 4972 807 5019 sacratus
845 4962 1123 5018 abscedat.
1156 4959 1472 5015 Terminum
1505 4956 1666 5025 hujus
1701 4956 2130 5012 consecrationis

550 5053 700 5109 lator
728 5053 885 5109 vobis
913 5050 1264 5122 przesentium
1305 5048 1585 5104 indicabit.
1622 5047 1687 5102 Et
1716 5063 1786 5102 ne
1814 5046 1957 5102 forte
1982 5047 2130 5101 solli-

549 5146 644 5200 citi
689 5145 843 5210 sitis,
883 5150 1138 5213 putantes
1183 5142 1325 5209 quod
1354 5138 1434 5193 vel
1477 5140 1618 5209 ipse,
1661 5140 1746 5194 vel
1787 5154 2131 5196 successores

546 5233 668 5303 ejus
690 5234 797 5290 hac
828 5232 1118 5289 occasione
1148 5245 1309 5300 super
1337 5229 1604 5285 Ecclesias
1640 5238 1849 5285 vestras
1871 5230 1960 5301 jus
1986 5247 2127 5301 pra:-

549 5324 770 5381 Iationis
794 5322 1119 5394 quandoque
1147 5330 1412 5376 conentur
1435 5322 1698 5393 arripere,
1732 5322 1962 5387 litteras,
1993 5338 2129 5393 quas

549 5417 671 5487 ipse
698 5416 833 5471 mihi
872 5412 1205 5477 transmisit,
1238 5411 1567 5468 fraternitati
1606 5422 1833 5479 vestrae,
1864 5413 2127 5469 sollicitu-

547 5509 733 5563 dinem
764 5507 831 5561 de
861 5504 1042 5559 futuro
1064 5518 1281 5577 gerens,
1311 5504 1501 5559 curavi
1559 5505 1961 5568 transmittere,
1993 5519 2129 5575 quas

549 5609 606 5654 et
634 5600 757 5663 has,
782 5611 924 5668 quas
952 5597 1109 5653 vohis
1140 5595 1447 5652 transmitto
1466 5637 1480 5663 ,
1514 5597 1568 5651 in
1595 5596 1834 5653 archivis
1864 5594 2129 5651 Ecclesia-

553 5704 675 5743 rum
703 5698 1006 5743 vestrarum
1041 5689 1112 5745 ob
1143 5688 1462 5744 memoriam
1504 5686 1807 5743 futurorum
1852 5697 2125 5743 servatura

554 5784 619 5835 iri
648 5783 919 5853 praecipio.

2233 4589 2604 4662 prtecipiatur,
2646 4590 2957 4645 meminisse
3004 4606 3111 4645 non
3158 4590 3335 4646 valeo.
3367 4590 3619 4662 Plerique
3651 4598 3780 4645 autne

2230 4691 2385 4738 mant
2424 4681 2764 4753 manipulum
2792 4696 2914 4737 esse
2944 4696 3231 4737 commune
3270 4693 3650 4739 ornamentum
3686 4695 3781 4736 om-

2232 4772 2405 4835 nium,
2430 4771 2571 4826 sicut
2590 4779 2645 4826 et
2664 4770 2840 4824 albam
2861 4779 2915 4823 et
2940 4771 3234 4836 amictum;
3260 4787 3385 4826 nam
3409 4782 3465 4827 et
3483 4773 3534 4826 in
3558 4770 3785 4828 emnobiis

2238 4861 2630 4915 monachorum
2673 4861 2837 4914 etiam
2867 4861 2987 4916 laici
3027 4877 3149 4917 cum
3201 4862 3341 4917 albis
3390 4864 3703 4927 induuntur,
3746 4871 3785 4914 et

2233 4953 2457 5022 antiqua
2478 4951 2702 5009 Patrum
2728 4954 3070 5008 institutione
3095 4954 3269 5009 solent
3296 4954 3441 5010 ferre
3466 4956 3786 5027 manipulum;

2236 5044 2289 5099 in
2346 5044 2548 5100 nostris
2582 5044 2908 5115 episcopalis
2956 5043 3162 5098 ordinis
3213 5046 3526 5113 codicibus,
3578 5060 3700 5115 quos
3733 5058 3785 5097 ev

2230 5140 2463 5195 diversis
2511 5139 2824 5209 regionibus
2876 5136 3077 5193 maitos
3125 5139 3417 5205 habemus,
3469 5149 3527 5195 et
3570 5141 3632 5194 de
3661 5135 3769 5191 ordi

2236 5231 2420 5289 nando
2451 5230 2815 5295 subdiacono,
2848 5231 2991 5284 inter
3010 5240 3206 5286 extera
3238 5232 3317 5287 sic
3347 5232 3611 5303 scriptum
3647 5226 3776 5284 habe

2224 5338 2320 5380 tur
2352 5344 2365 5380 :
2397 5343 2415 5377 ι
2449 5323 2642 5379 Postea
2672 5337 2805 5377 vero
2840 5324 3074 5392 accipiat
3101 5322 3170 5377 ab
3211 5324 3596 5380 archidiacono
3623 5334 3787 5376 urceo-

2228 5416 2338 5471 lum
2381 5431 2508 5472 eum
2549 5412 2912 5484 aquamanili,
2962 5429 3027 5468 ac
3073 5414 3500 5485 manutergium.
3541 5435 3559 5468 ι
3596 5413 3648 5468 1η
3683 5409 3786 5481 qui-

2228 5507 2453 5563 busdam
2480 5507 2560 5562 sic
2588 5523 2600 5560 :
2631 5524 2651 5558 ι
2682 5519 2806 5560 eum
2833 5505 3200 5574 aquamanile.
3232 5526 3250 5558 ι
3275 5504 3332 5561 In
3354 5506 3480 5563 aliis
3503 5508 3572 5562 ita
3597 5524 3609 5559 :
3635 5525 3650 5556 ι
3677 5517 3785 5559 cum

2228 5597 2590 5669 aquannanili.
2629 5615 2647 5651 ι
2700 5595 2962 5652 Urceolus
2990 5596 3121 5666 quid
3148 5596 3217 5655 sit
3254 5596 3461 5667 liquido
3508 5608 3671 5668 patet,
3713 5602 3785 5649 est

2229 5692 2372 5746 enim
2405 5706 2503 5746 vas
2551 5690 2831 5760 superius,
2887 5688 3032 5743 unde
3082 5689 3329 5745 lavandis
3377 5693 3622 5746 manibus
3659 5703 3782 5756 aqua

2232 5781 2553 5837 infunditur.
2597 5780 2978 5851 Aquamanile,
3033 5780 3149 5836 sive
3196 5784 3585 5852 aquremanile,
3633 5777 3782 5834 Italici
