3864 6304
113 372 193 426 εει

1427 355 1435 364 “
1526 339 1906 403 EPISTOLE.

3215 335 3335 394 '59.!

111 497 246 540 uuam
269 486 472 550 partem
504 474 715 540 dicunt,
754 479 1083 540 vocaturque
1118 469 1297 542 lingua
1322 483 1511 525 eorum
1553 477 1651 519 vas

1766 466 1836 513 est
1857 455 2034 518 vobis.
2057 456 2182 528 quia
2216 451 2310 512 lilii
2339 455 2506 518 vestri
2540 461 2722 520 erant.
2758 453 2802 511 si
2832 453 2927 510 lilii
2954 469 3074 512 esse
3096 454 3330 523 vellent;

111 574 334 633 inferius,
377 569 433 622 in
481 565 625 634 quod
667 563 918 618 manibus
955 562 1133 618 infusa
1175 579 1314 632 aqua
1353 561 1646 617 delabitur.

107 663 235 731 Quod
270 659 314 714 si
363 657 598 712 fortasse
633 654 716 710 sic
745 655 914 725 308
941 653 1380 724 distinguendum
1412 652 1649 722 putatis.

108 751 349 808 urceolum
381 764 504 806 cum
535 763 692 817 aqua,
721 757 774 800 et
795 756 981 818 postea
1023 745 1219 800 manile
1239 786 1253 810 ,
1281 761 1345 800 ac
1375 761 1652 800 ntanurer-

106 847 248 914 gium,
279 851 551 912 quatenus
579 839 775 893 mauilc
803 854 924 893 esse
951 835 1281 907 manipulum
1316 834 1646 906 intelligatis.

105 939 194 992 Cur
216 936 346 986 inter
377 929 656 986 urceolum
681 944 745 984 ac
774 929 1173 998 manutergium
1205 936 1436 997 ponatur
1473 925 1649 979 mani-

103 1027 252 1096 pulus,
284 1032 335 1077 et
357 1039 458 1076 cur
486 1032 682 1076 uetera
706 1029 1026 1076 ornamenta
1049 1020 1118 1073 ab
1141 1018 1410 1086 episcopis
1432 1017 1648 1079 dantur,

106 1119 202 1173 dari
247 1117 308 1174 ab
352 1115 739 1170 archidiacono
791 1113 1094 1182 manipulus
1130 1112 1405 1181 jubeatur,
1445 1111 1498 1163 in
1545 1124 1648 1178 qua

95 1199 340 1275 scriptura
402 1205 521 1258 sive
584 1203 828 1272 stcculari
879 1203 993 1257 sive
1034 1201 1214 1255 divina
1271 1202 1349 1255 sic
1399 1210 1648 1254 vocatum

93 1298 409 1369 .tuauipuium
444 1298 700 1368 reperitis
737 1295 860 1368 [al.,
906 1291 1283 1365 reperiet-itis],
1315 1308 1480 1364 posco
1519 1309 1649 1348 san-

105 1400 224 1442 etam
249 1389 636 1460 paternitatem
691 1397 926 1442 vestram
973 1396 1030 1441 ut
1063 1385 1307 1440 indicare
1337 1385 1469 1439 mihi
1499 1399 1652 1442 com-

104 1478 280 1547 petenti
305 1478 584 1548 diligentia
615 1477 902 1532 studeatis.

93 1627 96 1630 ,
161 1569 649 1640 luCarthaginensi
682 1569 916 1625 concilio
951 1577 1148 1638 quarto
1177 1585 1337 1624 omne
1372 1569 1532 1641 hujus
1571 1570 1650 1625 rei

107 1662 383 1731 ambiguum
407 1662 740 1727 excluditur,
763 1661 854 1718 ubi
872 1660 950 1717 sic
978 1661 1176 1731 legitur
1199 1680 1211 1715 :
1236 1679 1253 1712 t
1278 1660 1650 1716 Subdiacouus

104 1770 204 1810 eum
229 1755 534 1820 ordinatur,
563 1755 686 1824 quia
715 1769 907 1809 manus
937 1753 1338 1824 impositionem
1372 1770 1478 1810 non
1510 1756 1650 1810 acci-

103 1848 188 1916 pit,
215 1857 454 1918 patenum
483 1849 551 1902 de
595 1863 758 1904 manu
785 1847 1021 1920 episcopi
1062 1849 1292 1918 accipiat
1336 1863 1560 1906 vacuam
1599 1860 1651 1905 et

93 1939 302 2008 calicem
329 1953 601 2006 vacuum;
634 1943 700 1995 de
725 1955 888 1994 manu
917 1954 1046 1995 vero
1078 1940 1448 1997 archidiaconi
1510 1942 1653 1997 acci-

108 2031 200 2099 piat
223 2029 492 2106 ureeolum
526 2048 652 2087 cum
677 2047 827 2102 .aqua
847 2073 862 2099 ,
899 2041 955 2088 et
985 2031 1327 2104 aquamauile
1359 2047 1422 2088 ac
1460 2050 1655 2088 manu-

111 2121 326 2189 tcrgium.
363 2141 382 2173 ι
414 2122 552 2176 Item
584 2109 836 2178 lsodorus
867 2123 920 2178 in
951 2125 1179 2194 epistola
1209 2125 1275 2180 de
1313 2123 1486 2182 sacris
1512 2125 1654 2180 ordi-

111 2209 238 2263 nibus
261 2229 271 2262 :
298 2229 314 2260 ι
343 2209 854 2279 Adsuhdiaeouum,
882 2213 1076 2282 inquit,
1098 2215 1331 2284 pertinet
1357 2214 1577 2270 calicem
1601 2226 1655 2270 et

110 2309 320 2368 patrnam
353 2303 420 2354 ad
444 2303 620 2356 altare
649 2301 850 2358 Christi
883 2303 1111 2370 deferre,
1136 2315 1189 2359 et
1216 2304 1395 2360 levitis
1420 2307 1651 2372 tradere,

111 2389 264 2459 eisque
286 2391 622 2466 ministrare;
652 2393 925 2447 urceolum
952 2407 1185 2463 quoque,
1223 2403 1278 2448 et
1310 2395 1654 2465 aquamanile

113 2498 161 2535 ac
203 2485 591 2554 manntergium
641 2495 855 2549 tenere;
910 2484 1188 2555 episcopo,
1216 2487 1549 2557 presbyteris
1599 2495 1656 2540 et

113 2571 256 2628 levitis
299 2592 391 2646 pro
438 2576 689 2632 lavandis
736 2587 863 2632 ante
926 2578 1095 2633 altare
1148 2580 1396 2635 manibus
1449 2595 1648 2650 aquam

115 2665 336 2733 praebere.
367 2687 384 2719 ι
415 2667 776 2738 Omnipotens
821 2667 1082 2726 Dominus
1111 2672 1272 2725 vitam
1299 2681 1536 2726 vestram
1579 2672 1655 2726 iu-

117 2763 182 2808 tus
229 2753 568 2828 exteriusqtte
617 2766 858 2823 tueatur;
906 2769 1205 2830 augeatque
1247 2761 1298 2814 in
1354 2761 1529 2826 vobis,
1559 2777 1656 2816 att-

115 2856 325 2914 ctatnque
361 2857 653 2903 conservet
693 2849 1035 2904 dilectionem
1105 2865 1211 2919 qua
1252 2864 1339 2903 me
1379 2852 1652 2920 quondam

115 2935 298 3007 diligere
322 2939 610 3004 solebatis,
637 2948 902 3008 quatenus
927 2941 992 2994 de
1029 2954 1143 3005 me,
1177 2949 1436 3008 quantum
1461 2941 1526 2994 ad
1559 2956 1654 2994 vos

99 3019 195 3081 hoc
221 3029 350 3097 quod
379 3031 623 3100 pertinet
651 3028 746 3102 [αι.
767 3071 782 3097 ,
815 3030 1032 3101 quidem
1063 3030 1344 3102 pertinet],
1385 3047 1505 3101 qua:
1535 3047 1656 3084 cre-

115 3119 255 3180 denda
305 3131 424 3176 sunt
460 3121 737 3190 credatis,
783 3123 1077 3194 proculque
1115 3125 1181 3179 :th
1209 3125 1430 3178 auribus
1458 3113 1653 3178 vestris

115 3208 290 3279 linguas
321 3212 728 3270 detrahentium
776 3216 1034 3285 pastorali
1076 3231 1291 3285 semper
1328 3215 1653 3270 auctoritate

115 3304 369 3373 repellatis.

611 3395 943 3455 EPISTOLA
985 3398 1124 3453 XIV.

198 3528 257 3566 AD
296 3530 535 3572 ,ΙΟᾹΝΝΕΙ
577 3530 1038 3572 IOTDOMAGENSEI
1073 3529 1542 3572 ARCHIEPISCOI’U“.

117 3623 305 3698 Indique
342 3649 374 3686 α
403 3634 522 3688 suis
554 3631 791 3686 habitum
840 3629 1153 3698 quibusdam
1204 3627 1527 3690 consolatur,
1590 3631 1655 3683 de

171 3701 372 3756 vindicta
414 3717 700 3772 suggerens
746 3701 930 3772 quales
979 3715 1245 3772 capessere
1289 3701 1501 3772 debeat,
1555 3701 1653 3754 sibi

172 3783 292 3840 cura:
328 3769 570 3838 futurum
617 3779 671 3823 ut
699 3769 768 3824 ad
807 3785 974 3840 regem
1007 3769 1105 3822 hac
1144 3770 1208 3824 de
1247 3786 1300 3824 re
1338 3770 1420 3824 det
1453 3770 1656 3824 litteras

169 3839 324 3906 quales
349 3841 519 3895 debet.

173 3946 376 4006 Domino
405 3961 613 4007 saneta:
660 3952 1112 4023 Bothomagensis
1162 3953 1419 4008 Ecclesia:
1470 3953 1654 4008 archi-

118 4043 334 4116 episcopo
349 4045 562 4112 losum,
580 4047 745 4102 frater
758 4046 1107 4102 Lasrnaucus
1130 4046 1383 4116 indignus
1409 4045 1654 4112 antistes,

121 4134 251 4189 lidcic
269 4139 547 4193 servitium
576 4153 697 4193 cum
725 4137 1084 4192 orationibus.

175 4225 300 4283 Visis
347 4230 548 4285 litteris
577 4229 794 4290 vestris,
831 4228 1027 4298 quibus
1067 4227 1414 4282 temerariam
1468 4241 1654 4295 super-

119 4315 316 4388 bamque
336 4315 696 4374 temeritatem
724 4319 1155 4372 miserrimorum
1174 4317 1452 4373 hominum
1477 4317 1660 4370 adver-

119 4424 194 4463 sus
241 4412 521 4468 Dominum
564 4421 619 4466 ct
648 4411 953 4482 pontificale
983 4413 1250 4481 fastigium
1277 4419 1657 4480 praesumptum

1752 559 2015 619 quantum
2047 563 2176 603 vero
2217 549 2283 602 ad
2310 562 2427 613 vos,
2469 547 2807 618 gaudendum
2847 548 3028 617 potius
3056 556 3109 602 et
3147 548 3331 603 exsul-

1754 641 1997 706 tandum,
2019 639 2462 709 exspectantibus
2491 638 2644 692 vobis
2665 638 3053 693 beatitudinem
3077 639 3336 708 apostolis

1753 730 2158 803 repromissam,
2186 729 2312 800 quia
2344 744 2438 784 vos
2469 729 2724 793 oderunt,
2751 736 2806 782 et
2834 729 3332 798 evprobraverunt.

1737 817 1805 879 et
1821 823 2368 894 ejecerunttanquam
2391 820 2588 876 malum
2614 829 2835 890 propter
2853 819 3049 874 Filium
3075 821 3332 876 hominis.

1751 930 1910 984 quem
1964 928 2060 968 vos
2087 913 2363 968 amatis-ct
2390 912 2691 976 honoratis,
2730 920 2786 966 et
2813 911 2879 965 ad
2912 910 3065 980 cujus
3094 925 3334 965 amorem

1751 1015 1806 1060 et
1831 1005 2092 1060 honorem
2120 1005 2242 1060 illos
2268 1005 2488 1059 trahere
2513 1003 2798 1059 volebatis.

1822 1093 2060 1149 Litteras
2117 1094 2336 1149 domino
2375 1102 2556 1149 vestro
2608 1091 2732 1165 [a!.,
2765 1089 2973 1163 nostro]
3009 1091 3118 1162 regi
3161 1099 3338 1146 trans-

1741 1183 1970 1243 mittere
1993 1188 2258 1257 dispono,
2277 1187 2469 1258 quales
2497 1195 2716 1258 oportet
2743 1195 2798 1241 et
2822 1187 3013 1258 quales
3045 1187 3249 1252 debeo;
3285 1194 3342 1242 et

1737 1279 1942 1346 credo,
1987 1281 2282 1336 miserante
2325 1280 2470 1347 Deo,
2522 1280 2686 1350 quia,
2735 1280 2876 1335 sicut
2930 1288 3173 1349 tempora
3221 1276 3339 1347 ejus

1755 1373 2048 1428 obscurata
2078 1385 2204 1429 sunt
2227 1375 2563 1429 immanitate
2595 1382 2760 1428 tautae
2795 1373 3082 1442 nequitiae,
3108 1371 3188 1430 sic
3221 1371 3339 1427 eni-

1753 1471 1961 1518 tescent
1983 1466 2343 1534 competentis
2371 1466 2662 1520 severitate
2690 1463 2961 1520 vindictae.
2985 1463 3340 1534 Omnipotens

1753 1553 2015 1608 Dominus
2045 1556 2212 1608 vitam
2240 1566 2474 1610 vestram
2502 1555 2808 1620 custodiat,
2841 1565 2895 1608 et
2923 1562 3112 1610 contra
3145 1567 3340 1608 onmes

1749 1639 1975 1694 aemulos
2011 1640 2232 1694 dextera
2266 1657 2361 1695 sua
2392 1650 2711 1713 protegente
2738 1638 3022 1706 defendat,
3065 1638 3340 1710 diligendo

1753 1730 1920 1786 Pater
1949 1742 2003 1786 et
2024 1731 2171 1786 omni
2201 1730 2359 1786 laude
2383 1732 2631 1788 colende.
2721 1741 2729 1747 ‘

2295 1847 2631 1906 EPISTOLA
2684 1848 2800 1904 XV.

2380 1957 2448 1996 ΑΒ
2474 1955 2719 1996 εωωεη.

1758 2048 1964 2105 Laudat
1992 2057 2106 2121 ejus
2133 2055 2187 2106 lu
2223 2063 2434 2123 accepta
2465 2052 2666 2122 injuria
2690 2053 3017 2122 patientiam.
3053 2052 3132 2108 De
3160 2064 3341 2108 aucto-

1829 2123 1972 2176 ribus
2038 2123 2289 2193 facinoris
2351 2134 2588 2193 rogatum
2645 2140 2677 2176 a
2727 2140 2781 2177 se
2842 2139 3011 2193 regem
3067 2141 3160 2192 per
3206 2125 3341 2178 litte-

1830 2208 1939 2253 ras,
1963 2201 2017 2244 ut
2045 2192 2346 2262 ulciscatur.
2383 2191 2494 2246 Sibi
2523 2209 2726 2262 quoque
2775 2191 2987 2262 probari
3021 2191 3138 2262 qua:
3166 2194 3252 2247 ille
3277 2195 3342 2247 de

1829 2263 2024 2314 visione
2045 2261 2322 2330 cujusdam
2352 2261 2618 2325 monachi,
2641 2261 2688 2315 et
2717 2261 2782 2316 de
2821 2262 2986 2315 altera
3015 2261 3046 2315 ἀ
3075 2265 3341 2316 communi

1825 2330 2093 2399 sepultura
2123 2331 2380 2399 prohibito
2411 2331 2710 2383 mandarat.

1825 2419 1956 2474 Zelo
2003 2420 2100 2474 Dei
2155 2431 2208 2476 et
2259 2435 2443 2474 amore
2487 2418 2712 2490 justitia:
2765 2418 3094 2488 prmcellenti
3141 2432 3342 2476 sancta:

1735 2511 2208 2582 ,Rothomageusis
2237 2511 2492 2566 Ecclesia:
2525 2509 2936 2581 archiepiscopo
2962 2511 3177 2578 Joasru,
3208 2511 3344 2567 Lau-

1757 2618 1992 2659 rnsucus
2015 2604 2268 2675 indignus
2296 2603 2542 2667 antistes,
2570 2602 2852 2657 servitium
2884 2612 2940 2657 et
2963 2603 3262 2660 orationes.

1739 2757 1746 2762 ,
1825 2694 1990 2766 309
2000 2693 2222 2762 Quando
2234 2694 2527 2748 Robertum
2543 2693 2823 2748 Beeccnsis
2837 2692 3090 2749 Ecclesia:
3104 2693 3223 2766 [al.,
3239 2710 3343 2754 ete-

1757 2787 1928 2860 nobii]
1943 2787 2262 2842 monachum
2291 2802 2412 2844 cutn
2430 2785 2622 2840 litteris
2647 2786 2712 2840 ad
2732 2799 2828 2839 vos
2843 2786 3145 2852 transmisi,
3165 2788 3342 2842 adhuc

1755 2879 1931 2934 nullas
1984 2879 2327 2949 paternitatis
2369 2887 2564 2934 vestrae
2614 2875 2870 2947 epistolas
2929 2878 3178 2949 suscepi;
3221 2889 3346 2949 post

1739 2969 2069 3034 abscessum
2105 2969 2222 3038 ejus
2278 2968 2586 3038 eapellanus
2631 2967 2871 3038 llugouis
2910 2984 3072 3024 unam
3117 2970 3340 3034 detulit;

1755 3058 1980 3113 alteram
2009 3074 2134 3113 vero
2168 3059 2336 3114 laicus
2378 3059 2614 3129 quidatn,
2639 3059 2754 3128 qui,
2787 3058 3150 3130 interrogatus
3193 3077 3223 3115 a
3262 3074 3348 3115 me

1681 3183 1725 3242 Ο
1757 3153 1878 3222 quis
1927 3161 2090 3217 esset,
2131 3152 2453 3206 servientem
2507 3150 2812 3220 reginae'se
2871 3166 2993 3206 esse
3043 3153 3343 3221 respondit.

1757 3243 2127 3312 Utrartunque
2171 3241 2436 3296 sententia
2488 3255 2592 3294 una
2652 3240 2783 3306 fuit;
2819 3241 2872 3295 in
2929 3242 3174 3312 utrisque
3213 3257 3347 3298 enu-

1755 3334 1928 3388 cleate
1939 3330 2464 3388 ostenditisollicium
2477 3329 2644 3385 vestri
2659 3331 3142 3397 ordinis,videlicet
3156 3341 3348 3386 contra

1756 3424 1981 3479 :etnnlos
2013 3423 2351 3492 patientiam,
2381 3430 2436 3476 et
2459 3421 2822 3476 innocentiam
2841 3431 3077 3476 vestram
3105 3420 3345 3495 {contra}

1757 3514 2134 3588 perditissima:
2185 3512 2304 3584 [at.,
2335 3511 2849 3583 perditissiquuc]
2905 3511 3348 3583 congregationis

1757 3606 2076 3664 horribilem
2115 3605 2552 3676 puniendumque
2587 3605 2972 3670 temeritatem;
3022 3601 3163 3659 etin
3193 3591 3345 3659 uiro-

1758 3716 1865 3772 que
1891 3700 2210 3765 laudandus,
2235 3699 2290 3754 in
2319 3708 2550 3769 utroque
2577 3697 2895 3754 benedictus
2925 3697 3067 3752 Deus
3095 3715 3109 3752 :
3137 3696 3351 3772 quiart

1757 3807 1854 3846 vos
1889 3791 2007 3863 ejus
2029 3791 2201 3862 gratia
2225 3790 2433 3846 fecistis
2467 3791 2611 3860 quod
2653 3797 2897 3860 respectu
2925 3788 3246 3859 cpise0palis
3268 3789 3349 3843 di-

1757 3883 1982 3952 gnitatis
2021 3882 2202 3938 facere
2230 3882 2524 3947 debuistis;
2551 3891 2603 3937 et
2635 3881 2706 3936 illi
2735 3891 2978 3948 econtra,
3004 3879 3151 3950 justo
3179 3879 3349 3950 ipsius

1753 3972 1962 4042 judicio
2009 3972 2189 4026 traditi
2241 3973 2294 4028 in
2326 3972 2613 4042 reprohutn
2673 3988 2918 4038 sensum,
2961 3973 3065 4027 hoc
3104 3972 3352 4027 fecerunt

1758 4065 1901 4134 quod
1933 4079 2032 4120 nec
2071 4063 2312 4134 quolibet.
2337 4063 2590 4134 impulsu,
2615 4064 2698 4118 vel
2739 4064 2980 4132 qualibet
3003 4062 3196 4132 injuria
3225 4079 3351 4133 pro-

1762 4155 1936 4210 vocati
1973 4156 2151 4211 facere
2181 4155 2500 4218 debuerant,
2534 4156 2897 4208 certissimum
2929 4155 3211 4222 pravitatis
3237 4171 3348 4209 sua:

1761 4247 1846 4301 his
1889 4247 1980 4314 qui
2010 4262 2105 4300 eos
2156 4263 2259 4300 non
2300 4253 2563 4299 noverant
2601 4245 2903 4314 prtcbeutcs
2934 4245 3214 4308 indit-ium,
3242 4262 3350 4314 quo

1763 4339 1882 4392 luce
1923 4336 2122 4392 clarius
2176 4337 2428 4389 oumihus
2492 4337 2799 4390 innotescat
2853 4333 3044 4404 quales
3114 4333 3167 4387 in
3212 4350 3348 4398 con-

1764 4438 1954 4498 spectu
1979 4426 2074 4480 Dei
2104 4442 2196 4479 cos
2221 4441 2340 4480 esse
2369 4427 2437 4481 ab
2465 4425 2610 4481 omni
2634 4425 2829 4496 populo
2860 4424 3160 4478 existimari
3187 4441 3350 4494 opor-

119 4499 416 4570 siguilicasse
443 4505 755 4568 studuistis,
779 4512 833 4560 et
861 4503 1004 4558 dolui
1029 4504 1171 4558 sicut
1193 4503 1376 4558 dolere
1400 4503 1580 4568 debui,
1609 4513 1655 4556 et

1773 4526 1901 4572 tcat.
1937 4518 2011 4572 De
2053 4517 2154 4572 hac
2189 4532 2244 4570 re
2269 4515 2477 4570 litteras
2505 4517 2720 4570 domino
2766 4526 2955 4570 nostro
3002 4515 3112 4583 regi
3169 4515 3350 4579 mitto,

123 4599 272 4649 tamen
300 4598 352 4651 in
378 4598 498 4667 ipso
526 4596 713 4652 dolore
741 4612 846 4651 non
870 4595 1104 4666 gaudere
1137 4610 1242 4650 ttou
1271 4595 1440 4665 potui.
1471 4593 1625 4648 Dolui
1645 4637 1658 4658 ,

120 4691 221 4757 quia
245 4693 292 4748 id
316 4696 494 4751 evenit
520 4696 826 4751 celsitudiui
857 4697 1244 4765 vestrae,quod
1271 4710 1299 4748 a
1331 4694 1664 4764 temporibus

123 4793 418 4851 paganorum
446 4788 576 4843 nulli
609 4789 805 4858 legitur
829 4789 1074 4843 evenisse
1112 4789 1522 4858 episcoporum;
1567 4804 1664 4860 ga-

121 4873 244 4928 visus
265 4891 388 4934 vero
413 4864 533 4934 sum
569 4881 696 4948 quia
737 4878 1087 4949 spurcissima
1134 4878 1246 4932 vita
1284 4894 1497 4945 eorum,
1543 4895 1664 4948 qua:

125 4965 292 5023 multas
320 4972 570 5042 regiones
611 4973 785 5028 fetore
829 4988 940 5028 suae
984 4971 1224 5027 infamia:
1253 4971 1366 5041 jam
1399 4973 1656 5044 aspersit,

124 5059 376 5117 occasione
427 5063 700 5134 publicata
763 5073 880 5128 est,
937 5065 1325 5134 cognitumque
1383 5066 1667 5120 evidenter

126 5148 286 5214 Quales
299 5168 479 5209 coram
493 5155 602 5210 Deo
618 5158 748 5224 sint,
772 5158 882 5226 qui,
899 5156 1111 5225 abiecto
1125 5159 1307 5212 divino
1321 5159 1665 5228 humanoque

129 5240 312 5307 timore,
343 5255 546 5302 tantum
579 5249 732 5304 nefas
761 5252 814 5305 in
846 5261 1139 5321 conspectu
1182 5252 1458 5305 hominum
1493 5235 1664 5308 moliti

129 5342 250 5384 sunt.
279 5333 338 5388 Et
372 5353 512 5392 nunc
542 5340 806 5393 sanctitas
836 5353 1013 5394 vestra
1042 5356 1255 5394 omnem
1288 5358 1570 5398 raucorem
1599 5344 1666 5398 de

131 5420 268 5475 corde
296 5425 539 5494 abjiciat,
583 5445 684 5484 nec
715 5431 836 5500 plus
885 5446 1041 5501 :equo
1085 5441 1139 5484 ct
1180 5433 1320 5485 bono
1355 5447 1451 5500 pro
1480 5434 1582 5488 hac
1609 5449 1667 5488 re

134 5507 317 5576 doleat;
343 5532 553 5573 omnem
613 5521 966 5577 intentionem
1010 5524 1241 5591 qualiter
1272 5523 1384 5578 hare
1428 5526 1666 5592 nequitia

137 5595 192 5651 ad
226 5600 464 5662 honorem
521 5609 616 5664 Dei
659 5623 965 5683 saucueque
1009 5613 1264 5668 Ecclesiae
1299 5613 1556 5682 puniatur
1595 5616 1670 5668 iu-

139 5691 314 5747 tendat.

201 5781 256 5840 Ει
281 5788 514 5857 quidem,
541 5805 801 5864 quantum
829 5799 896 5854 ad
938 5798 1058 5856 illos
1099 5806 1339 5871 spectat,
1379 5795 1664 5854 dOiCllliiilll

288 5880 552 5947 PATBOL.
605 5887 704 5949 CL

1766 4626 2022 4680 cumque,
2070 4621 2128 4664 ut
2177 4610 2356 4673 decet,
2419 4611 2484 4664 ad
2538 4609 2830 4663 vindictam
2882 4608 3017 4663 lauti
3065 4603 3347 4674 facinoris,

1765 4713 1928 4773 prout
1977 4717 2216 4773 possum,
2246 4709 2473 4772 rogoict
2522 4715 2735 4768 moneo,
2793 4715 2930 4770 quas
2977 4699 3091 4769 jam
3137 4699 3346 4771 pridem

1767 4783 2208 4860 transuitisissetit,
2235 4794 2329 4849 sed
2380 4793 2612 4864 legatum
2641 4795 2882 4863 reperire
2924 4810 3031 4849 non
3063 4795 3216 4866 potui
3245 4811 3260 4860 ;
3301 4804 3358 4851 et

1766 4887 1928 4942 homo
1954 4887 2192 4958 episcopi
2246 4885 2594 4953 Walchelini,
2627 4887 2718 4957 qui
2773 4885 2906 4941 alias
2936 4887 3089 4943 vobis
3137 4886 3352 4950 detulit,

1766 4989 1824 5034 ut
1855 4995 1948 5034 cas
1981 4989 2322 5050 exSpcrtaret
2361 4981 2656 5051 impetrare
2698 4996 2802 5036 non
2830 4981 2977 5050 potui

1837 5073 1913 5128 De
1943 5072 2203 5136 lloherto,
2232 5084 2285 5128 et
2311 5071 2425 5143 ejus
2470 5073 2798 5130 somniatore
2823 5072 2942 5146 [ul.,
2974 5057 3350 5136 sommatoré],

1765 5175 1821 5220 et
1876 5167 2145 5221 monacho
2182 5181 2211 5218 a
2237 5168 2509 5232 conununi
2553 5167 2831 5238 sepultura
2859 5165 3155 5236 prohibito,
3190 5161 3351 5234 quid-

1767 5256 1897 5325 quid
1944 5257 2243 5310 mandastis
2307 5255 2484 5318 laudo,
2534 5267 2590 5312 et
2627 5257 2884 5326 quidquid
2935 5256 3000 5310 de
3047 5254 3135 5310 his
3187 5252 3352 5307 rebus

1768 5347 2006 5410 sentitis,
2034 5363 2134 5412 ego
2183 5362 2400 5416 quoque
2448 5348 2501 5398 in
2555 5347 2807 5402 OlllllibllS
2847 5355 2899 5398 et
2929 5359 3025 5406 per
3051 5341 3232 5398 omnia
3257 5357 3349 5396 vo-

1768 5437 1978 5492 biscum
2009 5440 2207 5491 sentio.
2259 5436 2376 5490 Non
2409 5446 2492 5492 est
2533 5436 2676 5492 enim
2715 5433 3042 5489 credendum
3091 5432 3351 5487 visionem

1771 5527 1913 5580 illam
1937 5543 2059 5582 esse
2084 5543 2113 5581 a
2144 5528 2410 5598 Deo,quae
2439 5527 2733 5581 monachos
2753 5523 3002 5592 prohibet
3022 5539 3052 5577 a
3081 5533 3354 5578 monaste-

1771 5618 1871 5684 rio,
1897 5619 1980 5673 cui
2015 5621 2080 5673 ad
2108 5621 2452 5674 serviendum
2479 5620 2586 5672 Deo
2617 5632 2674 5672 se
2704 5617 3058 5681 devoverunt,
3083 5625 3139 5672 et
3170 5615 3221 5670 in
3249 5631 3356 5685 quo

1772 5714 1839 5766 de
1902 5713 2210 5768 ohedientia
2282 5724 2337 5768 ct
2402 5711 2754 5767 conversione
2838 5723 3051 5766 morum
3130 5724 3354 5765 suorum

1775 5813 1828 5856 et
1900 5803 2192 5858 stabilitate
2264 5819 2359 5858 sua
2417 5800 2808 5874 professionem
2886 5801 3177 5868 fccermt,
3227 5811 3354 5855 cum

2960 5894 3031 5956 1'1
