3938 6288
444 368 451 373 ,
524 315 637 371 ess

531 434 803 504 Propheta
861 427 1005 481 dicat
1061 442 1074 476 :

532 525 647 594 12).
676 523 744 577 Et
769 518 1030 584 Dominus
1058 515 1123 569 de
1169 510 1327 566 malis
1377 507 1687 580 pastoribus
1714 504 1963 573 loquens,
2007 512 2113 552 non

532 615 611 669 ait
639 610 875 681 :Fugite
898 621 1017 671 eos,
1046 603 1282 659 recedite
1332 600 1398 655 de
1435 598 1568 653 locis
1618 595 1816 665 quibus
1852 596 2112 663 praesunt,

518 705 627 760 sed
674 716 691 756 :
744 699 915 768 Super
966 693 1267 750 cathedram
1316 688 1489 759 Moysi
1536 686 1780 741 sederunt
1812 680 2114 768 .Scribieet

530 766 959 855 Phariswi,ﬁquar
979 785 1162 839 dicunt
1185 782 1364 851 facile,
1386 792 1503 849 qua:
1528 783 1701 829 autent
1729 772 1928 841 faciunt
1960 766 2116 822 nolite

515 886 706 954 .farere
728 878 945 954 (Matth.
968 871 1197 939 “111,2,
1214 872 1290 941 '5).
1305 870 1371 924 Et
1387 868 1576 923 beatus
1597 862 1917 918 Benedictus
1939 859 1990 913 in
2009 858 2116 913 Re-

532 948 658 1048 gula
712 948 1102 1029 monachorum
1149 964 1292 1036 (cap.
1334 961 1369 1016 4
1421 956 1650 1029 Regulw,
1710 955 1934 1048 instrue.
1976 948 2111 1048 (ξομ

541 1042 563 1121 ξ
600 1063 914 1135 Praeceptis,
945 1058 1145 1130 inquit,
1194 1052 1430 1119 abbatis,
1476 1052 1529 1105 in
1576 1047 1824 1104 omnibus
1872 1042 2112 1107 obedire,

533 1154 750 1214 etiamsi
778 1154 914 1225 ipse,
940 1148 1083 1221 quod
1114 1142 1292 1201 absit!
1323 1139 1480 1196 aliter
1517 1145 1658 1207 agat.
1704 1154 1722 1187 s

602 1268 682 1324 De
711 1266 976 1323 monacho
1005 1263 1217 1334 fulgure
1240 1258 1524 1316 interfecto
1546 1252 1630 1307 vir
1650 1250 1865 1322 sapiens
1889 1246 2116 1318 apertiso

534 1363 672 1418 sima
701 1357 969 1416 sententia
1017 1367 1235 1410 omnem
1265 1344 1637 1419 ambiguitatis
1690 1340 1889 1396 nodum
1931 1335 2112 1401 solvit,

535 1454 721 1509 dicens
746 1466 761 1504 :
790 1449 826 1504 Ι
833 1460 979 1503 ustus
1009 1446 1318 1517 quacunque
1339 1449 1500 1495 morte
1519 1439 1911 1508 praeoccupatus
1934 1427 2112 1497 fuerit,

535 1546 716 1599 anima
773 1525 887 1611 ejus
936 1541 992 1594 in
1034 1534 1307 1607 refrigerio
1344 1532 1440 1586 erit
1485 1526 1636 1599 (Sap.
1668 1541 1741 1591 tv,
1766 1524 1844 1595 7).
1873 1520 2115 1589 Denique

533 1610 1019 1694 EcclesiaDCbristi
1058 1630 1196 1684 alios
1240 1633 1484 1682 mortuos
1510 1636 1541 1675 a
1574 1634 1686 1675 suae
1716 1610 2115 1672 communionis

536 1726 815 1784 consortio
853 1738 959 1779 non
993 1718 1223 1789 repellit,
1254 1714 1359 1769 nisi
1396 1726 1489 1767 eos
1542 1716 1754 1764 tantum
1786 1702 1983 1773 quibus
2028 1699 2116 1753 vi-

538 1819 791 1876 ventibus
817 1812 1073 1872 canonica
1092 1821 1321 1865 censura
1344 1801 1751 1877 communicare
1769 1789 2112 1861 contempsit.

535 1909 890 1979 Omnipotens
912 1902 1174 1959 Dominus
1198 1899 1369 1954 vitam
1391 1903 1629 1949 vestram
1675 1886 1963 1951 custodiat,
1988 1882 2116 1952 quia

535 1976 770 2055 multum
800 1995 949 2050 utilis
966 2001 1068 2059 est,
1102 1990 1243 2046 inter
1275 1994 1471 2045 caetera
1504 1983 1572 2039 ad
1604 1976 1964 2036 eonfutandas
1987 1989 2115 2045 gar-

535 2093 777 2148 rulorum
800 2088 1048 2159 ineptias.

1056 2174 1391 2233 EPISTOLA
1454 2172 1593 2229 XVI.

655 2296 723 2333 AD
752 2288 990 2334 JOANNEU
1035 2284 1490 2327 ARCHIEPISCOPUM
1521 2274 2011 2321 NORTHIANNOIIUM.

539 2371 777 2428 Excusat
831 2368 1151 2421 diuturnum
1190 2378 1344 2418 suum
1407 2358 1705 2428 silentium,
1752 2363 1993 2428 aptatque
2062 2359 2116 2403 ut

643 2423 829 2495 mutua
855 2439 990 2491 inter
1010 2436 1149 2505 ipsos
1175 2444 1223 2487 et
1248 2430 1566 2486 inviolabilis
1616 2427 1683 2482 sit
1706 2423 2008 2480 concordia.

607 2532 861 2595 Domino,
897 2528 1094 2583 merito
1134 2523 1440 2582 sanctitatis
1467 2529 1659 2576 vestrm
1688 2515 1973 2587 insigniter
2021 2514 2122 2568 ho-

540 2626 807 2692 norando,
857 2621 1353 2678 Northmannorum
1421 2612 1828 2683 archiepiscopo
1903 2606 2117 2672 losum,

538 2720 711 2775 frater
740 2717 1117 2778 Lssrnsucus,
1151 2710 1308 2765 fidele
1333 2707 1616 2765 servitium
1638 2712 2007 2772 aeternamque
2035 2714 2120 2755 sa-

539 2809 708 2865 lutem
735 2823 857 2865 cum
879 2803 1237 2863 orationibus.

612 2898 764 2967 Quod
779 2895 1157 2967 paternitatem
1170 2900 1428 2956 vestram,
1441 2902 1620 2959 quam,
1649 2894 1786 2941 teste
1807 2884 1937 2947 Deo,
1952 2880 2120 2937 multo

539 3003 729 3045 amore
742 2987 925 3054 diligo,
938 2984 1105 3040 multa
1120 2980 1465 3037 veneratione
1477 2977 1732 3047 suscipio,
1748 2976 1901 3045 longa
1918 2981 2121 3045 tempo-

540 3079 620 3134 ris
635 3073 1037 3145 intercapedine
1054 3072 1249 3126 litteris
1261 3069 1485 3125 visitare
1505 3064 1782 3137 supersedi
1799 3078 1971 3133 ;rogo,
1992 3059 2122 3116 mul-

540 3181 764 3238 tumque
777 3180 907 3238 rogo
918 3180 984 3220 ne
998 3164 1217 3220 sinistra
1233 3177 1263 3216 a
1277 3176 1364 3216 me
1386 3160 1438 3215 id
1464 3160 1664 3216 factum
1680 3172 1799 3212 esse
1822 3154 2119 3211 intentione

540 3257 1002 3328 iuterpretemini,
1031 3268 1206 3324 neque
1236 3251 1561 3308 existimetis
1588 3250 1753 3305 fuisse
1777 3262 1994 3303 causam
2027 3254 2121 3299 aut

542 3350 777 3405 indicem
808 3347 929 3420 [al.,
968 3343 1529 3417 radicem]cujuslibet
1560 3340 1805 3396 rancoris
1856 3337 1938 3394 vel
1986 3336 2117 3392 odii.

542 3439 660 3497 lloc
704 3440 885 3510 potius
909 3439 1014 3494 hac
1058 3438 1109 3492 in
1138 3446 1292 3509 parte
1334 3436 1611 3507 conjicite,
1650 3432 1790 3503 quod
1816 3429 1939 3503 [al.,
1968 3428 2119 3501 quid]

543 3535 626 3590 rei
667 3533 869 3589 veritas
888 3531 1070 3594 habet,
1097 3527 1371 3601 quod[al.,
1394 3526 1547 3599 quid]
1564 3525 1895 3595 experientia
1917 3530 2121 3588 vestra,

541 3626 733 3681 multis
770 3623 1152 3689 referentibus,
1197 3618 1409 3692 quibus
1433 3616 1766 3683 miserabilis~
1824 3614 1949 3670 vitae
1988 3626 2123 3667 mea:

466 3760 469 3761 ν
542 3726 720 3773 status
748 3724 927 3772 motus
982 3725 1064 3772 est
1115 3727 1443 3784 cognoscere
1485 3711 1660 3775 valet;
1694 3716 1773 3763 tot
1820 3707 1964 3761 enim
2008 3713 2125 3760 tan-

543 3807 721 3877 tisque
746 3805 906 3876 hujus
924 3806 1110 3861 mundi
1127 3803 1549 3875 impedimentis,
1572 3801 1756 3856 nescio
1780 3813 1888 3870 quo
1909 3795 2123 3853 occulto

543 3901 642 3957 Dei
660 3899 885 3970 judicio,
905 3898 1244 3955 incessanter
1258 3895 1532 3965 subjaceo,
1551 3904 1627 3950 tot
1652 3893 1818 3948 animi
1844 3904 2122 3955 rancores,

545 4000 660 4045 tam
686 4004 751 4044 ex
776 3988 1007 4061 propriis
1032 4003 1193 4059 quam
1217 4002 1284 4042 ex
1315 3985 1502 4041 alienis
1524 3984 1755 4056 negotiis
1782 3981 1901 4037 sine
1952 3982 2123 4035 inter-

544 4079 808 4136 missione
835 4080 1100 4144 sustineo,
1131 4087 1208 4134 tot
1232 4076 1572 4134 calamitates
1599 4090 1663 4131 ex
1695 4072 2127 4130 consideratione

543 4171 894 4244 praesentium
923 4179 1179 4227 venturas
1203 4170 1258 4225 in
1306 4170 1487 4224 futuro
1507 4166 1756 4236 conjicio,
1796 4175 1853 4220 ut
1903 4178 2127 4236 perraro

547 4264 897 4322 dietandiseu
918 4261 1188 4320 scribendi
1220 4260 1448 4317 facultas
1483 4261 1671 4325 detur;
1699 4267 1813 4323 aut,
1837 4258 1883 4314 si
1911 4258 2127 4328 quando

547 4356 727 4423 datur,
771 4356 855 4412 vel
905 4356 1101 4412 desunt
1150 4355 1243 4426 qui
1290 4353 1585 4425 perferant,
1612 4352 1697 4409 vel
1735 4366 1983 4423 personae
2016 4360 2125 4405 tam

545 4448 755 4505 idoneae
780 4462 889 4505 non
918 4456 1047 4503 sunt
1089 4455 1148 4503 ut
1194 4462 1289 4518 per
1312 4460 1405 4503 eas
1434 4446 1643 4503 litteras
1690 4445 1831 4501 mitti
1870 4444 2123 4514 injuriam
2156 4453 2205 4514 ι)

545 4548 753 4608 putem.

616 4629 732 4702 Ego
750 4638 926 4688 tamen
957 4639 1012 4688 et
1039 4646 1102 4688 ea
1130 4645 1249 4702 qua:
1267 4631 1421 4687 vobis
1442 4630 1716 4696 accidunt,
1748 4643 1869 4684 cum
1896 4627 2127 4698 promis-

545 4723 703 4783 sione
751 4723 958 4779 servitii
987 4733 1043 4780 et
1091 4724 1274 4779 auxilii
1305 4723 1600 4790 mei,scire
1647 4720 1916 4788 desidero,
1952 4728 2009 4774 et
2063 4735 2126 4775 ea

547 4830 668 4885 quae
690 4814 825 4870 mihi
855 4814 1383 4886 eveniunteognosei
1410 4829 1439 4869 a
1472 4813 1624 4868 vobis
1653 4812 1931 4867 humiliter
1969 4820 2123 4880 peto;

547 4915 602 4961 et
628 4907 729 4962 hoc
755 4921 853 4962 oro
896 4915 956 4961 ut
985 4921 1216 4962 concors
1242 4906 1483 4961 charitas
1512 4904 1785 4975 cbaraque
1813 4904 2124 4968 concordia,

545 5012 665 5066 qua:
686 4998 830 5054 inter
850 5013 950 5053 nos
972 4998 1235 5053 hactenus
1260 4996 1476 5059 mansit,
1501 4996 1752 5050 omnibus
1779 4995 1971 5053 diebus
2006 4996 2127 5050 vita:

543 5097 746 5143 nostra?
771 5086 1027 5142 inviolata
1050 5093 1393 5157 permaneat;
1423 5100 1523 5140 nec
1573 5100 1694 5140 eam
1734 5084 1989 5156 quaelibet
2035 5084 2127 5140 de—

545 5177 882 5233 trahentium
903 5176 1085 5247 lingua
1137 5174 1377 5245 quolibet
1401 5175 1560 5230 modo
1592 5183 1684 5228 aut
1713 5173 1993 5229 inﬁrmare
2034 5181 2127 5227 aut

542 5268 863 5338 propulsare
894 5266 1204 5338 praevaleat.
1237 5266 1389 5334 Quod
1425 5267 1582 5323 aliter
1618 5276 1795 5323 ratum
1842 5282 1962 5323 esse
2019 5282 2124 5322 non

545 5362 766 5429 poterit,
800 5358 905 5413 nisi
935 5366 1209 5413 amatores
1243 5358 1529 5413 discordiae
1552 5367 1645 5414 aut
1688 5359 1883 5413 vestris
1930 5358 2126 5413 exhor-

528 5450 838 5511 tationibus
862 5449 928 5502 ad
959 5465 1198 5505 amorem
1245 5452 1547 5507 concordia:
1602 5460 2010 5515 convertantur,
2032 5457 2126 5504 aut

546 5541 899 5609 persistentes
922 5540 973 5595 in
995 5541 1159 5613 310
1181 5556 1276 5597 sua
1306 5542 1531 5599 stultitia
1562 5561 1591 5600 a
1623 5544 1823 5599 nostris
1842 5543 2125 5614 colloquiis

546 5632 762 5699 penitus
782 5641 1086 5687 arceantur.

620 5724 695 5778 De
736 5722 934 5793 juvene
970 5726 1118 5797 cujus
1148 5735 1397 5782 eventum
1438 5744 1606 5799 usque
1633 5729 1697 5784 ad
1726 5743 1882 5783 aures
1916 5736 2127 5781 vestras

1551 298 1605 353 Β.
1648 292 2038 353 LANFRANCI
2076 287 2426 348 CANTUAR.
2467 283 2785 341 ARClllEP.
3672 281 3752 338 δεμ

1133 420 1343 484 Vovete,
1399 426 1447 472 et
1487 416 1685 470 reddite
1740 410 1914 483 (Psal.
1946 422 2109 471 Lxxv,
2142 413 2188 472 Α
2219 404 2358 458 fama
2404 399 2658 471 vulgavit,
2689 398 2826 451 lator
2852 393 3213 467 prmsentium,
3240 391 3331 462 qui
3364 390 3498 445 vidit
3523 399 3576 446 et
3617 392 3753 448 inter-

2219 493 2342 557 fuit,
2384 482 2618 561 qualiter
2645 495 2853 556 gesmm
2899 485 2988 549 sit,
3039 482 3194 539 vobis
3248 480 3521 537 veraciter
3567 496 3753 537 enarra-

2216 584 2315 641 un.
3290 648 3293 649 ί

2733 665 3065 723 EPISTOLA
3115 663 3277 720 XV".

2324 781 2390 820 AD
2434 778 2668 820 JOANNEK
2710 773 3167 815 ROTHOMAGENSEM
3216 767 3671 809 AllClllEPlSCOPUM.

2219 854 2441 910 Falsum
2471 872 2581 909 esse
2610 852 2834 907 ostendit
2859 850 3009 920 qu0d_
3028 849 3140 917 ejus
3173 847 3313 920 facta
3347 860 3555 920 carpere
3581 847 3755 920 diceba-

2289 936 2405 990 tur;
2442 925 2724 978 Robertum
2750 917 2922 975 autem
2974 917 3420 990 Pultrellum,qui
3475 917 3581 968 sine
3621 917 3759 983 ipsius

2289 987 2501 1049 licentia
2533 994 2865 1055 discesserat,
2893 991 3013 1043 ideo
3049 1006 3081 1043 α
3123 1004 3176 1042 se
3209 1004 3325 1041 cum
3375 987 3565 1039 honore
3614 1002 3750 1040 susce-

2286 1075 2432 1134 ptum
2459 1064 2585 1133 quia
2634 1059 3082 1134 commendatitias
3123 1058 3237 1134 ejus
3280 1056 3482 1134 litteras
3519 1058 3755 1134 attulerat.

2291 1124 2365 1188 De
2393 1124 2497 1202 ﬁde
2525 1133 2588 1185 ab
2611 1128 3008 1202 archidiaconis
3028 1124 3247 1199 petenda
3269 1124 3397 1197 quid
3424 1126 3703 1191 respondeat
3721 1136 3758 1178 et

2289 1206 2352 1259 de
2379 1199 2474 1257 suo
2506 1219 2621 1256 cum
2650 1216 2764 1269 rege
2785 1199 3064 1268 colloquio.

2290 1291 2595 1348 Venerabili
2644 1298 2846 1346 sanctae
2892 1286 3353 1358 Rotbomagensis
3406 1283 3650 1339 Ecclesiae
3693 1298 3759 1340 ar-

2218 1388 2563 1457 chiepiscopo
2612 1383 2827 1451 10mm,
2857 1382 3109 1454 indignus
3162 1380 3392 1434 antistes
3428 1377 3757 1443 Lsnasscus,

2218 1478 2499 1535 servilium
2520 1490 2643 1531 cum
2666 1472 3021 1530 orationibus.

2289 1586 2507 1642 Litteris
2540 1598 2676 1655 quas
2702 1581 2954 1638 omnibus
2971 1579 3295 1636 Christianae
3319 1578 3450 1649 legis
3470 1576 3761 1632 amatoribus

2218 1678 2447 1733 amanda
2504 1674 2805 1746 paternitas
2829 1679 3007 1726 vestra
3045 1668 3368 1734 transmisit,
3398 1682 3506 1737 quo
3554 1676 3763 1736 tempore

2149 1766 2190 1822 Β
2220 1776 2481 1842 porrecta:
2501 1773 2651 1829 sunt,
2676 1777 2983 1833 congruum
3026 1761 3157 1815 dare
3184 1774 3508 1830 responsum
3531 1758 3649 1811 mihi
3676 1772 3762 1812 non

2220 1861 2389 1925 licuit,
2417 1873 2539 1913 nam
2567 1867 2623 1912 et
2644 1855 2963 1925 impeditum
3004 1867 3091 1906 me
3119 1851 3480 1914 invenerunt;
3510 1864 3623 1914 nec,
3652 1849 3690 1900 si
3714 1848 3763 1902 li-

2219 1962 2390 2019 ceret,
2431 1959 2615 2022 posset
2639 1964 2703 2004 ca
2738 1955 3057 2019 tempestate
3073 1946 3293 2000 nuntius
3319 1943 3545 1998 inveniri
3570 1945 3651 2013 qui
3676 1942 3763 1997 fer-

2222 2050 2323 2097 ret.
2356 2040 2508 2095 Nuue
2534 2039 2666 2093 mihi
2690 2038 2814 2092 data
2839 2036 3240 2107 Opportunitate
3260 2030 3498 2097 diﬂ‘erre,
3520 2029 3651 2085 ultra
3678 2044 3764 2084 non

2221 2132 2412 2187 debeo.

2290 2246 2572 2303 Rctulistis
2599 2245 2752 2301 vobis
2775 2259 2804 2298 a
2830 2242 3016 2298 multis
3038 2241 3205 2296 fuisse
3234 2239 3467 2293 relatum
3512 2235 3646 2304 quod
3683 2248 3767 2305 ego

2221 2336 2467 2407 quaedam
2494 2344 2676 2391 vestra
2704 2332 2845 2388 facta
2897 2347 3081 2403 carpo,
3112 2339 3164 2385 et
3193 2329 3432 2384 maxime
3453 2325 3593 2397 quod
3637 2327 3763 2378 insu-

2224 2434 2338 2481 tuta
2397 2435 2710 2480 sanctorqu
2764 2422 2986 2477 Patrum
3044 2421 3110 2474 de
3162 2417 3431 2474 servanda
3477 2415 3764 2471 clericorum

2221 2518 2467 2574 castitate
2504 2517 2642 2571 male
2705 2529 2804 2571 vos
2859 2513 3188 2569 intellexisse
3229 2510 3519 2581 redarguo,
3546 2508 3765 2579 adjuncto

2222 2610 2367 2680 quod
2403 2607 2787 2663 ecclesiasticae
2802 2604 3101 2675 disciplinae
3130 2600 3501 2657 moderamina
3528 2612 3627 2652 non
3654 2597 3766 2652 bene

2220 2716 2318 2757 vos
2341 2710 2523 2755 tenere
2545 2698 2775 2753 allirmo.
2804 2696 3113 2751 Meminisse
3128 2694 3287 2749 debet
3310 2690 3584 2747 beatitudo
3602 2697 3765 2752 vestra,

2222 2798 2517 2859 praesentes
2545 2788 2748 2853 verbis,
2791 2786 3044 2841 absentes
3087 2782 3282 2838 litteris
3308 2796 3408 2837 nos
3438 2794 3577 2848 saepe
3601 2777 3765 2832 attem-

2225 2890 2367 2937 truin
2401 2882 2677 2937 monuisse
2698 2894 2821 2935 esse
2854 2877 3051 2933 multos
3089 2874 3398 2932 detestabili
3444 2872 3633 2927 invidia
3672 2869 3766 2939 ple-

2224 2986 2344 3037 nos,
2376 2970 2468 3040 qui
2496 2984 2713 3039 semper
2736 2968 2902 3024 velint
2925 2982 3024 3023 nos
3052 2966 3283 3022 invicem
3312 2964 3763 3030 dissidere,quate-

2225 3076 2327 3116 nus
2356 3062 2457 3115 hac
2499 3060 2783 3115 occasione
2812 3073 2939 3113 suas
2984 3056 3263 3127 nequitias
3318 3053 3536 3109 valeant
3582 3051 3768 3107 liberius

2222 3162 2509 3206 exercere:
2531 3163 2758 3217 quorum
2784 3145 2945 3202 ollicii
2968 3144 3134 3200 refert
3157 3158 3293 3199 nova
3315 3150 3610 3213 semper,et
3638 3142 3767 3194 inau-

2220 3243 2334 3298 dita
2385 3243 2607 3313 (ingere,
2649 3241 2860 3306 leviter,
2890 3248 2945 3295 et
3019 3237 3278 3308 iniuriose
3343 3235 3467 3309 [al.,
3515 3232 3766 3305 incuriose]

2222 3333 2431 3405 prolata
2514 3333 2756 3389 deterius
2833 3345 3147 3402 exponere,
3221 3331 3360 3386 bene
3429 3337 3486 3384 et
3561 3326 3768 3384 ecnsidte

2224 3426 2388 3491 dicta,
2429 3433 2687 3494 quantum
2742 3424 2795 3479 in
2840 3423 2970 3493 ipsis
3017 3431 3121 3487 est,
3154 3422 3208 3477 in
3248 3421 3576 3477 contrariam
3594 3428 3767 3490 partem

2225 3526 2560 3571 convertere.
2592 3514 2703 3584 Ego
2729 3524 2933 3577 tamen,
2963 3522 3099 3569 teste
3120 3512 3473 3577 conscientia,
3499 3510 3679 3565 nullius
3695 3522 3769 3562 eo-

2224 3623 2344 3662 rum
2390 3607 2641 3662 conscius
2681 3621 2832 3671 sum;
2876 3619 2976 3661 nec
3031 3605 3234 3675 aliquid
3278 3604 3344 3659 de
3398 3603 3639 3659 laudabiii
3680 3602 3767 3654 vita

2224 3707 2407 3754 vestra
2434 3697 2517 3753 vel
2547 3698 2749 3753 dixisse
2766 3698 2849 3753 vel
2868 3698 3065 3753 dicenti
3092 3712 3371 3752 assensum
3397 3695 3673 3767 praebuisse
3699 3708 3769 3747 me

2227 3790 2481 3858 memini,
2508 3790 2650 3860 quod
2679 3791 2730 3844 in
2758 3789 3043 3860 prmsentia
3074 3798 3274 3867 vestra,
3316 3789 3362 3844 si
3412 3803 3498 3842 res
3528 3789 3600 3842 ita
3629 3800 3765 3854 expo-

2227 3890 2422 3949 sceret,
2446 3898 2551 3938 non
2576 3890 2759 3953 posset
2782 3897 2902 3937 cum
2928 3881 3078 3951 pacis
3120 3890 3315 3935 vestra:
3337 3881 3623 3935 securitate
3668 3891 3770 3947 pro-

2229 3971 2389 4039 ferri;
2424 3974 2531 4028 imo
2560 3982 2739 4028 vestro
2765 3972 3267 4041 venerabiliumque
3294 3972 3518 4026 Patrum
3562 3967 3769 4037 exemplo

2227 4072 2570 4135 provocatus,
2616 4077 2713 4133 per
2756 4073 2921 4119 totam
2972 4071 3173 4117 terram
3229 4062 3512 4135 Anglicani
3552 4059 3768 4132 pastorali

2228 4156 2548 4211 auctoritate
2569 4154 2819 4226 prohibui
2849 4168 2915 4207 ne
2948 4152 3241 4224 cujuslibet
3287 4153 3496 4208 ordinis
3525 4152 3769 4222 quisquam

2229 4245 2521 4300 canonicos
2538 4259 2760 4299 uxorem
2783 4244 3033 4314 accipiat,
3054 4258 3223 4298 nec...
3248 4253 3431 4311 antea,
3448 4242 3766 4313 sipresbyter.

2229 4346 2322 4391 aut
2350 4336 2611 4393 diaconus
2639 4345 2741 4404 est,
2768 4337 2869 4392 nisi
2900 4335 3186 4407 praebenda
3216 4351 3407 4391 carere
3432 4335 3578 4403 velit,
3596 4332 3762 4387 habere

2230 4428 2455 4483 ulterius
2478 4428 2655 4483 liceat.

2301 4541 2378 4599 De
2409 4542 2669 4608 Roherto,
2697 4555 2856 4611 quem
2898 4539 3213 4595 Pultrellum
3251 4538 3502 4603 vocastis,
3541 4545 3770 4607 quemque

2206 4618 2348 4688 sine
2367 4640 2546 4688 vestra
2576 4631 2788 4686 licentia
2820 4646 2970 4686 mare
2993 4631 3251 4685 transisse
3289 4626 3655 4700 perhibuistis,
3674 4638 3773 4678 cer-

2231 4726 2439 4781 tissime
2469 4723 2519 4779 id
2560 4724 2766 4789 sciatis,
2797 4723 2925 4794 quia
2984 4722 3195 4778 litteras
3216 4730 3401 4777 vestro
3448 4719 3634 4791 sigillo,
3655 4714 3768 4786 quod

2230 4817 2360 4871 mihi
2392 4817 2529 4872 bene
2552 4823 2735 4870 uotum
2761 4823 2864 4881 est,
2895 4814 3136 4885 signatas
3165 4813 3388 4881 detulit;
3421 4814 3474 4869 in
3516 4812 3707 4884 quibus.
3732 4806 3768 4860 si

2228 4920 2369 4959 verae
2394 4903 2985 4976 fuerunt,summOpcre
3007 4919 3092 4958 me
3120 4904 3352 4975 rogastis
3392 4914 3646 4974 quatenus
3668 4910 3767 4951 eum

2230 5011 2356 5051 cum
2385 4996 2594 5051 honore
2619 4995 2971 5065 susciperem,
3002 4995 3144 5067 apud
3187 4993 3440 5050 abbatem
3468 4991 3761 5049 Balduiuum,

2228 5089 2283 5144 in
2349 5099 2609 5159 quantum
2661 5080 2904 5158 pessum,
2929 5082 3026 5157 pro
3065 5086 3387 5143 inﬁrmitate
3440 5087 3522 5144 sui
3563 5081 3762 5153 corpora

2229 5178 2539 5249 adjuvarem
2563 5195 2578 5246 ;
2612 5180 2679 5233 de
2702 5179 2837 5233 meis
2857 5179 3021 5232 etiam
3050 5178 3231 5245 rebus,
3269 5179 3413 5233 sicut
3442 5177 3566 5231 mihi
3606 5186 3764 5243 oppor-

2230 5279 2417 5327 tunum
2439 5278 2604 5335 esset,
2635 5285 2790 5339 opem
2822 5270 3212 5340 impenderem.
3245 5271 3377 5336 Quae
3416 5268 3587 5325 omnia
3638 5278 3765 5319 essc-

2229 5370 2385 5417 ευιυδ
2440 5376 2589 5426 sum;
2640 5376 2763 5414 nam
2822 5377 2920 5432 pro
2959 5376 3144 5416 amore
3192 5370 3374 5416 VCSII‘O
3410 5361 3622 5415 honeste
3664 5368 3765 5408 Clllll

2227 5452 2463 5522 suscepi,
2495 5451 2667 5506 tribus
2688 5452 3009 5521 septimanis
3033 5468 3245 5508 mecum
3262 5451 3449 5518 habui,
3474 5448 3638 5505 abbati
3665 5442 3765 5497 Bal-

2228 5546 2391 5600 duiuo
2423 5544 2676 5614 precibus
2727 5553 2779 5599 et
2801 5545 3251 5613 promissionibus
3279 5541 3651 5601 commendavi.
3675 5536 3764 5590 [le-

2228 5636 2454 5689 vertenti
2483 5635 2622 5688 unde
2652 5635 2828 5689 redire
2859 5645 3041 5703 posset
3091 5636 3344 5692 denarios
3365 5634 3591 5691 oiliciosa
3613 5626 3761 5685 chari-

2231 5735 2337 5779 tate
2369 5725 2625 5793 impendi,
2651 5734 2705 5780 et
2730 5724 2898 5779 miror
2927 5726 3102 5793 valde,
3142 5726 3185 5781 si
3235 5725 3398 5783 falsas
3440 5726 3627 5781 litteras
3660 5729 3767 5788 pot“-
