3864 6304
110 361 202 418 525

111 571 316 629 dendam
347 565 639 625 falsitatem
661 578 815 619 suam
855 563 1057 618 habere
1084 562 1344 632 potuerit.

168 661 234 715 De
262 658 365 713 ﬁde
394 658 467 712 ab
515 655 913 711 archidiaconis
962 654 1128 724 petita
1186 662 1242 709 et
1280 654 1405 708 data
1432 654 1666 709 interro-

106 750 334 824 g‘ntibus
417 746 695 817 episcopis
761 744 1045 813 Bajoceusi
1110 756 1165 799 et
1234 744 1665 809 Constantiensi,

107 846 194 899 hoc
213 849 418 897 tantum
437 838 715 909 respondi,
738 852 826 894 me
860 853 961 894 nec
987 837 1179 908 legisse
1208 836 1313 891 tale
1339 836 1542 907 aliquid
1567 851 1665 893 nec

107 937 321 1001 vidisse;
351 947 454 989 vos
486 941 668 989 tamen
688 930 1009 1003 prudentem
1041 930 1218 985 virum
1250 943 1389 995 esse,
1428 937 1485 985 et
1532 938 1667 984 stre-

106 1042 195 1083 nue
214 1025 349 1082 scire
376 1023 515 1095 quid
551 1022 742 1094 agatis,
765 1020 895 1093 quid
916 1021 1347 1092 omittatis,quid
1371 1020 1662 1093 agendum,

107 1120 215 1190 quid
243 1116 602 1173 omittendum
635 1113 923 1171 censeatis.

164 1212 230 1265 De
250 1209 479 1280 negotiis
501 1206 701 1263 vestris
715 1222 843 1262 eum
889 1206 1109 1262 domino
1131 1215 1314 1263 nostro
1334 1220 1482 1277 rege,
1506 1213 1666 1277 prout

103 1300 261 1356 decuit
279 1307 334 1354 et
351 1297 621 1367 oportuit,
650 1298 863 1353 noviter
886 1312 1007 1351 sum
1033 1296 1276 1363 locutus;
1311 1306 1368 1352 et
1390 1305 1539 1366 puto,
1566 1311 1662 1366 per

104 1389 508 1447 niserieordiam
558 1389 697 1455 Dei,
749 1389 877 1458 quia
924 1388 1302 1444 mordentibus
1344 1388 1511 1443 vitam
1575 1402 1666 1442 ve-

104 1491 252 1537 stram
293 1494 453 1535 aures
498 1479 837 1539 excellentiae
885 1493 997 1534 suae
1048 1493 1153 1532 non
1183 1487 1269 1533 est
1316 1477 1457 1533 ultra
1504 1476 1683 1533 facile.

108 1572 426 1641 prabiturus.
454 1570 814 1642 Omnipotens
841 1571 1102 1626 Dominus
1124 1571 1290 1625 vitam
1322 1578 1561 1627 vestram
1591 1571 1661 1626 ad

104 1664 332 1720 honorem
350 1672 559 1720 sanctae
581 1663 837 1721 Ecclesia
857 1678 968 1720 suae
989 1663 1471 1721 iucontaminatam
1483 1673 1665 1721 custo-

102 1758 213 1813 diat.

577 1847 913 1906 EPISTOLA
970 1848 1156 1906 XVIII.

453 1956 529 1996 ΔΙ)
583 1955 859 1997 οωειιιηωι
911 1954 1265 1996 Ακτιετιτεει.

106 2030 232 2098 Quod
262 2032 591 2104 Balduinum
642 2033 883 2104 abbatem
942 2049 1117 2087 secum
1168 2033 1416 2098 detineat,
1459 2032 1663 2104 quomi-

161 2122 246 2158 nus
304 2102 568 2160 llic/tardi
635 2103 831 2173 placito
902 2105 1087 2157 adesse
1152 2113 1340 2172 queat;
1416 2102 1661 2158 excusari

160 2176 357 2242 proinde
381 2176 563 2241 illum,
604 2185 653 2229 et
684 2190 904 2229 causam
929 2174 1138 2244 differri
1159 2183 1332 2245 rogat.

160 2269 491 2326 Lsnrnsncus
526 2269 781 2340 indiguus
806 2268 1056 2336 antistes,
1080 2267 1328 2325 Osusnno
1354 2266 1518 2339 digno
1568 2280 1663 2321 an-

105 2361 257 2429 tistiti,
275 2360 502 2419 salutem
539 2375 663 2416 cum
696 2361 1057 2417 orationibus.

160 2452 302 2524 311
333 2453 412 2507 Ad
442 2451 791 2508 Fracheuam
820 2451 999 2507 villam
1028 2460 1295 2517 nostram,
1324 2465 1446 2521 qum
1481 2464 1667 2507 cuino-

110 2544 180 2599 bio
202 2544 359 2600 sancti
382 2543 623 2599 Emundi
650 2543 899 2614 proxima
945 2552 1051 2607 est,
1082 2542 1227 2609 veni,
1258 2543 1313 2598 in
1357 2557 1487 2613 qua,
1538 2555 1665 2612 rege

110 2634 437 2707 praecipiente,
484 2643 551 2689 et
597 2634 844 2704 corporis
888 2634 995 2689 mei
1052 2633 1369 2689 inﬁrmitate
1413 2644 1661 2704 urgente,

109 2725 310 2796 aliquam
348 2727 606 2798 accipere
642 2726 969 2782 medicinam
1005 2726 1267 2798 disposui.
1302 2726 1409 2782 Pro
1442 2740 1558 2796 qua
1606 2740 1666 2783 re

112 2820 323 2876 abbatem
350 2819 678 2877 Balduinum
707 2820 944 2886 detineo,
974 2820 1063 2875 cui
1095 2835 1191 2875 rex
1221 2819 1477 2875 curanda:
1501 2818 1665 2888 hujus

110 2913 405 2982 egritudinis
445 2926 644 2969 curam
682 2926 781 2969 suo
814 2927 913 2967 ore
941 2910 1194 2981 iniunxit,
1223 2911 1315 2981 qui
1351 2918 1541 2967 contra
1569 2909 1665 2965 Bi-

110 3005 335 3060 chardmn
360 3005 428 3061 ad
455 3006 608 3062 hunc
632 3012 963 3061 conventum
987 3004 1054 3059 de
1079 3004 1404 3075 quibusdam
1428 3002 1665 3074 querelis

112 3094 329 3164 placitum
354 3096 603 3168 accepit;
638 3096 754 3163 sed,
781 3095 978 3152 abbate
1000 3096 1140 3165 apud
1166 3109 1263 3151 vos
1288 3103 1343 3149 et
1368 3096 1509 3165 apud
1536 3109 1661 3149 eum

114 3186 167 3241 de
189 3186 279 3242 hoc
304 3187 494 3244 itinere
529 3194 811 3253 excusato,
843 3199 1061 3242 causam
1092 3186 1263 3257 ipsam
1293 3184 1515 3240 dilatam
1544 3200 1665 3241 esse
1692 3174 1738 3241 C

116 3292 222 3348 rogo
240 3286 292 3333 et
313 3280 453 3346 volo,
481 3279 840 3350 quoadusque
868 3278 922 3333 in
951 3293 1116 3333 unum
1142 3277 1266 3351 [al.,
1289 3276 1397 3333 alio
1428 3285 1669 3347 tempore

117 3367 159 3421 in
183 3369 349 3445 unum]
379 3370 797 3437 conveniamus,
823 3377 878 3425 et
904 3368 1021 3439 pari
1052 3368 1233 3424 studio
1260 3369 1465 3440 pariter
1494 3367 1668 3439 ipsum

119 3462 353 3530 negotium
399 3464 528 3519 sine
576 3461 760 3532 aliquo
800 3460 1038 3531 partium
1092 3459 1278 3515 favore
1324 3458 1666 3515 definiamus.

116 3547 430 3623 Omnipotens
466 3554 733 3609 Dominus
768 3567 865 3609 vos
890 3552 1212 3619 benedicat,
1239 3561 1295 3608 et
1328 3552 1382 3607 in
1418 3552 1669 3609 omnibus

121 3645 288 3702 vestris
310 3646 543 3720 negotiis
567 3653 854 3717 promptus
881 3644 1174 3701 auxiliator
1201 3643 1439 3701 assistat.

616 3756 955 3815 EPISTOLA
994 3756 1135 3813 XIX.

462 3869 538 3909 AD
568 3865 884 3909 DBRFAS'I‘UI
921 3865 1300 3909 αοενιδεοιιυκ.

127 3961 183 4019 Ut
218 3967 414 4024 clericos
455 3968 715 4024 Balduini
767 3968 969 4023 abbatis
1017 3968 1082 4021 ab
1136 3968 1672 4023 excommumcalione

181 4038 414 4164 :bsbluzt,
455 4040 635 4111 quoad
681 4041 791 4111 ipse
840 4048 1062 4111 utraque
1106 4048 1255 4110 parte
1300 4040 1487 4093 audita
1529 4037 1672 4094 litem

214 4124 353 4164 mnta
376 4149 393 4163 .

214 4124 393 4165 ιηιιαι.

184 4216 513 4280 ιιιπιιλκευε
570 4223 1032 4295 archiepiscopus,
1086 4217 1347 4280 confratri
1394 4231 1450 4280 et
1497 4224 1674 4295 coepi-

130 4320 263 4379 scopo
287 4311 588 4378 llsnns'ro,
619 4314 867 4370 salutem.

188 4400 469 4463 Meminisse
515 4407 677 4462 debet
718 4407 960 4463 charitas
993 4417 1173 4464 vestra
1214 4409 1339 4479 quia
1389 4425 1514 4474 rex,
1544 4410 1670 4464 dum

1554 342 1932 403 EPISTOLEI.

111 479 253 544 rexit,
276 487 513 547 quonam
548 468 701 528 modo
729 468 862 526 tanti
906 469 1008 527 ‘viri
1041 468 1277 539 sigillum
1318 468 1391 525 ad
1439 482 1661 540 persua-
1692 474 1737 531 Α

2259 503 2263 507 -
2297 464 2631 523 EPISTOIA
2691 466 2787 523 XX

2021 574 2268 617 cnsaonn
2304 575 2380 614 vn
2421 576 2569 614 nam
2613 575 2678 615 sn
2714 556 3080 615 asurnsncuu.

1769 648 1836 703 Ut
1858 649 1898 701 Α
1908 649 2128 718 rfastum
2150 651 2446 720 episcopum
2461 652 2795 721 comprimat,
2819 666 2881 704 ne
2893 649 3156 704 Baldnino
3169 650 3346 704 abbm‘s

1839 721 2087 775 molestus
2122 722 2211 786 sit,
2254 737 2525 792 regemque
2555 731 2665 774 oret
2696 737 2758 792 ne
2786 721 2865 773 illi
2902 721 3064 789 faciat
3080 737 3105 792 ;_
3123 722 3265 790 quod
3300 724 3346 773 si

1837 791 2218 858 contempserit,
2248 790 2318 844 ad
2342 790 2513 845 sedem
2534 790 2878 859 apostolicam
2907 805 3027 844 cum
3053 790 3237 845 abbate
3259 808 3343 845 ue-

1837 860 1950 915 ru‘at
1979 861 2049 914 ad
2071 864 2421 915 contentiones
2442 861 2788 918 dirimendas.

1837 951 2150 1009 GBEGOIIUS
2182 952 2492 1023 episcopus,
2521 946 2713 1008 servus
2751 966 3031 1007 servorum
3060 951 3180 1016 Dei,
3207 951 3349 1007 Lu-

1766 1060 1973 1102 rassco
1999 1045 2413 1103 Cantuariorum
2443 1043 2853 1117 archiepiscopo
2881 1042 3111 1100 salutem
3137 1054 3193 1100 ct
3222 1059 3349 1113 apo-

1767 1135 2013 1191 stolicam
2041 1135 2496 1193 benedictionem.

1838 1226 1955 1282 Non
2003 1227 2227 1283 minima
2266 1225 2629 1283 admiratione
2676 1226 2896 1298 dignum
2941 1225 3210 1294 ducimus,
3237 1235 3348 1281 etc.

1768 1320 1957 1376 Exstat
2014 1323 2153 1377 inter
2214 1320 2461 1393 epistolas
2518 1320 2782 1390 Gregorii,
2846 1316 3166 1389 Patmlogia:
3219 1328 3347 1374 tom.

1768 1409 2078 1470 CXLVIII.

2200 1500 2363 1573 312
2401 1499 2735 1557 EPISTOLA
2775 1499 2914 1557 xm.

1976 1609 2270 1650 LANFRANCI
2300 1610 2368 1648 AD
2405 1610 2718 1649 nenrasruu
2754 1608 3137 1651 COEPISCOPUI.

1769 1709 1886 1776 Quo
1909 1718 2061 1779 pacto
2109 1726 2237 1780 erga
2276 1726 2395 1764 eum
2432 1726 2612 1780 gerere
2650 1724 2704 1763 se
2753 1709 2936 1764 debeat
2974 1727 3152 1780 quem,
3188 1709 3353 1764 nullis

1837 1780 2009 1834 adhuc
2048 1778 2318 1862 ordinibus
2354 1778 2707 1847 initiatnm,et
2739 1778 3018 1834 ua‘oratnin
3077 1781 3145 1834 ad
3176 1781 3358 1834 diaco-

1836 1860 2016 1904 natum
2049 1860 2159 1921 ψεε
2186 1863 2535 1919 promoverat.

1832 1936 2206 2007 Lsnrntucus‘,
2247 1939 2420 2010 gratia
2443 1937 2571 2003 Dei,
2622 1955 2727 1995 non
2771 1941 2885 1996 suis
2927 1940 3137 1996 meritis
3179 1941 3358 1995 archi—

1763 2032 2073 2103 episcopus,
2121 2030 2383 2087 coufratri
2428 2039 2484 2085 et
2526 2031 2851 2101 coepiscopo
2909 2031 3216 2096 lianrasro,
3265 2046 3355 2086 sa-

1765 2124 1958 2181 lutem.

1834 2218 2076 2273 Clericus
2121 2216 2225 2273 iste
2267 2216 2481 2273 noviter
2528 2216 2596 2271 ad
2644 2230 2731 2271 me
2770 2215 2945 2280 venit,
2980 2229 3205 2269 causam
3244 2230 3357 2268 sum

1763 2304 2100 2363 infelicitatis
2132 2306 2265 2362 mihi
2292 2308 2446 2373 dixit,
2473 2305 2675 2362 dictam
2707 2305 3019 2361 testimonio
3048 2313 3357 2360 vestrarum

1759 2398 2073 2454 litterarum
2105 2410 2293 2451 veram
2322 2411 2444 2452 esse
2467 2395 2720 2463 asseruit,
2748 2403 2980 2452 testatus
3004 2403 3088 2452 est
3114 2410 3173 2452 se
3210 2396 3361 2452 inor-

1764 2485 1946 2541 dinate
1980 2482 2323 2547 ordinatum;
2360 2480 2611 2536 videlicet
2639 2494 2763 2535 cum
2797 2478 2998 2535 nullius
3030 2488 3176 2536 esset
3203 2479 3360 2536 ordi-

1763 2577 1868 2643 nis,
1902 2591 1932 2629 a
1957 2572 2301 2628 fraternitate
2326 2580 2508 2627 vestra
2536 2569 2739 2627 factum
2769 2583 2892 2625 esse
2918 2569 3237 2627 diaconum:
3271 2566 3358 2626 in-

1765 2674 2076 2737 terrogatus
2130 2680 2161 2720 a
2207 2679 2295 2721 me
2340 2664 2387 2720 si
2439 2678 2664 2719 uxorem
2716 2662 2946 2720 haberet
2975 2703 2991 2730 ,
3033 2680 3257 2721 uxorem
3299 2680 3361 2720 se

1763 2759 1987 2825 habere,
2013 2773 2115 2814 nec
2143 2772 2264 2813 eam
2303 2770 2362 2813 se
2383 2755 2526 2813 velle
2566 2755 2842 2811 dimittere
2879 2758 3179 2827 respondit.
3227 2757 3361 2812 Pro-

1764 2858 1953 2922 pterea
1986 2849 2083 2904 tali
2121 2856 2281 2920 pacto
2326 2846 2719 2904 consulendum
2760 2846 2813 2902 ei
2849 2846 3032 2902 divina
3061 2846 3227 2925 fultus
3256 2863 3356 2903 au-

1765 2939 2017 2995 ctoritate
2060 2939 2293 2994 decerno
2318 2955 2332 2993 :
2358 2936 2717 2992 Diaconatum
2757 2936 2806 2993 ei
2842 2937 3076 3005 auferte,
3107 2939 3175 2995 ad
3203 2948 3359 2994 caete-

1766 3042 1858 3084 ros
1893 3028 2133 3083 minores
2169 3028 2393 3083 ordines
2433 3028 2689 3099 congruis
2715 3044 2839 3083 eum
2870 3030 3206 3100 temporibus
3235 3047 3361 3101 pro—

1765 3130 1998 3176 movete.
2025 3119 2352 3175 Diaconatus
2377 3132 2507 3174 vero
2532 3118 2776 3174 ordinem
2802 3104 3078 3191 nunquam
3109 3123 3357 3194 recipiat,

1774 3211 1876 3267 nisi
1906 3219 2055 3267 caste
2082 3210 2259 3276 vivat,
2302 3209 2407 3264 nisi
2446 3209 2514 3265 de
2554 3208 2767 3281 reliquo
2808 3222 2867 3267 se
2902 3220 3050 3267 caste
3090 3212 3360 3269 victurum

1773 3302 2037 3360 canonica
2086 3300 2434 3357 attestatione
2476 3303 2780 3373 promittat.
2828 3302 2886 3358 Si
2930 3317 3063 3360 vero
3110 3305 3359 3361 caelibem

1775 3394 1939 3449 vitam
1981 3393 2173 3464 egerit,
2211 3400 2265 3448 et
2292 3400 2540 3447 acturum
2585 3408 2645 3448 se
2673 3392 2820 3448 omni
2855 3403 3098 3465 tempore
3136 3411 3363 3467 respon«

1773 3486 1901 3543 dere
1934 3486 2185 3549 voluerit,
2223 3501 2328 3539 non
2365 3486 2583 3555 quidem
2626 3498 2749 3541 eum
2789 3488 2855 3540 ad
2898 3489 3147 3543 ordinem
3180 3489 3365 3545 diaco-

1774 3588 1935 3632 natus
1982 3576 2179 3631 iterum
2228 3574 2579 3640 ordinabitis,
2626 3576 2721 3631 sed
2772 3576 2947 3646 ipsum
2987 3576 3220 3632 cilicium
3265 3593 3363 3649 per

1774 3677 1983 3723 textum
2016 3666 2189 3723 sancti
2222 3665 2501 3738 Evangelii
2558 3665 2643 3721 vel
2679 3668 2733 3722 in
2769 3668 2977 3739 synodo
3029 3667 3110 3725 vel
3145 3669 3199 3725 in
3227 3670 3366 3725 mul-

1773 3770 1951 3839 torum
1981 3758 2301 3816 clericorum
2338 3765 2606 3813 conventu
2638 3758 2896 3816 reddetis.

2301 3848 2637 3907 EPISTOLA
2676 3848 2842 3906 XXII.

2403 3960 2471 4001 AD
2508 3956 2751 4000 EUMDEI.

1775 4057 1852 4113 De
1879 4058 2183 4129 paenitentia
2222 4056 2401 4113 clerici
2440 4057 2531 4128 qui
2573 4057 2863 4112 sacerdotis
2892 4057 3127 4113 ordinem
3168 4061 3369 4115 inordi-

2307 4137 2428 4183 nate
2453 4138 2829 4198 assumpserat.

1848 4216 2210 4277 Dilectissimo
2241 4216 2396 4272 fratri
2429 4224 2483 4271 et
2509 4217 2829 4286 coepiscopo
2870 4214 3177 4281 lienrasro,
3222 4217 3366 4273 LAN-

1774 4322 2013 4364 rnmcus
2060 4308 2312 4379 indignus
2363 4307 2626 4373 antistes,
2684 4305 2913 4361 salutem
2965 4317 3020 4363 et
3066 4307 3364 4365 amicitiam

1775 4412 1898 4475 cum
1935 4396 2291 4453 orationibus.

132 4492 370 4552 vobiscum
397 4497 566 4565 esset,
593 4501 852 4572 prmcepit
897 4510 957 4556 ut
990 4502 1328 4572 querimonia
1359 4502 1426 4557 de
1460 4502 1668 4558 clericis

1848 4495 1922 4551 De
1973 4494 2173 4551 clerico
2222 4508 2382 4565 quem
2435 4495 2503 4550 ad
2551 4509 2651 4552 nos
2730 4495 2991 4563 misistis,
3047 4503 3364 4551 sanctarum

134 4581 308 4641 abbatis
334 4588 605 4655 Balduini,
647 4606 768 4660 qua:
812 4590 954 4646 inter
982 4606 1078 4647 vos
1116 4600 1171 4647 et
1207 4592 1378 4663 ipsum
1419 4591 1670 4647 abbatem

135 4676 435 4747 versabatur,
477 4681 652 4750 sopita
698 4690 1018 4744 remaneret,
1068 4684 1418 4753 quoadusque
1449 4683 1677 4753 ipsemet

137 4759 276 4831 ipsam
301 4782 515 4825 causam
547 4770 778 4836 audiret,
806 4771 886 4826 vel
918 4787 948 4825 a
985 4786 1093 4838 me,
1123 4773 1168 4826 si
1200 4772 1458 4841 temporis
1484 4787 1676 4843 oppor-

136 4854 304 4912 tunitas
327 4859 402 4915 sic
431 4869 770 4931 suggereret,
819 4862 991 4917 audiri
1024 4863 1360 4933 prmcipcret.
1391 4863 1498 4918 Sed
1525 4863 1673 4933 quia,

136 4944 412 5019 Priusquam
458 4952 513 5007 id
565 4953 736 5018 fieret,
785 4967 935 5009 mare
975 4954 1243 5020 transivit,
1292 4954 1413 5009 volo
1451 4963 1505 5009 et
1547 4969 1676 5026 rogo

138 5045 364 5101 quatenus
400 5044 688 5113 praedictos
727 5043 976 5109 clericos,
1020 5060 1156 5115 quos
1200 5060 1230 5100 a
1265 5045 1419 5101 vobis
1455 5060 1675 5102 excom-

139 5127 403 5188 municauis
427 5133 618 5201 didici,
650 5133 971 5202 absolvatis,
998 5144 1053 5190 et
1080 5136 1294 5206 quietos
1319 5137 1387 5193 ab
1416 5139 1561 5193 omni
1594 5137 1677 5193 in-

146 5217 353 5275 vectioue
399 5232 559 5294 atque
611 5226 897 5281 exactione
948 5226 1014 5281 ad
1065 5241 1302 5296 praesens
1358 5228 1674 5295 dimittatis;

141 5312 242 5370 Ροεί
279 5322 467 5377 paucos
501 5316 702 5370 etenim
742 5316 859 5371 dies
897 5316 963 5371 ad
1000 5326 1181 5387 partes
1216 5328 1426 5375 vestras
1464 5322 1675 5376 venturi

144 5406 318 5468 sumus,
346 5412 399 5458 et
422 5407 697 5479 utriusque
721 5409 893 5478 partis
923 5411 1249 5467 assertiones
1274 5412 1517 5483 diligenti
1549 5429 1678 5470 cura

143 5487 406 5559 audiemus,
440 5509 493 5552 et
524 5506 631 5553 tam
665 5499 873 5570 prolixe
896 5501 1270 5572 querimoniae,
1318 5504 1371 5560 in
1414 5514 1676 5574 quantum

146 5574 269 5671 illita
297 5581 537 5647 ﬁdelitate
577 5592 721 5663 regis
767 5592 883 5650 ﬁeri
913 5597 1134 5666 poterit,
1175 5595 1332 5654 linem
1377 5595 1677 5668 legitimum

145 5676 461 5740 I"monemus.

1778 4587 2183 4659 Scripturarum
2230 4587 2540 4644 testimonio
2575 4590 2679 4645 hoc
2718 4589 3006 4656 sentimus,
3037 4588 3141 4646 hoc
3180 4599 3368 4645 tenen-

1779 4681 1907 4735 dum
1957 4679 2303 4736 decernimus
2348 4696 2361 4732 :
2410 4679 2791 4735 Pcnnitentiam
2838 4680 3034 4751 prolixi
3084 4674 3383 4751 temporis,

1778 4770 2137 4828 consideratis
2167 4771 2285 4841 cjus
2323 4770 2556 4836 viribus,
2580 4786 2701 4841 pro
2731 4770 2961 4828 arbitrio
2989 4781 3169 4827 vestro
3198 4773 3246 4827 ei
3284 4772 3370 4827 in—

1774 4861 2015 4933 jungite;
2061 4862 2348 4918 sacerdotii
2394 4862 2662 4927 ordinem,
2712 4863 2855 4932 quad
2901 4863 3207 4921 inordinate
3278 4880 3367 4920 as-

1783 4952 2033 5026 sumpsit,
2063 4953 2112 5009 ei
2144 4951 2370 5017 auferte,
2412 4968 2443 5008 a
2473 4954 2688 5009 emaci-is
2724 4955 3007 5011 ordinibus
3046 4970 3259 5012 cessare
3272 4956 3366 5018 iu-

1778 5043 1946 5108 bete;
1979 5042 2103 5112 quia
2154 5042 2210 5096 iu
2260 5042 2432 5097 sacr?s
2477 5043 2776 5099 canonibus
2824 5044 3082 5113 scriptum
3113 5054 3231 5100 est:
3261 5038 3369 5110 Qui

1780 5134 1955 5189 aliena
2000 5133 2220 5199 inuadit,
2256 5151 2358 5188 non
2394 5135 2552 5188 exibit
2608 5118 2956 5205 impunitus:
2987 5136 3052 5192 Et
3090 5136 3199 5192 Leo
3225 5151 3366 5209 papa

1783 5225 1850 5280 ad
1876 5223 2241 5279 Martialium:
2282 5243 2299 5275 ι
2338 5210 2562 5294 Propria
2598 5225 2797 5295 perdit,
2840 5225 2931 5295 qui
2976 5226 3211 5281 indebita
3238 5210 3369 5283 cou-

1784 5314 2038 5387 cupiscit.
2073 5334 2092 5368 ι
2142 5313 2422 5387 Sylverius
2450 5314 2518 5368 ad
2549 5315 2829 5385 Virgilium
2858 5315 3361 5385 pricvaricatorem:
3398 5360 3403 5364 »

1791 5425 1810 5459 ε
1846 5406 1937 5462 Sic
1962 5406 2107 5462 enim
2138 5406 2293 5463 decet
2320 5407 2480 5462 ﬁdem
2510 5414 2825 5461 sanctorum
2848 5405 3067 5460 Patrum
3100 5406 3151 5459 in
3183 5405 3367 5463 Eccle-

1785 5500 1864 5555 sia
1897 5500 2105 5554 servari
2136 5500 2403 5555 catholica
2434 5508 2600 5568 utque
2642 5498 2787 5569 quod
2817 5498 3006 5553 habuit
3034 5500 3247 5555 amittat
3273 5502 3366 5572 qui

1786 5591 2127 5663 improbabili
2204 5592 2510 5647 temeritate
2550 5590 2695 5662 quod
2739 5604 2846 5645 non
2896 5582 3106 5663 aecepit
3157 5608 3366 5649 assum-

1785 5688 1971 5758 pscril.
2008 5706 2028 5740 ι
2063 5687 2217 5755 Quod
2260 5690 2306 5743 si
2352 5687 2491 5743 infra
2533 5688 2866 5760 paenitentia:
2919 5696 3152 5759 tempus,
3184 5686 3366 5745 carnis

1785 5779 2107 5835 munditiam
2146 5779 2306 5851 digne
2349 5780 2671 5850 servaverit,
2713 5789 3145 5846 cacterarumque
3185 5778 3360 5836 bona—

3236 344 3418 400 528-
