  <div class='ocr_page' id='page_1' title='image "/cluster/home/n/w/nwhite01/storage/ocr_20150623/150/hvd.32044015473788/267.png"; bbox 0 0 3864 6304; ppageno 0'>
   <div class='ocr_carea' id='block_1_1' title="bbox 565 318 670 373">
    <p class='ocr_par' dir='ltr' id='par_1_1' title="bbox 565 318 670 373">
     <span class='ocr_line' id='line_1_1' title="bbox 565 318 670 373; baseline 0 -1"><span class='ocrx_word' id='word_1_1' title='bbox 565 318 670 373; x_wconf 72' lang='grc'><strong>527</strong></span> 
     </span>
    </p>
   </div>
   <div class='ocr_carea' id='block_1_2' title="bbox 1588 274 2132 399">
    <p class='ocr_par' dir='ltr' id='par_1_2' title="bbox 1588 274 2132 376">
     <span class='ocr_line' id='line_1_2' title="bbox 1588 274 2132 376; baseline 0.006 -3"><span class='ocrx_word' id='word_1_2' title='bbox 1588 318 1648 373; x_wconf 86' lang='grc' dir='ltr'>Β.</span> <span class='ocrx_word' id='word_1_3' title='bbox 1688 274 2076 376; x_wconf 48' lang='grc' dir='ltr'><strong>ΙΑΑΝΡΒΑΝέΙ</strong></span> <span class='ocrx_word' id='word_1_4' title='bbox 2105 320 2132 376; x_wconf 77' lang='grc' dir='ltr'><strong>ί</strong></span> 
     </span>
    </p>
   </div>
   <div class='ocr_carea' id='block_1_3' title="bbox 2231 274 3738 399">
    <p class='ocr_par' dir='ltr' id='par_1_3' title="bbox 2231 320 3738 399">
     <span class='ocr_line' id='line_1_3' title="bbox 2231 320 3738 399; baseline 0.009 -24"><span class='ocrx_word' id='word_1_5' title='bbox 2231 320 2453 378; x_wconf 66' lang='grc' dir='ltr'><strong>ιΤυΑΙι.</strong></span> <span class='ocrx_word' id='word_1_6' title='bbox 2487 323 2809 380; x_wconf 78' lang='lat' dir='ltr'><strong>ARClliEP.</strong></span> <span class='ocrx_word' id='word_1_7' title='bbox 3667 340 3738 399; x_wconf 58' lang='grc' dir='ltr'><strong>ωε</strong></span> 
     </span>
    </p>
   </div>
   <div class='ocr_carea' id='block_1_4' title="bbox 566 430 3739 511">
    <p class='ocr_par' dir='ltr' id='par_1_4' title="bbox 566 430 3739 511">
     <span class='ocr_line' id='line_1_4' title="bbox 566 430 3739 511; baseline 0.007 -27"><span class='ocrx_word' id='word_1_8' title='bbox 566 446 686 485; x_wconf 87' lang='lat' dir='ltr'><strong>rum</strong></span> <span class='ocrx_word' id='word_1_9' title='bbox 716 430 988 491; x_wconf 81' lang='lat' dir='ltr'><strong>actionum</strong></span> <span class='ocrx_word' id='word_1_10' title='bbox 1025 430 1290 489; x_wconf 79' lang='lat' dir='ltr'><strong>sollicitus</strong></span> <span class='ocrx_word' id='word_1_11' title='bbox 1316 432 1955 503; x_wconf 79' lang='lat' dir='ltr'><strong>observatorexstiterit,</strong></span> <span class='ocrx_word' id='word_1_12' title='bbox 1982 433 2142 487; x_wconf 89' lang='lat' dir='ltr'><strong>mise-</strong></span> <span class='ocrx_word' id='word_1_13' title='bbox 2169 440 2209 499; x_wconf 80' lang='grc' dir='ltr'><strong>Λ</strong></span> <span class='ocrx_word' id='word_1_14' title='bbox 2243 435 2459 504; x_wconf 79' lang='lat' dir='ltr'><strong>scriptis</strong></span> <span class='ocrx_word' id='word_1_15' title='bbox 2485 452 2644 505; x_wconf 86' lang='lat' dir='ltr'><strong>quam</strong></span> <span class='ocrx_word' id='word_1_16' title='bbox 2673 440 2724 494; x_wconf 89' lang='lat' dir='ltr'><strong>in</strong></span> <span class='ocrx_word' id='word_1_17' title='bbox 2751 440 2873 498; x_wconf 83' lang='lat' dir='ltr'><strong>aliis</strong></span> <span class='ocrx_word' id='word_1_18' title='bbox 2892 442 3314 500; x_wconf 79' lang='lat' dir='ltr'><strong>orthodoxorum</strong></span> <span class='ocrx_word' id='word_1_19' title='bbox 3345 446 3549 504; x_wconf 82' lang='lat' dir='ltr'><strong>Patrtun</strong></span> <span class='ocrx_word' id='word_1_20' title='bbox 3568 454 3739 511; x_wconf 79' lang='lat' dir='ltr'><strong>authea~</strong></span> 
     </span>
    </p>
   </div>
   <div class='ocr_carea' id='block_1_5' title="bbox 520 520 2139 591">
    <p class='ocr_par' dir='ltr' id='par_1_5' title="bbox 520 520 2139 591">
     <span class='ocr_line' id='line_1_5' title="bbox 520 520 2139 591; baseline 0.003 -17"><span class='ocrx_word' id='word_1_21' title='bbox 520 546 523 549; x_wconf 52' lang='grc'><strong>&lt;</strong></span> <span class='ocrx_word' id='word_1_22' title='bbox 566 530 723 575; x_wconf 88' lang='lat' dir='ltr'><strong>rante</strong></span> <span class='ocrx_word' id='word_1_23' title='bbox 764 521 905 589; x_wconf 86' lang='lat' dir='ltr'><strong>Deo,</strong></span> <span class='ocrx_word' id='word_1_24' title='bbox 952 520 1105 591; x_wconf 86' lang='lat' dir='ltr'><strong>cujus</strong></span> <span class='ocrx_word' id='word_1_25' title='bbox 1155 522 1542 580; x_wconf 74' lang='lat' dir='ltr'><strong>misericordia:</strong></span> <span class='ocrx_word' id='word_1_26' title='bbox 1586 538 1692 579; x_wconf 91' lang='lat' dir='ltr'><strong>non</strong></span> <span class='ocrx_word' id='word_1_27' title='bbox 1736 533 1818 580; x_wconf 90' lang='lat' dir='ltr'><strong>est</strong></span> <span class='ocrx_word' id='word_1_28' title='bbox 1857 539 2139 588; x_wconf 90' lang='lat' dir='ltr'><strong>numerus,</strong></span> 
     </span>
    </p>
   </div>
   <div class='ocr_carea' id='block_1_6' title="bbox 564 612 2139 687">
    <p class='ocr_par' dir='ltr' id='par_1_6' title="bbox 564 612 2139 687">
     <span class='ocr_line' id='line_1_6' title="bbox 564 612 2139 687; baseline 0.003 -22"><span class='ocrx_word' id='word_1_29' title='bbox 564 612 897 681; x_wconf 75' lang='lat' dir='ltr'><strong>experientia</strong></span> <span class='ocrx_word' id='word_1_30' title='bbox 931 624 1110 669; x_wconf 87' lang='lat' dir='ltr'><strong>vestra</strong></span> <span class='ocrx_word' id='word_1_31' title='bbox 1141 614 1526 687; x_wconf 78' lang='lat' dir='ltr'><strong>indulgentiam</strong></span> <span class='ocrx_word' id='word_1_32' title='bbox 1558 616 1607 670; x_wconf 92' lang='lat' dir='ltr'><strong>ei</strong></span> <span class='ocrx_word' id='word_1_33' title='bbox 1632 623 1891 685; x_wconf 67' lang='lat' dir='ltr'><strong>praestare</strong></span> <span class='ocrx_word' id='word_1_34' title='bbox 1922 616 2139 682; x_wconf 83' lang='lat' dir='ltr'><strong>valebit,</strong></span> 
     </span>
    </p>
   </div>
   <div class='ocr_carea' id='block_1_7' title="bbox 563 702 2143 776">
    <p class='ocr_par' dir='ltr' id='par_1_7' title="bbox 563 702 2143 776">
     <span class='ocr_line' id='line_1_7' title="bbox 563 702 2143 776; baseline 0.004 -22"><span class='ocrx_word' id='word_1_35' title='bbox 563 711 646 766; x_wconf 90' lang='lat' dir='ltr'><strong>ut,</strong></span> <span class='ocrx_word' id='word_1_36' title='bbox 676 702 822 757; x_wconf 83' lang='lat' dir='ltr'><strong>sicut</strong></span> <span class='ocrx_word' id='word_1_37' title='bbox 855 703 1047 759; x_wconf 86' lang='lat' dir='ltr'><strong>beatus</strong></span> <span class='ocrx_word' id='word_1_38' title='bbox 1100 703 1397 776; x_wconf 80' lang='lat' dir='ltr'><strong>Gregorius</strong></span> <span class='ocrx_word' id='word_1_39' title='bbox 1440 712 1495 760; x_wconf 89' lang='lat' dir='ltr'><strong>et</strong></span> <span class='ocrx_word' id='word_1_40' title='bbox 1524 704 1781 775; x_wconf 71' lang='lat' dir='ltr'><strong>praefatus</strong></span> <span class='ocrx_word' id='word_1_41' title='bbox 1811 704 1918 759; x_wconf 87' lang='lat' dir='ltr'><strong>Leo</strong></span> <span class='ocrx_word' id='word_1_42' title='bbox 1965 705 2017 760; x_wconf 90' lang='lat' dir='ltr'><strong>in</strong></span> <span class='ocrx_word' id='word_1_43' title='bbox 2051 706 2143 761; x_wconf 92' lang='lat' dir='ltr'><strong>de-</strong></span> 
     </span>
    </p>
   </div>
   <div class='ocr_carea' id='block_1_8' title="bbox 569 792 2142 866">
    <p class='ocr_par' dir='ltr' id='par_1_8' title="bbox 569 792 2142 866">
     <span class='ocr_line' id='line_1_8' title="bbox 569 792 2142 866; baseline 0.004 -23"><span class='ocrx_word' id='word_1_44' title='bbox 569 792 736 846; x_wconf 78' lang='lat' dir='ltr'><strong>cretis</strong></span> <span class='ocrx_word' id='word_1_45' title='bbox 784 792 899 848; x_wconf 92' lang='lat' dir='ltr'><strong>suis</strong></span> <span class='ocrx_word' id='word_1_46' title='bbox 942 794 1286 849; x_wconf 87' lang='lat' dir='ltr'><strong>concorditer</strong></span> <span class='ocrx_word' id='word_1_47' title='bbox 1330 794 1536 857; x_wconf 85' lang='lat' dir='ltr'><strong>dicunt,</strong></span> <span class='ocrx_word' id='word_1_48' title='bbox 1582 796 1625 850; x_wconf 89' lang='lat' dir='ltr'><strong>si</strong></span> <span class='ocrx_word' id='word_1_49' title='bbox 1669 795 1982 864; x_wconf 86' lang='lat' dir='ltr'><strong>poenitentia</strong></span> <span class='ocrx_word' id='word_1_50' title='bbox 2028 795 2142 866; x_wconf 83' lang='lat' dir='ltr'><strong>ejus</strong></span> 
     </span>
    </p>
   </div>
   <div class='ocr_carea' id='block_1_9' title="bbox 571 880 1572 953">
    <p class='ocr_par' dir='ltr' id='par_1_9' title="bbox 571 880 1572 953">
     <span class='ocr_line' id='line_1_9' title="bbox 571 880 1572 953; baseline 0.002 -20"><span class='ocrx_word' id='word_1_51' title='bbox 571 880 739 935; x_wconf 91' lang='lat' dir='ltr'><strong>fuerit</strong></span> <span class='ocrx_word' id='word_1_52' title='bbox 767 882 949 953; x_wconf 81' lang='lat' dir='ltr'><strong>digna,</strong></span> <span class='ocrx_word' id='word_1_53' title='bbox 981 884 1053 939; x_wconf 92' lang='lat' dir='ltr'><strong>sit</strong></span> <span class='ocrx_word' id='word_1_54' title='bbox 1080 884 1240 949; x_wconf 86' lang='lat' dir='ltr'><strong>etiam</strong></span> <span class='ocrx_word' id='word_1_55' title='bbox 1277 883 1572 940; x_wconf 81' lang='lat' dir='ltr'><strong>fructuosa.</strong></span> 
     </span>
    </p>
   </div>
   <div class='ocr_carea' id='block_1_10' title="bbox 546 956 1635 1029">
    <p class='ocr_par' dir='ltr' id='par_1_10' title="bbox 546 956 1635 1029">
     <span class='ocr_line' id='line_1_10' title="bbox 546 956 1635 1029; baseline 0.003 -4"><span class='ocrx_word' id='word_1_56' title='bbox 546 956 553 962; x_wconf 82' lang='grc'><strong>’</strong></span> <span class='ocrx_word' id='word_1_57' title='bbox 1076 971 1409 1028; x_wconf 83' lang='lat' dir='ltr'><strong>EPISTOLA</strong></span> <span class='ocrx_word' id='word_1_58' title='bbox 1450 972 1635 1029; x_wconf 80' lang='lat' dir='ltr'><strong>xxut.</strong></span> 
     </span>
    </p>
   </div>
   <div class='ocr_carea' id='block_1_11' title="bbox 960 1065 1769 1121">
    <p class='ocr_par' dir='ltr' id='par_1_11' title="bbox 960 1065 1769 1121">
     <span class='ocr_line' id='line_1_11' title="bbox 960 1065 1769 1121; baseline 0.004 -5"><span class='ocrx_word' id='word_1_59' title='bbox 960 1078 1028 1116; x_wconf 66' lang='lat' dir='ltr'><strong>an</strong></span> <span class='ocrx_word' id='word_1_60' title='bbox 1066 1065 1429 1120; x_wconf 59' lang='lat' dir='ltr'><strong>transeamus!</strong></span> <span class='ocrx_word' id='word_1_61' title='bbox 1459 1080 1769 1121; x_wconf 75' lang='lat' dir='ltr'><strong>sptscoruu.</strong></span> 
     </span>
    </p>
   </div>
   <div class='ocr_carea' id='block_1_12' title="bbox 570 1146 2139 1227">
    <p class='ocr_par' dir='ltr' id='par_1_12' title="bbox 570 1146 2139 1227">
     <span class='ocr_line' id='line_1_12' title="bbox 570 1146 2139 1227; baseline 0.004 -25"><span class='ocrx_word' id='word_1_62' title='bbox 570 1146 954 1227; x_wconf 39' lang='lat' dir='ltr'><strong>Ut‘perardum</strong></span> <span class='ocrx_word' id='word_1_63' title='bbox 978 1151 1222 1206; x_wconf 80' lang='lat' dir='ltr'><strong>clericum</strong></span> <span class='ocrx_word' id='word_1_64' title='bbox 1248 1155 1421 1207; x_wconf 78' lang='lat' dir='ltr'><strong>rixare</strong></span> <span class='ocrx_word' id='word_1_65' title='bbox 1442 1154 1692 1227; x_wconf 75' lang='lat' dir='ltr'><strong>desistat;</strong></span> <span class='ocrx_word' id='word_1_66' title='bbox 1734 1166 1804 1221; x_wconf 89' lang='lat' dir='ltr'><strong>et,</strong></span> <span class='ocrx_word' id='word_1_67' title='bbox 1830 1157 1951 1223; x_wconf 82' lang='lat' dir='ltr'><strong>quia</strong></span> <span class='ocrx_word' id='word_1_68' title='bbox 1978 1156 2139 1227; x_wconf 76' lang='lat' dir='ltr'><strong>ipsius</strong></span> 
     </span>
    </p>
   </div>
   <div class='ocr_carea' id='block_1_13' title="bbox 586 1220 2140 1297">
    <p class='ocr_par' dir='ltr' id='par_1_13' title="bbox 586 1220 2140 1297">
     <span class='ocr_line' id='line_1_13' title="bbox 586 1220 2140 1297; baseline 0.005 -25"><span class='ocrx_word' id='word_1_69' title='bbox 586 1220 587 1225; x_wconf 63' lang='grc'><em>“</em></span> <span class='ocrx_word' id='word_1_70' title='bbox 636 1220 837 1297; x_wconf 74' lang='lat' dir='ltr'><strong>litteras</strong></span> <span class='ocrx_word' id='word_1_71' title='bbox 867 1232 1157 1291; x_wconf 79' lang='lat' dir='ltr'><strong>spreverat,</strong></span> <span class='ocrx_word' id='word_1_72' title='bbox 1193 1240 1370 1297; x_wconf 76' lang='lat' dir='ltr'><strong>sacros</strong></span> <span class='ocrx_word' id='word_1_73' title='bbox 1410 1241 1633 1297; x_wconf 74' lang='lat' dir='ltr'><strong>canones</strong></span> <span class='ocrx_word' id='word_1_74' title='bbox 1663 1220 1922 1297; x_wconf 32' lang='lat' dir='ltr'><strong>[egon-ea:</strong></span> <span class='ocrx_word' id='word_1_75' title='bbox 1956 1220 2140 1297; x_wconf 67' lang='lat' dir='ltr'><strong>quibus</strong></span> 
     </span>
    </p>
   </div>
   <div class='ocr_carea' id='block_1_14' title="bbox 636 1290 2139 1365">
    <p class='ocr_par' dir='ltr' id='par_1_14' title="bbox 636 1290 2139 1365">
     <span class='ocr_line' id='line_1_14' title="bbox 636 1290 2139 1365; baseline 0.004 -23"><span class='ocrx_word' id='word_1_76' title='bbox 636 1290 802 1365; x_wconf 71' lang='lat' dir='ltr'><strong>discat</strong></span> <span class='ocrx_word' id='word_1_77' title='bbox 832 1290 950 1365; x_wconf 70' lang='lat' dir='ltr'><strong>quc</strong></span> <span class='ocrx_word' id='word_1_78' title='bbox 973 1295 1260 1365; x_wconf 76' lang='lat' dir='ltr'><strong>reverentia</strong></span> <span class='ocrx_word' id='word_1_79' title='bbox 1280 1290 1992 1365; x_wconf 58' lang='lat' dir='ltr'><strong>metropolitanisdebeatur.</strong></span> <span class='ocrx_word' id='word_1_80' title='bbox 2040 1296 2139 1365; x_wconf 72' lang='lat' dir='ltr'><strong>Ef-</strong></span> 
     </span>
    </p>
   </div>
   <div class='ocr_carea' id='block_1_15' title="bbox 635 1360 2141 1482">
    <p class='ocr_par' dir='ltr' id='par_1_15' title="bbox 635 1360 2141 1482">
     <span class='ocr_line' id='line_1_15' title="bbox 635 1360 2141 1482; baseline 0.005 -70"><span class='ocrx_word' id='word_1_81' title='bbox 635 1360 831 1482; x_wconf 67' lang='lat' dir='ltr'><strong>frenelm</strong></span> <span class='ocrx_word' id='word_1_82' title='bbox 862 1362 1081 1431; x_wconf 88' lang='lat' dir='ltr'><strong>denique</strong></span> <span class='ocrx_word' id='word_1_83' title='bbox 1108 1364 1418 1418; x_wconf 81' lang='lat' dir='ltr'><strong>monachum</strong></span> <span class='ocrx_word' id='word_1_84' title='bbox 1451 1374 1505 1417; x_wconf 84' lang='lat' dir='ltr'><strong>ut</strong></span> <span class='ocrx_word' id='word_1_85' title='bbox 1533 1382 1564 1418; x_wconf 91' lang='lat' dir='ltr'><strong>a</strong></span> <span class='ocrx_word' id='word_1_86' title='bbox 1586 1381 1682 1418; x_wconf 85' lang='lat' dir='ltr'><strong>suo</strong></span> <span class='ocrx_word' id='word_1_87' title='bbox 1711 1367 1973 1420; x_wconf 84' lang='lat' dir='ltr'><strong>consortio</strong></span> <span class='ocrx_word' id='word_1_88' title='bbox 1996 1360 2141 1436; x_wconf 80' lang='lat' dir='ltr'><strong>peni-</strong></span> 
     </span>
     <span class='ocr_line' id='line_1_16' title="bbox 635 1432 998 1482; baseline 0.006 -2"><span class='ocrx_word' id='word_1_89' title='bbox 635 1443 716 1482; x_wconf 76' lang='lat' dir='ltr'><strong>tus</strong></span> <span class='ocrx_word' id='word_1_90' title='bbox 744 1446 770 1482; x_wconf 90' lang='lat' dir='ltr'><strong>e</strong></span> <span class='ocrx_word' id='word_1_91' title='bbox 794 1432 998 1482; x_wconf 89' lang='lat' dir='ltr'><strong>iminet.</strong></span> 
     </span>
    </p>
   </div>
   <div class='ocr_carea' id='block_1_16' title="bbox 633 1432 998 1485">
    <p class='ocr_par' dir='ltr' id='par_1_16' title="bbox 633 1432 998 1485">
     <span class='ocr_line' id='line_1_17' title="bbox 633 1432 998 1485; baseline 0.011 -4"><span class='ocrx_word' id='word_1_92' title='bbox 633 1443 716 1483; x_wconf 76' lang='lat' dir='ltr'><strong>tus</strong></span> <span class='ocrx_word' id='word_1_93' title='bbox 744 1432 998 1485; x_wconf 75' lang='lat' dir='ltr'><strong>eliminet.</strong></span> 
     </span>
    </p>
   </div>
   <div class='ocr_carea' id='block_1_17' title="bbox 630 1520 2139 1590">
    <p class='ocr_par' dir='ltr' id='par_1_17' title="bbox 630 1520 2139 1590">
     <span class='ocr_line' id='line_1_18' title="bbox 630 1520 2139 1590; baseline 0.005 -17"><span class='ocrx_word' id='word_1_94' title='bbox 630 1520 1006 1588; x_wconf 74' lang='lat' dir='ltr'><strong>LANFRANCUS,</strong></span> <span class='ocrx_word' id='word_1_95' title='bbox 1046 1522 1228 1578; x_wconf 87' lang='lat' dir='ltr'><strong>divina</strong></span> <span class='ocrx_word' id='word_1_96' title='bbox 1269 1524 1665 1590; x_wconf 86' lang='lat' dir='ltr'><strong>misericordia,</strong></span> <span class='ocrx_word' id='word_1_97' title='bbox 1705 1542 1811 1580; x_wconf 91' lang='lat' dir='ltr'><strong>non</strong></span> <span class='ocrx_word' id='word_1_98' title='bbox 1845 1528 1957 1581; x_wconf 88' lang='lat' dir='ltr'><strong>suis</strong></span> <span class='ocrx_word' id='word_1_99' title='bbox 1983 1527 2139 1581; x_wconf 87' lang='lat' dir='ltr'><strong>meri-</strong></span> 
     </span>
    </p>
   </div>
   <div class='ocr_carea' id='block_1_18' title="bbox 562 1611 2141 1689">
    <p class='ocr_par' dir='ltr' id='par_1_18' title="bbox 562 1611 2141 1689">
     <span class='ocr_line' id='line_1_19' title="bbox 562 1611 2141 1689; baseline 0.005 -23"><span class='ocrx_word' id='word_1_100' title='bbox 562 1613 635 1685; x_wconf 85' lang='lat' dir='ltr'><strong>tis</strong></span> <span class='ocrx_word' id='word_1_101' title='bbox 665 1611 1091 1670; x_wconf 84' lang='lat' dir='ltr'><strong>Dorobernensis</strong></span> <span class='ocrx_word' id='word_1_102' title='bbox 1140 1615 1395 1672; x_wconf 63' lang='lat' dir='ltr'><strong>Ecclesiae</strong></span> <span class='ocrx_word' id='word_1_103' title='bbox 1440 1617 1914 1689; x_wconf 81' lang='lat' dir='ltr'><strong>archiepiscopus,</strong></span> <span class='ocrx_word' id='word_1_104' title='bbox 1964 1620 2141 1674; x_wconf 76' lang='lat' dir='ltr'><strong>Heus-</strong></span> 
     </span>
    </p>
   </div>
   <div class='ocr_carea' id='block_1_19' title="bbox 562 1698 2137 1781">
    <p class='ocr_par' dir='ltr' id='par_1_19' title="bbox 562 1698 2137 1781">
     <span class='ocr_line' id='line_1_20' title="bbox 562 1698 2137 1781; baseline 0.005 -23"><span class='ocrx_word' id='word_1_105' title='bbox 562 1719 740 1759; x_wconf 75' lang='lat' dir='ltr'><strong>nenro</strong></span> <span class='ocrx_word' id='word_1_106' title='bbox 785 1698 1059 1777; x_wconf 77' lang='lat' dir='ltr'><strong>episcdpo,</strong></span> <span class='ocrx_word' id='word_1_107' title='bbox 1093 1707 1372 1764; x_wconf 84' lang='lat' dir='ltr'><strong>humiliter</strong></span> <span class='ocrx_word' id='word_1_108' title='bbox 1419 1724 1611 1781; x_wconf 85' lang='lat' dir='ltr'><strong>sapere</strong></span> <span class='ocrx_word' id='word_1_109' title='bbox 1650 1720 1700 1765; x_wconf 90' lang='lat' dir='ltr'><strong>et</strong></span> <span class='ocrx_word' id='word_1_110' title='bbox 1730 1711 1909 1767; x_wconf 85' lang='lat' dir='ltr'><strong>sobrie</strong></span> <span class='ocrx_word' id='word_1_111' title='bbox 1942 1712 2137 1768; x_wconf 86' lang='lat' dir='ltr'><strong>intelli-</strong></span> 
     </span>
    </p>
   </div>
   <div class='ocr_carea' id='block_1_20' title="bbox 562 1808 709 1863">
    <p class='ocr_par' dir='ltr' id='par_1_20' title="bbox 562 1808 709 1863">
     <span class='ocr_line' id='line_1_21' title="bbox 562 1808 709 1863; baseline 0 -17"><span class='ocrx_word' id='word_1_112' title='bbox 562 1808 709 1863; x_wconf 78' lang='lat' dir='ltr'><strong>gere.</strong></span> 
     </span>
    </p>
   </div>
   <div class='ocr_carea' id='block_1_21' title="bbox 540 1882 2138 1963">
    <p class='ocr_par' dir='ltr' id='par_1_21' title="bbox 540 1882 2138 1963">
     <span class='ocr_line' id='line_1_22' title="bbox 540 1882 2138 1963; baseline 0.006 -28"><span class='ocrx_word' id='word_1_113' title='bbox 540 1946 545 1951; x_wconf 16' lang='lat'><strong>,</strong></span> <span class='ocrx_word' id='word_1_114' title='bbox 632 1882 905 1941; x_wconf 86' lang='lat' dir='ltr'><strong>Berardus</strong></span> <span class='ocrx_word' id='word_1_115' title='bbox 951 1884 1163 1941; x_wconf 82' lang='lat' dir='ltr'><strong>abbatis</strong></span> <span class='ocrx_word' id='word_1_116' title='bbox 1207 1886 1457 1943; x_wconf 86' lang='lat' dir='ltr'><strong>Balduini</strong></span> <span class='ocrx_word' id='word_1_117' title='bbox 1516 1889 1745 1963; x_wconf 87' lang='lat' dir='ltr'><strong>clericus</strong></span> <span class='ocrx_word' id='word_1_118' title='bbox 1796 1900 1849 1945; x_wconf 91' lang='lat' dir='ltr'><strong>et</strong></span> <span class='ocrx_word' id='word_1_119' title='bbox 1883 1890 2138 1956; x_wconf 84' lang='lat' dir='ltr'><strong>famulus,</strong></span> 
     </span>
    </p>
   </div>
   <div class='ocr_carea' id='block_1_22' title="bbox 562 1976 2137 2050">
    <p class='ocr_par' dir='ltr' id='par_1_22' title="bbox 562 1976 2137 2050">
     <span class='ocr_line' id='line_1_23' title="bbox 562 1976 2137 2050; baseline 0.007 -22"><span class='ocrx_word' id='word_1_120' title='bbox 562 1984 776 2029; x_wconf 88' lang='lat' dir='ltr'><strong>nostras</strong></span> <span class='ocrx_word' id='word_1_121' title='bbox 826 1976 893 2030; x_wconf 92' lang='lat' dir='ltr'><strong>de</strong></span> <span class='ocrx_word' id='word_1_122' title='bbox 945 1979 1163 2048; x_wconf 82' lang='lat' dir='ltr'><strong>negotio</strong></span> <span class='ocrx_word' id='word_1_123' title='bbox 1212 1994 1311 2034; x_wconf 88' lang='lat' dir='ltr'><strong>suo</strong></span> <span class='ocrx_word' id='word_1_124' title='bbox 1351 1980 1560 2036; x_wconf 85' lang='lat' dir='ltr'><strong>litteras</strong></span> <span class='ocrx_word' id='word_1_125' title='bbox 1594 1981 1684 2036; x_wconf 89' lang='lat' dir='ltr'><strong>tibi</strong></span> <span class='ocrx_word' id='word_1_126' title='bbox 1718 1981 1927 2037; x_wconf 88' lang='lat' dir='ltr'><strong>detulit.</strong></span> <span class='ocrx_word' id='word_1_127' title='bbox 1976 1982 2137 2050; x_wconf 89' lang='lat' dir='ltr'><strong>Quas,</strong></span> 
     </span>
    </p>
   </div>
   <div class='ocr_carea' id='block_1_23' title="bbox 562 2064 2139 2140">
    <p class='ocr_par' dir='ltr' id='par_1_23' title="bbox 562 2064 2139 2140">
     <span class='ocr_line' id='line_1_24' title="bbox 562 2064 2139 2140; baseline 0.008 -24"><span class='ocrx_word' id='word_1_128' title='bbox 562 2072 624 2116; x_wconf 90' lang='lat' dir='ltr'><strong>ut</strong></span> <span class='ocrx_word' id='word_1_129' title='bbox 649 2064 762 2133; x_wconf 90' lang='lat' dir='ltr'><strong>ipse</strong></span> <span class='ocrx_word' id='word_1_130' title='bbox 790 2073 975 2135; x_wconf 88' lang='lat' dir='ltr'><strong>postea</strong></span> <span class='ocrx_word' id='word_1_131' title='bbox 1006 2067 1134 2121; x_wconf 88' lang='lat' dir='ltr'><strong>mihi</strong></span> <span class='ocrx_word' id='word_1_132' title='bbox 1175 2076 1401 2124; x_wconf 85' lang='lat' dir='ltr'><strong>testatus</strong></span> <span class='ocrx_word' id='word_1_133' title='bbox 1428 2078 1531 2135; x_wconf 90' lang='lat' dir='ltr'><strong>est,</strong></span> <span class='ocrx_word' id='word_1_134' title='bbox 1563 2073 1865 2140; x_wconf 88' lang='lat' dir='ltr'><strong>procaciter</strong></span> <span class='ocrx_word' id='word_1_135' title='bbox 1895 2073 2139 2140; x_wconf 84' lang='lat' dir='ltr'><strong>irrisisti;</strong></span> 
     </span>
    </p>
   </div>
   <div class='ocr_carea' id='block_1_24' title="bbox 540 2155 2141 2234">
    <p class='ocr_par' dir='ltr' id='par_1_24' title="bbox 540 2155 2141 2234">
     <span class='ocr_line' id='line_1_25' title="bbox 540 2155 2141 2234; baseline 0.006 -24"><span class='ocrx_word' id='word_1_136' title='bbox 540 2155 720 2226; x_wconf 76' lang='lat'><strong>313</strong></span> <span class='ocrx_word' id='word_1_137' title='bbox 750 2159 885 2213; x_wconf 84' lang='lat' dir='ltr'><strong>satis</strong></span> <span class='ocrx_word' id='word_1_138' title='bbox 913 2158 1033 2213; x_wconf 87' lang='lat' dir='ltr'><strong>vilia</strong></span> <span class='ocrx_word' id='word_1_139' title='bbox 1053 2200 1067 2224; x_wconf 92' lang='lat'><strong>,</strong></span> <span class='ocrx_word' id='word_1_140' title='bbox 1100 2160 1436 2231; x_wconf 91' lang='lat' dir='ltr'><strong>multumque</strong></span> <span class='ocrx_word' id='word_1_141' title='bbox 1478 2162 1696 2234; x_wconf 80' lang='lat' dir='ltr'><strong>indigna</strong></span> <span class='ocrx_word' id='word_1_142' title='bbox 1726 2164 1791 2219; x_wconf 92' lang='lat' dir='ltr'><strong>de</strong></span> <span class='ocrx_word' id='word_1_143' title='bbox 1820 2179 1929 2231; x_wconf 91' lang='lat' dir='ltr'><strong>me,</strong></span> <span class='ocrx_word' id='word_1_144' title='bbox 1957 2165 2141 2220; x_wconf 85' lang='lat' dir='ltr'><strong>multis</strong></span> 
     </span>
    </p>
   </div>
   <div class='ocr_carea' id='block_1_25' title="bbox 556 2248 2131 2323">
    <p class='ocr_par' dir='ltr' id='par_1_25' title="bbox 556 2248 2131 2323">
     <span class='ocr_line' id='line_1_26' title="bbox 556 2248 2131 2323; baseline 0.006 -24"><span class='ocrx_word' id='word_1_145' title='bbox 556 2248 923 2316; x_wconf 88' lang='lat' dir='ltr'><strong>audientibus,</strong></span> <span class='ocrx_word' id='word_1_146' title='bbox 971 2251 1272 2320; x_wconf 85' lang='lat' dir='ltr'><strong>protulisti;</strong></span> <span class='ocrx_word' id='word_1_147' title='bbox 1307 2267 1406 2323; x_wconf 90' lang='lat' dir='ltr'><strong>pro</strong></span> <span class='ocrx_word' id='word_1_148' title='bbox 1446 2268 1532 2308; x_wconf 91' lang='lat' dir='ltr'><strong>me</strong></span> <span class='ocrx_word' id='word_1_149' title='bbox 1568 2254 1634 2309; x_wconf 90' lang='lat' dir='ltr'><strong>de</strong></span> <span class='ocrx_word' id='word_1_150' title='bbox 1667 2255 1856 2310; x_wconf 87' lang='lat' dir='ltr'><strong>eadem</strong></span> <span class='ocrx_word' id='word_1_151' title='bbox 1897 2270 1956 2311; x_wconf 90' lang='lat' dir='ltr'><strong>re</strong></span> <span class='ocrx_word' id='word_1_152' title='bbox 1999 2255 2131 2310; x_wconf 85' lang='lat' dir='ltr'><strong>nihil</strong></span> 
     </span>
    </p>
   </div>
   <div class='ocr_carea' id='block_1_26' title="bbox 530 2336 2136 2411">
    <p class='ocr_par' dir='ltr' id='par_1_26' title="bbox 530 2336 2136 2411">
     <span class='ocr_line' id='line_1_27' title="bbox 530 2336 2136 2411; baseline 0.007 -20"><span class='ocrx_word' id='word_1_153' title='bbox 530 2347 611 2408; x_wconf 30' lang='lat' dir='ltr'><strong>.te</strong></span> <span class='ocrx_word' id='word_1_154' title='bbox 657 2336 925 2396; x_wconf 83' lang='lat' dir='ltr'><strong>facturum</strong></span> <span class='ocrx_word' id='word_1_155' title='bbox 983 2342 1232 2411; x_wconf 87' lang='lat' dir='ltr'><strong>plurimis</strong></span> <span class='ocrx_word' id='word_1_156' title='bbox 1284 2346 1773 2401; x_wconf 86' lang='lat' dir='ltr'><strong>contestationibus</strong></span> <span class='ocrx_word' id='word_1_157' title='bbox 1839 2347 2136 2404; x_wconf 77' lang='lat' dir='ltr'><strong>allirntasti.</strong></span> 
     </span>
    </p>
   </div>
   <div class='ocr_carea' id='block_1_27' title="bbox 559 2426 2139 2504">
    <p class='ocr_par' dir='ltr' id='par_1_27' title="bbox 559 2426 2139 2504">
     <span class='ocr_line' id='line_1_28' title="bbox 559 2426 2139 2504; baseline 0.008 -23"><span class='ocrx_word' id='word_1_158' title='bbox 559 2426 638 2481; x_wconf 90' lang='lat' dir='ltr'><strong>De</strong></span> <span class='ocrx_word' id='word_1_159' title='bbox 667 2429 753 2483; x_wconf 91' lang='lat' dir='ltr'><strong>his</strong></span> <span class='ocrx_word' id='word_1_160' title='bbox 775 2430 879 2485; x_wconf 90' lang='lat' dir='ltr'><strong>alio</strong></span> <span class='ocrx_word' id='word_1_161' title='bbox 915 2441 1158 2504; x_wconf 89' lang='lat' dir='ltr'><strong>tempore</strong></span> <span class='ocrx_word' id='word_1_162' title='bbox 1192 2443 1355 2504; x_wconf 88' lang='lat' dir='ltr'><strong>atque</strong></span> <span class='ocrx_word' id='word_1_163' title='bbox 1390 2435 1509 2491; x_wconf 84' lang='lat' dir='ltr'><strong>loco</strong></span> <span class='ocrx_word' id='word_1_164' title='bbox 1539 2452 1720 2494; x_wconf 89' lang='lat' dir='ltr'><strong>sermo</strong></span> <span class='ocrx_word' id='word_1_165' title='bbox 1758 2440 1883 2495; x_wconf 90' lang='lat' dir='ltr'><strong>erit.</strong></span> <span class='ocrx_word' id='word_1_166' title='bbox 1914 2441 2139 2495; x_wconf 67' lang='lat' dir='ltr'><strong>Verum-</strong></span> 
     </span>
    </p>
   </div>
   <div class='ocr_carea' id='block_1_28' title="bbox 556 2525 2140 2597">
    <p class='ocr_par' dir='ltr' id='par_1_28' title="bbox 556 2525 2140 2597">
     <span class='ocr_line' id='line_1_29' title="bbox 556 2525 2140 2597; baseline 0.011 -25"><span class='ocrx_word' id='word_1_167' title='bbox 556 2531 738 2575; x_wconf 82' lang='lat' dir='ltr'><strong>tamen</strong></span> <span class='ocrx_word' id='word_1_168' title='bbox 786 2525 853 2578; x_wconf 86' lang='lat' dir='ltr'><strong>ad</strong></span> <span class='ocrx_word' id='word_1_169' title='bbox 903 2540 1145 2595; x_wconf 84' lang='lat' dir='ltr'><strong>praesens</strong></span> <span class='ocrx_word' id='word_1_170' title='bbox 1195 2529 1449 2597; x_wconf 64' lang='lat' dir='ltr'><strong>praecipio</strong></span> <span class='ocrx_word' id='word_1_171' title='bbox 1503 2530 1593 2584; x_wconf 90' lang='lat' dir='ltr'><strong>tibi</strong></span> <span class='ocrx_word' id='word_1_172' title='bbox 1641 2547 1708 2586; x_wconf 91' lang='lat' dir='ltr'><strong>ne</strong></span> <span class='ocrx_word' id='word_1_173' title='bbox 1757 2532 1809 2586; x_wconf 92' lang='lat' dir='ltr'><strong>in</strong></span> <span class='ocrx_word' id='word_1_174' title='bbox 1852 2533 1937 2588; x_wconf 89' lang='lat' dir='ltr'><strong>his</strong></span> <span class='ocrx_word' id='word_1_175' title='bbox 1978 2535 2140 2589; x_wconf 85' lang='lat' dir='ltr'><strong>rebus</strong></span> 
     </span>
    </p>
   </div>
   <div class='ocr_carea' id='block_1_29' title="bbox 540 2611 2139 2688">
    <p class='ocr_par' dir='ltr' id='par_1_29' title="bbox 540 2611 2139 2688">
     <span class='ocr_line' id='line_1_30' title="bbox 540 2611 2139 2688; baseline 0.011 -26"><span class='ocrx_word' id='word_1_176' title='bbox 540 2612 737 2665; x_wconf 86' lang='lat' dir='ltr'><strong>.sancti</strong></span> <span class='ocrx_word' id='word_1_177' title='bbox 770 2611 1067 2669; x_wconf 80' lang='lat' dir='ltr'><strong>Eadmundi</strong></span> <span class='ocrx_word' id='word_1_178' title='bbox 1110 2616 1313 2686; x_wconf 86' lang='lat' dir='ltr'><strong>aliquid</strong></span> <span class='ocrx_word' id='word_1_179' title='bbox 1359 2629 1611 2688; x_wconf 85' lang='lat' dir='ltr'><strong>appetas,</strong></span> <span class='ocrx_word' id='word_1_180' title='bbox 1656 2621 1757 2687; x_wconf 82' lang='lat' dir='ltr'><strong>nisi</strong></span> <span class='ocrx_word' id='word_1_181' title='bbox 1797 2623 1849 2676; x_wconf 90' lang='lat' dir='ltr'><strong>id</strong></span> <span class='ocrx_word' id='word_1_182' title='bbox 1884 2622 1951 2676; x_wconf 91' lang='lat' dir='ltr'><strong>ab</strong></span> <span class='ocrx_word' id='word_1_183' title='bbox 1988 2633 2139 2680; x_wconf 83' lang='lat' dir='ltr'><strong>ante-</strong></span> 
     </span>
    </p>
   </div>
   <div class='ocr_carea' id='block_1_30' title="bbox 533 2703 2138 2777">
    <p class='ocr_par' dir='ltr' id='par_1_30' title="bbox 533 2703 2138 2777">
     <span class='ocr_line' id='line_1_31' title="bbox 533 2703 2138 2777; baseline 0.009 -22"><span class='ocrx_word' id='word_1_184' title='bbox 533 2703 868 2768; x_wconf 86' lang='lat' dir='ltr'><strong>cessoribus</strong></span> <span class='ocrx_word' id='word_1_185' title='bbox 918 2707 1024 2759; x_wconf 89' lang='lat' dir='ltr'><strong>tuis</strong></span> <span class='ocrx_word' id='word_1_186' title='bbox 1078 2709 1371 2777; x_wconf 86' lang='lat' dir='ltr'><strong>appetitum</strong></span> <span class='ocrx_word' id='word_1_187' title='bbox 1410 2708 1575 2764; x_wconf 87' lang='lat' dir='ltr'><strong>fuisse</strong></span> <span class='ocrx_word' id='word_1_188' title='bbox 1616 2711 1781 2764; x_wconf 88' lang='lat' dir='ltr'><strong>certis</strong></span> <span class='ocrx_word' id='word_1_189' title='bbox 1806 2712 2138 2769; x_wconf 88' lang='lat' dir='ltr'><strong>documentis</strong></span> 
     </span>
    </p>
   </div>
   <div class='ocr_carea' id='block_1_31' title="bbox 559 2796 2139 2871">
    <p class='ocr_par' dir='ltr' id='par_1_31' title="bbox 559 2796 2139 2871">
     <span class='ocr_line' id='line_1_32' title="bbox 559 2796 2139 2871; baseline 0.007 -22"><span class='ocrx_word' id='word_1_190' title='bbox 559 2796 840 2863; x_wconf 83' lang='lat' dir='ltr'><strong>ostendas,</strong></span> <span class='ocrx_word' id='word_1_191' title='bbox 890 2797 1176 2868; x_wconf 66' lang='lat' dir='ltr'><strong>praelatum</strong></span> <span class='ocrx_word' id='word_1_192' title='bbox 1222 2801 1514 2855; x_wconf 85' lang='lat' dir='ltr'><strong>Berardum</strong></span> <span class='ocrx_word' id='word_1_193' title='bbox 1578 2803 1820 2871; x_wconf 86' lang='lat' dir='ltr'><strong>quietum</strong></span> <span class='ocrx_word' id='word_1_194' title='bbox 1864 2814 1920 2857; x_wconf 91' lang='lat' dir='ltr'><strong>et</strong></span> <span class='ocrx_word' id='word_1_195' title='bbox 1954 2805 2139 2860; x_wconf 92' lang='lat' dir='ltr'><strong>incon-</strong></span> 
     </span>
    </p>
   </div>
   <div class='ocr_carea' id='block_1_32' title="bbox 534 2888 2139 2960">
    <p class='ocr_par' dir='ltr' id='par_1_32' title="bbox 534 2888 2139 2960">
     <span class='ocr_line' id='line_1_33' title="bbox 534 2888 2139 2960; baseline 0.006 -19"><span class='ocrx_word' id='word_1_196' title='bbox 534 2903 773 2949; x_wconf 74' lang='lat' dir='ltr'><strong>cussum</strong></span> <span class='ocrx_word' id='word_1_197' title='bbox 805 2888 1064 2953; x_wconf 90' lang='lat' dir='ltr'><strong>dimittas,</strong></span> <span class='ocrx_word' id='word_1_198' title='bbox 1090 2890 1442 2960; x_wconf 86' lang='lat' dir='ltr'><strong>quoadusque</strong></span> <span class='ocrx_word' id='word_1_199' title='bbox 1470 2892 1629 2960; x_wconf 82' lang='lat' dir='ltr'><strong>resin</strong></span> <span class='ocrx_word' id='word_1_200' title='bbox 1654 2899 1894 2946; x_wconf 83' lang='lat' dir='ltr'><strong>nostram</strong></span> <span class='ocrx_word' id='word_1_201' title='bbox 1917 2895 2139 2949; x_wconf 85' lang='lat' dir='ltr'><strong>audien-</strong></span> 
     </span>
    </p>
   </div>
   <div class='ocr_carea' id='block_1_33' title="bbox 536 2976 2137 3049">
    <p class='ocr_par' dir='ltr' id='par_1_33' title="bbox 536 2976 2137 3049">
     <span class='ocr_line' id='line_1_34' title="bbox 536 2976 2137 3049; baseline 0.007 -22"><span class='ocrx_word' id='word_1_202' title='bbox 536 2976 690 3040; x_wconf 67' lang='lat' dir='ltr'><strong>~tiam</strong></span> <span class='ocrx_word' id='word_1_203' title='bbox 720 2976 923 3041; x_wconf 88' lang='lat' dir='ltr'><strong>veniat,</strong></span> <span class='ocrx_word' id='word_1_204' title='bbox 956 2978 1225 3045; x_wconf 85' lang='lat' dir='ltr'><strong>finemque</strong></span> <span class='ocrx_word' id='word_1_205' title='bbox 1265 2994 1558 3049; x_wconf 87' lang='lat' dir='ltr'><strong>congruum</strong></span> <span class='ocrx_word' id='word_1_206' title='bbox 1605 2982 1867 3035; x_wconf 89' lang='lat' dir='ltr'><strong>canonica</strong></span> <span class='ocrx_word' id='word_1_207' title='bbox 1905 2984 2137 3039; x_wconf 87' lang='lat' dir='ltr'><strong>auctori-</strong></span> 
     </span>
    </p>
   </div>
   <div class='ocr_carea' id='block_1_34' title="bbox 558 3066 1812 3140">
    <p class='ocr_par' dir='ltr' id='par_1_34' title="bbox 558 3066 1812 3140">
     <span class='ocr_line' id='line_1_35' title="bbox 558 3066 1812 3140; baseline 0.006 -22"><span class='ocrx_word' id='word_1_208' title='bbox 558 3072 677 3119; x_wconf 81' lang='lat' dir='ltr'><strong>tate</strong></span> <span class='ocrx_word' id='word_1_209' title='bbox 705 3066 983 3135; x_wconf 90' lang='lat' dir='ltr'><strong>nostrique</strong></span> <span class='ocrx_word' id='word_1_210' title='bbox 1004 3066 1196 3134; x_wconf 89' lang='lat' dir='ltr'><strong>jndicii</strong></span> <span class='ocrx_word' id='word_1_211' title='bbox 1227 3068 1537 3123; x_wconf 83' lang='lat' dir='ltr'><strong>definitione</strong></span> <span class='ocrx_word' id='word_1_212' title='bbox 1564 3070 1812 3140; x_wconf 80' lang='lat' dir='ltr'><strong>recipiat.</strong></span> 
     </span>
    </p>
   </div>
   <div class='ocr_carea' id='block_1_35' title="bbox 598 3156 2136 3234">
    <p class='ocr_par' dir='ltr' id='par_1_35' title="bbox 598 3156 2136 3234">
     <span class='ocr_line' id='line_1_36' title="bbox 598 3156 2136 3234; baseline 0.01 -29"><span class='ocrx_word' id='word_1_213' title='bbox 598 3156 947 3227; x_wconf 17' lang='lat' dir='ltr'><strong>.Postpositis</strong></span> <span class='ocrx_word' id='word_1_214' title='bbox 986 3159 1158 3225; x_wconf 90' lang='lat' dir='ltr'><strong>aleis,</strong></span> <span class='ocrx_word' id='word_1_215' title='bbox 1217 3169 1276 3215; x_wconf 92' lang='lat' dir='ltr'><strong>ut</strong></span> <span class='ocrx_word' id='word_1_216' title='bbox 1325 3160 1532 3231; x_wconf 83' lang='lat' dir='ltr'><strong>majora</strong></span> <span class='ocrx_word' id='word_1_217' title='bbox 1590 3172 1842 3230; x_wconf 87' lang='lat' dir='ltr'><strong>taceam,</strong></span> <span class='ocrx_word' id='word_1_218' title='bbox 1892 3163 2136 3234; x_wconf 87' lang='lat' dir='ltr'><strong>ludisque</strong></span> 
     </span>
    </p>
   </div>
   <div class='ocr_carea' id='block_1_36' title="bbox 538 3247 2135 3321">
    <p class='ocr_par' dir='ltr' id='par_1_36' title="bbox 538 3247 2135 3321">
     <span class='ocr_line' id='line_1_37' title="bbox 538 3247 2135 3321; baseline 0.003 -16"><span class='ocrx_word' id='word_1_219' title='bbox 538 3247 931 3314; x_wconf 75' lang='lat' dir='ltr'><strong>saecularibus,</strong></span> <span class='ocrx_word' id='word_1_220' title='bbox 962 3250 1157 3321; x_wconf 88' lang='lat' dir='ltr'><strong>quibus</strong></span> <span class='ocrx_word' id='word_1_221' title='bbox 1195 3266 1291 3321; x_wconf 90' lang='lat' dir='ltr'><strong>per</strong></span> <span class='ocrx_word' id='word_1_222' title='bbox 1326 3260 1493 3307; x_wconf 90' lang='lat' dir='ltr'><strong>totam</strong></span> <span class='ocrx_word' id='word_1_223' title='bbox 1524 3253 1665 3308; x_wconf 90' lang='lat' dir='ltr'><strong>diem</strong></span> <span class='ocrx_word' id='word_1_224' title='bbox 1692 3269 1885 3309; x_wconf 87' lang='lat' dir='ltr'><strong>vacare</strong></span> <span class='ocrx_word' id='word_1_225' title='bbox 1914 3255 2135 3320; x_wconf 86' lang='lat' dir='ltr'><strong>diceris,</strong></span> 
     </span>
    </p>
   </div>
   <div class='ocr_carea' id='block_1_37' title="bbox 532 3336 2136 3416">
    <p class='ocr_par' dir='ltr' id='par_1_37' title="bbox 532 3336 2136 3416">
     <span class='ocr_line' id='line_1_38' title="bbox 532 3336 2136 3416; baseline 0.006 -24"><span class='ocrx_word' id='word_1_226' title='bbox 532 3338 769 3407; x_wconf 75' lang='lat' dir='ltr'><strong>divinas</strong></span> <span class='ocrx_word' id='word_1_227' title='bbox 800 3336 1011 3395; x_wconf 82' lang='lat' dir='ltr'><strong>litteras</strong></span> <span class='ocrx_word' id='word_1_228' title='bbox 1047 3340 1183 3412; x_wconf 81' lang='lat' dir='ltr'><strong>lege,</strong></span> <span class='ocrx_word' id='word_1_229' title='bbox 1226 3342 1568 3413; x_wconf 83' lang='lat' dir='ltr'><strong>decretisque</strong></span> <span class='ocrx_word' id='word_1_230' title='bbox 1600 3343 1967 3400; x_wconf 81' lang='lat' dir='ltr'><strong>Romanorum</strong></span> <span class='ocrx_word' id='word_1_231' title='bbox 2000 3361 2136 3416; x_wconf 83' lang='lat' dir='ltr'><strong>pon-</strong></span> 
     </span>
    </p>
   </div>
   <div class='ocr_carea' id='block_1_38' title="bbox 554 3429 2141 3511">
    <p class='ocr_par' dir='ltr' id='par_1_38' title="bbox 554 3429 2141 3511">
     <span class='ocr_line' id='line_1_39' title="bbox 554 3429 2141 3511; baseline 0.009 -30"><span class='ocrx_word' id='word_1_232' title='bbox 554 3429 1102 3501; x_wconf 58' lang='lat' dir='ltr'><strong>tilicum,;sacrisque</strong></span> <span class='ocrx_word' id='word_1_233' title='bbox 1135 3434 1432 3489; x_wconf 87' lang='lat' dir='ltr'><strong>canonibus</strong></span> <span class='ocrx_word' id='word_1_234' title='bbox 1468 3435 1738 3506; x_wconf 65' lang='lat' dir='ltr'><strong>praecipue</strong></span> <span class='ocrx_word' id='word_1_235' title='bbox 1768 3439 2004 3497; x_wconf 87' lang='lat' dir='ltr'><strong>studium</strong></span> <span class='ocrx_word' id='word_1_236' title='bbox 2038 3439 2141 3511; x_wconf 82' lang='lat' dir='ltr'><strong>im-</strong></span> 
     </span>
    </p>
   </div>
   <div class='ocr_carea' id='block_1_39' title="bbox 529 3522 2137 3599">
    <p class='ocr_par' dir='ltr' id='par_1_39' title="bbox 529 3522 2137 3599">
     <span class='ocr_line' id='line_1_40' title="bbox 529 3522 2137 3599; baseline 0.005 -20"><span class='ocrx_word' id='word_1_237' title='bbox 529 3523 748 3590; x_wconf 81' lang='lat' dir='ltr'><strong>.pende;</strong></span> <span class='ocrx_word' id='word_1_238' title='bbox 783 3522 851 3578; x_wconf 87' lang='lat' dir='ltr'><strong>ibi</strong></span> <span class='ocrx_word' id='word_1_239' title='bbox 879 3525 1073 3594; x_wconf 84' lang='lat' dir='ltr'><strong>quippe</strong></span> <span class='ocrx_word' id='word_1_240' title='bbox 1097 3523 1338 3581; x_wconf 85' lang='lat' dir='ltr'><strong>invenies</strong></span> <span class='ocrx_word' id='word_1_241' title='bbox 1359 3527 1499 3597; x_wconf 88' lang='lat' dir='ltr'><strong>quod</strong></span> <span class='ocrx_word' id='word_1_242' title='bbox 1527 3528 1727 3593; x_wconf 89' lang='lat' dir='ltr'><strong>nescis,</strong></span> <span class='ocrx_word' id='word_1_243' title='bbox 1756 3529 2010 3599; x_wconf 81' lang='lat' dir='ltr'><strong>perlectis</strong></span> <span class='ocrx_word' id='word_1_244' title='bbox 2034 3531 2137 3587; x_wconf 87' lang='lat' dir='ltr'><strong>illis</strong></span> 
     </span>
    </p>
   </div>
   <div class='ocr_carea' id='block_1_40' title="bbox 555 3612 2135 3693">
    <p class='ocr_par' dir='ltr' id='par_1_40' title="bbox 555 3612 2135 3693">
     <span class='ocr_line' id='line_1_41' title="bbox 555 3612 2135 3693; baseline 0.008 -28"><span class='ocrx_word' id='word_1_245' title='bbox 555 3612 809 3666; x_wconf 83' lang='lat' dir='ltr'><strong>frivolum</strong></span> <span class='ocrx_word' id='word_1_246' title='bbox 867 3613 1053 3678; x_wconf 89' lang='lat' dir='ltr'><strong>dices,</strong></span> <span class='ocrx_word' id='word_1_247' title='bbox 1111 3616 1253 3670; x_wconf 91' lang='lat' dir='ltr'><strong>unde</strong></span> <span class='ocrx_word' id='word_1_248' title='bbox 1310 3616 1736 3672; x_wconf 84' lang='lat' dir='ltr'><strong>ecclesiasticam</strong></span> <span class='ocrx_word' id='word_1_249' title='bbox 1795 3620 2135 3693; x_wconf 89' lang='lat' dir='ltr'><strong>disciplinam</strong></span> 
     </span>
    </p>
   </div>
   <div class='ocr_carea' id='block_1_41' title="bbox 549 3700 2134 3781">
    <p class='ocr_par' dir='ltr' id='par_1_41' title="bbox 549 3700 2134 3781">
     <span class='ocr_line' id='line_1_42' title="bbox 549 3700 2134 3781; baseline 0.007 -26"><span class='ocrx_word' id='word_1_250' title='bbox 549 3700 787 3771; x_wconf 77' lang='lat' dir='ltr'><strong>effugere</strong></span> <span class='ocrx_word' id='word_1_251' title='bbox 839 3711 890 3756; x_wconf 89' lang='lat' dir='ltr'><strong>te</strong></span> <span class='ocrx_word' id='word_1_252' title='bbox 941 3704 1186 3781; x_wconf 87' lang='lat' dir='ltr'><strong>confidis.</strong></span> <span class='ocrx_word' id='word_1_253' title='bbox 1236 3706 1293 3759; x_wconf 91' lang='lat' dir='ltr'><strong>ln</strong></span> <span class='ocrx_word' id='word_1_254' title='bbox 1345 3706 1580 3763; x_wconf 89' lang='lat' dir='ltr'><strong>decretis</strong></span> <span class='ocrx_word' id='word_1_255' title='bbox 1618 3708 1895 3779; x_wconf 75' lang='lat' dir='ltr'><strong>(BONIFAC.</strong></span> <span class='ocrx_word' id='word_1_256' title='bbox 1950 3726 2088 3781; x_wconf 66' lang='lat' dir='ltr'><strong>papa</strong></span> <span class='ocrx_word' id='word_1_257' title='bbox 2119 3752 2134 3778; x_wconf 93' lang='lat'><strong>,</strong></span> 
     </span>
    </p>
   </div>
   <div class='ocr_carea' id='block_1_42' title="bbox 552 3777 2135 3868">
    <p class='ocr_par' dir='ltr' id='par_1_42' title="bbox 552 3777 2135 3868">
     <span class='ocr_line' id='line_1_43' title="bbox 552 3777 2135 3868; baseline 0.009 -25"><span class='ocrx_word' id='word_1_258' title='bbox 552 3792 706 3859; x_wconf 77' lang='lat' dir='ltr'><strong>epist.</strong></span> <span class='ocrx_word' id='word_1_259' title='bbox 744 3790 867 3862; x_wconf 75' lang='lat' dir='ltr'><strong>1H)</strong></span> <span class='ocrx_word' id='word_1_260' title='bbox 898 3777 1211 3865; x_wconf 31' lang='lat' dir='ltr'><strong>sic&#39;legitur</strong></span> <span class='ocrx_word' id='word_1_261' title='bbox 1246 3813 1315 3849; x_wconf 77' lang='grc'><strong>;.«</strong></span> <span class='ocrx_word' id='word_1_262' title='bbox 1350 3777 1747 3868; x_wconf 86' lang='lat' dir='ltr'><strong>Metropolitani</strong></span> <span class='ocrx_word' id='word_1_263' title='bbox 1776 3802 1880 3868; x_wconf 92' lang='lat' dir='ltr'><strong>sui,</strong></span> <span class='ocrx_word' id='word_1_264' title='bbox 1908 3777 1967 3856; x_wconf 77' lang='lat' dir='ltr'><strong>in</strong></span> <span class='ocrx_word' id='word_1_265' title='bbox 2000 3777 2135 3857; x_wconf 80' lang='lat' dir='ltr'><strong>una-</strong></span> 
     </span>
    </p>
   </div>
   <div class='ocr_carea' id='block_1_43' title="bbox 551 3882 2132 3951">
    <p class='ocr_par' dir='ltr' id='par_1_43' title="bbox 551 3882 2132 3951">
     <span class='ocr_line' id='line_1_44' title="bbox 551 3882 2132 3951; baseline 0.009 -18"><span class='ocrx_word' id='word_1_266' title='bbox 551 3896 764 3949; x_wconf 80' lang='lat' dir='ltr'><strong>quaque</strong></span> <span class='ocrx_word' id='word_1_267' title='bbox 800 3882 1103 3951; x_wconf 82' lang='lat' dir='ltr'><strong>provincia,</strong></span> <span class='ocrx_word' id='word_1_268' title='bbox 1147 3886 1199 3939; x_wconf 91' lang='lat' dir='ltr'><strong>in</strong></span> <span class='ocrx_word' id='word_1_269' title='bbox 1235 3886 1487 3944; x_wconf 91' lang='lat' dir='ltr'><strong>omnibus</strong></span> <span class='ocrx_word' id='word_1_270' title='bbox 1534 3889 1695 3945; x_wconf 84' lang='lat' dir='ltr'><strong>rebus</strong></span> <span class='ocrx_word' id='word_1_271' title='bbox 1733 3892 2132 3948; x_wconf 88' lang='lat' dir='ltr'><strong>ordinationem</strong></span> 
     </span>
    </p>
   </div>
   <div class='ocr_carea' id='block_1_44' title="bbox 553 3960 2131 4054">
    <p class='ocr_par' dir='ltr' id='par_1_44' title="bbox 553 3960 2131 4054">
     <span class='ocr_line' id='line_1_45' title="bbox 553 3960 2131 4054; baseline 0.009 -29"><span class='ocrx_word' id='word_1_272' title='bbox 553 3986 767 4041; x_wconf 78' lang='lat' dir='ltr'><strong>semper</strong></span> <span class='ocrx_word' id='word_1_273' title='bbox 809 3960 1162 4043; x_wconf 65' lang='lat' dir='ltr'><strong>exspectel.i</strong></span> <span class='ocrx_word' id='word_1_274' title='bbox 1224 3976 1279 4030; x_wconf 90' lang='lat' dir='ltr'><strong>lu</strong></span> <span class='ocrx_word' id='word_1_275' title='bbox 1340 3964 1555 4035; x_wconf 67' lang='lat' dir='ltr'><strong>Nicreno</strong></span> <span class='ocrx_word' id='word_1_276' title='bbox 1612 3981 1843 4037; x_wconf 91' lang='lat' dir='ltr'><strong>concilio</strong></span> <span class='ocrx_word' id='word_1_277' title='bbox 1894 3982 2131 4054; x_wconf 89' lang='lat' dir='ltr'><strong>(primo,</strong></span> 
     </span>
    </p>
   </div>
   <div class='ocr_carea' id='block_1_45' title="bbox 549 4061 2135 4145">
    <p class='ocr_par' dir='ltr' id='par_1_45' title="bbox 549 4061 2135 4145">
     <span class='ocr_line' id='line_1_46' title="bbox 549 4061 2135 4145; baseline 0.011 -30"><span class='ocrx_word' id='word_1_278' title='bbox 549 4076 666 4130; x_wconf 87' lang='lat' dir='ltr'><strong>cap.</strong></span> <span class='ocrx_word' id='word_1_279' title='bbox 716 4061 771 4133; x_wconf 69' lang='grc' dir='ltr'><strong>Δ)</strong></span> <span class='ocrx_word' id='word_1_280' title='bbox 816 4079 829 4117; x_wconf 91' lang='lat'><strong>:</strong></span> <span class='ocrx_word' id='word_1_281' title='bbox 875 4080 894 4114; x_wconf 71' lang='grc' dir='ltr'>ι</span> <span class='ocrx_word' id='word_1_282' title='bbox 952 4063 1207 4121; x_wconf 87' lang='lat' dir='ltr'><strong>Firmitas</strong></span> <span class='ocrx_word' id='word_1_283' title='bbox 1250 4068 1490 4124; x_wconf 87' lang='lat' dir='ltr'><strong>omnium</strong></span> <span class='ocrx_word' id='word_1_284' title='bbox 1555 4085 1674 4140; x_wconf 64' lang='lat' dir='ltr'><strong>qum</strong></span> <span class='ocrx_word' id='word_1_285' title='bbox 1718 4082 1987 4142; x_wconf 81' lang='lat' dir='ltr'><strong>geruntur</strong></span> <span class='ocrx_word' id='word_1_286' title='bbox 2036 4091 2135 4145; x_wconf 89' lang='lat' dir='ltr'><strong>per</strong></span> 
     </span>
    </p>
   </div>
   <div class='ocr_carea' id='block_1_46' title="bbox 546 4160 2133 4236">
    <p class='ocr_par' dir='ltr' id='par_1_46' title="bbox 546 4160 2133 4236">
     <span class='ocr_line' id='line_1_47' title="bbox 546 4160 2133 4236; baseline 0.011 -29"><span class='ocrx_word' id='word_1_287' title='bbox 546 4169 983 4227; x_wconf 87' lang='lat' dir='ltr'><strong>unamquamque</strong></span> <span class='ocrx_word' id='word_1_288' title='bbox 1040 4160 1371 4227; x_wconf 89' lang='lat' dir='ltr'><strong>provinciam</strong></span> <span class='ocrx_word' id='word_1_289' title='bbox 1416 4165 1828 4236; x_wconf 87' lang='lat' dir='ltr'><strong>metropolitano</strong></span> <span class='ocrx_word' id='word_1_290' title='bbox 1865 4169 2133 4225; x_wconf 86' lang='lat' dir='ltr'><strong>tribuatur</strong></span> 
     </span>
    </p>
   </div>
   <div class='ocr_carea' id='block_1_47' title="bbox 544 4246 2133 4328">
    <p class='ocr_par' dir='ltr' id='par_1_47' title="bbox 544 4246 2133 4328">
     <span class='ocr_line' id='line_1_48' title="bbox 544 4246 2133 4328; baseline 0.011 -28"><span class='ocrx_word' id='word_1_291' title='bbox 544 4246 816 4319; x_wconf 79' lang='lat' dir='ltr'><strong>episcopo.</strong></span> <span class='ocrx_word' id='word_1_292' title='bbox 853 4268 873 4302; x_wconf 73' lang='grc' dir='ltr'><strong><em>ι</em></strong></span> <span class='ocrx_word' id='word_1_293' title='bbox 912 4249 971 4303; x_wconf 88' lang='lat' dir='ltr'><strong>In</strong></span> <span class='ocrx_word' id='word_1_294' title='bbox 1016 4250 1358 4307; x_wconf 87' lang='lat' dir='ltr'><strong>Antiocheno</strong></span> <span class='ocrx_word' id='word_1_295' title='bbox 1400 4254 1620 4326; x_wconf 91' lang='lat' dir='ltr'><strong>(primo,</strong></span> <span class='ocrx_word' id='word_1_296' title='bbox 1658 4272 1777 4328; x_wconf 88' lang='lat' dir='ltr'><strong>cap.</strong></span> <span class='ocrx_word' id='word_1_297' title='bbox 1818 4257 1873 4328; x_wconf 78' lang='grc'><strong>4)</strong></span> <span class='ocrx_word' id='word_1_298' title='bbox 1915 4276 1928 4313; x_wconf 87' lang='lat'>:</span> <span class='ocrx_word' id='word_1_299' title='bbox 1974 4278 1991 4311; x_wconf 77' lang='grc' dir='ltr'><strong><em>ι</em></strong></span> <span class='ocrx_word' id='word_1_300' title='bbox 2029 4258 2133 4317; x_wconf 79' lang='lat' dir='ltr'><strong>Per</strong></span> 
     </span>
    </p>
   </div>
   <div class='ocr_carea' id='block_1_48' title="bbox 541 4343 2132 4421">
    <p class='ocr_par' dir='ltr' id='par_1_48' title="bbox 541 4343 2132 4421">
     <span class='ocr_line' id='line_1_49' title="bbox 541 4343 2132 4421; baseline 0.011 -31"><span class='ocrx_word' id='word_1_301' title='bbox 541 4352 983 4412; x_wconf 88' lang='lat' dir='ltr'><strong>unamquamque</strong></span> <span class='ocrx_word' id='word_1_302' title='bbox 1012 4343 1347 4412; x_wconf 88' lang='lat' dir='ltr'><strong>provinciam</strong></span> <span class='ocrx_word' id='word_1_303' title='bbox 1379 4347 1651 4421; x_wconf 87' lang='lat' dir='ltr'><strong>episcopis</strong></span> <span class='ocrx_word' id='word_1_304' title='bbox 1681 4350 1932 4405; x_wconf 86' lang='lat' dir='ltr'><strong>convenit</strong></span> <span class='ocrx_word' id='word_1_305' title='bbox 1972 4367 2132 4408; x_wconf 89' lang='lat' dir='ltr'><strong>nosse</strong></span> 
     </span>
    </p>
   </div>
   <div class='ocr_carea' id='block_1_49' title="bbox 542 4430 2128 4510">
    <p class='ocr_par' dir='ltr' id='par_1_49' title="bbox 542 4430 2128 4510">
     <span class='ocr_line' id='line_1_50' title="bbox 542 4430 2128 4510; baseline 0.011 -30"><span class='ocrx_word' id='word_1_306' title='bbox 542 4430 1021 4498; x_wconf 57' lang='lat' dir='ltr'><strong>metroitolitauum</strong></span> <span class='ocrx_word' id='word_1_307' title='bbox 1053 4434 1362 4505; x_wconf 88' lang='lat' dir='ltr'><strong>episcopum</strong></span> <span class='ocrx_word' id='word_1_308' title='bbox 1394 4439 1557 4499; x_wconf 84' lang='lat' dir='ltr'><strong>totius</strong></span> <span class='ocrx_word' id='word_1_309' title='bbox 1586 4441 1882 4510; x_wconf 81' lang='lat' dir='ltr'><strong>provinciae</strong></span> <span class='ocrx_word' id='word_1_310' title='bbox 1928 4442 2128 4498; x_wconf 80' lang='lat' dir='ltr'><strong>sollici-</strong></span> 
     </span>
    </p>
   </div>
   <div class='ocr_carea' id='block_1_50' title="bbox 549 4516 2128 4602">
    <p class='ocr_par' dir='ltr' id='par_1_50' title="bbox 549 4516 2128 4602">
     <span class='ocr_line' id='line_1_51' title="bbox 549 4516 2128 4602; baseline 0.015 -35"><span class='ocrx_word' id='word_1_311' title='bbox 549 4516 789 4571; x_wconf 80' lang='lat' dir='ltr'><strong>tudinem</strong></span> <span class='ocrx_word' id='word_1_312' title='bbox 818 4534 1041 4590; x_wconf 76' lang='lat' dir='ltr'><strong>gerere;</strong></span> <span class='ocrx_word' id='word_1_313' title='bbox 1067 4535 1288 4593; x_wconf 87' lang='lat' dir='ltr'><strong>propter</strong></span> <span class='ocrx_word' id='word_1_314' title='bbox 1308 4529 1449 4595; x_wconf 91' lang='lat' dir='ltr'><strong>quod</strong></span> <span class='ocrx_word' id='word_1_315' title='bbox 1473 4529 1538 4582; x_wconf 90' lang='lat' dir='ltr'><strong>ad</strong></span> <span class='ocrx_word' id='word_1_316' title='bbox 1569 4531 1905 4602; x_wconf 88' lang='lat' dir='ltr'><strong>metropolim</strong></span> <span class='ocrx_word' id='word_1_317' title='bbox 1940 4547 2128 4590; x_wconf 88' lang='lat' dir='ltr'><strong>omnes</strong></span> 
     </span>
    </p>
   </div>
   <div class='ocr_carea' id='block_1_51' title="bbox 524 4594 2122 4689">
    <p class='ocr_par' dir='ltr' id='par_1_51' title="bbox 524 4594 2122 4689">
     <span class='ocr_line' id='line_1_52' title="bbox 524 4594 2122 4689; baseline 0.014 -31"><span class='ocrx_word' id='word_1_318' title='bbox 524 4594 785 4676; x_wconf 85' lang='lat' dir='ltr'><strong>undique</strong></span> <span class='ocrx_word' id='word_1_319' title='bbox 832 4609 923 4678; x_wconf 89' lang='lat' dir='ltr'><strong>qui</strong></span> <span class='ocrx_word' id='word_1_320' title='bbox 956 4608 1167 4680; x_wconf 75' lang='lat' dir='ltr'><strong>negmia</strong></span> <span class='ocrx_word' id='word_1_321' title='bbox 1200 4614 1450 4671; x_wconf 86' lang='lat' dir='ltr'><strong>videntur</strong></span> <span class='ocrx_word' id='word_1_322' title='bbox 1507 4620 1707 4675; x_wconf 85' lang='lat' dir='ltr'><strong>habere</strong></span> <span class='ocrx_word' id='word_1_323' title='bbox 1772 4634 2122 4689; x_wconf 87' lang='lat' dir='ltr'><strong>concurrant,</strong></span> 
     </span>
    </p>
   </div>
   <div class='ocr_carea' id='block_1_52' title="bbox 544 4693 2126 4775">
    <p class='ocr_par' dir='ltr' id='par_1_52' title="bbox 544 4693 2126 4775">
     <span class='ocr_line' id='line_1_53' title="bbox 544 4693 2126 4775; baseline 0.016 -32"><span class='ocrx_word' id='word_1_324' title='bbox 544 4694 688 4775; x_wconf 84' lang='lat' dir='ltr'><strong>unde</strong></span> <span class='ocrx_word' id='word_1_325' title='bbox 717 4693 919 4764; x_wconf 85' lang='lat' dir='ltr'><strong>placuit</strong></span> <span class='ocrx_word' id='word_1_326' title='bbox 946 4712 1066 4751; x_wconf 87' lang='lat' dir='ltr'><strong>eum</strong></span> <span class='ocrx_word' id='word_1_327' title='bbox 1099 4709 1152 4754; x_wconf 91' lang='lat' dir='ltr'><strong>et</strong></span> <span class='ocrx_word' id='word_1_328' title='bbox 1185 4701 1388 4767; x_wconf 82' lang='lat' dir='ltr'><strong>honore</strong></span> <span class='ocrx_word' id='word_1_329' title='bbox 1425 4707 1753 4775; x_wconf 71' lang='lat' dir='ltr'><strong>praecellere.</strong></span> <span class='ocrx_word' id='word_1_330' title='bbox 1786 4730 1803 4762; x_wconf 75' lang='grc' dir='ltr'><strong><em>ι</em></strong></span> <span class='ocrx_word' id='word_1_331' title='bbox 1845 4711 1909 4765; x_wconf 88' lang='lat' dir='ltr'><strong>Et</strong></span> <span class='ocrx_word' id='word_1_332' title='bbox 1941 4713 1991 4767; x_wconf 92' lang='lat' dir='ltr'><strong>in</strong></span> <span class='ocrx_word' id='word_1_333' title='bbox 2024 4713 2126 4769; x_wconf 85' lang='lat' dir='ltr'><strong>To-</strong></span> 
     </span>
    </p>
   </div>
   <div class='ocr_carea' id='block_1_53' title="bbox 520 4772 2125 4864">
    <p class='ocr_par' dir='ltr' id='par_1_53' title="bbox 520 4772 2125 4864">
     <span class='ocr_line' id='line_1_54' title="bbox 520 4772 2125 4864; baseline 0.016 -29"><span class='ocrx_word' id='word_1_334' title='bbox 520 4772 743 4839; x_wconf 38' lang='lat' dir='ltr'><strong>‘letanis</strong></span> <span class='ocrx_word' id='word_1_335' title='bbox 789 4786 1034 4842; x_wconf 86' lang='lat' dir='ltr'><strong>conciliis</strong></span> <span class='ocrx_word' id='word_1_336' title='bbox 1078 4805 1090 4841; x_wconf 89' lang='lat'>:</span> <span class='ocrx_word' id='word_1_337' title='bbox 1144 4809 1168 4857; x_wconf 18' lang='grc' dir='ltr'><strong>γ(</strong></span> <span class='ocrx_word' id='word_1_338' title='bbox 1210 4780 1301 4847; x_wconf 86' lang='lat' dir='ltr'><strong>Sic</strong></span> <span class='ocrx_word' id='word_1_339' title='bbox 1337 4772 1481 4849; x_wconf 85' lang='lat' dir='ltr'><strong>enim</strong></span> <span class='ocrx_word' id='word_1_340' title='bbox 1516 4794 1721 4864; x_wconf 89' lang='lat' dir='ltr'><strong>justum</strong></span> <span class='ocrx_word' id='word_1_341' title='bbox 1768 4810 1853 4854; x_wconf 91' lang='lat' dir='ltr'><strong>est</strong></span> <span class='ocrx_word' id='word_1_342' title='bbox 1895 4810 1951 4856; x_wconf 93' lang='lat' dir='ltr'><strong>ut</strong></span> <span class='ocrx_word' id='word_1_343' title='bbox 2002 4805 2125 4859; x_wconf 89' lang='lat' dir='ltr'><strong>inde</strong></span> 
     </span>
    </p>
   </div>
   <div class='ocr_carea' id='block_1_54' title="bbox 524 4862 2122 4954">
    <p class='ocr_par' dir='ltr' id='par_1_54' title="bbox 524 4862 2122 4954">
     <span class='ocr_line' id='line_1_55' title="bbox 524 4862 2122 4954; baseline 0.016 -31"><span class='ocrx_word' id='word_1_344' title='bbox 524 4862 915 4944; x_wconf 67' lang='lat' dir='ltr'><strong>&#39;unusquisque</strong></span> <span class='ocrx_word' id='word_1_345' title='bbox 944 4887 1123 4932; x_wconf 90' lang='lat' dir='ltr'><strong>sumat</strong></span> <span class='ocrx_word' id='word_1_346' title='bbox 1150 4878 1365 4951; x_wconf 75' lang='lat' dir='ltr'><strong>regulas</strong></span> <span class='ocrx_word' id='word_1_347' title='bbox 1394 4880 1715 4954; x_wconf 60' lang='lat' dir='ltr'><strong>disciplinae,</strong></span> <span class='ocrx_word' id='word_1_348' title='bbox 1760 4887 1901 4944; x_wconf 91' lang='lat' dir='ltr'><strong>unde</strong></span> <span class='ocrx_word' id='word_1_349' title='bbox 1930 4905 2122 4947; x_wconf 88' lang='lat' dir='ltr'><strong>conse-</strong></span> 
     </span>
    </p>
   </div>
   <div class='ocr_carea' id='block_1_55' title="bbox 521 4960 2122 5048">
    <p class='ocr_par' dir='ltr' id='par_1_55' title="bbox 521 4960 2122 5048">
     <span class='ocr_line' id='line_1_56' title="bbox 521 4960 2122 5048; baseline 0.013 -31"><span class='ocrx_word' id='word_1_350' title='bbox 521 4960 807 5048; x_wconf 41' lang='lat' dir='ltr'><strong>Zcrationis</strong></span> <span class='ocrx_word' id='word_1_351' title='bbox 840 4964 1098 5021; x_wconf 88' lang='lat' dir='ltr'><strong>honorem</strong></span> <span class='ocrx_word' id='word_1_352' title='bbox 1127 4969 1366 5040; x_wconf 89' lang='lat' dir='ltr'><strong>accepit;</strong></span> <span class='ocrx_word' id='word_1_353' title='bbox 1408 4982 1498 5039; x_wconf 91' lang='lat' dir='ltr'><strong>ut,</strong></span> <span class='ocrx_word' id='word_1_354' title='bbox 1535 4972 1688 5044; x_wconf 76' lang='lat' dir='ltr'><strong>juxta</strong></span> <span class='ocrx_word' id='word_1_355' title='bbox 1730 4976 1993 5048; x_wconf 81' lang='lat' dir='ltr'><strong>majorum</strong></span> <span class='ocrx_word' id='word_1_356' title='bbox 2028 4982 2122 5037; x_wconf 90' lang='lat' dir='ltr'><strong>de-</strong></span> 
     </span>
    </p>
   </div>
   <div class='ocr_carea' id='block_1_56' title="bbox 524 5035 2123 5132">
    <p class='ocr_par' dir='ltr' id='par_1_56' title="bbox 524 5035 2123 5132">
     <span class='ocr_line' id='line_1_57' title="bbox 524 5035 2123 5132; baseline 0.014 -28"><span class='ocrx_word' id='word_1_357' title='bbox 524 5035 721 5118; x_wconf 33' lang='lat' dir='ltr'><strong>gcrcta,</strong></span> <span class='ocrx_word' id='word_1_358' title='bbox 754 5053 909 5110; x_wconf 87' lang='lat' dir='ltr'><strong>sedes</strong></span> <span class='ocrx_word' id='word_1_359' title='bbox 965 5070 1085 5125; x_wconf 73' lang='lat' dir='ltr'><strong>qua:</strong></span> <span class='ocrx_word' id='word_1_360' title='bbox 1114 5056 1421 5132; x_wconf 87' lang='lat' dir='ltr'><strong>unicuique</strong></span> <span class='ocrx_word' id='word_1_361' title='bbox 1453 5062 1808 5122; x_wconf 85' lang='lat' dir='ltr'><strong>sacerdotalis</strong></span> <span class='ocrx_word' id='word_1_362' title='bbox 1839 5054 2014 5125; x_wconf 81' lang='lat' dir='ltr'><strong>mater</strong></span> <span class='ocrx_word' id='word_1_363' title='bbox 2040 5085 2123 5126; x_wconf 84' lang='lat' dir='ltr'><strong>est</strong></span> 
     </span>
    </p>
   </div>
   <div class='ocr_carea' id='block_1_57' title="bbox 523 5133 2123 5229">
    <p class='ocr_par' dir='ltr' id='par_1_57' title="bbox 523 5133 2123 5229">
     <span class='ocr_line' id='line_1_58' title="bbox 523 5133 2123 5229; baseline 0.013 -29"><span class='ocrx_word' id='word_1_364' title='bbox 523 5133 859 5227; x_wconf 58' lang='lat' dir='ltr'><strong>&#39;dignitatis,</strong></span> <span class='ocrx_word' id='word_1_365' title='bbox 893 5150 965 5205; x_wconf 87' lang='lat' dir='ltr'><strong>sit</strong></span> <span class='ocrx_word' id='word_1_366' title='bbox 993 5151 1375 5210; x_wconf 66' lang='lat' dir='ltr'><strong>ecclesiasticae</strong></span> <span class='ocrx_word' id='word_1_367' title='bbox 1411 5157 1665 5229; x_wconf 79' lang='lat' dir='ltr'><strong>magistra</strong></span> <span class='ocrx_word' id='word_1_368' title='bbox 1708 5161 1952 5217; x_wconf 88' lang='lat' dir='ltr'><strong>rationis.</strong></span> <span class='ocrx_word' id='word_1_369' title='bbox 1988 5182 2005 5215; x_wconf 75' lang='grc' dir='ltr'><strong><em>ι</em></strong></span> <span class='ocrx_word' id='word_1_370' title='bbox 2057 5164 2123 5221; x_wconf 86' lang='grc' dir='ltr'><strong>Ει</strong></span> 
     </span>
    </p>
   </div>
   <div class='ocr_carea' id='block_1_58' title="bbox 518 5234 2120 5314">
    <p class='ocr_par' dir='ltr' id='par_1_58' title="bbox 518 5234 2120 5314">
     <span class='ocr_line' id='line_1_59' title="bbox 518 5234 2120 5314; baseline 0.012 -24"><span class='ocrx_word' id='word_1_371' title='bbox 518 5234 699 5309; x_wconf 72' lang='grc' dir='ltr'><strong>’ροιιιο</strong></span> <span class='ocrx_word' id='word_1_372' title='bbox 729 5254 851 5310; x_wconf 84' lang='lat' dir='ltr'><strong>post</strong></span> <span class='ocrx_word' id='word_1_373' title='bbox 882 5259 895 5295; x_wconf 91' lang='lat'><strong>:</strong></span> <span class='ocrx_word' id='word_1_374' title='bbox 934 5260 952 5293; x_wconf 86' lang='grc'><em>‹</em></span> <span class='ocrx_word' id='word_1_375' title='bbox 984 5241 1237 5314; x_wconf 87' lang='lat' dir='ltr'><strong>Quisquis</strong></span> <span class='ocrx_word' id='word_1_376' title='bbox 1258 5310 1259 5313; x_wconf 22' lang='grc' dir='ltr'><strong>η</strong></span> <span class='ocrx_word' id='word_1_377' title='bbox 1283 5247 1475 5301; x_wconf 89' lang='lat' dir='ltr'><strong>horum</strong></span> <span class='ocrx_word' id='word_1_378' title='bbox 1516 5249 1856 5306; x_wconf 86' lang='lat' dir='ltr'><strong>decretorum</strong></span> <span class='ocrx_word' id='word_1_379' title='bbox 1891 5253 2120 5309; x_wconf 80' lang='lat' dir='ltr'><strong>violator</strong></span> 
     </span>
    </p>
   </div>
   <div class='ocr_carea' id='block_1_59' title="bbox 534 5332 2116 5414">
    <p class='ocr_par' dir='ltr' id='par_1_59' title="bbox 534 5332 2116 5414">
     <span class='ocr_line' id='line_1_60' title="bbox 534 5332 2116 5414; baseline 0.008 -29"><span class='ocrx_word' id='word_1_380' title='bbox 534 5332 824 5396; x_wconf 81' lang='lat' dir='ltr'><strong>exstiterit.</strong></span> <span class='ocrx_word' id='word_1_381' title='bbox 856 5351 949 5389; x_wconf 76' lang='lat' dir='ltr'><strong>sex</strong></span> <span class='ocrx_word' id='word_1_382' title='bbox 984 5332 1259 5392; x_wconf 85' lang='lat' dir='ltr'><strong>mensibus</strong></span> <span class='ocrx_word' id='word_1_383' title='bbox 1283 5340 1661 5396; x_wconf 88' lang='lat' dir='ltr'><strong>communione</strong></span> <span class='ocrx_word' id='word_1_384' title='bbox 1687 5344 1948 5414; x_wconf 85' lang='lat' dir='ltr'><strong>privatus,</strong></span> <span class='ocrx_word' id='word_1_385' title='bbox 1979 5346 2116 5414; x_wconf 90' lang='lat' dir='ltr'><strong>apud</strong></span> 
     </span>
    </p>
   </div>
   <div class='ocr_carea' id='block_1_60' title="bbox 533 5425 2118 5505">
    <p class='ocr_par' dir='ltr' id='par_1_60' title="bbox 533 5425 2118 5505">
     <span class='ocr_line' id='line_1_61' title="bbox 533 5425 2118 5505; baseline 0.011 -32"><span class='ocrx_word' id='word_1_386' title='bbox 533 5425 1009 5492; x_wconf 87' lang='lat' dir='ltr'><strong>metropolitanum</strong></span> <span class='ocrx_word' id='word_1_387' title='bbox 1052 5428 1152 5484; x_wconf 85' lang='lat' dir='ltr'><strong>sub</strong></span> <span class='ocrx_word' id='word_1_388' title='bbox 1183 5426 1517 5500; x_wconf 60' lang='lat' dir='ltr'><strong>paenitentiae</strong></span> <span class='ocrx_word' id='word_1_389' title='bbox 1547 5447 1771 5488; x_wconf 86' lang='lat' dir='ltr'><strong>censura</strong></span> <span class='ocrx_word' id='word_1_390' title='bbox 1805 5446 2118 5505; x_wconf 75' lang='lat' dir='ltr'><strong>pe&#39;maneat</strong></span> 
     </span>
    </p>
   </div>
   <div class='ocr_carea' id='block_1_61' title="bbox 525 5496 953 5581">
    <p class='ocr_par' dir='ltr' id='par_1_61' title="bbox 525 5496 953 5581">
     <span class='ocr_line' id='line_1_62' title="bbox 525 5496 953 5581; baseline 0.007 -14"><span class='ocrx_word' id='word_1_391' title='bbox 525 5496 902 5581; x_wconf 60' lang='lat' dir='ltr'><strong>borrigendus.</strong></span> <span class='ocrx_word' id='word_1_392' title='bbox 936 5537 953 5570; x_wconf 72' lang='grc' dir='ltr'><strong><em>ι</em></strong></span> 
     </span>
    </p>
   </div>
   <div class='ocr_carea' id='block_1_62' title="bbox 606 5599 2116 5688">
    <p class='ocr_par' dir='ltr' id='par_1_62' title="bbox 606 5599 2116 5688">
     <span class='ocr_line' id='line_1_63' title="bbox 606 5599 2116 5688; baseline 0.019 -37"><span class='ocrx_word' id='word_1_393' title='bbox 606 5599 745 5655; x_wconf 87' lang='lat' dir='ltr'><strong>Sunt</strong></span> <span class='ocrx_word' id='word_1_394' title='bbox 807 5606 909 5660; x_wconf 89' lang='lat' dir='ltr'><strong>alia</strong></span> <span class='ocrx_word' id='word_1_395' title='bbox 969 5610 1202 5679; x_wconf 86' lang='lat' dir='ltr'><strong>plurima</strong></span> <span class='ocrx_word' id='word_1_396' title='bbox 1254 5614 1320 5668; x_wconf 91' lang='lat' dir='ltr'><strong>de</strong></span> <span class='ocrx_word' id='word_1_397' title='bbox 1381 5614 1701 5670; x_wconf 81' lang='lat' dir='ltr'><strong>excellentia</strong></span> <span class='ocrx_word' id='word_1_398' title='bbox 1748 5627 1802 5672; x_wconf 86' lang='lat' dir='ltr'><strong>et</strong></span> <span class='ocrx_word' id='word_1_399' title='bbox 1849 5631 2116 5688; x_wconf 89' lang='lat' dir='ltr'><strong>potestate</strong></span> 
     </span>
    </p>
   </div>
   <div class='ocr_carea' id='block_1_63' title="bbox 531 5688 2116 5782">
    <p class='ocr_par' dir='ltr' id='par_1_63' title="bbox 531 5688 2116 5782">
     <span class='ocr_line' id='line_1_64' title="bbox 531 5688 2116 5782; baseline 0.018 -41"><span class='ocrx_word' id='word_1_400' title='bbox 531 5688 823 5761; x_wconf 86' lang='lat' dir='ltr'><strong>primatum</strong></span> <span class='ocrx_word' id='word_1_401' title='bbox 873 5706 1030 5765; x_wconf 82' lang='lat' dir='ltr'><strong>atque</strong></span> <span class='ocrx_word' id='word_1_402' title='bbox 1074 5703 1622 5779; x_wconf 72' lang='lat' dir='ltr'><strong>archiepiscdporum,</strong></span> <span class='ocrx_word' id='word_1_403' title='bbox 1655 5714 1760 5761; x_wconf 87' lang='lat' dir='ltr'><strong>tam</strong></span> <span class='ocrx_word' id='word_1_404' title='bbox 1794 5709 1844 5762; x_wconf 90' lang='lat' dir='ltr'><strong>in</strong></span> <span class='ocrx_word' id='word_1_405' title='bbox 1875 5712 2116 5782; x_wconf 75' lang='lat' dir='ltr'><strong>przclatis</strong></span> 
     </span>
    </p>
   </div>
   <div class='ocr_carea' id='block_1_64' title="bbox 2249 524 3741 604">
    <p class='ocr_par' dir='ltr' id='par_1_64' title="bbox 2249 524 3741 604">
     <span class='ocr_line' id='line_1_65' title="bbox 2249 524 3741 604; baseline 0.017 -27"><span class='ocrx_word' id='word_1_406' title='bbox 2249 525 2369 579; x_wconf 86' lang='lat' dir='ltr'><strong>ticis</strong></span> <span class='ocrx_word' id='word_1_407' title='bbox 2394 524 2572 590; x_wconf 83' lang='lat' dir='ltr'><strong>libris;</strong></span> <span class='ocrx_word' id='word_1_408' title='bbox 2600 543 2720 598; x_wconf 69' lang='lat' dir='ltr'><strong>qum</strong></span> <span class='ocrx_word' id='word_1_409' title='bbox 2742 530 2786 583; x_wconf 90' lang='lat' dir='ltr'><strong>si</strong></span> <span class='ocrx_word' id='word_1_410' title='bbox 2805 531 3101 587; x_wconf 85' lang='lat' dir='ltr'><strong>studiosius</strong></span> <span class='ocrx_word' id='word_1_411' title='bbox 3120 532 3350 604; x_wconf 74' lang='lat' dir='ltr'><strong>legeres,</strong></span> <span class='ocrx_word' id='word_1_412' title='bbox 3374 536 3506 594; x_wconf 77' lang='lat' dir='ltr'><strong>lecta</strong></span> <span class='ocrx_word' id='word_1_413' title='bbox 3530 547 3741 603; x_wconf 74' lang='lat' dir='ltr'><strong>memori:</strong></span> 
     </span>
    </p>
   </div>
   <div class='ocr_carea' id='block_1_65' title="bbox 2232 618 3736 690">
    <p class='ocr_par' dir='ltr' id='par_1_65' title="bbox 2232 618 3736 690">
     <span class='ocr_line' id='line_1_66' title="bbox 2232 618 3736 690; baseline 0.017 -25"><span class='ocrx_word' id='word_1_414' title='bbox 2232 618 2684 685; x_wconf 59' lang='lat' dir='ltr'><strong>,cotnmendarcs,</strong></span> <span class='ocrx_word' id='word_1_415' title='bbox 2715 621 2849 675; x_wconf 88' lang='lat' dir='ltr'><strong>nihil</strong></span> <span class='ocrx_word' id='word_1_416' title='bbox 2895 622 3279 681; x_wconf 78' lang='lat' dir='ltr'><strong>inconveniens</strong></span> <span class='ocrx_word' id='word_1_417' title='bbox 3305 638 3484 683; x_wconf 82' lang='lat' dir='ltr'><strong>contra</strong></span> <span class='ocrx_word' id='word_1_418' title='bbox 3520 635 3736 690; x_wconf 61' lang='lat' dir='ltr'><strong>tumulis</strong></span> 
     </span>
    </p>
   </div>
   <div class='ocr_carea' id='block_1_66' title="bbox 2245 707 3741 787">
    <p class='ocr_par' dir='ltr' id='par_1_66' title="bbox 2245 707 3741 787">
     <span class='ocr_line' id='line_1_67' title="bbox 2245 707 3741 787; baseline 0.013 -27"><span class='ocrx_word' id='word_1_419' title='bbox 2245 713 2383 760; x_wconf 87' lang='lat' dir='ltr'><strong>trem</strong></span> <span class='ocrx_word' id='word_1_420' title='bbox 2420 707 3009 781; x_wconf 83' lang='lat' dir='ltr'><strong>Ecclesiamsentires;</strong></span> <span class='ocrx_word' id='word_1_421' title='bbox 3048 716 3187 783; x_wconf 91' lang='lat' dir='ltr'><strong>quod</strong></span> <span class='ocrx_word' id='word_1_422' title='bbox 3216 715 3417 771; x_wconf 83' lang='lat' dir='ltr'><strong>dixisse</strong></span> <span class='ocrx_word' id='word_1_423' title='bbox 3447 720 3645 787; x_wconf 85' lang='lat' dir='ltr'><strong>diceris,</strong></span> <span class='ocrx_word' id='word_1_424' title='bbox 3667 741 3741 779; x_wconf 72' lang='lat' dir='ltr'><strong>nor.</strong></span> 
     </span>
    </p>
   </div>
   <div class='ocr_carea' id='block_1_67' title="bbox 2232 795 3743 869">
    <p class='ocr_par' dir='ltr' id='par_1_67' title="bbox 2232 795 3743 869">
     <span class='ocr_line' id='line_1_68' title="bbox 2232 795 3743 869; baseline 0.012 -17"><span class='ocrx_word' id='word_1_425' title='bbox 2232 795 2498 863; x_wconf 76' lang='lat' dir='ltr'><strong>dixisses,</strong></span> <span class='ocrx_word' id='word_1_426' title='bbox 2541 798 2652 855; x_wconf 85' lang='lat' dir='ltr'><strong>imo</strong></span> <span class='ocrx_word' id='word_1_427' title='bbox 2682 801 2885 857; x_wconf 87' lang='lat' dir='ltr'><strong>dictum</strong></span> <span class='ocrx_word' id='word_1_428' title='bbox 2917 805 2985 859; x_wconf 87' lang='lat' dir='ltr'><strong>ah</strong></span> <span class='ocrx_word' id='word_1_429' title='bbox 3018 804 3138 860; x_wconf 82' lang='lat' dir='ltr'><strong>aliis</strong></span> <span class='ocrx_word' id='word_1_430' title='bbox 3169 806 3375 862; x_wconf 84' lang='lat' dir='ltr'><strong>salubri</strong></span> <span class='ocrx_word' id='word_1_431' title='bbox 3404 809 3664 867; x_wconf 82' lang='lat' dir='ltr'><strong>invectione</strong></span> <span class='ocrx_word' id='word_1_432' title='bbox 3684 831 3743 869; x_wconf 82' lang='lat' dir='ltr'><strong>re-</strong></span> 
     </span>
    </p>
   </div>
   <div class='ocr_carea' id='block_1_68' title="bbox 2234 888 3738 969">
    <p class='ocr_par' dir='ltr' id='par_1_68' title="bbox 2234 888 3738 969">
     <span class='ocr_line' id='line_1_69' title="bbox 2234 888 3738 969; baseline 0.011 -26"><span class='ocrx_word' id='word_1_433' title='bbox 2234 888 2628 955; x_wconf 80' lang='lat' dir='ltr'><strong>prehenderes.</strong></span> <span class='ocrx_word' id='word_1_434' title='bbox 2669 890 2779 949; x_wconf 88' lang='lat' dir='ltr'><strong>Nec</strong></span> <span class='ocrx_word' id='word_1_435' title='bbox 2823 895 3039 963; x_wconf 90' lang='lat' dir='ltr'><strong>sobrius</strong></span> <span class='ocrx_word' id='word_1_436' title='bbox 3078 896 3369 968; x_wconf 83' lang='lat' dir='ltr'><strong>quisquam</strong></span> <span class='ocrx_word' id='word_1_437' title='bbox 3403 904 3639 969; x_wconf 80' lang='lat' dir='ltr'><strong>putaverit</strong></span> <span class='ocrx_word' id='word_1_438' title='bbox 3671 906 3738 962; x_wconf 64' lang='lat' dir='ltr'><strong>hoc</strong></span> 
     </span>
    </p>
   </div>
   <div class='ocr_carea' id='block_1_69' title="bbox 2243 977 3742 1064">
    <p class='ocr_par' dir='ltr' id='par_1_69' title="bbox 2243 977 3742 1064">
     <span class='ocr_line' id='line_1_70' title="bbox 2243 977 3742 1064; baseline 0.013 -34"><span class='ocrx_word' id='word_1_439' title='bbox 2243 991 2362 1032; x_wconf 86' lang='lat' dir='ltr'><strong>esse</strong></span> <span class='ocrx_word' id='word_1_440' title='bbox 2394 977 2446 1033; x_wconf 94' lang='lat' dir='ltr'><strong>in</strong></span> <span class='ocrx_word' id='word_1_441' title='bbox 2481 979 2653 1035; x_wconf 91' lang='lat' dir='ltr'><strong>aliena</strong></span> <span class='ocrx_word' id='word_1_442' title='bbox 2694 985 2953 1053; x_wconf 84' lang='lat' dir='ltr'><strong>parochia</strong></span> <span class='ocrx_word' id='word_1_443' title='bbox 2995 986 3194 1057; x_wconf 90' lang='lat' dir='ltr'><strong>aliquid</strong></span> <span class='ocrx_word' id='word_1_444' title='bbox 3230 999 3431 1047; x_wconf 84' lang='lat' dir='ltr'><strong>temere</strong></span> <span class='ocrx_word' id='word_1_445' title='bbox 3462 1008 3742 1064; x_wconf 53' lang='lat' dir='ltr'><strong>premium,</strong></span> 
     </span>
    </p>
   </div>
   <div class='ocr_carea' id='block_1_70' title="bbox 2244 1072 3743 1151">
    <p class='ocr_par' dir='ltr' id='par_1_70' title="bbox 2244 1072 3743 1151">
     <span class='ocr_line' id='line_1_71' title="bbox 2244 1072 3743 1151; baseline 0.01 -28"><span class='ocrx_word' id='word_1_446' title='bbox 2244 1083 2365 1123; x_wconf 84' lang='lat' dir='ltr'><strong>cum</strong></span> <span class='ocrx_word' id='word_1_447' title='bbox 2406 1084 2502 1138; x_wconf 86' lang='lat' dir='ltr'><strong>per</strong></span> <span class='ocrx_word' id='word_1_448' title='bbox 2531 1072 2957 1129; x_wconf 86' lang='lat' dir='ltr'><strong>misericordiam</strong></span> <span class='ocrx_word' id='word_1_449' title='bbox 2991 1072 3083 1131; x_wconf 77' lang='lat' dir='ltr'><strong>Dei</strong></span> <span class='ocrx_word' id='word_1_450' title='bbox 3116 1085 3286 1132; x_wconf 82' lang='lat' dir='ltr'><strong>totam</strong></span> <span class='ocrx_word' id='word_1_451' title='bbox 3318 1080 3452 1135; x_wconf 84' lang='lat' dir='ltr'><strong>hanc</strong></span> <span class='ocrx_word' id='word_1_452' title='bbox 3474 1121 3488 1146; x_wconf 94' lang='lat'><strong>,</strong></span> <span class='ocrx_word' id='word_1_453' title='bbox 3524 1096 3656 1151; x_wconf 77' lang='lat' dir='ltr'><strong>quam</strong></span> <span class='ocrx_word' id='word_1_454' title='bbox 3680 1100 3743 1138; x_wconf 78' lang='lat' dir='ltr'><strong>vo-</strong></span> 
     </span>
    </p>
   </div>
   <div class='ocr_carea' id='block_1_71' title="bbox 2243 1159 3742 1233">
    <p class='ocr_par' dir='ltr' id='par_1_71' title="bbox 2243 1159 3742 1233">
     <span class='ocr_line' id='line_1_72' title="bbox 2243 1159 3742 1233; baseline 0.013 -22"><span class='ocrx_word' id='word_1_455' title='bbox 2243 1168 2369 1213; x_wconf 85' lang='lat' dir='ltr'><strong>cant</strong></span> <span class='ocrx_word' id='word_1_456' title='bbox 2399 1159 2760 1217; x_wconf 84' lang='lat' dir='ltr'><strong>Britannicam</strong></span> <span class='ocrx_word' id='word_1_457' title='bbox 2794 1165 3023 1221; x_wconf 86' lang='lat' dir='ltr'><strong>insulam</strong></span> <span class='ocrx_word' id='word_1_458' title='bbox 3050 1206 3065 1233; x_wconf 94' lang='lat'><strong>,</strong></span> <span class='ocrx_word' id='word_1_459' title='bbox 3096 1183 3259 1223; x_wconf 87' lang='lat' dir='ltr'><strong>uuam</strong></span> <span class='ocrx_word' id='word_1_460' title='bbox 3296 1171 3452 1226; x_wconf 87' lang='lat' dir='ltr'><strong>unius</strong></span> <span class='ocrx_word' id='word_1_461' title='bbox 3483 1176 3742 1229; x_wconf 68' lang='lat' dir='ltr'><strong>nostrazilc-</strong></span> 
     </span>
    </p>
   </div>
   <div class='ocr_carea' id='block_1_72' title="bbox 2234 1250 3184 1329">
    <p class='ocr_par' dir='ltr' id='par_1_72' title="bbox 2234 1250 3184 1329">
     <span class='ocr_line' id='line_1_73' title="bbox 2234 1250 3184 1329; baseline 0.009 -24"><span class='ocrx_word' id='word_1_462' title='bbox 2234 1250 2420 1329; x_wconf 54' lang='lat' dir='ltr'><strong>.clesia‘.</strong></span> <span class='ocrx_word' id='word_1_463' title='bbox 2453 1263 2663 1329; x_wconf 87' lang='lat' dir='ltr'><strong>constet</strong></span> <span class='ocrx_word' id='word_1_464' title='bbox 2693 1271 2815 1312; x_wconf 88' lang='lat' dir='ltr'><strong>esse</strong></span> <span class='ocrx_word' id='word_1_465' title='bbox 2845 1260 3184 1327; x_wconf 87' lang='lat' dir='ltr'><strong>parochiam.</strong></span> 
     </span>
    </p>
   </div>
   <div class='ocr_carea' id='block_1_73' title="bbox 2234 1348 3745 1429">
    <p class='ocr_par' dir='ltr' id='par_1_73' title="bbox 2234 1348 3745 1429">
     <span class='ocr_line' id='line_1_74' title="bbox 2234 1348 3745 1429; baseline 0.01 -30"><span class='ocrx_word' id='word_1_466' title='bbox 2234 1394 2239 1399; x_wconf 82' lang='lat'><strong>.</strong></span> <span class='ocrx_word' id='word_1_467' title='bbox 2312 1348 2642 1407; x_wconf 83' lang='lat' dir='ltr'><strong>llermanum</strong></span> <span class='ocrx_word' id='word_1_468' title='bbox 2685 1356 3043 1422; x_wconf 86' lang='lat' dir='ltr'><strong>monachum,</strong></span> <span class='ocrx_word' id='word_1_469' title='bbox 3082 1355 3238 1425; x_wconf 79' lang='lat' dir='ltr'><strong>cttjus</strong></span> <span class='ocrx_word' id='word_1_470' title='bbox 3279 1358 3386 1413; x_wconf 87' lang='lat' dir='ltr'><strong>vita</strong></span> <span class='ocrx_word' id='word_1_471' title='bbox 3428 1359 3590 1413; x_wconf 89' lang='lat' dir='ltr'><strong>multis</strong></span> <span class='ocrx_word' id='word_1_472' title='bbox 3616 1376 3745 1429; x_wconf 80' lang='lat' dir='ltr'><strong>repre-</strong></span> 
     </span>
    </p>
   </div>
   <div class='ocr_carea' id='block_1_74' title="bbox 2241 1440 3743 1519">
    <p class='ocr_par' dir='ltr' id='par_1_74' title="bbox 2241 1440 3743 1519">
     <span class='ocr_line' id='line_1_75' title="bbox 2241 1440 3743 1519; baseline 0.007 -25"><span class='ocrx_word' id='word_1_473' title='bbox 2241 1440 2595 1501; x_wconf 87' lang='lat' dir='ltr'><strong>hensionibus</strong></span> <span class='ocrx_word' id='word_1_474' title='bbox 2641 1445 2870 1511; x_wconf 76' lang='lat' dir='ltr'><strong>obnoxia</strong></span> <span class='ocrx_word' id='word_1_475' title='bbox 2925 1449 3270 1519; x_wconf 82' lang='lat' dir='ltr'><strong>perhibetur,</strong></span> <span class='ocrx_word' id='word_1_476' title='bbox 3314 1466 3347 1504; x_wconf 82' lang='lat' dir='ltr'><strong>a</strong></span> <span class='ocrx_word' id='word_1_477' title='bbox 3412 1454 3647 1508; x_wconf 86' lang='lat' dir='ltr'><strong>consortio</strong></span> <span class='ocrx_word' id='word_1_478' title='bbox 3682 1467 3743 1510; x_wconf 80' lang='lat' dir='ltr'><strong>um</strong></span> 
     </span>
    </p>
   </div>
   <div class='ocr_carea' id='block_1_75' title="bbox 2245 1532 3742 1609">
    <p class='ocr_par' dir='ltr' id='par_1_75' title="bbox 2245 1532 3742 1609">
     <span class='ocr_line' id='line_1_76' title="bbox 2245 1532 3742 1609; baseline 0.009 -25"><span class='ocrx_word' id='word_1_479' title='bbox 2245 1540 2455 1601; x_wconf 76' lang='lat' dir='ltr'><strong>tuaeque</strong></span> <span class='ocrx_word' id='word_1_480' title='bbox 2493 1532 2685 1607; x_wconf 89' lang='lat' dir='ltr'><strong>domus</strong></span> <span class='ocrx_word' id='word_1_481' title='bbox 2749 1539 2966 1609; x_wconf 86' lang='lat' dir='ltr'><strong>penitus</strong></span> <span class='ocrx_word' id='word_1_482' title='bbox 3005 1554 3258 1606; x_wconf 88' lang='lat' dir='ltr'><strong>remove;</strong></span> <span class='ocrx_word' id='word_1_483' title='bbox 3306 1540 3425 1597; x_wconf 86' lang='lat' dir='ltr'><strong>volo</strong></span> <span class='ocrx_word' id='word_1_484' title='bbox 3464 1544 3591 1597; x_wconf 83' lang='lat' dir='ltr'><strong>enim</strong></span> <span class='ocrx_word' id='word_1_485' title='bbox 3638 1556 3681 1597; x_wconf 86' lang='lat' dir='ltr'><strong>ut</strong></span> <span class='ocrx_word' id='word_1_486' title='bbox 3708 1548 3742 1598; x_wconf 78' lang='lat' dir='ltr'><strong>in</strong></span> 
     </span>
    </p>
   </div>
   <div class='ocr_carea' id='block_1_76' title="bbox 2245 1624 3742 1701">
    <p class='ocr_par' dir='ltr' id='par_1_76' title="bbox 2245 1624 3742 1701">
     <span class='ocr_line' id='line_1_77' title="bbox 2245 1624 3742 1701; baseline 0.01 -25"><span class='ocrx_word' id='word_1_487' title='bbox 2245 1624 2475 1693; x_wconf 82' lang='lat' dir='ltr'><strong>regulari</strong></span> <span class='ocrx_word' id='word_1_488' title='bbox 2501 1628 2828 1684; x_wconf 88' lang='lat' dir='ltr'><strong>monasterio</strong></span> <span class='ocrx_word' id='word_1_489' title='bbox 2852 1629 3173 1700; x_wconf 81' lang='lat' dir='ltr'><strong>regulariter</strong></span> <span class='ocrx_word' id='word_1_490' title='bbox 3198 1632 3373 1699; x_wconf 88' lang='lat' dir='ltr'><strong>vivat,</strong></span> <span class='ocrx_word' id='word_1_491' title='bbox 3402 1642 3506 1701; x_wconf 90' lang='lat' dir='ltr'><strong>aut,</strong></span> <span class='ocrx_word' id='word_1_492' title='bbox 3531 1635 3569 1689; x_wconf 91' lang='lat' dir='ltr'><strong>si</strong></span> <span class='ocrx_word' id='word_1_493' title='bbox 3589 1635 3669 1691; x_wconf 85' lang='lat' dir='ltr'><strong>hoc</strong></span> <span class='ocrx_word' id='word_1_494' title='bbox 3688 1652 3742 1691; x_wconf 71' lang='lat' dir='ltr'><strong>re</strong></span> 
     </span>
    </p>
   </div>
   <div class='ocr_carea' id='block_1_77' title="bbox 2244 1716 3301 1789">
    <p class='ocr_par' dir='ltr' id='par_1_77' title="bbox 2244 1716 3301 1789">
     <span class='ocr_line' id='line_1_78' title="bbox 2244 1716 3301 1789; baseline 0.008 -20"><span class='ocrx_word' id='word_1_495' title='bbox 2244 1716 2381 1781; x_wconf 87' lang='lat' dir='ltr'><strong>nuit,</strong></span> <span class='ocrx_word' id='word_1_496' title='bbox 2412 1718 2477 1771; x_wconf 88' lang='lat' dir='ltr'><strong>de</strong></span> <span class='ocrx_word' id='word_1_497' title='bbox 2506 1733 2671 1789; x_wconf 83' lang='lat' dir='ltr'><strong>regno</strong></span> <span class='ocrx_word' id='word_1_498' title='bbox 2696 1720 2989 1788; x_wconf 79' lang='lat' dir='ltr'><strong>Anglorum</strong></span> <span class='ocrx_word' id='word_1_499' title='bbox 3019 1723 3301 1777; x_wconf 81' lang='lat' dir='ltr'><strong>abscedat.</strong></span> 
     </span>
    </p>
   </div>
   <div class='ocr_carea' id='block_1_78' title="bbox 2731 1812 3301 1877">
    <p class='ocr_par' dir='ltr' id='par_1_78' title="bbox 2731 1812 3301 1877">
     <span class='ocr_line' id='line_1_79' title="bbox 2731 1812 3301 1877; baseline 0.009 -11"><span class='ocrx_word' id='word_1_500' title='bbox 2731 1812 3067 1877; x_wconf 78' lang='lat' dir='ltr'><strong>EPISTOLA</strong></span> <span class='ocrx_word' id='word_1_501' title='bbox 3107 1816 3301 1873; x_wconf 74' lang='lat' dir='ltr'><strong>XXIV.</strong></span> 
     </span>
    </p>
   </div>
   <div class='ocr_carea' id='block_1_79' title="bbox 2410 1917 3625 1966">
    <p class='ocr_par' dir='ltr' id='par_1_79' title="bbox 2410 1917 3625 1966">
     <span class='ocr_line' id='line_1_80' title="bbox 2410 1917 3625 1966; baseline 0.009 -12"><span class='ocrx_word' id='word_1_502' title='bbox 2410 1917 2476 1955; x_wconf 79' lang='lat' dir='ltr'><strong>AD</strong></span> <span class='ocrx_word' id='word_1_503' title='bbox 2516 1919 2818 1961; x_wconf 71' lang='lat' dir='ltr'><strong>HAUR&#39;ITIUM</strong></span> <span class='ocrx_word' id='word_1_504' title='bbox 2859 1922 3264 1964; x_wconf 67' lang='lat' dir='ltr'><strong>LONDONIENSEM</strong></span> <span class='ocrx_word' id='word_1_505' title='bbox 3304 1926 3625 1966; x_wconf 69' lang='lat' dir='ltr'><strong>ANTISTITEI.</strong></span> 
     </span>
    </p>
   </div>
   <div class='ocr_carea' id='block_1_80' title="bbox 2235 1989 3739 2071">
    <p class='ocr_par' dir='ltr' id='par_1_80' title="bbox 2235 1989 3739 2071">
     <span class='ocr_line' id='line_1_81' title="bbox 2235 1989 3739 2071; baseline 0.007 -26"><span class='ocrx_word' id='word_1_506' title='bbox 2235 1989 2423 2071; x_wconf 69' lang='lat' dir='ltr'><strong>Electa</strong></span> <span class='ocrx_word' id='word_1_507' title='bbox 2460 1995 2697 2071; x_wconf 69' lang='lat' dir='ltr'><strong>episcopo</strong></span> <span class='ocrx_word' id='word_1_508' title='bbox 2756 1997 2897 2051; x_wconf 81' lang='lat' dir='ltr'><strong>diem</strong></span> <span class='ocrx_word' id='word_1_509' title='bbox 2930 1999 3168 2069; x_wconf 82' lang='lat' dir='ltr'><strong>designat</strong></span> <span class='ocrx_word' id='word_1_510' title='bbox 3203 2017 3323 2071; x_wconf 17' lang='lat' dir='ltr'><strong>Aqua</strong></span> <span class='ocrx_word' id='word_1_511' title='bbox 3360 2002 3627 2071; x_wconf 76' lang='lat' dir='ltr'><strong>presbyterii</strong></span> <span class='ocrx_word' id='word_1_512' title='bbox 3655 2019 3739 2069; x_wconf 82' lang='lat' dir='ltr'><strong>gra-</strong></span> 
     </span>
    </p>
   </div>
   <div class='ocr_carea' id='block_1_81' title="bbox 2314 2063 3738 2141">
    <p class='ocr_par' dir='ltr' id='par_1_81' title="bbox 2314 2063 3738 2141">
     <span class='ocr_line' id='line_1_82' title="bbox 2314 2063 3738 2141; baseline 0.006 -27"><span class='ocrx_word' id='word_1_513' title='bbox 2314 2063 2438 2116; x_wconf 86' lang='lat' dir='ltr'><strong>dum</strong></span> <span class='ocrx_word' id='word_1_514' title='bbox 2469 2066 2515 2117; x_wconf 86' lang='lat' dir='ltr'><strong>ei</strong></span> <span class='ocrx_word' id='word_1_515' title='bbox 2558 2064 2847 2141; x_wconf 73' lang='lat' dir='ltr'><strong>collaturus</strong></span> <span class='ocrx_word' id='word_1_516' title='bbox 2898 2079 2972 2122; x_wconf 85' lang='lat' dir='ltr'><strong>est</strong></span> <span class='ocrx_word' id='word_1_517' title='bbox 3001 2110 3014 2133; x_wconf 90' lang='lat'><strong>,</strong></span> <span class='ocrx_word' id='word_1_518' title='bbox 3043 2063 3313 2137; x_wconf 60' lang='lat' dir='ltr'><strong>simulque</strong></span> <span class='ocrx_word' id='word_1_519' title='bbox 3346 2063 3415 2123; x_wconf 75' lang='lat' dir='ltr'><strong>rid</strong></span> <span class='ocrx_word' id='word_1_520' title='bbox 3442 2063 3544 2141; x_wconf 64' lang='lat' dir='ltr'><strong>ejus</strong></span> <span class='ocrx_word' id='word_1_521' title='bbox 3577 2063 3738 2125; x_wconf 64' lang='lat' dir='ltr'><strong>interro-</strong></span> 
     </span>
    </p>
   </div>
   <div class='ocr_carea' id='block_1_82' title="bbox 2310 2137 3741 2211">
    <p class='ocr_par' dir='ltr' id='par_1_82' title="bbox 2310 2137 3741 2211">
     <span class='ocr_line' id='line_1_83' title="bbox 2310 2137 3741 2211; baseline 0.006 -27"><span class='ocrx_word' id='word_1_522' title='bbox 2310 2144 2434 2211; x_wconf 73' lang='lat' dir='ltr'><strong>gnta</strong></span> <span class='ocrx_word' id='word_1_523' title='bbox 2474 2137 2764 2211; x_wconf 66' lang='lat' dir='ltr'><strong>respondet,</strong></span> <span class='ocrx_word' id='word_1_524' title='bbox 2791 2139 2868 2211; x_wconf 26' lang='lat' dir='ltr'><strong>Ade</strong></span> <span class='ocrx_word' id='word_1_525' title='bbox 2908 2141 3116 2211; x_wconf 78' lang='lat' dir='ltr'><strong>homine</strong></span> <span class='ocrx_word' id='word_1_526' title='bbox 3145 2140 3289 2209; x_wconf 77' lang='lat' dir='ltr'><strong>apud</strong></span> <span class='ocrx_word' id='word_1_527' title='bbox 3320 2137 3541 2211; x_wconf 72' lang='lat' dir='ltr'><strong>raptam</strong></span> <span class='ocrx_word' id='word_1_528' title='bbox 3564 2154 3741 2201; x_wconf 72' lang='lat' dir='ltr'><strong>mortuo.</strong></span> 
     </span>
    </p>
   </div>
   <div class='ocr_carea' id='block_1_83' title="bbox 2312 2203 3741 2283">
    <p class='ocr_par' dir='ltr' id='par_1_83' title="bbox 2312 2203 3741 2283">
     <span class='ocr_line' id='line_1_84' title="bbox 2312 2203 3741 2283; baseline 0.006 -29"><span class='ocrx_word' id='word_1_529' title='bbox 2312 2203 2376 2255; x_wconf 83' lang='lat' dir='ltr'><strong>de</strong></span> <span class='ocrx_word' id='word_1_530' title='bbox 2405 2204 2662 2283; x_wconf 76' lang='lat' dir='ltr'><strong>colloquio</strong></span> <span class='ocrx_word' id='word_1_531' title='bbox 2694 2208 2827 2278; x_wconf 83' lang='lat' dir='ltr'><strong>regis</strong></span> <span class='ocrx_word' id='word_1_532' title='bbox 2844 2249 2865 2283; x_wconf 24' lang='grc' dir='ltr'><strong>Α.</strong></span> <span class='ocrx_word' id='word_1_533' title='bbox 2896 2220 2942 2263; x_wconf 90' lang='lat' dir='ltr'><strong>et</strong></span> <span class='ocrx_word' id='word_1_534' title='bbox 2970 2213 3034 2263; x_wconf 84' lang='lat' dir='ltr'><strong>de</strong></span> <span class='ocrx_word' id='word_1_535' title='bbox 3070 2203 3260 2264; x_wconf 80' lang='lat' dir='ltr'><strong>clerico</strong></span> <span class='ocrx_word' id='word_1_536' title='bbox 3282 2203 3451 2281; x_wconf 49' lang='lat' dir='ltr'><strong>qui&#39;in</strong></span> <span class='ocrx_word' id='word_1_537' title='bbox 3481 2212 3578 2283; x_wconf 76' lang='lat' dir='ltr'><strong>ejus</strong></span> <span class='ocrx_word' id='word_1_538' title='bbox 3601 2213 3741 2282; x_wconf 74' lang='lat' dir='ltr'><strong>episco-</strong></span> 
     </span>
    </p>
   </div>
   <div class='ocr_carea' id='block_1_84' title="bbox 2310 2278 3142 2342">
    <p class='ocr_par' dir='ltr' id='par_1_84' title="bbox 2310 2278 3142 2342">
     <span class='ocr_line' id='line_1_85' title="bbox 2310 2278 3142 2342; baseline 0.011 -17"><span class='ocrx_word' id='word_1_539' title='bbox 2310 2283 2489 2342; x_wconf 79' lang='lat' dir='ltr'><strong>patum</strong></span> <span class='ocrx_word' id='word_1_540' title='bbox 2521 2278 2633 2329; x_wconf 85' lang='lat' dir='ltr'><strong>sine</strong></span> <span class='ocrx_word' id='word_1_541' title='bbox 2661 2280 2881 2333; x_wconf 76' lang='lat' dir='ltr'><strong>servatis</strong></span> <span class='ocrx_word' id='word_1_542' title='bbox 2912 2294 3142 2334; x_wconf 78' lang='lat' dir='ltr'><strong>venerat.</strong></span> 
     </span>
    </p>
   </div>
   <div class='ocr_carea' id='block_1_85' title="bbox 2312 2363 3738 2445">
    <p class='ocr_par' dir='ltr' id='par_1_85' title="bbox 2312 2363 3738 2445">
     <span class='ocr_line' id='line_1_86' title="bbox 2312 2363 3738 2445; baseline 0.006 -28"><span class='ocrx_word' id='word_1_543' title='bbox 2312 2363 2657 2423; x_wconf 64' lang='lat' dir='ltr'><strong>Laarnaacus</strong></span> <span class='ocrx_word' id='word_1_544' title='bbox 2710 2369 2887 2424; x_wconf 86' lang='lat' dir='ltr'><strong>divina</strong></span> <span class='ocrx_word' id='word_1_545' title='bbox 2939 2373 3313 2429; x_wconf 87' lang='lat' dir='ltr'><strong>misericordia</strong></span> <span class='ocrx_word' id='word_1_546' title='bbox 3361 2374 3738 2445; x_wconf 72' lang='lat' dir='ltr'><strong>archiepiscttpus,</strong></span> 
     </span>
    </p>
   </div>
   <div class='ocr_carea' id='block_1_86' title="bbox 2231 2454 3738 2523">
    <p class='ocr_par' dir='ltr' id='par_1_86' title="bbox 2231 2454 3738 2523">
     <span class='ocr_line' id='line_1_87' title="bbox 2231 2454 3738 2523; baseline 0.007 -16"><span class='ocrx_word' id='word_1_547' title='bbox 2231 2454 2437 2511; x_wconf 83' lang='lat' dir='ltr'><strong>dilecto</strong></span> <span class='ocrx_word' id='word_1_548' title='bbox 2475 2457 2626 2513; x_wconf 80' lang='lat' dir='ltr'><strong>fratri</strong></span> <span class='ocrx_word' id='word_1_549' title='bbox 2667 2461 3060 2520; x_wconf 85' lang='lat' dir='ltr'><strong>Lundoniensis</strong></span> <span class='ocrx_word' id='word_1_550' title='bbox 3096 2465 3358 2522; x_wconf 77' lang='lat' dir='ltr'><strong>Ecclesia:</strong></span> <span class='ocrx_word' id='word_1_551' title='bbox 3386 2467 3542 2523; x_wconf 89' lang='lat' dir='ltr'><strong>electo</strong></span> <span class='ocrx_word' id='word_1_552' title='bbox 3573 2467 3738 2520; x_wconf 81' lang='lat' dir='ltr'><strong>antistiti</strong></span> 
     </span>
    </p>
   </div>
   <div class='ocr_carea' id='block_1_87' title="bbox 2242 2544 2825 2615">
    <p class='ocr_par' dir='ltr' id='par_1_87' title="bbox 2242 2544 2825 2615">
     <span class='ocr_line' id='line_1_88' title="bbox 2242 2544 2825 2615; baseline 0.017 -18"><span class='ocrx_word' id='word_1_553' title='bbox 2242 2544 2537 2615; x_wconf 74' lang='lat' dir='ltr'><strong>MAURlTlO,</strong></span> <span class='ocrx_word' id='word_1_554' title='bbox 2573 2552 2825 2608; x_wconf 88' lang='lat' dir='ltr'><strong>salutem.</strong></span> 
     </span>
    </p>
   </div>
   <div class='ocr_carea' id='block_1_88' title="bbox 2314 2638 3741 2717">
    <p class='ocr_par' dir='ltr' id='par_1_88' title="bbox 2314 2638 3741 2717">
     <span class='ocr_line' id='line_1_89' title="bbox 2314 2638 3741 2717; baseline 0.008 -26"><span class='ocrx_word' id='word_1_555' title='bbox 2314 2638 2369 2692; x_wconf 90' lang='lat' dir='ltr'><strong>In</strong></span> <span class='ocrx_word' id='word_1_556' title='bbox 2398 2641 2585 2709; x_wconf 90' lang='lat' dir='ltr'><strong>primis</strong></span> <span class='ocrx_word' id='word_1_557' title='bbox 2609 2645 2812 2709; x_wconf 76' lang='lat' dir='ltr'><strong>gratias</strong></span> <span class='ocrx_word' id='word_1_558' title='bbox 2838 2660 2937 2717; x_wconf 81' lang='lat' dir='ltr'><strong>ago</strong></span> <span class='ocrx_word' id='word_1_559' title='bbox 2962 2648 3102 2716; x_wconf 90' lang='lat' dir='ltr'><strong>quod</strong></span> <span class='ocrx_word' id='word_1_560' title='bbox 3134 2664 3317 2704; x_wconf 86' lang='lat' dir='ltr'><strong>meam</strong></span> <span class='ocrx_word' id='word_1_561' title='bbox 3345 2650 3480 2707; x_wconf 90' lang='lat' dir='ltr'><strong>sicut</strong></span> <span class='ocrx_word' id='word_1_562' title='bbox 3505 2659 3622 2704; x_wconf 82' lang='lat' dir='ltr'><strong>tuam</strong></span> <span class='ocrx_word' id='word_1_563' title='bbox 3646 2649 3741 2704; x_wconf 75' lang='lat' dir='ltr'><strong>desi-</strong></span> 
     </span>
    </p>
   </div>
   <div class='ocr_carea' id='block_1_89' title="bbox 2240 2730 3740 2812">
    <p class='ocr_par' dir='ltr' id='par_1_89' title="bbox 2240 2730 3740 2812">
     <span class='ocr_line' id='line_1_90' title="bbox 2240 2730 3740 2812; baseline 0.005 -29"><span class='ocrx_word' id='word_1_564' title='bbox 2240 2730 2435 2786; x_wconf 84' lang='lat' dir='ltr'><strong>derare</strong></span> <span class='ocrx_word' id='word_1_565' title='bbox 2483 2732 2709 2789; x_wconf 82' lang='lat' dir='ltr'><strong>salutem</strong></span> <span class='ocrx_word' id='word_1_566' title='bbox 2754 2745 2804 2791; x_wconf 91' lang='lat' dir='ltr'><strong>te</strong></span> <span class='ocrx_word' id='word_1_567' title='bbox 2834 2739 3068 2804; x_wconf 85' lang='lat' dir='ltr'><strong>asseris,</strong></span> <span class='ocrx_word' id='word_1_568' title='bbox 3116 2740 3371 2812; x_wconf 87' lang='lat' dir='ltr'><strong>quodque</strong></span> <span class='ocrx_word' id='word_1_569' title='bbox 3404 2742 3655 2812; x_wconf 83' lang='lat' dir='ltr'><strong>profectum</strong></span> <span class='ocrx_word' id='word_1_570' title='bbox 3689 2740 3740 2791; x_wconf 73' lang='lat' dir='ltr'><strong>ri-</strong></span> 
     </span>
    </p>
   </div>
   <div class='ocr_carea' id='block_1_90' title="bbox 2240 2820 3737 2905">
    <p class='ocr_par' dir='ltr' id='par_1_90' title="bbox 2240 2820 3737 2905">
     <span class='ocr_line' id='line_1_91' title="bbox 2240 2820 3737 2905; baseline 0.008 -32"><span class='ocrx_word' id='word_1_571' title='bbox 2240 2823 2395 2877; x_wconf 83' lang='lat' dir='ltr'><strong>vendi</strong></span> <span class='ocrx_word' id='word_1_572' title='bbox 2422 2820 2650 2881; x_wconf 86' lang='lat' dir='ltr'><strong>honeste</strong></span> <span class='ocrx_word' id='word_1_573' title='bbox 2678 2868 2691 2893; x_wconf 93' lang='lat'><strong>,</strong></span> <span class='ocrx_word' id='word_1_574' title='bbox 2723 2844 2819 2899; x_wconf 89' lang='lat' dir='ltr'><strong>per</strong></span> <span class='ocrx_word' id='word_1_575' title='bbox 2845 2844 3017 2884; x_wconf 88' lang='lat' dir='ltr'><strong>meam</strong></span> <span class='ocrx_word' id='word_1_576' title='bbox 3050 2833 3479 2905; x_wconf 87' lang='lat' dir='ltr'><strong>qualemcunque</strong></span> <span class='ocrx_word' id='word_1_577' title='bbox 3515 2834 3737 2889; x_wconf 71' lang='lat' dir='ltr'><strong>doctrinam</strong></span> 
     </span>
    </p>
   </div>
   <div class='ocr_carea' id='block_1_91' title="bbox 2240 2910 3737 2987">
    <p class='ocr_par' dir='ltr' id='par_1_91' title="bbox 2240 2910 3737 2987">
     <span class='ocr_line' id='line_1_92' title="bbox 2240 2910 3737 2987; baseline 0.006 -22"><span class='ocrx_word' id='word_1_578' title='bbox 2240 2910 2550 2968; x_wconf 88' lang='lat' dir='ltr'><strong>habiturum</strong></span> <span class='ocrx_word' id='word_1_579' title='bbox 2596 2925 2646 2971; x_wconf 90' lang='lat' dir='ltr'><strong>te</strong></span> <span class='ocrx_word' id='word_1_580' title='bbox 2677 2933 2798 2972; x_wconf 86' lang='lat' dir='ltr'><strong>esse</strong></span> <span class='ocrx_word' id='word_1_581' title='bbox 2828 2920 3092 2987; x_wconf 85' lang='lat' dir='ltr'><strong>confidis;</strong></span> <span class='ocrx_word' id='word_1_582' title='bbox 3128 2921 3249 2977; x_wconf 72' lang='lat' dir='ltr'><strong>lucc</strong></span> <span class='ocrx_word' id='word_1_583' title='bbox 3287 2940 3350 2978; x_wconf 82' lang='lat' dir='ltr'><strong>ex</strong></span> <span class='ocrx_word' id='word_1_584' title='bbox 3386 2925 3633 2979; x_wconf 75' lang='lat' dir='ltr'><strong>dilectione</strong></span> <span class='ocrx_word' id='word_1_585' title='bbox 3667 2936 3737 2974; x_wconf 71' lang='lat' dir='ltr'><strong>non</strong></span> 
     </span>
    </p>
   </div>
   <div class='ocr_carea' id='block_1_92' title="bbox 2241 3002 3738 3084">
    <p class='ocr_par' dir='ltr' id='par_1_92' title="bbox 2241 3002 3738 3084">
     <span class='ocr_line' id='line_1_93' title="bbox 2241 3002 3738 3084; baseline 0.006 -30"><span class='ocrx_word' id='word_1_586' title='bbox 2241 3002 2449 3056; x_wconf 84' lang='lat' dir='ltr'><strong>modica</strong></span> <span class='ocrx_word' id='word_1_587' title='bbox 2480 3005 2777 3073; x_wconf 87' lang='lat' dir='ltr'><strong>procedere</strong></span> <span class='ocrx_word' id='word_1_588' title='bbox 2803 3006 2997 3063; x_wconf 85' lang='lat' dir='ltr'><strong>solent.</strong></span> <span class='ocrx_word' id='word_1_589' title='bbox 3034 3010 3111 3066; x_wconf 83' lang='lat' dir='ltr'><strong>Ad</strong></span> <span class='ocrx_word' id='word_1_590' title='bbox 3139 3012 3464 3084; x_wconf 80' lang='lat' dir='ltr'><strong>interrogata</strong></span> <span class='ocrx_word' id='word_1_591' title='bbox 3494 3024 3587 3079; x_wconf 87' lang='lat' dir='ltr'><strong>tua,</strong></span> <span class='ocrx_word' id='word_1_592' title='bbox 3611 3012 3738 3067; x_wconf 73' lang='lat' dir='ltr'><strong>brevia</strong></span> 
     </span>
    </p>
   </div>
   <div class='ocr_carea' id='block_1_93' title="bbox 2164 3096 3738 3183">
    <p class='ocr_par' dir='ltr' id='par_1_93' title="bbox 2164 3096 3738 3183">
     <span class='ocr_line' id='line_1_94' title="bbox 2164 3096 3738 3183; baseline 0.005 -37"><span class='ocrx_word' id='word_1_593' title='bbox 2164 3122 2209 3183; x_wconf 61' lang='grc' dir='ltr'>Ο</span> <span class='ocrx_word' id='word_1_594' title='bbox 2244 3110 2501 3164; x_wconf 86' lang='lat' dir='ltr'><strong>responsa</strong></span> <span class='ocrx_word' id='word_1_595' title='bbox 2559 3096 2734 3153; x_wconf 88' lang='lat' dir='ltr'><strong>mitto.</strong></span> <span class='ocrx_word' id='word_1_596' title='bbox 2770 3100 2844 3154; x_wconf 88' lang='lat' dir='ltr'><strong>De</strong></span> <span class='ocrx_word' id='word_1_597' title='bbox 2881 3099 3101 3157; x_wconf 89' lang='lat' dir='ltr'><strong>homine</strong></span> <span class='ocrx_word' id='word_1_598' title='bbox 3141 3118 3305 3173; x_wconf 89' lang='lat' dir='ltr'><strong>quem</strong></span> <span class='ocrx_word' id='word_1_599' title='bbox 3355 3114 3549 3175; x_wconf 87' lang='lat' dir='ltr'><strong>captum</strong></span> <span class='ocrx_word' id='word_1_600' title='bbox 3576 3115 3619 3158; x_wconf 89' lang='lat' dir='ltr'><strong>et</strong></span> <span class='ocrx_word' id='word_1_601' title='bbox 3642 3101 3738 3171; x_wconf 76' lang='lat' dir='ltr'><strong>apud</strong></span> 
     </span>
    </p>
   </div>
   <div class='ocr_carea' id='block_1_94' title="bbox 2240 3190 3739 3267">
    <p class='ocr_par' dir='ltr' id='par_1_94' title="bbox 2240 3190 3739 3267">
     <span class='ocr_line' id='line_1_95' title="bbox 2240 3190 3739 3267; baseline 0.005 -29"><span class='ocrx_word' id='word_1_602' title='bbox 2240 3195 2487 3253; x_wconf 87' lang='lat' dir='ltr'><strong>captorcs</strong></span> <span class='ocrx_word' id='word_1_603' title='bbox 2526 3199 2796 3243; x_wconf 85' lang='lat' dir='ltr'><strong>mortuum</strong></span> <span class='ocrx_word' id='word_1_604' title='bbox 2831 3190 2997 3248; x_wconf 82' lang='lat' dir='ltr'><strong>fuisse</strong></span> <span class='ocrx_word' id='word_1_605' title='bbox 3024 3194 3306 3250; x_wconf 89' lang='lat' dir='ltr'><strong>inventum</strong></span> <span class='ocrx_word' id='word_1_606' title='bbox 3348 3195 3739 3267; x_wconf 68' lang='lat' dir='ltr'><strong>sei-ipsisti,aliso-</strong></span> 
     </span>
    </p>
   </div>
   <div class='ocr_carea' id='block_1_95' title="bbox 2238 3274 3737 3357">
    <p class='ocr_par' dir='ltr' id='par_1_95' title="bbox 2238 3274 3737 3357">
     <span class='ocr_line' id='line_1_96' title="bbox 2238 3274 3737 3357; baseline 0.005 -30"><span class='ocrx_word' id='word_1_607' title='bbox 2238 3274 2347 3329; x_wconf 90' lang='lat' dir='ltr'><strong>lute</strong></span> <span class='ocrx_word' id='word_1_608' title='bbox 2376 3277 2469 3329; x_wconf 90' lang='lat' dir='ltr'><strong>tibi</strong></span> <span class='ocrx_word' id='word_1_609' title='bbox 2500 3277 2564 3331; x_wconf 88' lang='lat' dir='ltr'><strong>ad</strong></span> <span class='ocrx_word' id='word_1_610' title='bbox 2592 3294 2831 3348; x_wconf 82' lang='lat' dir='ltr'><strong>praesens</strong></span> <span class='ocrx_word' id='word_1_611' title='bbox 2856 3285 3185 3352; x_wconf 83' lang='lat' dir='ltr'><strong>respondere</strong></span> <span class='ocrx_word' id='word_1_612' title='bbox 3211 3303 3317 3342; x_wconf 91' lang='lat' dir='ltr'><strong>non</strong></span> <span class='ocrx_word' id='word_1_613' title='bbox 3345 3302 3564 3357; x_wconf 90' lang='lat' dir='ltr'><strong>possum,</strong></span> <span class='ocrx_word' id='word_1_614' title='bbox 3589 3283 3737 3355; x_wconf 49' lang='lat' dir='ltr'><strong>quoad.</strong></span> 
     </span>
    </p>
   </div>
   <div class='ocr_carea' id='block_1_96' title="bbox 2238 3372 3735 3447">
    <p class='ocr_par' dir='ltr' id='par_1_96' title="bbox 2238 3372 3735 3447">
     <span class='ocr_line' id='line_1_97' title="bbox 2238 3372 3735 3447; baseline 0.006 -27"><span class='ocrx_word' id='word_1_615' title='bbox 2238 3383 2406 3437; x_wconf 90' lang='lat' dir='ltr'><strong>usque</strong></span> <span class='ocrx_word' id='word_1_616' title='bbox 2457 3372 2822 3439; x_wconf 66' lang='lat' dir='ltr'><strong>praecedentes</strong></span> <span class='ocrx_word' id='word_1_617' title='bbox 2871 3376 3062 3431; x_wconf 87' lang='lat' dir='ltr'><strong>mortis</strong></span> <span class='ocrx_word' id='word_1_618' title='bbox 3095 3372 3225 3447; x_wconf 83' lang='lat' dir='ltr'><strong>ejus</strong></span> <span class='ocrx_word' id='word_1_619' title='bbox 3271 3395 3461 3435; x_wconf 83' lang='lat' dir='ltr'><strong>causas</strong></span> <span class='ocrx_word' id='word_1_620' title='bbox 3505 3375 3735 3447; x_wconf 80' lang='lat' dir='ltr'><strong>diligentitn</strong></span> 
     </span>
    </p>
   </div>
   <div class='ocr_carea' id='block_1_97' title="bbox 2230 3460 3734 3541">
    <p class='ocr_par' dir='ltr' id='par_1_97' title="bbox 2230 3460 3734 3541">
     <span class='ocr_line' id='line_1_98' title="bbox 2230 3460 3734 3541; baseline 0.009 -29"><span class='ocrx_word' id='word_1_621' title='bbox 2230 3460 2481 3528; x_wconf 81' lang='lat' dir='ltr'><strong>audiam,</strong></span> <span class='ocrx_word' id='word_1_622' title='bbox 2511 3471 2564 3516; x_wconf 90' lang='lat' dir='ltr'><strong>et</strong></span> <span class='ocrx_word' id='word_1_623' title='bbox 2598 3463 2707 3528; x_wconf 89' lang='lat' dir='ltr'><strong>sic,</strong></span> <span class='ocrx_word' id='word_1_624' title='bbox 2741 3467 3035 3522; x_wconf 84' lang='lat' dir='ltr'><strong>miserante</strong></span> <span class='ocrx_word' id='word_1_625' title='bbox 3078 3468 3214 3535; x_wconf 88' lang='lat' dir='ltr'><strong>Deo,</strong></span> <span class='ocrx_word' id='word_1_626' title='bbox 3246 3471 3373 3540; x_wconf 91' lang='lat' dir='ltr'><strong>quid</strong></span> <span class='ocrx_word' id='word_1_627' title='bbox 3414 3472 3490 3541; x_wconf 71' lang='lat' dir='ltr'><strong>egi</strong></span> <span class='ocrx_word' id='word_1_628' title='bbox 3524 3475 3734 3539; x_wconf 81' lang='lat' dir='ltr'><strong>oporteat.</strong></span> 
     </span>
    </p>
   </div>
   <div class='ocr_carea' id='block_1_98' title="bbox 2237 3552 3734 3630">
    <p class='ocr_par' dir='ltr' id='par_1_98' title="bbox 2237 3552 3734 3630">
     <span class='ocr_line' id='line_1_99' title="bbox 2237 3552 3734 3630; baseline 0.006 -28"><span class='ocrx_word' id='word_1_629' title='bbox 2237 3552 2495 3605; x_wconf 90' lang='lat' dir='ltr'><strong>canonica</strong></span> <span class='ocrx_word' id='word_1_630' title='bbox 2548 3555 2874 3610; x_wconf 88' lang='lat' dir='ltr'><strong>auctoritate</strong></span> <span class='ocrx_word' id='word_1_631' title='bbox 2908 3557 3183 3614; x_wconf 84' lang='lat' dir='ltr'><strong>definiam.</strong></span> <span class='ocrx_word' id='word_1_632' title='bbox 3223 3560 3442 3616; x_wconf 85' lang='lat' dir='ltr'><strong>Interim</strong></span> <span class='ocrx_word' id='word_1_633' title='bbox 3484 3558 3659 3630; x_wconf 77' lang='lat' dir='ltr'><strong>injuugc</strong></span> <span class='ocrx_word' id='word_1_634' title='bbox 3682 3556 3734 3609; x_wconf 80' lang='lat' dir='ltr'><strong>eis</strong></span> 
     </span>
    </p>
   </div>
   <div class='ocr_carea' id='block_1_99' title="bbox 2238 3640 3733 3718">
    <p class='ocr_par' dir='ltr' id='par_1_99' title="bbox 2238 3640 3733 3718">
     <span class='ocr_line' id='line_1_100' title="bbox 2238 3640 3733 3718; baseline 0.006 -25"><span class='ocrx_word' id='word_1_635' title='bbox 2238 3640 2472 3710; x_wconf 90' lang='lat' dir='ltr'><strong>aliquam</strong></span> <span class='ocrx_word' id='word_1_636' title='bbox 2504 3644 2876 3713; x_wconf 70' lang='lat' dir='ltr'><strong>pwnitenliam</strong></span> <span class='ocrx_word' id='word_1_637' title='bbox 2899 3688 2915 3713; x_wconf 95' lang='lat'><strong>,</strong></span> <span class='ocrx_word' id='word_1_638' title='bbox 2955 3664 3125 3718; x_wconf 91' lang='lat' dir='ltr'><strong>usque</strong></span> <span class='ocrx_word' id='word_1_639' title='bbox 3151 3650 3286 3707; x_wconf 89' lang='lat' dir='ltr'><strong>dum</strong></span> <span class='ocrx_word' id='word_1_640' title='bbox 3316 3651 3675 3710; x_wconf 82' lang='lat' dir='ltr'><strong>convcniamus.</strong></span> <span class='ocrx_word' id='word_1_641' title='bbox 3698 3652 3733 3698; x_wconf 75' lang='lat' dir='ltr'><strong>et</strong></span> 
     </span>
    </p>
   </div>
   <div class='ocr_carea' id='block_1_100' title="bbox 2236 3729 3735 3807">
    <p class='ocr_par' dir='ltr' id='par_1_100' title="bbox 2236 3729 3735 3807">
     <span class='ocr_line' id='line_1_101' title="bbox 2236 3729 3735 3807; baseline 0.005 -24"><span class='ocrx_word' id='word_1_642' title='bbox 2236 3729 2449 3783; x_wconf 86' lang='lat' dir='ltr'><strong>alterno</strong></span> <span class='ocrx_word' id='word_1_643' title='bbox 2489 3730 2759 3802; x_wconf 86' lang='lat' dir='ltr'><strong>colloquio</strong></span> <span class='ocrx_word' id='word_1_644' title='bbox 2800 3736 2929 3805; x_wconf 86' lang='lat' dir='ltr'><strong>quid</strong></span> <span class='ocrx_word' id='word_1_645' title='bbox 2960 3747 3145 3807; x_wconf 84' lang='lat' dir='ltr'><strong>postea</strong></span> <span class='ocrx_word' id='word_1_646' title='bbox 3188 3739 3370 3798; x_wconf 80' lang='lat' dir='ltr'><strong>facere.</strong></span> <span class='ocrx_word' id='word_1_647' title='bbox 3399 3741 3569 3797; x_wconf 86' lang='lat' dir='ltr'><strong>debeat</strong></span> <span class='ocrx_word' id='word_1_648' title='bbox 3604 3738 3735 3791; x_wconf 37' lang='lat' dir='ltr'><strong>decet.</strong></span> 
     </span>
    </p>
   </div>
   <div class='ocr_carea' id='block_1_101' title="bbox 2236 3838 2448 3881">
    <p class='ocr_par' dir='ltr' id='par_1_101' title="bbox 2236 3838 2448 3881">
     <span class='ocr_line' id='line_1_102' title="bbox 2236 3838 2448 3881; baseline 0 -4"><span class='ocrx_word' id='word_1_649' title='bbox 2236 3838 2448 3881; x_wconf 87' lang='lat' dir='ltr'><strong>namus.</strong></span> 
     </span>
    </p>
   </div>
   <div class='ocr_carea' id='block_1_102' title="bbox 2218 3914 3736 3991">
    <p class='ocr_par' dir='ltr' id='par_1_102' title="bbox 2218 3914 3736 3991">
     <span class='ocr_line' id='line_1_103' title="bbox 2218 3914 3736 3991; baseline 0.002 -20"><span class='ocrx_word' id='word_1_650' title='bbox 2218 3963 2225 3971; x_wconf 92' lang='lat'><strong>.</strong></span> <span class='ocrx_word' id='word_1_651' title='bbox 2306 3915 2383 3970; x_wconf 88' lang='lat' dir='ltr'><strong>De</strong></span> <span class='ocrx_word' id='word_1_652' title='bbox 2422 3917 2582 3974; x_wconf 90' lang='lat' dir='ltr'><strong>terris</strong></span> <span class='ocrx_word' id='word_1_653' title='bbox 2613 3918 2719 3975; x_wconf 82' lang='lat' dir='ltr'><strong>tuis</strong></span> <span class='ocrx_word' id='word_1_654' title='bbox 2757 3918 2977 3975; x_wconf 79' lang='lat' dir='ltr'><strong>domino</strong></span> <span class='ocrx_word' id='word_1_655' title='bbox 3008 3935 3130 3977; x_wconf 91' lang='lat' dir='ltr'><strong>meo</strong></span> <span class='ocrx_word' id='word_1_656' title='bbox 3157 3922 3271 3991; x_wconf 72' lang='lat' dir='ltr'><strong>regi</strong></span> <span class='ocrx_word' id='word_1_657' title='bbox 3306 3921 3434 3978; x_wconf 89' lang='lat' dir='ltr'><strong>nihil</strong></span> <span class='ocrx_word' id='word_1_658' title='bbox 3462 3920 3610 3975; x_wconf 83' lang='lat' dir='ltr'><strong>adhuc</strong></span> <span class='ocrx_word' id='word_1_659' title='bbox 3633 3914 3736 3968; x_wconf 71' lang='lat' dir='ltr'><strong>locn-</strong></span> 
     </span>
    </p>
   </div>
   <div class='ocr_carea' id='block_1_103' title="bbox 2237 4005 3731 4084">
    <p class='ocr_par' dir='ltr' id='par_1_103' title="bbox 2237 4005 3731 4084">
     <span class='ocr_line' id='line_1_104' title="bbox 2237 4005 3731 4084; baseline 0.004 -23"><span class='ocrx_word' id='word_1_660' title='bbox 2237 4015 2322 4062; x_wconf 88' lang='lat' dir='ltr'><strong>tus</strong></span> <span class='ocrx_word' id='word_1_661' title='bbox 2351 4007 2463 4074; x_wconf 91' lang='lat' dir='ltr'><strong>fui,</strong></span> <span class='ocrx_word' id='word_1_662' title='bbox 2492 4009 2618 4079; x_wconf 92' lang='lat' dir='ltr'><strong>quia</strong></span> <span class='ocrx_word' id='word_1_663' title='bbox 2650 4011 2717 4065; x_wconf 89' lang='lat' dir='ltr'><strong>de</strong></span> <span class='ocrx_word' id='word_1_664' title='bbox 2762 4011 2896 4067; x_wconf 90' lang='lat' dir='ltr'><strong>meis</strong></span> <span class='ocrx_word' id='word_1_665' title='bbox 2934 4012 3098 4067; x_wconf 86' lang='lat' dir='ltr'><strong>etiam</strong></span> <span class='ocrx_word' id='word_1_666' title='bbox 3146 4014 3311 4069; x_wconf 88' lang='lat' dir='ltr'><strong>rebus</strong></span> <span class='ocrx_word' id='word_1_667' title='bbox 3333 4054 3348 4079; x_wconf 97' lang='lat'><strong>,</strong></span> <span class='ocrx_word' id='word_1_668' title='bbox 3379 4014 3573 4084; x_wconf 87' lang='lat' dir='ltr'><strong>qualem</strong></span> <span class='ocrx_word' id='word_1_669' title='bbox 3603 4005 3731 4067; x_wconf 66' lang='lat' dir='ltr'><strong>volui.</strong></span> 
     </span>
    </p>
   </div>
   <div class='ocr_carea' id='block_1_104' title="bbox 2235 4094 3730 4171">
    <p class='ocr_par' dir='ltr' id='par_1_104' title="bbox 2235 4094 3730 4171">
     <span class='ocr_line' id='line_1_105' title="bbox 2235 4094 3730 4171; baseline -0.004 -18"><span class='ocrx_word' id='word_1_670' title='bbox 2235 4097 2486 4169; x_wconf 76' lang='lat' dir='ltr'><strong>loquendi</strong></span> <span class='ocrx_word' id='word_1_671' title='bbox 2525 4102 2981 4171; x_wconf 89' lang='lat' dir='ltr'><strong>opportunitatem</strong></span> <span class='ocrx_word' id='word_1_672' title='bbox 3023 4120 3128 4159; x_wconf 91' lang='lat' dir='ltr'><strong>non</strong></span> <span class='ocrx_word' id='word_1_673' title='bbox 3176 4106 3362 4160; x_wconf 88' lang='lat' dir='ltr'><strong>habui.</strong></span> <span class='ocrx_word' id='word_1_674' title='bbox 3399 4102 3621 4159; x_wconf 85' lang='lat' dir='ltr'><strong>Gofridus</strong></span> <span class='ocrx_word' id='word_1_675' title='bbox 3660 4094 3730 4149; x_wconf 63' lang='lat' dir='ltr'><strong>de</strong></span> 
     </span>
    </p>
   </div>
   <div class='ocr_carea' id='block_1_105' title="bbox 2235 4190 3733 4266">
    <p class='ocr_par' dir='ltr' id='par_1_105' title="bbox 2235 4190 3733 4266">
     <span class='ocr_line' id='line_1_106' title="bbox 2235 4190 3733 4266; baseline -0.007 -18"><span class='ocrx_word' id='word_1_676' title='bbox 2235 4193 2406 4259; x_wconf 88' lang='lat' dir='ltr'><strong>ricus,</strong></span> <span class='ocrx_word' id='word_1_677' title='bbox 2457 4196 2549 4266; x_wconf 92' lang='lat' dir='ltr'><strong>qui</strong></span> <span class='ocrx_word' id='word_1_678' title='bbox 2592 4196 2875 4266; x_wconf 74' lang='lat' dir='ltr'><strong>apostasia:</strong></span> <span class='ocrx_word' id='word_1_679' title='bbox 2917 4195 3243 4252; x_wconf 87' lang='lat' dir='ltr'><strong>calumniam</strong></span> <span class='ocrx_word' id='word_1_680' title='bbox 3283 4198 3463 4261; x_wconf 80' lang='lat' dir='ltr'><strong>habet,</strong></span> <span class='ocrx_word' id='word_1_681' title='bbox 3492 4195 3550 4248; x_wconf 88' lang='lat' dir='ltr'><strong>de</strong></span> <span class='ocrx_word' id='word_1_682' title='bbox 3584 4190 3733 4259; x_wconf 74' lang='lat' dir='ltr'><strong>cpisco-</strong></span> 
     </span>
    </p>
   </div>
   <div class='ocr_carea' id='block_1_106' title="bbox 2233 4282 3720 4376">
    <p class='ocr_par' dir='ltr' id='par_1_106' title="bbox 2233 4282 3720 4376">
     <span class='ocr_line' id='line_1_107' title="bbox 2233 4282 3720 4376; baseline -0.005 -36"><span class='ocrx_word' id='word_1_683' title='bbox 2233 4298 2363 4358; x_wconf 89' lang='lat' dir='ltr'><strong>patu</strong></span> <span class='ocrx_word' id='word_1_684' title='bbox 2391 4296 2481 4342; x_wconf 90' lang='lat' dir='ltr'><strong>tuo</strong></span> <span class='ocrx_word' id='word_1_685' title='bbox 2512 4304 2615 4342; x_wconf 92' lang='lat' dir='ltr'><strong>non</strong></span> <span class='ocrx_word' id='word_1_686' title='bbox 2648 4289 2863 4343; x_wconf 90' lang='lat' dir='ltr'><strong>recedat</strong></span> <span class='ocrx_word' id='word_1_687' title='bbox 2896 4288 3016 4360; x_wconf 87' lang='lat' dir='ltr'><strong>[a!.,</strong></span> <span class='ocrx_word' id='word_1_688' title='bbox 3048 4297 3139 4345; x_wconf 88' lang='lat' dir='ltr'><strong>tuo</strong></span> <span class='ocrx_word' id='word_1_689' title='bbox 3174 4287 3459 4360; x_wconf 85' lang='lat' dir='ltr'><strong>recedat]:</strong></span> <span class='ocrx_word' id='word_1_690' title='bbox 3486 4294 3567 4340; x_wconf 87' lang='lat' dir='ltr'><strong>aut</strong></span> <span class='ocrx_word' id='word_1_691' title='bbox 3592 4282 3720 4376; x_wconf 61' lang='lat' dir='ltr'><strong>terrui</strong></span> 
     </span>
    </p>
   </div>
   <div class='ocr_carea' id='block_1_107' title="bbox 2236 4375 3731 4449">
    <p class='ocr_par' dir='ltr' id='par_1_107' title="bbox 2236 4375 3731 4449">
     <span class='ocr_line' id='line_1_108' title="bbox 2236 4375 3731 4449; baseline 0.003 -20"><span class='ocrx_word' id='word_1_692' title='bbox 2236 4384 2317 4431; x_wconf 89' lang='lat' dir='ltr'><strong>tas</strong></span> <span class='ocrx_word' id='word_1_693' title='bbox 2352 4375 2559 4431; x_wconf 85' lang='lat' dir='ltr'><strong>litteras</strong></span> <span class='ocrx_word' id='word_1_694' title='bbox 2584 4392 2649 4432; x_wconf 82' lang='lat' dir='ltr'><strong>ex</strong></span> <span class='ocrx_word' id='word_1_695' title='bbox 2698 4386 2853 4447; x_wconf 87' lang='lat' dir='ltr'><strong>parte</strong></span> <span class='ocrx_word' id='word_1_696' title='bbox 2882 4378 2965 4433; x_wconf 93' lang='lat' dir='ltr'><strong>sui</strong></span> <span class='ocrx_word' id='word_1_697' title='bbox 2996 4379 3259 4449; x_wconf 85' lang='lat' dir='ltr'><strong>episcopi,</strong></span> <span class='ocrx_word' id='word_1_698' title='bbox 3295 4380 3433 4434; x_wconf 86' lang='lat' dir='ltr'><strong>sicut</strong></span> <span class='ocrx_word' id='word_1_699' title='bbox 3463 4375 3731 4433; x_wconf 75' lang='lat' dir='ltr'><strong>canoncsl&quot;&#39;</strong></span> 
     </span>
    </p>
   </div>
   <div class='ocr_carea' id='block_1_108' title="bbox 2162 4463 3731 4534">
    <p class='ocr_par' dir='ltr' id='par_1_108' title="bbox 2162 4463 3731 4534">
     <span class='ocr_line' id='line_1_109' title="bbox 2162 4463 3731 4534; baseline -0.008 -10"><span class='ocrx_word' id='word_1_700' title='bbox 2162 4464 2208 4524; x_wconf 93' lang='lat' dir='ltr'><strong>D</strong></span> <span class='ocrx_word' id='word_1_701' title='bbox 2234 4466 2400 4531; x_wconf 86' lang='lat' dir='ltr'><strong>bent,</strong></span> <span class='ocrx_word' id='word_1_702' title='bbox 2449 4468 2717 4523; x_wconf 82' lang='lat' dir='ltr'><strong>ostendat.</strong></span> <span class='ocrx_word' id='word_1_703' title='bbox 2750 4468 3054 4522; x_wconf 90' lang='lat' dir='ltr'><strong>Cicestrum</strong></span> <span class='ocrx_word' id='word_1_704' title='bbox 3078 4509 3093 4534; x_wconf 92' lang='lat'><strong>,</strong></span> <span class='ocrx_word' id='word_1_705' title='bbox 3141 4469 3285 4524; x_wconf 88' lang='lat' dir='ltr'><strong>sicut</strong></span> <span class='ocrx_word' id='word_1_706' title='bbox 3331 4463 3622 4523; x_wconf 70' lang='lat' dir='ltr'><strong>fraternitati</strong></span> <span class='ocrx_word' id='word_1_707' title='bbox 3660 4468 3731 4511; x_wconf 64' lang='lat' dir='ltr'><strong>tua</strong></span> 
     </span>
    </p>
   </div>
   <div class='ocr_carea' id='block_1_109' title="bbox 2231 4553 3729 4625">
    <p class='ocr_par' dir='ltr' id='par_1_109' title="bbox 2231 4553 3729 4625">
     <span class='ocr_line' id='line_1_110' title="bbox 2231 4553 3729 4625; baseline -0.004 -12"><span class='ocrx_word' id='word_1_708' title='bbox 2231 4556 2498 4614; x_wconf 87' lang='lat' dir='ltr'><strong>insinuavi</strong></span> <span class='ocrx_word' id='word_1_709' title='bbox 2515 4601 2530 4625; x_wconf 93' lang='lat'><strong>,</strong></span> <span class='ocrx_word' id='word_1_710' title='bbox 2558 4562 2765 4625; x_wconf 89' lang='lat' dir='ltr'><strong>venies,</strong></span> <span class='ocrx_word' id='word_1_711' title='bbox 2792 4570 2845 4616; x_wconf 91' lang='lat' dir='ltr'><strong>et</strong></span> <span class='ocrx_word' id='word_1_712' title='bbox 2875 4561 2945 4616; x_wconf 87' lang='lat' dir='ltr'><strong>ibi</strong></span> <span class='ocrx_word' id='word_1_713' title='bbox 2975 4561 3217 4618; x_wconf 81' lang='lat' dir='ltr'><strong>Sabbato</strong></span> <span class='ocrx_word' id='word_1_714' title='bbox 3245 4574 3371 4618; x_wconf 86' lang='lat' dir='ltr'><strong>ante</strong></span> <span class='ocrx_word' id='word_1_715' title='bbox 3397 4561 3579 4615; x_wconf 69' lang='lat' dir='ltr'><strong>Laetare</strong></span> <span class='ocrx_word' id='word_1_716' title='bbox 3596 4553 3729 4610; x_wconf 70' lang='lat' dir='ltr'><strong>[lim</strong></span> 
     </span>
    </p>
   </div>
   <div class='ocr_carea' id='block_1_110' title="bbox 2230 4646 3728 4724">
    <p class='ocr_par' dir='ltr' id='par_1_110' title="bbox 2230 4646 3728 4724">
     <span class='ocr_line' id='line_1_111' title="bbox 2230 4646 3728 4724; baseline -0.002 -23"><span class='ocrx_word' id='word_1_717' title='bbox 2230 4646 2393 4701; x_wconf 85' lang='lat' dir='ltr'><strong>salem</strong></span> <span class='ocrx_word' id='word_1_718' title='bbox 2419 4687 2434 4714; x_wconf 92' lang='lat'><strong>,</strong></span> <span class='ocrx_word' id='word_1_719' title='bbox 2466 4659 2790 4719; x_wconf 89' lang='lat' dir='ltr'><strong>cooperante</strong></span> <span class='ocrx_word' id='word_1_720' title='bbox 2834 4650 3036 4720; x_wconf 87' lang='lat' dir='ltr'><strong>Spiritu</strong></span> <span class='ocrx_word' id='word_1_721' title='bbox 3074 4661 3285 4720; x_wconf 86' lang='lat' dir='ltr'><strong>sancto,</strong></span> <span class='ocrx_word' id='word_1_722' title='bbox 3333 4646 3728 4724; x_wconf 61' lang='lat' dir='ltr'><strong>presbyterum</strong></span> 
     </span>
    </p>
   </div>
   <div class='ocr_carea' id='block_1_111' title="bbox 2215 4741 2642 4815">
    <p class='ocr_par' dir='ltr' id='par_1_111' title="bbox 2215 4741 2642 4815">
     <span class='ocr_line' id='line_1_112' title="bbox 2215 4741 2642 4815; baseline 0.014 -19"><span class='ocrx_word' id='word_1_723' title='bbox 2215 4741 2354 4798; x_wconf 81' lang='lat' dir='ltr'><strong>dum</strong></span> <span class='ocrx_word' id='word_1_724' title='bbox 2398 4746 2642 4815; x_wconf 88' lang='lat' dir='ltr'><strong>recipies.</strong></span> 
     </span>
    </p>
   </div>
   <div class='ocr_carea' id='block_1_112' title="bbox 2651 4837 3383 4911">
    <p class='ocr_par' dir='ltr' id='par_1_112' title="bbox 2651 4837 3383 4911">
     <span class='ocr_line' id='line_1_113' title="bbox 2651 4837 3383 4911; baseline 0.004 -20"><span class='ocrx_word' id='word_1_725' title='bbox 2651 4838 2814 4911; x_wconf 60' lang='lat'><strong>315</strong></span> <span class='ocrx_word' id='word_1_726' title='bbox 2843 4838 3172 4895; x_wconf 81' lang='lat' dir='ltr'><strong>EPISTOLA</strong></span> <span class='ocrx_word' id='word_1_727' title='bbox 3215 4837 3383 4894; x_wconf 80' lang='lat' dir='ltr'><strong>xxv.</strong></span> 
     </span>
    </p>
   </div>
   <div class='ocr_carea' id='block_1_113' title="bbox 2586 4942 3443 4986">
    <p class='ocr_par' dir='ltr' id='par_1_113' title="bbox 2586 4942 3443 4986">
     <span class='ocr_line' id='line_1_114' title="bbox 2586 4942 3443 4986; baseline -0.004 -4"><span class='ocrx_word' id='word_1_728' title='bbox 2586 4946 2615 4982; x_wconf 77' lang='grc' dir='ltr'><strong>Α</strong></span> <span class='ocrx_word' id='word_1_729' title='bbox 2625 4944 2654 4981; x_wconf 86' lang='lat' dir='ltr'><strong>D</strong></span> <span class='ocrx_word' id='word_1_730' title='bbox 2693 4946 3039 4986; x_wconf 70' lang='lat' dir='ltr'><strong>WALCIIERUI</strong></span> <span class='ocrx_word' id='word_1_731' title='bbox 3066 4942 3443 4984; x_wconf 69' lang='lat' dir='ltr'><strong>COEPISCOPUI.</strong></span> 
     </span>
    </p>
   </div>
   <div class='ocr_carea' id='block_1_114' title="bbox 2228 5016 3725 5091">
    <p class='ocr_par' dir='ltr' id='par_1_114' title="bbox 2228 5016 3725 5091">
     <span class='ocr_line' id='line_1_115' title="bbox 2228 5016 3725 5091; baseline -0.005 -19"><span class='ocrx_word' id='word_1_732' title='bbox 2228 5019 2406 5091; x_wconf 71' lang='lat' dir='ltr'><strong>Pulsis</strong></span> <span class='ocrx_word' id='word_1_733' title='bbox 2439 5019 2740 5073; x_wconf 81' lang='lat' dir='ltr'><strong>Britonibus</strong></span> <span class='ocrx_word' id='word_1_734' title='bbox 2770 5020 3056 5091; x_wconf 81' lang='lat' dir='ltr'><strong>tranquilla</strong></span> <span class='ocrx_word' id='word_1_735' title='bbox 3085 5039 3196 5075; x_wconf 73' lang='lat' dir='ltr'><strong>esse</strong></span> <span class='ocrx_word' id='word_1_736' title='bbox 3229 5023 3423 5074; x_wconf 81' lang='lat' dir='ltr'><strong>omnia.</strong></span> <span class='ocrx_word' id='word_1_737' title='bbox 3452 5018 3606 5071; x_wconf 72' lang='lat' dir='ltr'><strong>Dm:</strong></span> <span class='ocrx_word' id='word_1_738' title='bbox 3627 5016 3725 5091; x_wconf 59' lang='lat' dir='ltr'><strong>ut“</strong></span> 
     </span>
    </p>
   </div>
   <div class='ocr_carea' id='block_1_115' title="bbox 2218 5079 3724 5161">
    <p class='ocr_par' dir='ltr' id='par_1_115' title="bbox 2218 5079 3724 5161">
     <span class='ocr_line' id='line_1_116' title="bbox 2218 5079 3724 5161; baseline -0.004 -19"><span class='ocrx_word' id='word_1_739' title='bbox 2218 5148 2219 5151; x_wconf 29' lang='grc' dir='ltr'><strong>η</strong></span> <span class='ocrx_word' id='word_1_740' title='bbox 2242 5158 2247 5161; x_wconf 88' lang='lat'>_</span> <span class='ocrx_word' id='word_1_741' title='bbox 2295 5090 2603 5152; x_wconf 80' lang='lat' dir='ltr'><strong>adventare;</strong></span> <span class='ocrx_word' id='word_1_742' title='bbox 2631 5091 2850 5159; x_wconf 75' lang='lat' dir='ltr'><strong>proinde</strong></span> <span class='ocrx_word' id='word_1_743' title='bbox 2875 5079 2929 5145; x_wconf 59' lang='lat' dir='ltr'><strong>u&#39;t</strong></span> <span class='ocrx_word' id='word_1_744' title='bbox 2959 5093 3155 5161; x_wconf 69' lang='lat' dir='ltr'><strong>vig’let.</strong></span> <span class='ocrx_word' id='word_1_745' title='bbox 3183 5102 3503 5161; x_wconf 78' lang='lat' dir='ltr'><strong>castrumque</strong></span> <span class='ocrx_word' id='word_1_746' title='bbox 3525 5098 3647 5140; x_wconf 73' lang='lat' dir='ltr'><strong>sum</strong></span> <span class='ocrx_word' id='word_1_747' title='bbox 3664 5079 3724 5129; x_wconf 66' lang='grc' dir='ltr'><strong>όο·</strong></span> 
     </span>
    </p>
   </div>
   <div class='ocr_carea' id='block_1_116' title="bbox 2242 5158 3352 5220">
    <p class='ocr_par' dir='ltr' id='par_1_116' title="bbox 2242 5158 3352 5220">
     <span class='ocr_line' id='line_1_117' title="bbox 2242 5158 3352 5220; baseline 0.001 -9"><span class='ocrx_word' id='word_1_748' title='bbox 2242 5158 2247 5165; x_wconf 86' lang='grc'><em>’</em></span> <span class='ocrx_word' id='word_1_749' title='bbox 2293 5161 2518 5214; x_wconf 81' lang='lat' dir='ltr'><strong>minibus</strong></span> <span class='ocrx_word' id='word_1_750' title='bbox 2549 5171 2595 5213; x_wconf 89' lang='lat' dir='ltr'><strong>et</strong></span> <span class='ocrx_word' id='word_1_751' title='bbox 2626 5164 2787 5213; x_wconf 80' lang='lat' dir='ltr'><strong>armis</strong></span> <span class='ocrx_word' id='word_1_752' title='bbox 2816 5158 3156 5220; x_wconf 74' lang='lat' dir='ltr'><strong>muniendum</strong></span> <span class='ocrx_word' id='word_1_753' title='bbox 3189 5171 3352 5215; x_wconf 85' lang='lat' dir='ltr'><strong>curet.</strong></span> 
     </span>
    </p>
   </div>
   <div class='ocr_carea' id='block_1_117' title="bbox 2292 5249 3722 5325">
    <p class='ocr_par' dir='ltr' id='par_1_117' title="bbox 2292 5249 3722 5325">
     <span class='ocr_line' id='line_1_118' title="bbox 2292 5249 3722 5325; baseline -0.001 -22"><span class='ocrx_word' id='word_1_754' title='bbox 2292 5249 2642 5308; x_wconf 73' lang='lat' dir='ltr'><strong>LANFRANCUS</strong></span> <span class='ocrx_word' id='word_1_755' title='bbox 2683 5264 2936 5323; x_wconf 83' lang='lat' dir='ltr'><strong>peccator</strong></span> <span class='ocrx_word' id='word_1_756' title='bbox 2972 5262 3026 5308; x_wconf 83' lang='lat' dir='ltr'><strong>et</strong></span> <span class='ocrx_word' id='word_1_757' title='bbox 3063 5254 3308 5325; x_wconf 81' lang='lat' dir='ltr'><strong>indignus</strong></span> <span class='ocrx_word' id='word_1_758' title='bbox 3347 5251 3584 5309; x_wconf 87' lang='lat' dir='ltr'><strong>antistes,</strong></span> <span class='ocrx_word' id='word_1_759' title='bbox 3609 5251 3722 5295; x_wconf 63' lang='lat' dir='ltr'><strong>Vettc‘</strong></span> 
     </span>
    </p>
   </div>
   <div class='ocr_carea' id='block_1_118' title="bbox 2214 5336 3613 5415">
    <p class='ocr_par' dir='ltr' id='par_1_118' title="bbox 2214 5336 3613 5415">
     <span class='ocr_line' id='line_1_119' title="bbox 2214 5336 3613 5415; baseline -0.006 -21"><span class='ocrx_word' id='word_1_760' title='bbox 2214 5341 2377 5395; x_wconf 77' lang='lat' dir='ltr'><strong>&#39;rabili</strong></span> <span class='ocrx_word' id='word_1_761' title='bbox 2407 5341 2562 5396; x_wconf 77' lang='lat' dir='ltr'><strong>fratri</strong></span> <span class='ocrx_word' id='word_1_762' title='bbox 2594 5353 2648 5398; x_wconf 91' lang='lat' dir='ltr'><strong>et</strong></span> <span class='ocrx_word' id='word_1_763' title='bbox 2678 5345 2996 5415; x_wconf 80' lang='lat' dir='ltr'><strong>coepiscopo</strong></span> <span class='ocrx_word' id='word_1_764' title='bbox 3028 5343 3357 5402; x_wconf 66' lang='lat' dir='ltr'><strong>Wstcueuo,</strong></span> <span class='ocrx_word' id='word_1_765' title='bbox 3392 5336 3613 5395; x_wconf 63' lang='lat' dir='ltr'><strong>salutem.</strong></span> 
     </span>
    </p>
   </div>
   <div class='ocr_carea' id='block_1_119' title="bbox 2292 5420 3720 5507">
    <p class='ocr_par' dir='ltr' id='par_1_119' title="bbox 2292 5420 3720 5507">
     <span class='ocr_line' id='line_1_120' title="bbox 2292 5420 3720 5507; baseline -0.014 -20"><span class='ocrx_word' id='word_1_766' title='bbox 2292 5433 2526 5492; x_wconf 71' lang='lat' dir='ltr'><strong>Lmtatus</strong></span> <span class='ocrx_word' id='word_1_767' title='bbox 2555 5453 2674 5491; x_wconf 90' lang='lat' dir='ltr'><strong>sum</strong></span> <span class='ocrx_word' id='word_1_768' title='bbox 2710 5437 2760 5491; x_wconf 90' lang='lat' dir='ltr'><strong>in</strong></span> <span class='ocrx_word' id='word_1_769' title='bbox 2798 5437 2882 5491; x_wconf 89' lang='lat' dir='ltr'><strong>his</strong></span> <span class='ocrx_word' id='word_1_770' title='bbox 2930 5452 3045 5506; x_wconf 71' lang='lat' dir='ltr'><strong>quae</strong></span> <span class='ocrx_word' id='word_1_771' title='bbox 3076 5438 3214 5490; x_wconf 86' lang='lat' dir='ltr'><strong>dicta</strong></span> <span class='ocrx_word' id='word_1_772' title='bbox 3246 5444 3370 5488; x_wconf 87' lang='lat' dir='ltr'><strong>sunt</strong></span> <span class='ocrx_word' id='word_1_773' title='bbox 3396 5430 3513 5507; x_wconf 89' lang='lat' dir='ltr'><strong>mihi</strong></span> <span class='ocrx_word' id='word_1_774' title='bbox 3540 5444 3564 5481; x_wconf 90' lang='lat' dir='ltr'><strong>a</strong></span> <span class='ocrx_word' id='word_1_775' title='bbox 3589 5420 3720 5477; x_wconf 71' lang='lat' dir='ltr'><strong>vobis;</strong></span> 
     </span>
    </p>
   </div>
   <div class='ocr_carea' id='block_1_120' title="bbox 2219 5523 3718 5596">
    <p class='ocr_par' dir='ltr' id='par_1_120' title="bbox 2219 5523 3718 5596">
     <span class='ocr_line' id='line_1_121' title="bbox 2219 5523 3718 5596; baseline -0.003 -17"><span class='ocrx_word' id='word_1_776' title='bbox 2219 5542 2405 5595; x_wconf 89' lang='lat' dir='ltr'><strong>pacem</strong></span> <span class='ocrx_word' id='word_1_777' title='bbox 2448 5544 2543 5584; x_wconf 86' lang='lat' dir='ltr'><strong>vos</strong></span> <span class='ocrx_word' id='word_1_778' title='bbox 2578 5529 2776 5584; x_wconf 86' lang='lat' dir='ltr'><strong>vestris</strong></span> <span class='ocrx_word' id='word_1_779' title='bbox 2809 5528 3005 5596; x_wconf 81' lang='lat' dir='ltr'><strong>litteris</strong></span> <span class='ocrx_word' id='word_1_780' title='bbox 3036 5529 3237 5583; x_wconf 84' lang='lat' dir='ltr'><strong>habere</strong></span> <span class='ocrx_word' id='word_1_781' title='bbox 3270 5525 3571 5583; x_wconf 85' lang='lat' dir='ltr'><strong>didicimus.</strong></span> <span class='ocrx_word' id='word_1_782' title='bbox 3603 5523 3718 5583; x_wconf 57' lang='lat' dir='ltr'><strong>qua!&quot;</strong></span> 
     </span>
    </p>
   </div>
   <div class='ocr_carea' id='block_1_121' title="bbox 2218 5604 3720 5687">
    <p class='ocr_par' dir='ltr' id='par_1_121' title="bbox 2218 5604 3720 5687">
     <span class='ocr_line' id='line_1_122' title="bbox 2218 5604 3720 5687; baseline -0.021 0"><span class='ocrx_word' id='word_1_783' title='bbox 2218 5619 2400 5687; x_wconf 67' lang='grc' dir='ltr'><strong>ωοίῐυι</strong></span> <span class='ocrx_word' id='word_1_784' title='bbox 2449 5636 2477 5673; x_wconf 76' lang='lat'><strong>8</strong></span> <span class='ocrx_word' id='word_1_785' title='bbox 2529 5621 2681 5675; x_wconf 66' lang='lat' dir='ltr'><strong>vobis</strong></span> <span class='ocrx_word' id='word_1_786' title='bbox 2721 5636 2874 5686; x_wconf 86' lang='lat' dir='ltr'><strong>esse,</strong></span> <span class='ocrx_word' id='word_1_787' title='bbox 2931 5620 3114 5675; x_wconf 87' lang='lat' dir='ltr'><strong>multis</strong></span> <span class='ocrx_word' id='word_1_788' title='bbox 3166 5618 3446 5674; x_wconf 90' lang='lat' dir='ltr'><strong>multorum</strong></span> <span class='ocrx_word' id='word_1_789' title='bbox 3493 5604 3720 5664; x_wconf 31' lang='lat' dir='ltr'><strong>rationibus</strong></span> 
     </span>
    </p>
   </div>
   <div class='ocr_carea' id='block_1_122' title="bbox 2220 5703 3716 5785">
    <p class='ocr_par' dir='ltr' id='par_1_122' title="bbox 2220 5703 3716 5785">
     <span class='ocr_line' id='line_1_123' title="bbox 2220 5703 3716 5785; baseline -0.007 -22"><span class='ocrx_word' id='word_1_790' title='bbox 2220 5710 2341 5783; x_wconf 81' lang='lat' dir='ltr'><strong>[al.,</strong></span> <span class='ocrx_word' id='word_1_791' title='bbox 2383 5711 2760 5785; x_wconf 77' lang='lat' dir='ltr'><strong>relationibus]</strong></span> <span class='ocrx_word' id='word_1_792' title='bbox 2821 5714 2991 5769; x_wconf 71' lang='lat' dir='ltr'><strong>territi</strong></span> <span class='ocrx_word' id='word_1_793' title='bbox 3030 5713 3396 5769; x_wconf 11' lang='lat' dir='ltr'><strong>cretslcbamus.</strong></span> <span class='ocrx_word' id='word_1_794' title='bbox 3457 5703 3551 5759; x_wconf 74' lang='lat' dir='ltr'><strong>Nos</strong></span> <span class='ocrx_word' id='word_1_795' title='bbox 3595 5705 3716 5749; x_wconf 64' lang='grc' dir='ltr'><strong>γεΐον</strong></span> 
     </span>
    </p>
   </div>
  </div>
