3864 6304
90 372 176 428 529
1506 366 1889 425 EPISTOLE.

3212 376 3317 434 550

90 480 293 556 expulsis
336 478 647 536 Britonibus
676 476 745 534 'et
794 477 996 535 sedatis
1036 479 1288 536 omnibus
1333 480 1488 537 beilis
1513 523 1528 548 ,
1574 484 1627 537 in
1658 490 1703 548 Α
1733 490 1955 552 accepta
1998 483 2116 538 sine
2154 482 2408 538 dilatione
2457 483 2607 541 reddi
2645 484 2906 555 iubeatis,
2955 497 3011 546 et
3053 490 3317 550 ministris

92 586 216 632 tanta
246 572 630 643 tranquiilitate
666 571 900 627 vivimus
924 580 1001 640 ut,
1028 582 1315 643 postquam
1352 590 1447 631 rex
1485 590 1633 633 mare

92 666 313 731 transiit,
333 663 684 735 tranquillius
710 678 812 719 nos
849 664 1051 719 vixisse
1077 679 1415 736 nequaquam
1446 669 1635 723 memi-

90 758 311 814 nerimus.
392 800 395 803 .
1044 802 1047 805 .

150 846 244 900 Res
280 844 480 901 domini
524 845 697 901 nostri
745 846 890 915 regis
927 846 980 901 in
1025 861 1235 905 summa
1274 851 1633 919 prosperitate

89 956 214 1004 esse,
239 947 291 995 et
324 952 447 993 eum
476 938 921 1008 advrprzesensad
941 954 1044 995 vos
1073 939 1199 1012 [al.,
1236 941 1357 1014 nos]
1402 944 1633 1000 transire

89 1033 349 1091 certissime
396 1031 606 1087 sciatis.
657 1032 793 1087 Dsni
819 1073 833 1097 ,
872 1042 952 1098 ut,
986 1047 1079 1088 rex
1124 1034 1277 1089 vobis
1318 1036 1629 1103 mandavit,

91 1138 247 1180 revera
274 1122 533 1189 veniunt;-
561 1130 799 1178 castrum
824 1124 1007 1193 itaque
1028 1133 1270 1180 vestrum
1299 1126 1632 1193 hominibus,

88 1226 135 1269 et
161 1216 329 1280 armis,
365 1224 420 1270 et
461 1214 736 1272 alimentis
761 1216 1003 1287 vigilanti
1044 1233 1175 1273 cura
1215 1219 1412 1273 muniri
1448 1217 1629 1274 facite.

90 1304 403 1376 Omnipotens
437 1314 623 1362 autem
653 1306 918 1365 Dominus
951 1308 1019 1363 ab
1052 1308 1201 1363 omni
1241 1307 1385 1364 malo
1412 1323 1512 1367 vos
1544 1309 1634 1365 der

90 1399 259 1455 tendat.
534 1444 537 1447 .

558 1492 895 1550 EPISTOLA
938 1492 1122 1548 XXVI.

666 1598 733 1638 AD
771 1598 1013 1639 SUMDBIL

93 1671 285 1746 Excutit
306 1675 444 1746 quod
482 1675 824 1746 nianitorium
853 1691 957 1746 non
985 1674 1214 1740 miserit,
1242 1675 1632 1744 .vrespostdetque

145 1744 197 1815 de
250 1743 539 1815 presbytero
601 1745 691 1813 qui
731 1745 788 1815 iit
828 1743 1059 1815 claustro
1102 1746 1475 1815 monachorum
1520 1743 1632 1801 sine

1734 572 1929 627 vestris
1987 588 2056 627 nc
2084 571 2310 627 ulterius
2336 572 2390 626 id
2430 584 2789 643 praesumant,
2824 579 3101 635 servanda:
3135 581 3318 639 charit-

1735 664 1861 718 tatis
1892 664 2072 718 studio
2098 663 2450 733 perhibeatis.

1806 755 1914 810 Nos
1945 771 2074 811 vero
2104 756 2437 827 presbyteris
2484 759 2686 813 nostris
2740 760 2831 828 qni
2885 769 3035 817 extra
3068 763 3318 819 Cantiam

1732 845 2034 911 constituti,
2060 846 2282 901 omnino
2308 847 2670 917 praecipimus,
2700 849 2862 921 315
2884 866 2951 906 ne
2976 853 3043 906 ad
3059 863 3314 920 vestram,

1734 936 1821 992 vel
1868 937 2097 1006 alicujus
2134 939 2374 1009 episcopi
2423 940 2685 1011 synodum
2740 942 2971 1013 amplius
3009 953 3168 1010 eant,
3216 961 3319 1001 nec

1731 1027 1915 1095 vobis,
1957 1043 2057 1084 nec
2094 1030 2364 1100 aliquibus
2404 1031 2669 1087 ministris
2709 1034 2906 1089 vestris
2945 1050 3043 1105 pro
3080 1035 3319 1105 qualibet

1733 1116 1884 1187 culpa
1931 1119 2305 1187 respondeant.
2329 1118 2434 1174 Nos
2459 1121 2625 1189 enim,
2657 1138 2781 1177 cum
2811 1122 2879 1177 ad
2917 1123 3074 1179 villas
3103 1133 3319 1180 vestras

1734 1203 1858 1277 [al.‘,
1888 1198 2139 1281 nostras]
2160 1210 2436 1266 veniemus
2465 1210 2585 1283 [al.,
2616 1211 2969 1285 venerimus],
2996 1214 3184 1282 quales
3214 1214 3321 1283 ipsi

1734 1296 1817 1353 vel
1844 1298 1896 1352 in
1942 1299 2185 1354 moribus
2232 1300 2314 1358 vel
2339 1301 2391 1356 in
2415 1301 2497 1357 sui
2517 1302 2725 1357 ordinis
2749 1302 2975 1359 scientia
2998 1304 3107 1361 sint
3131 1312 3313 1374 pasto-

1736 1385 1835 1441 rali
1867 1388 2190 1444 auctoritate
2212 1391 2484 1463 vestigare
2509 1391 2790 1447 debemus.
3306 1382 3309 1389 ’

1802 1477 2048 1533 Lhrisma
2080 1487 2283 1534 tantum
2309 1479 2433 1552 [al.,
2462 1480 2663 1553 tamen]
2696 1497 2725 1535 a
2761 1482 2916 1539 vobis
2944 1482 3234 1552 accipiant,
3258 1490 3319 1537 et

1732 1584 1796 1625 ea
1839 1585 1958 1640 quae
2003 1573 2303 1643 antiquitus
2343 1572 2586 1628 instituta
2631 1581 2757 1627 sunt
2799 1574 2853 1628 in
2890 1573 3204 1628 chrismatis
3228 1588 3321 1628 ac-

1732 1662 1980 1731 ceptione
2041 1664 2375 1733 persolvant.
2417 1664 2571 1720 Sicut
2609 1677 2844 1736 namque
2885 1679 2948 1720 ea
3007 1650 3318 1735 quae'a'nti-

1733 1753 1917 1823 quitus
1938 1766 2107 1822 usque
2148 1754 2212 1807 ad
2245 1763 2431 1809 nostra
2468 1762 2710 1824 tempora
2740 1763 3113 1810 antecessores
3141 1754 3319 1811 nostri

144 1813 467 1915 ξξξξέίείίοηε
493 1815 721 1907 “mm”;
746 1811 929 1907 rum“
957 1814 1025 1868 ad
1046 1813 1296 1867 “culum
1328 1814 1495 1868 "dir"
1525 1832 1628 1869 “0"
1658 1849 1706 1907 Β
1736 1811 2058 1909 Iiabueruni,
2105 1842 2292 1898 solerti
2337 1811 2617 1915 vigilantia
2659 1845 2906 1915 cupimus
2954 1845 3157 1900 illibata
3211 1850 3323 1901 ser-

144 1898 287 1950 posse.

143 1960 463 2027 Limnaeus
509 1973 766 2045 indignus
811 1974 1059 2042 antistes,
1086 1975 1395 2032 venerabili
1435 1977 1631 2031 Duncl-

96 2061 230 2117 mcnsi
256 2062 497 2134 episcopo
533 2063 871 2129 Wchueno,
906 2064 1152 2120 salutem.

151 2151 203 2205 Et
231 2150 373 2222 longe
403 2153 473 2206 ab
512 2153 653 2208 urbe
678 2153 913 2224 positum
945 2164 1000 2210 et
1036 2155 1223 2213 multis
1258 2156 1420 2227 hujus
1448 2157 1631 2213 saeculi

97 2242 283 2312 negotiis
324 2242 631 2299 involutum
660 2258 748 2299 me
794 2253 991 2301 vestrae
1033 2245 1228 2303 litterae
1275 2248 1627 2315 invenerunt;

97 2334 150 2389 ob
169 2349 308 2404 quam
341 2349 565 2391 causam
595 2335 944 2405 petitionibus
970 2338 1169 2393 vestris
1199 2353 1265 2392 ex
1299 2340 1445 2394 omni
1478 2348 1633 2410 parte

95 2422 299 2480 edectum
325 2426 569 2497 prmhere
603 2442 708 2482 non
736 2426 908 2493 licuit,
942 2443 1064 2495 nec,
1097 2429 1143 2483 si
1179 2428 1450 2495 licuisset,
1482 2445 1633 2499 come

95 2514 419 2580 monitorium,
459 2515 608 2584 quod
636 2515 692 2571 in
730 2515 1025 2573 festivitate
1055 2518 1225 2573 sancti
1275 2510 1491 2574 Martini
1532 2506 1631 2576 ha;

98 2604 196 2659 bore
236 2605 496 2672 voluistis,
548 2607 665 2662 ﬁeri
710 2608 1015 2678 potuisset;
1048 2609 1277 2679 septima
1318 2610 1461 2664 enim
1508 2620 1631 2682 post

98 2694 289 2760 praedicti
317 2695 485 2750 sancti
515 2694 916 2753 solemnitatem
942 2696 1050 2763 die,
1080 2690 1263 2761 vester
1291 2698 1356 2754 ad
1386 2714 1473 2754 me
1495 2716 1631 2755 nun-

99 2783 181 2837 tius
204 2785 349 2838 venit.
948 2772 949 2775 η
1446 2780 1449 2783 ν

153 2872 298 2929 Porro
325 2874 388 2930 de
412 2874 501 2932 illo
532 2875 884 2948 presbytero,
919 2876 985 2933 de
1037 2892 1145 2947 quo
1171 2879 1470 2934 mandastis
1504 2881 1629 2949 quia

100 2964 141 3017 in
158 2964 365 3021 claustro
392 2968 787 3022 monachorum
825 2968 942 3023 sine
979 2966 1356 3023 benedictione
1395 2970 1631 3024 nutritus

102 3053 194 3119 fuit,
222 3056 401 3127 aliquid
432 3072 517 3113 me
547 3058 703 3113 vobis
740 3058 1028 3113 mandasse
1058 3061 1333 3116 recordari
1369 3076 1474 3115 non
1498 3076 1629 3131 pos-

102 3161 217 3215 sum;
260 3165 482 3207 canones
534 3160 716 3205 tamen
778 3150 1104 3221 decretaque
1153 3162 1467 3208 sanctorum
1527 3151 1631 3206 Pa-

104 3247 213 3294 trum
256 3256 340 3297 eos
394 3244 482 3314 qui
524 3252 733 3298 vestem
770 3242 1047 3315 religionis
1086 3243 1290 3315 aliquot
1346 3245 1534 3300 diebus
1574 3244 1626 3299 in

104 3342 343 3401 conspectu
380 3336 661 3391 hominum
698 3334 973 3401 deferunt,
1009 3336 1073 3391 ad
1106 3336 1359 3392 saeculum
1390 3352 1630 3406 quocun-

102 3435 186 3487 que
224 3425 363 3480 modo
404 3436 594 3497 postea
636 3427 814 3481 redire
856 3442 961 3481 non
1002 3427 1203 3481 sinunt.
1242 3425 1342 3493 Qui
1390 3426 1435 3480 si
1477 3424 1631 3479 vobis

103 3513 425 3586 obtemperare
459 3520 693 3575 voluerit
732 3517 823 3591 [[2,
874 3519 1127 3591 noluerit]
1160 3560 1173 3583 ,
1210 3518 1516 3587 evangelica
1544 3533 1627 3570 au-

110 3604 310 3661 ctoritate
344 3609 580 3675 utimini,
611 3624 729 3679 qua:
754 3609 861 3662 ait:
897 3627 915 3659 ι
944 3607 1215 3679 Conipelle
1251 3608 1451 3662 intrare
1478 3607 1627 3678 (Luc.

106 3705 189 3757 XIV,
209 3694 304 3766 εδ).
350 3717 369 3751 t

549 3789 885 3846 EPISTOLA
926 3789 1136 3845 XXVII.

282 3896 342 3934 AD
375 3894 683 3937 STIGANDUI!
722 3896 1051 3936 CISTRENSEM
1091 3897 1399 3936 EI'ISCOPL'M.

109 3961 365 4047 Utclericis
398 3971 925 4047 villarum‘Ecclesiw
965 3972 1357 4047 Cantuariensis
1403 3991 1521 4047 qua:
1578 3977 1633 4029 in

159 4040 292 4104 ipsius
316 4054 425 4095 sunt
459 4043 694 4111 ἄξαι-θεῖ,
726 4054 936 4096 exactas
968 4059 1058 4108 per
1091 4045 1203 4111 ejus
1238 4040 1633 4099 archidiaconus

160 4113 372 4184 pecunias
419 4114 625 4167 restitui
663 4113 864 4181 jubeal.
919 4112 1031 4166 Nec
1081 4114 1150 4168 ad
1198 4116 1421 4184 episcopi
1474 4116 1634 4170 ullius

161 4180 379 4252 synodum
422 4180 673 4252 deinceps
713 4184 955 4245 veniant,
1001 4200 1091 4236 nec
1124 4180 1500 4252 respondeant,
1544 4197 1633 4240 aut

160 4250 405 4325 quidquam
440 4251 733 4322 persolvant
768 4264 953 4307 ora'ter
982 4253 1035 4306 id
1066 4256 1204 4325 quod
1237 4250 1528 4310 institutum
1562 4265 1636 4309 est

161 4333 235 4383 pro
258 4320 541 4379 chrismate.

166 4407 477 4472 LANFRANCUS
520 4415 617 4471 Dei
664 4416 837 4485 gratia
885 4415 1353 4485 archiepiscopus,
1396 4415 1635 4471 dilectis-

113 4499 219 4558 simo
242 4504 380 4561 fratri
405 4508 681 4565 STLGANDO
709 4508 967 4563 Cistrensi
992 4508 1265 4579 episcopo,
1294 4508 1540 4563 salutem.

167 4591 331 4653 Clerici
357 4601 605 4655 villarum
639 4609 950 4656 nostrarum
996 4601 1088 4669 qui
1128 4600 1181 4655 in
1208 4609 1387 4655 vestra
1415 4600 1635 4657 dimcesi

115 4684 329 4756 existunt,
356 4694 528 4762 questi
559 4694 716 4749 nobis
748 4700 869 4749 sunt
902 4693 1044 4763 quod
1072 4692 1239 4747 vestri
1271 4691 1636 4747 archidiaconi

118 4779 299 4847 repertis
332 4784 707 4838 occasionibus
737 4783 995 4852 pecunias
1028 4782 1097 4836 ab
1126 4780 1206 4837 eis
1234 4779 1552 4849 exquirunt,
1585 4788 1641 4835 et

117 4876 138 4912 ιι
162 4866 434 4931 quibusdam
467 4874 580 4943 jam
611 4882 955 4944 acceperunt.
988 4871 1296 4927 Meminisse
1332 4871 1495 4927 debet
1530 4870 1640 4926 fra-

119 4957 298 5015 ternitas
329 4975 495 5022 vestra
550 4967 677 5036 quia
734 4974 924 5021 contra
978 4968 1183 5020 morem
1232 4973 1637 5021 antecessorum

120 5056 377 5111 nostrorum
435 5067 600 5129 atque
674 5065 992 5114 vestrorum
1061 5056 1219 5113 vobis
1270 5056 1639 5112 concessimus

122 5134 268 5208 eisque
307 5144 679 5217 imperavimus
725 5157 994 5220 quatenus
1039 5148 1107 5203 ad
1156 5155 1366 5204 vestras
1405 5146 1640 5218 synodos

122 5221 252 5294 irent,
290 5244 340 5289 et
366 5250 426 5291 ea
468 5253 589 5308 quae
627 5240 693 5294 ad
727 5238 1053 5295 Christianze
1081 5238 1355 5309 religionis
1388 5238 1640 5294 notitiam

123 5321 330 5383 Prodesse
365 5340 624 5399 possunt,
668 5330 786 5388 sine
824 5331 1257 5403 interpellatione
1300 5331 1387 5386 vel
1434 5330 1641 5403 discus-

124 5405 241 5496 tiioue
265 5398 424 5488 aliqua
452 5437 481 5476 a
508 5423 662 5479 vobis
697 5398 1051 5478 audirem-Si
1082 5438 1202 5496 quae
1228 5423 1281 5478 in
1312 5423 1444 5494 ipsis
1461 5398 1642 5490 ‘culpie

127 5494 461 5577 i“Venit-eatur,
490 5528 746 5585 suspensa
770 5514 988 5569 interim
1014 5494 1275 5579 vindicta,
1301 5513 1367 5569 ad
1396 5521 1639 5570 nostrum

128 5600 313 5651 examen
340 5614 699 5673 servarentur,
729 5613 784 5661 et
813 5605 969 5661 nobis
998 5604 1082 5661 vel
1112 5605 1167 5661 in
1206 5604 1514 5660 miserendo
1558 5601 1644 5657 vel

131 5676 172 5731 in
208 5684 480 5751 ulciscendo
503 5736 518 5758 .
555 5696 696 5753 sicut
729 5711 946 5767 semper
980 5694 1314 5753 consuetudo
1361 5693 1501 5760 fuit,
1547 5693 1641 5748 oh-

136 5774 247 5835 "Mii
280 5788 580 5845 tenerentur.
612 5787 928 5848 Mandamus
960 5789 1140 5861 itaque
1168 5788 1363 5860 (vobis)
1414 5795 1471 5843 ut
1507 5784 1643 5840 male

1732 1947 1881 1997 vare,
1912 1932 1986 1986 ita
2014 1931 2135 1987 aliis
2158 1933 2339 1988 debita
2363 1933 2562 2004 aliqua,
2588 1935 2731 2004 quod
2758 1934 2927 1991 absit!
2971 1935 3322 2005 usurpatione

1732 2024 1986 2078 nolumus
2013 2026 2305 2097 denegare.
2893 2048 2908 2056 ’
3124 2038 3129 2043 ‘

2218 2119 2555 2178 EPISTOLA
2593 2119 2828 2175 XXVIII.

2347 2227 2415 2265 AD
2453 2225 2693 2265 EUMDEM.

1734 2293 1824 2370 Ut_
1848 2297 2143 2361 mulierem,
2197 2299 2348 2368 cujus
2382 2317 2542 2353 causa
2583 2318 2615 2354 α
2649 2300 2948 2369 Lanfranco
2981 2301 3159 2355 audiri
3184 2300 3321 2370 papa

1796 2367 2059 2436 jusserat,
2083 2386 2201 2423 cum
2226 2367 2337 2424 viro
2360 2386 2456 2424 suo
2477 2372 2711 2440 quietam
2732 2367 2945 2424 avortere
2966 2372 3130 2437 sinat,
3154 2367 3317 2425 donec

1806 2454 1913 2491 una
1940 2441 2249 2515 conveniant
2275 2439 2588 2512 causamque
2614 2439 2896 2508 deﬁniunt.

1805 2528 2154 2587 LANFRANCUS
2170 2533 2341 2602 gratia
2362 2533 2456 2593 Dei
2482 2532 2942 2603 archiepiscopus,
2967 2532 3319 2589 dilectissimo

1734 2620 1890 2674 fratri
1923 2620 2217 2684 STIGANDO,
2252 2622 2499 2679 salutem.

1803 2712 1947 2767 Misit
1987 2713 2119 2767 mihi
2168 2712 2378 2768 litteras
2421 2728 2585 2785 papa,
2618 2714 2672 2769 in
2726 2714 2924 2784 quibus
2962 2714 3219 2784 praecepit
3258 2723 3318 2768 ut

1732 2818 1953 2859 causam
1989 2802 2147 2858 istius
2173 2803 2439 2869 mulieris,
2469 2820 2633 2874 quam
2656 2805 2915 2861 adversus
2939 2820 3058 2860 eam
3083 2806 3319 2871 habetis,

1732 2894 2014 2964 diligenter
2037 2893 2282 2959 audiam,
2327 2896 2626 2951 etinterim
2659 2896 2898 2966 quietam
2928 2905 2983 2950 et
3015 2896 3320 2951 absolutam

1730 2996 1852 3038 esse
1895 2984 2237 3054 praecipiam;
2288 2996 2576 3057 propterea
2612 2986 2811 3041 mando
2853 2985 3005 3042 vobis
3040 2996 3140 3052 ut,
3182 3002 3320 3057 pace

1731 3082 1933 3141 vestra,
1965 3090 2087 3129 cum
2120 3075 2237 3131 viro
2266 3092 2365 3132 suo
2412 3086 2659 3145 maneat,
2689 3080 3039 3148 quoadusque
3067 3079 3119 3134 in
3157 3095 3323 3133 unum

1658 3192 1701 3252 ρ
1733 3166 2150 3233 conveniamus;
2178 3177 2235 3223 et
2268 3168 2441 3238 ipsam
2461 3185 2683 3225 causam
2718 3185 2839 3224 eum
2873 3171 3097 3226 consilio
3118 3172 3323 3240 episco-

1733 3267 1925 3322 porum
1973 3256 2115 3311 inter
2159 3271 2260 3312 nos
2305 3257 2671 3325 conferamus,
2708 3268 2763 3315 et
2805 3261 3094 3330 adjuvante
3137 3261 3319 3315 divina

1732 3347 1905 3415 gratia
1936 3348 2140 3404 salubri
2172 3349 2280 3404 line
2301 3350 2643 3406 deliuiamus.

2244 3440 2576 3497 EPISTOLA
2620 3441 2809 3496 XXIX.

1959 3567 2026 3606 AD
2066 3567 2353 3608 ῐιοΒιῑῐιτωι
2392 3566 2722 3608 ειετιιεκεειί
2763 3566 3073 3633 ΙΞῘΡΙΞΕΟΡΙἸΜ.

1735 3662 1844 3717 Suo
1891 3664 2126 3734 regisque
2177 3666 2384 3719 nomine
2432 3665 2669 3734 prtecipit
2722 3676 2774 3719 ut
2831 3665 3060 3718 coenobio
3093 3652 3322 3721 Conven:

1807 3734 2023 3788 treiensi
2054 3734 2301 3789 violenter
2327 3734 2503 3789 ablata
2535 3737 2646 3789 sine
2670 3752 2817 3791 mora
2850 3736 3119 3799 restituat;
3144 3736 3324 3804 δίκῃιιέ

1808 3804 1955 3877 latim
1999 3821 2411 3860 commemorans
2455 3822 2613 3859 ouant
2640 3805 2867 3877 indignis
2908 3805 3074 3858 modis
3118 3821 3204 3858 eos
3238 3805 3324 3873 oF

1806 3876 2023 3943 ﬂixerit.

1807 3965 2153 4023 Laxrnmcus
2180 3968 2357 4039 gratia
2398 3968 2494 4023 Dei
2545 3968 3017 4039 archiepiscopus,
3063 3966 3324 4024 Ronen'ro

1738 4059 1994 4115 Cistreusi
2019 4060 2288 4130 episcopo,
2322 4060 2571 4116 salutem.
2980 4110 2984 4116 .
3142 4104 3145 4107 .

1811 4150 2041 4205 Litteras
2066 4159 2190 4207 ante
2213 4166 2412 4219 paucos
2445 4152 2560 4209 dies
2588 4151 2680 4205 tibi
2705 4150 2974 4206 transmisi
2991 4189 3006 4213 ,
3029 4159 3082 4203 et
3106 4164 3201 4204 eas
3228 4149 3324 4203 vix

1740 4249 2020 4310 susceptas
2041 4240 2218 4309 legere
2241 4240 2555 4309 despexisti,
2595 4249 2798 4295 etcum
2832 4255 3029 4308 magna
3072 4240 3324 4309 indigna.

1741 4333 1907 4396 tione,
1942 4332 2083 4387 sicut
2113 4331 2242 4385 mihi
2269 4331 2473 4386 dictum
2503 4339 2616 4396 est,
2646 4344 2809 4399 super
2844 4329 3114 4399 quoddam
3154 4327 3323 4384 sedile

1739 4436 1834 4479 eas
1865 4420 2170 4492 projecisti;
2205 4435 2348 4474 nunc
2383 4419 2517 4475 alias
2547 4419 2723 4486 mitto,
2752 4416 3016 4474 mandans
3045 4425 3099 4474 et
3129 4418 3319 4489 praeci-

1666 4535 1716 4595 ι)
1740 4514 1911 4583 piens,
1934 4527 1999 4567 ex
2046 4520 2199 4582 parte
2230 4511 2371 4582 regis
2412 4520 2468 4567 et
2495 4519 2679 4569 nostra
2701 4550 2719 4577 ,
2752 4520 3022 4582 quatenus
3064 4510 3132 4565 ab
3172 4510 3325 4566 omni

1737 4604 2052 4676 gravamine
2114 4604 2257 4674 quod
2298 4604 2548 4660 coenobio
2590 4603 2951 4660 Conventreiu
2995 4602 3200 4658 inferre
3237 4601 3323 4656 di-

1737 4707 1879 4749 ceris
1933 4693 2156 4748 omnino
2195 4702 2247 4748 te
2283 4693 2609 4760 subtrahas,
2651 4693 2913 4763 quidquid
2946 4692 3012 4749 de
3052 4691 3168 4761 ipso
3204 4703 3323 4745 εαξη

1740 4784 1905 4843 nobio
1932 4784 2020 4842 vel
2061 4786 2223 4842 terris
2266 4785 2440 4857 ipsius
2489 4786 2725 4843 cmnobii
2759 4784 3023 4841 violenter
3052 4782 3325 4840 abstulisti

1740 4877 1859 4935 sine
1881 4893 2032 4934 mora
2053 4878 2345 4944 restituas;
2372 4876 2665 4934 clamorem
2693 4876 2838 4934 enim
2871 4875 3118 4932 fecerunt
3140 4875 3207 4930 ad
3235 4886 3325 4928 me

1744 4975 1853 5023 tam
1882 4968 2052 5024 abbas
2084 4982 2248 5038 quam
2294 4967 2547 5023 monachi
2575 4968 2727 5037 ejus,
2760 4966 2905 5036 quod
2940 4963 3325 5022 dormitorium

1740 5071 1927 5112 eorum
1970 5071 2069 5127 per
2106 5057 2218 5111 vim
2262 5055 2520 5122 introisti,
2563 5071 2719 5112 arcas
2759 5070 2948 5134 eorum
2986 5052 3223 5124 fregisti,
3270 5059 3327 5103 et

1742 5162 1910 5218 equos
1930 5156 1986 5203 et
2006 5161 2196 5203 omnes
2216 5146 2579 5219 proprietates
2606 5163 2742 5218 quas
2770 5145 3045 5223 habebant
3073 5142 3320 5211 rapuisti.

1742 5236 1969 5306 insuper
1990 5238 2180 5294 domos
2205 5252 2394 5294 eorum
2422 5228 2757 5303 des'truxisti,
2782 5244 2837 5291 et
2860 5233 3120 5291 materias
3136 5245 3323 5285 earum

1745 5328 1811 5384 ad
1840 5336 1959 5384 tuas
1980 5327 2139 5385 villas
2172 5330 2439 5407 asportari
2475 5328 2800 5400 praecepisti.
2848 5326 2905 5383 In
2943 5327 3064 5396 ipso
3108 5336 3325 5393 quoque

1745 5418 1997 5477 coenobio
2016 5435 2143 5475 cum
2172 5404 2378 5477 familia
2407 5429 2497 5477 tua
2519 5432 2851 5477 consumens
2872 5418 3013 5473 bona
3034 5413 3327 5470 monacho-

1746 5526 1889 5577 rum,
1917 5511 2283 5567 octodierum
2321 5529 2527 5569 moram
2567 5510 2765 5567 fecisti.
2799 5509 2925 5564 ﬂare
2956 5522 3055 5563 nec
3092 5505 3167 5561 tui
3207 5505 3325 5561 otii-

1743 5603 1813 5657 cii
1870 5617 1970 5657 nec
2003 5608 2108 5658 tuae
2148 5604 2433 5672 potestatis
2465 5618 2587 5659 esse
2630 5614 2958 5675 cognoscas,
2996 5599 3106 5655 imo
3150 5597 3325 5668 magis

1745 5701 2021 5764 oporteret
2067 5701 2120 5749 te
2161 5692 2441 5748 animabus
2475 5708 2661 5749 eorum
2703 5692 2959 5765 pastorali
2995 5691 3326 5749 discretione

1747 5768 2051 5852 consulere,
2097 5784 2468 5857 bonorumque
2501 5800 2711 5843 morum
2762 5794 3187 5855 sanctarumque
3232 5797 3322 5843 acv
