3938 6288
522 359 627 415 55]

522 472 738 528 ticum
772 466 954 525 verbis
990 474 1045 523 et
1087 465 1340 539 operibus
1380 463 1638 521 salutaria
1686 467 1930 537 exempla
1970 479 2106 536 prte-
2136 467 2182 525 Α

521 566 680 622 bere.

1045 648 1380 707 EPISTOLA
1420 647 1591 702 XXX.

707 755 777 798 AD
814 754 1093 797 ιιιυςδειι
1142 751 1422 793 MIENSEI
1460 751 1935 795 ARCBHEPISCOPIW.

528 830 832 887 Remeusem
895 830 1343 899 archiepiscopum
1401 828 1593 899 summi
1654 826 1915 899 pontiﬁcis
1957 824 2114 899 ληίδα

600 911 773 957 monet
797 910 853 955 ut
878 899 1038 955 latori.
1059 893 1353 953 litterarum
1390 914 1470 951 res
1505 893 1702 966 injuste
1722 893 1822 951 sibi
1845 893 1984 967 apud
2009 893 2114 949 Ro-

596 988 819 1027 snacum
843 971 1048 1025 ablatas
1078 967 1435 1023 restituendas
1456 978 1621 1021 curet.

598 1063 835 1119 Domino
880 1061 935 1118 in
982 1060 1250 1116 columnis
1290 1058 1549 1115 Ecclesia:
1605 1058 1901 1128 plurimum
1944 1058 2117 1113 hono-

529 1154 704 1209 rando
749 1150 1006 1208 Remensi
1037 1149 1449 1220 archiepiscopo
1480 1147 1745 1214 Mamssr,
1784 1155 2037 1219 peccator
2061 1153 2117 1202 et

530 1243 783 1314 indignus
829 1242 1061 1297 antistes
1108 1239 1495 1308 Lurnancus,
1541 1239 1796 1306 salutem,
1833 1237 2116 1295 servitium

527 1336 652 1386 cum
684 1326 1050 1387 orationibus.

597 1420 768 1475 Later
794 1420 989 1475 harum
1029 1419 1358 1488 litterarum,
1401 1420 1579 1491 regius
1612 1434 1677 1475 ac
1708 1426 1896 1475 noster
1918 1417 2115 1491 homo,

528 1528 782 1587 magnam
815 1528 999 1569 rerum
1022 1529 1243 1569 suarum
1273 1514 1438 1586 316
1453 1512 1595 1583 apud
1612 1512 1919 1567 Rosnacum
1940 1524 2000 1565 se
2030 1524 2118 1564 as-

532 1607 667 1663 serit
685 1606 939 1678 injuriam
965 1606 1275 1677 pertulisse;
1302 1616 1355 1662 et
1380 1621 1479 1675 pro
1505 1620 1567 1662 ea
1592 1620 1653 1661 re
1673 1604 1897 1660 auribus
1920 1600 2117 1658 summi

530 1701 808 1773 pontificis
877 1700 1284 1773 Iacrymahilem
1356 1699 1755 1771 querimoniam
1842 1697 2114 1753 intulisse.

532 1792 791 1847 Summus
834 1804 963 1871 vero
1012 1789 1257 1860 pontifex
1302 1798 1549 1860 raptores
1590 1804 1718 1844 suos
1752 1786 1873 1860 [αι.⁹
1922 1785 2114 1860 ipsos],
2149 1806 2192 1862 Β

531 1882 637 1940 nisi
666 1881 847 1938 omnia
878 1896 981 1961 sua
1008 1881 1057 1936 ei
1086 1880 1404 1950 redderent,
1443 1881 1761 1938 terribiliter
1796 1894 2115 1936 excommu-

531 1974 753 2040 nicavit,
781 1981 835 2029 et
864 1972 1040 2040 vobis,
1064 1979 1125 2027 ut
1150 1972 1202 2027 ei
1239 1972 1305 2028 de
1339 1972 1651 2043 raptoribus
1681 1971 1815 2042 ipsis
1847 1969 2115 2040 justitiam

530 2064 810 2131 faceretis,
858 2063 1003 2119 sedis
1056 2062 1367 2133 apostolicae
1416 2062 1629 2118 litteras
1680 2061 1994 2118 destinavit.
2051 2060 2119 2115 Et

529 2151 785 2221 quamvis
802 2151 1120 2208 excellentia
1152 2160 1336 2208 vestra
1367 2152 1423 2207 in
1459 2151 1659 2208 talibus
1700 2151 1970 2208 monitore
2007 2165 2114 2205 non

528 2250 713 2321 egeat,
737 2257 873 2312 rogo
898 2250 1079 2297 tamen
1120 2230 1463 2313 multumque
1490 2257 1620 2312 rogo
1645 2250 1703 2297 ut
1728 2241 1780 2296 ei
1809 2240 2118 2313 benignitas

527 2340 709 2386 vestra
745 2330 822 2386 ita
864 2330 1152 2386 subveniat
1179 2340 1454 2402 quatenus
1477 2346 1566 2391 res
1607 2346 1754 2395 suas,
1804 2346 1929 2400 qua:
1951 2330 2001 2387 ei
2041 2330 2120 2385 in-

526 2424 680 2494 iuste.
699 2423 893 2481 ablata:
922 2433 1067 2487 sunt,
1100 2426 1219 2481 sine
1246 2425 1606 2481 diminutione
1637 2422 1901 2493 acquirat.

1042 2515 1377 2574 EPISTOLA
1411 2516 1606 2572 XXXI.

952 2622 1021 2662 AD
1057 2623 1366 2665 IAURI'I'IUII
1401 2623 1713 2664 εριεοορυκ.

534 2694 601 2751 Ut
627 2696 937 2770 Berringam
960 2708 1043 2753 eat
1062 2740 1077 2766 ,
1107 2697 1351 2770 (itemque
1385 2699 1521 2754 inter
1548 2698 1868 2754 abbatissam
1903 2706 1951 2753 et
1973 2698 2118 2769 prio-

1101 2784 1209 2823 rem
1252 2778 1554 2838 componat.

602 2860 955 2916 Luraascns
1019 2859 1464 2930 archiepiscopus
1517 2858 1717 2915 dilecto
1777 2858 1954 2914 amico
2018 2872 2120 2913 suo

532 2951 812 3021 Msuntrto
841 2952 1096 3021 episcopo
1131 2951 1386 3007 salutem.

605 3041 764 3098 Sicut
788 3043 841 3097 in
870 3042 989 3097 aliis
1030 3041 1258 3109 litteris,
1298 3042 1355 3097 in
1394 3042 1480 3097 his
1518 3056 1734 3112 quoque
1772 3057 2027 3112 rogamus
2064 3050 2121 3096 et

1492 351 1548 405 Β.
1592 342 2001 407 LANFIiANCI
2023 345 2121 405 ΟΔ]

2230 342 2380 404 UAR.
2432 341 2752 401 ARCHIEP.
3667 335 3757 395 532

2212 458 2509 530 respondeo
2538 477 2551 513 :
2587 453 3043 515 Sanctimonlales
3073 466 3192 524 qua:
3213 449 3281 507 de
3307 449 3567 505 servanda
3596 452 3755 522 regula

2212 551 2603 623 professionem
2627 549 2892 615 fecerunt,
2920 546 3005 602 vel
3032 560 3171 615 quae,
3195 542 3441 614 quamvis
3465 542 3631 596 adhuc
3652 557 3757 612 pro-

2213 645 2369 701 fessae
2397 660 2505 700 non
2526 645 2657 709 sint,
2690 644 2757 697 ad
2785 642 2955 697 altare
2984 649 3169 695 tamen
3194 637 3389 693 oblatae
3426 635 3658 701 fuerunt,
3686 651 3757 691 se-

2214 736 2450 790 cundum
2486 749 2665 790 mores
2694 742 2749 788 et
2780 732 2918 787 vitas
2947 745 3136 788 earum
3168 729 3234 785 ad
3274 726 3590 783 servandam
3623 742 3757 798 rego.

2214 826 2319 881 iam
2364 832 2706 889 moneantur,
2745 824 3124 892 increpentur,
3148 819 3603 890 constringuntur.
3647 817 3758 885 Quae

2214 931 2343 972 vero
2408 931 2508 972 nec
2552 916 2813 987 professae
2853 929 2954 969 nec
3000 912 3196 968 oblatae
3245 919 3393 974 sunt,
3444 909 3511 963 ad
3557 923 3761 978 praesens

2216 1009 2556 1066 dimittantur
2574 1008 2673 1074 sic,
2697 1008 2866 1063 donec
2889 1006 3196 1061 voluntates
3219 1018 3405 1060 earum
3431 1002 3499 1057 de
3532 1002 3760 1058 servando

2215 1101 2405 1158 ordine
2438 1099 2691 1156 subtilius
2715 1098 3091 1170 exquirantur.
3129 1096 3260 1163 Qua:
3300 1107 3436 1149 vero
3472 1107 3575 1147 non
3607 1108 3760 1150 amore

2217 1191 2494 1263 religionis
2514 1233 2528 1257 ,
2562 1191 2657 1245 sed
2688 1190 2881 1245 timore
2906 1187 3400 1258 Francigenarttm,
3423 1184 3564 1267 sicut
3586 1198 3668 1237 vos
3690 1184 3760 1237 di-

2217 1285 2368 1351 citis,
2415 1284 2481 1339 ad
2539 1283 2928 1339 monasterium
2964 1280 3351 1351 confugerunt;
3390 1277 3437 1331 si
3483 1277 3580 1330 hoc
3632 1275 3762 1330 timo

2217 1377 2502 1433 meliorum
2540 1373 3030 1431 sanctimonialium
3061 1369 3373 1427 testimonio
3411 1366 3632 1439 probare
3662 1381 3763 1436 pos-

2219 1478 2363 1531 sunt,
2399 1467 2567 1523 libera
2609 1466 2689 1521 eis
2722 1464 3008 1521 recedendi
3053 1460 3385 1519 concedatur
3423 1466 3666 1527 potestas.
3712 1456 3765 1511 Et

2218 1559 2322 1614 hoc
2371 1566 2455 1613 est
2505 1556 2791 1613 consilium
2835 1555 2999 1627 regis,
3040 1562 3095 1609 et
3137 1560 3407 1607 nostrum.
3449 1546 3767 1617 Omnipotens

2220 1648 2362 1705 Deus
2390 1648 2556 1703 vitam
2582 1656 2818 1703 vestram
2850 1646 2902 1700 in
2933 1642 3272 1714 beneplacito
3291 1654 3394 1695 suo
3422 1645 3706 1694 conservet.

2692 1734 3031 1793 EPISTOLA
3068 1732 3311 1789 XXXIII.
3478 1808 3481 1809 ν

2461 1846 2531 1887 ιο
2575 1843 2903 1885 υοωΝΑιυωι
2942 1842 3211 1881 ιιιυειικω
3245 1837 3562 1879 ενιεεοιιωι.

2218 1921 2522 1992 quautibus
2551 1930 2673 1992 ante
2713 1936 2865 1975 usum
2898 1918 3129 1992 rationis_
3154 1913 3492 1992 eucharistiae
3522 1910 3769 1980 perceptio-

2289 1986 2406 2047 aem
2432 1992 2580 2047 docet
2616 1991 3026 2059 haudquaquam
3060 1988 3129 2040 ad
3155 1986 3540 2059 salutantem:
3561 1997 3767 2035 necessa-

2290 2065 2466 2128 riam;
2509 2053 2821 2132 quastiones
2856 2053 2973 2132 vero
3005 2056 3342 2132 sajcularium
3385 2053 3696 2117 litterarum,
3722 2060 3767 2103 ut

2289 2128 2531 2204 episcopo
2558 2132 2801 2202 indignas
2823 2128 3019 2184 solvere
3038 2128 3312 2181 detrectat.

2289 2248 2642 2303 LANFRANCUS
2669 2242 2920 2313 indignus
2944 2247 3146 2296 sancta:
3181 2233 3589 2293 Cantuariensis
3609 2232 3766 2288 Eccle-

2220 2341 2314 2398 siae
2336 2340 2580 2403 antistes,
2597 2334 2906 2393 venerando
2927 2331 3203 2387 Hiberniae
3225 2330 3484 2400 episcopo
3498 2326 3755 2380 DOHNALDO

2220 2443 2275 2491 et
2298 2434 2365 2489 iis
2390 2432 2482 2503 qui
2504 2430 2608 2487 sibi
2642 2429 2854 2485 litteras
2879 2425 3323 2488 transmiserunt,
3366 2420 3591 2477 salutem
3620 2426 3668 2474 et
3691 2418 3765 2472 be-

2220 2526 2613 2583 nedictionem.
3132 2590 3135 2593 _

2291 2617 2347 2672 In
2381 2616 2576 2671 itinere
2602 2614 2787 2686 positi,
2818 2621 2875 2668 et
2902 2626 2931 2666 a
2960 2611 3186 2667 civitate
3228 2608 3280 2662 in
3333 2621 3440 2676 qua
3471 2603 3618 2659 nobis
3643 2602 3771 2656 sedes

2220 2707 2542 2780 episcopalis
2588 2715 2674 2762 est
2704 2706 2863 2776 longe
2894 2703 3116 2776 sepositi
3143 2701 3306 2773 317
3332 2713 3568 2762 eramus,
3590 2694 3774 2766 quando

2222 2802 2432 2857 litteras
2454 2807 2666 2855 vestras
2693 2798 2883 2853 nuntio
2911 2803 3095 2851 vestro
3128 2793 3412 2849 deferente
3446 2787 3768 2855 suSccpimus.

2222 2893 2393 2961 Quem
2433 2906 2557 2947 cum
2604 2902 2951 2960 rogassemus
3002 2894 3062 2939 ut
3110 2884 3304 2940 saltem
3372 2880 3558 2951 paucis
3604 2876 3767 2930 diebus

2222 2983 2512 3038 nobiscum
2550 2988 2819 3044 maneret,
2842 2986 3111 3048 quatenus
3137 2972 3465 3047 perquisitis
3492 2969 3636 3024 libris
3672 2982 3757 3022 con

2224 3090 2416 3146 gruum
2445 3088 2545 3144 pro
2574 3083 2734 3143 captu
2779 3078 2963 3125 nostro
2989 3069 3058 3124 ad
3088 3066 3336 3123 consulta
3368 3074 3549 3119 vestra
3583 3074 3773 3129 respon-

531 3146 839 3233 ',“°“°“"fs'
865 3143 937 3233 ef.
960 3132 1216 3233 “sum.”
1248 3131 1575 3233 “manus
1600 3132 2113 3233 Ρτῖθθίρίωυῖίιωέ
2140 3147 2190 3211 C
2224 3131 2355 3223 sum
2383 3131 2535 3222 vobis
2565 3131 2826 3232 referret,
2857 3161 3102 3233 petitioni
3141 3168 3341 3215 nostrae
3372 3155 3617 3212 eil‘ectum
3646 3167 3774 3222 nega-

535 3232 716 3286 tenus,
744 3223 790 3278 si
816 3223 970 3279 vobis
999 3231 1367 3295 opportunum
1395 3231 1512 3289 est,
1536 3223 1828 3294 Bertingen
1862 3223 2033 3289 eatis,
2063 3231 2119 3279 et

534 3312 734 3369 auditis
763 3314 1019 3383 utrinque
1064 3313 1301 3383 querelis
1341 3313 1675 3370 abbatissam
1724 3329 1843 3371 esse
1884 3314 2122 3370 abbatis-

533 3418 675 3472 sam,
702 3413 758 3461 et
785 3406 1022 3476 priorem
1054 3418 1174 3460 esse
1212 3404 1450 3474 priorem
1480 3403 1751 3476 jubeatis;
1803 3412 2031 3474 utraque
2067 3404 2120 3459 in

536 3510 638 3553 suo
662 3497 855 3553 ordine
885 3496 985 3563 sit,
1019 3496 1161 3552 sicut
1191 3505 1445 3566 oportet,
1474 3505 1559 3562 et,
1595 3497 1735 3553 sicut
1768 3497 1911 3552 beati
1952 3496 2125 3551 Bene-

531 3586 666 3642 dicti
698 3586 901 3658 Regula
927 3586 1145 3659 (capitis
1161 3587 1216 3653 7,
1248 3588 1404 3658 grad.
1425 3587 1481 3653 2,
1507 3587 1569 3653 5;
1598 3596 1653 3643 et
1681 3602 1802 3658 cap.
1834 3585 1925 3657 65)
1948 3584 2122 3655 jubet,

533 3677 711 3744 major
739 3680 1057 3750 praecipiat,
1090 3680 1269 3735 minor
1298 3679 1535 3735 obediat.
1577 3679 1633 3734 Si
1680 3689 1860 3734 tamen
1898 3693 1963 3733 ea
1994 3693 2125 3749 pra:-

535 3768 744 3838 ceperit
775 3784 898 3840 qua:
930 3766 1185 3840 congruis
1217 3769 1517 3824 rationibus
1542 3769 1888 3836 conveniant,
1923 3775 1978 3822 et
2013 3767 2128 3837 qui-

534 3858 639 3914 bus
669 3873 842 3915 sacrae
882 3861 1236 3915 auctoritates
1265 3859 1491 3915 minime
1526 3860 1931 3925 contradicant,
1961 3868 2127 3914 utrae-

536 3966 645 4023 que
672 3968 794 4023 qua
819 3952 915 4009 Dei
946 3960 1159 4023 sunt,et
1186 3968 1307 4024 qua:
1337 3952 1523 4008 saeculi
1553 3961 1700 4019 sunt,
1732 3960 1954 4009 servata
2001 3965 2127 4006 suo-

539 4056 663 4098 rum
714 4043 968 4099 ordinum
1015 4043 1312 4114 dignitate,
1357 4045 1634 4099 communi
1675 4042 1900 4099 consilio
1939 4051 2125 4114 agant.

541 4133 996 4189 Sanctimoniales
1023 4143 1081 4189 et
1107 4133 1327 4200 clerici,
1361 4141 1417 4189 et
1457 4133 1602 4199 laici,
1641 4142 1750 4188 tam
1788 4134 1937 4189 Intus
1965 4149 2125 4203 quam

536 4233 717 4290 extra,
743 4223 824 4279 eis
845 4224 1088 4280 serviant
1112 4231 1168 4279 et
1199 4223 1476 4279 obediant.

609 4316 959 4387 Quaecunque
990 4315 1203 4373 illarum
1237 4316 1380 4373 hanc
1409 4316 1850 4373 constitutionem
1883 4326 2125 4373 nostram

536 4416 924 4478 pnetergressa
967 4405 1156 4472 fuerit,
1192 4416 1373 4461 vestra
1406 4407 1683 4463 adnitente
1722 4409 1977 4464 instantia
2005 4425 2127 4465 cor-

539 4497 791 4567 ripiatur,
820 4506 907 4562 et,
949 4514 1018 4554 ne
1059 4506 1379 4567 conceptam
1426 4501 1902 4570 priesumptionem
1951 4502 2126 4556 adim-
2155 4487 2204 4547 Ι)

539 4584 719 4654 plent,
774 4586 1101 4655 competenti
1149 4588 1442 4643 severitate
1473 4590 1846 4660 compellatur.
1881 4590 2036 4657 Quod
2076 4591 2127 4644 si

540 4674 809 4730 discordia
871 4675 924 4729 in
982 4684 1190 4731 tantum
1250 4686 1435 4747 partes
1482 4680 1777 4734 armaverit
1831 4689 1891 4733 ut
1939 4694 2127 4735 earum

543 4764 813 4819 sententia
842 4764 896 4819 in
922 4780 1081 4820 unam
1116 4766 1465 4822 concordiam
1490 4769 1784 4823 convenire
1804 4785 1911 4823 non
1933 4771 2124 4837 possit,

543 4870 633 4910 res
660 4855 816 4913 nobis
843 4856 1166 4925 innotescat,
1197 4868 1256 4914 ut
1308 4857 1465 4928 cujus
1494 4860 1649 4931 culpa
1682 4859 1847 4916 fuerit
1894 4862 2126 4931 regulari

544 4946 871 5005 districtioni
902 4948 1202 5019 subjaceat.

1038 5060 1368 5118 EPISTOLA
1412 5061 1627 5117 XXXII.

939 5170 1006 5207 AD
1045 5168 1364 5209 GOISFRIDUM
1411 5169 1726 5208 Εριδῦορυκ.

546 5243 621 5296 De
646 5244 1135 5297 sanctimonialibus
1162 5245 1414 5314 professis
1439 5246 1518 5314 vel
1547 5247 1617 5299 ad
1639 5245 1808 5301 altare
1832 5248 2021 5302 oblatis
2039 5290 2054 5312 ,
2077 5260 2127 5304 et

612 5313 678 5366 de
709 5314 773 5367 iis
798 5329 917 5387 ante
945 5314 1329 5387 uec_pro[essa:
1369 5313 1446 5368 vel
1477 5315 1706 5387 oblatae,
1737 5325 1829 5387 aut
1872 5335 1991 5387 qua:
2025 5336 2129 5373 non

612 5399 793 5438 antore
811 5381 1091 5451 religionis
1121 5381 1189 5437 ad
1222 5385 1597 5439 monasterium
1627 5381 1995 5456 confugerunt.

620 5471 970 5528 Laurnssws
1014 5472 1491 5543 archiepiscopus,
1536 5475 1831 5531 venerabili
1875 5477 2129 5549 episcopo

546 5559 859 5627 Cotsrntno,
893 5561 1127 5619 salutem
1156 5572 1213 5619 et
1246 5564 1551 5621 servitium.

619 5650 695 5705 De
738 5651 1265 5719 sanctimonialibus,
1312 5654 1379 5709 de
1415 5654 1954 5725 quibuS'dulcissima
1999 5658 2130 5712 mihi

547 5741 850 5811 paternitas
888 5753 1070 5798 vestra
1106 5744 1172 5799 ad
1213 5760 1299 5800 me
1339 5745 1545 5805 litteras
1595 5747 1773 5811 misit.
1828 5749 1935 5806 hoc
1975 5750 2129 5807 vobis

2229 3260 2329 3324 vit,
2353 3267 2407 3314 et
2430 3273 2487 3314 se
2513 3255 2716 3312 diutius
2739 3271 2845 3310 non
2874 3269 3033 3325 posse
3056 3251 3254 3307 morari
3287 3248 3474 3304 multis
3488 3244 3769 3302 assertioni-

2223 3355 2325 3410 bus
2348 3349 2821 3423 allegavit.ltaque
2843 3346 3217 3402 dulcissimam
3233 3343 3391 3398 nobis
3413 3338 3773 3396 fraternitatem

2227 3453 2464 3500 vestram
2496 3448 2724 3511 paterna
2776 3436 3050 3493 charitate
3094 3447 3381 3489 monentus
3426 3444 3495 3484 ne
3531 3427 3773 3497 indignum

2224 3536 2379 3591 vobis
2423 3534 2494 3590 sit
2540 3534 2686 3605 quod
2734 3531 2800 3587 de
2852 3538 3001 3585 tanta
3042 3543 3101 3583 re
3146 3535 3256 3595 tam
3303 3522 3543 3580 breviter
3593 3532 3777 3588 respon-

2225 3631 2435 3685 demus.

2301 3722 2532 3786 Revera,
2566 3728 2622 3776 et
2649 3717 2836 3790 procul
2862 3716 3014 3788 pulsa
3036 3714 3185 3771 omni
3215 3710 3594 3780 ambiguitate,
3623 3701 3779 3758 sciatis

2229 3830 2405 3885 neque
2446 3812 2841 3870 transmarinas
2892 3807 3183 3870 Ecclesias,
3237 3818 3416 3874 neque
3471 3815 3566 3854 nos
3610 3794 3778 3864 Anglos

2228 3910 2370 3964 hanc
2395 3906 2463 3962 de
2494 3904 2794 3960 infantibus
2828 3910 3013 3957 tenere
3036 3898 3365 3971 sententiam
3389 3908 3552 3964 quam
3586 3885 3774 3960 putatis.

2227 3998 2516 4056 Credimus
2549 3996 2694 4051 enim
2726 3992 3054 4064 generaliter
3068 4004 3259 4046 omnes
3286 3985 3540 4042 omnibus
3563 3979 3776 4036 aetatibus

2227 4091 2522 4163 plurimum
2569 4087 2829 4157 expedire
2875 4095 2985 4140 tam
3024 4084 3276 4137 viventes
3312 4093 3478 4149 quam
3521 4072 3779 4130 morientes

2229 4181 2497 4239 Dominici
2562 4179 2807 4250 corporis
2862 4186 2918 4232 et
2951 4174 3233 4248 sanguinis
3282 4166 3628 4242 perceptione
3683 4171 3777 4214 sese

2233 4275 2468 4331 munire.
2494 4271 2605 4327 Nec
2628 4280 2831 4337 tamen,
2852 4270 2921 4335 si,
2953 4268 3269 4338 priusquam
3303 4275 3502 4331 corpus
3532 4251 3712 4313 Christi
3736 4257 3777 4303 et

2229 4365 2549 4436 sanguinem
2597 4370 2839 4425 sumant,
2872 4356 3144 4426 contingit
3190 4352 3498 4423 baptizatos
3535 4344 3696 4436 statim
3725 4339 3777 4391 de

2230 4434 2557 4513 hoc—saeculo
2594 4453 2696 4520 ire,
2725 4452 2996 4506 ullatenus
3045 4448 3318 4504 credimus
3352 4457 3472 4509 eos,
3502 4437 3640 4510 quod
3666 4434 3777 4487 Deus

2228 4548 2467 4604 avertat!
2526 4554 2749 4616 propter
2790 4543 2894 4597 hoc
2932 4542 2987 4597 in
3025 4548 3290 4594 aeternum
3329 4533 3545 4605 perire;
3579 4522 3774 4616 alioquin

2229 4638 2435 4694 veritas
2462 4614 2570 4691 non
2610 4642 2757 4690 esset
2784 4647 2971 4697 verax,
3000 4646 3121 4701 quae
3171 4628 3340 4684 dicit:
3378 4624 3484 4690 Qui
3516 4614 3775 4676 crediderit,

2227 4740 2275 4784 et
2310 4731 2604 4798 baptizatus
2637 4727 2819 4798 fuerit,
2859 4724 3037 4780 salvus
3066 4724 3163 4778 erit
3218 4720 3418 4793 (Marc.
3453 4731 3563 4781 XVI,
3598 4712 3692 4780 I6).
3729 4706 3778 4759 Ει

2229 4835 2325 4891 per
2367 4819 2686 4891 prophetam
2721 4837 2734 4871 :
2767 4817 3058 4887 Eﬂ'uudam
3089 4830 3247 4884 super
3281 4828 3370 4866 vos
3415 4824 3606 4880 aquam
3653 4816 3776 4856 mau-

2227 4913 2394 4976 dant,
2459 4920 2507 4965 et
2568 4909 2951 4965 muudabimini
3009 4907 3076 4960 ab
3144 4904 3386 4959 omnibus
3455 4892 3778 4970 iniquitatibus

2230 5010 2411 5064 vestris
2459 5007 2680 5077 (Ezech.
2753 5022 2941 5071 xxxvi,
2996 5006 3126 5075 27);
3196 5002 3350 5069 Quod
3427 5001 3495 5055 de
3550 4992 3778 5064 baptismo

2228 5117 2351 5158 csse
2405 5102 2607 5155 dictum
2662 5116 2854 5155 omnes
2920 5099 3081 5168 hujus
3127 5094 3417 5154 sententia:
3478 5086 3777 5180 exposituros

2229 5192 2575 5251 concorditer
2609 5201 2945 5248 asseverant.
2981 5190 3049 5245 Et
3095 5189 3291 5243 Petrus
3357 5181 3628 5255 apostolus
3669 5194 3679 5229 :
3727 5168 3779 5222 Et

2231 5302 2318 5340 uos
2341 5302 2479 5340 nunc
2512 5283 2698 5340 similis
2727 5283 2913 5353 forma:
2941 5282 3116 5337 salvos
3154 5280 3283 5351 facit
3313 5278 3572 5351 baptisma
3591 5272 3637 5343 (Ι
3660 5264 3778 5319 Petr.

2232 5360 2315 5444 ut,
2347 5364 2460 5447 2i).
2493 5376 2558 5430 Et
2584 5375 2785 5433 Paulus
2829 5374 3147 5443 apostolus:
3182 5372 3450 5441 Quotquot
3499 5372 3553 5424 in
3606 5362 3779 5420 Christo

2236 5468 2488 5539 baptizati
2514 5465 2661 5531 estis,
2697 5460 2964 5521 Christum
3000 5463 3251 5519 induistis
3290 5461 3494 5532 (Galat.
3521 5474 3604 5517 ιιι.
3629 5454 3734 5520 2ης
3760 5466 3775 5498 ³

2232 5556 2509 5614 Christum
2534 5557 2793 5615 est.enim
2840 5557 3084 5619 induere,
3124 5553 3489 5609 habitatorem
3521 5551 3676 5604 Deum
3702 5552 3779 5610 per

2238 5649 2614 5705 remissionem
2647 5654 2994 5717 peccatorum
3027 5647 3078 5700 in
3109 5660 3168 5700 se
3201 5644 3425 5703 habere.

2306 5740 2440 5798 Nam
2490 5739 2761 5797 sententia
2820 5739 2910 5795 illa
2949 5754 3112 5810 quant
3154 5737 3417 5798 Dominus
3446 5737 3501 5799 iu
3528 5725 3782 5803 Evangelio
