3864 6304
113 353 241 435 ιςδδ⁹

112 559 323 613 biberitis
374 559 495 628 ejus
546 561 885 631 sanguinem,
948 581 1051 621 non
1100 568 1353 624 habebitis
1407 572 1563 627 vitam
1619 575 1675 629 in

112 651 233 704 vobis
284 648 468 717 (Iona.
522 667 594 717 vx,
637 652 759 722 54),
832 668 1094 724 quantum
1160 661 1229 716 ad
1287 664 1674 723 comestionern

110 742 209 795 oris
235 755 337 795 non
385 751 569 811 potest
596 744 924 815 generaliter
959 749 1102 808 dicta
1134 764 1256 806 esse
1285 753 1353 808 de
1396 756 1669 812 omnibus.

112 829 337 900 Plerique
382 834 592 888 etenim
646 844 960 893 sanctorum
1007 851 1309 913 martyrum
1346 851 1472 898 ante
1498 844 1672 914 bapti-

111 942 264 979 sinum
293 941 513 996 quoque
553 928 784 986 diversis
821 934 1119 989 excruciati
1152 936 1328 1006 pernis
1355 937 1420 993 de
1445 953 1673 1009 corpore

111 1014 487 1098 migravernnt;
524 1033 618 1072 eos
647 1026 825 1075 tamen
852 1021 904 1076 in
934 1039 1160 1080 numero
1190 1035 1491 1098 martyrum
1521 1044 1671 1084 com-

110 1115 265 1177 putat,
307 1096 363 1163 et
397 1108 580 1164 salvos
616 1111 791 1166 credit
820 1113 1060 1169 Ecclesia
1104 1130 1201 1185 per
1252 1096 1381 1171 illud
1428 1120 1672 1175 testimo-

108 1198 234 1252 nium
270 1197 524 1265 Domini,
559 1216 666 1270 quo
696 1201 936 1259 dicitur:
966 1204 1069 1271 Qui
1097 1223 1177 1262 me
1222 1208 1486 1279 confessus
1512 1209 1669 1280 fuerit

108 1305 262 1343 coram
307 1291 612 1348 hominibus
639 1332 655 1359 ,
718 1295 1005 1364 conﬁtebor
1060 1308 1109 1352 et
1183 1315 1276 1369 ego
1331 1316 1448 1354 eum
1493 1317 1670 1355 coram

109 1378 249 1434 Patre
291 1397 403 1436 meo
449 1385 651 1452 quiest
704 1385 758 1438 in
801 1384 927 1440 caelo
979 1387 1195 1458 (Matth.
1230 1405 1284 1455 x,
1317 1389 1430 1461 52).
1490 1391 1671 1446 Inlau-

110 1478 445 1541 tein,quoque
495 1489 605 1529 non
652 1474 1008 1545 baptizatum,
1052 1480 1100 1534 si
1132 1491 1311 1537 morte
1355 1482 1669 1540 imminente

111 1570 359 1628 urgeatur,
392 1577 421 1615 a
455 1562 602 1635 ﬁdeli
632 1564 806 1649 laico,
834 1567 880 1622 si
910 1570 1194 1641 presbyter
1215 1571 1376 1639 desit,
1404 1574 1669 1643 baptizari

110 1666 245 1720 posse
264 1669 505 1711 canones
531 1660 882 1729 praecipiunt;
910 1678 1009 1719 nec
1030 1678 1159 1719 eum
1190 1674 1391 1733 tamen,
1417 1668 1463 1722 si
1485 1669 1669 1725 statim

108 1751 367 1819 moriatur,
414 1770 446 1810 a
480 1758 758 1815 consortio
806 1759 1041 1816 ﬁdelium
1091 1763 1402 1837 sejungunt.
1432 1766 1668 1824 Necesse

104 1850 177 1899 est
201 1859 321 1916 ergo
347 1849 674 1918 praedictam
706 1851 922 1909 Domini
956 1857 1282 1913 sententiam
1313 1859 1392 1914 sic
1418 1859 1666 1932 intelligi,

90 1946 345 2003 quatenus
382 1938 563 1996 ﬁdelis
597 1944 827 2013 quisque
856 1945 1027 2000 divini
1066 1950 1311 2020 mysterii
1342 1966 1440 2021 per
1475 1952 1671 2019 intelli-

106 2027 311 2096 gentiam
358 2045 559 2101 capax,
602 2048 822 2090 carnem
861 2035 1064 2093 ChriSti
1108 2048 1161 2095 et
1209 2044 1528 2114 sanguinem
1560 2059 1669 2100 non

108 2114 256 2169 solum
298 2132 394 2173 ore
432 2122 710 2191 corporis,
766 2123 860 2178 sed
898 2125 1063 2181 etiam
1107 2142 1296 2185 amore
1321 2141 1375 2186 et
1400 2133 1670 2188 suavitate

107 2204 259 2258 cordis
297 2209 552 2277 comedat
607 2220 661 2266 et
704 2212 875 2278 bibat,
930 2215 1185 2274 videlicet
1231 2222 1465 2277 amando
1516 2232 1571 2279 et
1613 2223 1669 2279 in

107 2297 403 2352 conscientia
462 2315 608 2369 pura
658 2302 813 2360 dulce
862 2306 1110 2364 habendo
1165 2312 1310 2381 quod
1360 2329 1458 2384 pro
1496 2314 1670 2370 salute

108 2394 267 2440 nostra
294 2388 553 2447 Christus
580 2407 801 2451 carnem
830 2401 1143 2469 assumpsit,
1175 2394 1451 2472 pependit,
1485 2420 1669 2461 resur-

88 2477 244 2542 rexit,
275 2482 561 2564 ascendit;
596 2493 654 2540 et
681 2485 942 2544 imitando
985 2491 1210 2564 vestigia
1244 2493 1387 2564 ejus,
1436 2506 1490 2552 et
1521 2513 1669 2554 com-

109 2562 401 2629 municando
436 2576 791 2646 passionibus
819 2581 1005 2650 ipsius,
1049 2583 1102 2638 in
1132 2562 1403 2655 quantum
1430 2589 1667 2649 humana
1744 2636 1751 2639 .

111 2658 361 2720 inﬁrmitas
383 2668 619 2736 patitur,
647 2678 701 2725 et
732 2671 913 2728 divina
950 2674 999 2731 ei
1030 2676 1201 2746 gratia
1252 2677 1452 2751 largire
1482 2682 1671 2753 digna-

108 2756 182 2802 tur
207 2771 218 2804 :
247 2753 346 2809 hoc
372 2765 455 2811 est
479 2758 630 2813 enim
662 2774 789 2817 vere
826 2771 880 2818 et
899 2763 1191 2822 salubriter
1219 2782 1437 2824 carnem
1466 2769 1669 2827 Christi

110 2844 361 2902 comedere
381 2857 436 2904 et
462 2856 787 2923 sanguinem
818 2856 935 2925 ejus
958 2860 1169 2917 bibere.

168 2932 680 3003 Quamsententiam
708 2945 762 3000 in
798 2946 937 3003 libro
973 2950 1049 3005 De
1070 2951 1320 3011 doctrina
1356 2956 1665 3015 Christiana

111 3021 271 3125 beatus
303 3030 638 3103 Augustinus
670 3053 946 3110 exponens
975 3044 1055 3099 sic
1078 3046 1149 3100 ait
1176 3047 1293 3117 (lib.
1332 3066 1411 3114 ιη,
1448 3068 1499 3107 c.
1534 3053 1621 3125 10)
1650 3072 1663 3108 :

1545 367 1924 431 EPISTOLE.

112 464 257 522 dicit-
284 464 405 522 Nisi
443 467 880 524 maitducaveritis
910 462 1118 529 carnem
1158 474 1289 531 Filii
1333 478 1581 547 hominis,
1629 492 1675 536 et
1705 493 1752 547 Α

3244 408 3350 464 554

1783 505 1911 547 suus
1964 491 2344 568 Lssrnaacus,
2389 501 2543 562 ﬁdele
2589 509 2866 567 servitium
2905 523 2957 571 et
3003 515 3187 575 ﬁdeles
3229 534 3354 576 ora-

1780 586 1972 642 tiones.

1844 676 2107 736 Libenter
2147 697 2244 738 vos
2277 683 2587 744 videremus
2618 690 2762 747 sicut
2801 695 3047 765 angelum
3091 699 3208 767 Del,
3258 702 3353 757 sed

1776 766 1880 823 hoc
1914 777 2157 841 tempore
2179 773 2427 831 nolumus
2447 778 2614 851 318
2644 797 2739 838 vos
2766 800 2916 840 mare
2950 789 3203 855 transire,
3226 791 3351 860 quia

1778 874 2034 930 magnum
2092 865 2248 921 nobis
2311 868 2548 926 dedecus
2598 872 2852 931 faceretis
2902 877 2947 931 si
3006 894 3104 949 pro
3161 879 3356 936 talibus

1775 950 2008 1023 pcrjuris
2051 963 2106 1010 et
2154 955 2452 1018 latronibus
2491 961 2769 1020 vincendis
2812 965 2879 1021 ad
2915 983 3013 1023 nos
3072 969 3353 1025 veniretis.
3422 1008 3423 1013 η

1777 1043 2092 1116 Rodulphus
2126 1062 2327 1119 comes,
2359 1051 2467 1109 imo
2499 1054 2812 1126 Rodulphus
2848 1060 3099 1125 traditor,
3130 1068 3185 1117 et
3212 1070 3356 1117 totus

1774 1137 2047 1194 exercitus
2088 1138 2205 1209 ejus
2245 1141 2300 1196 in
2353 1142 2532 1213 fugam
2580 1147 2723 1201 versi
2773 1146 3026 1221 luerunt;
3076 1159 3133 1205 et
3182 1152 3357 1206 nostri

1773 1246 1897 1286 cum
1944 1231 2156 1287 inﬁnita
2206 1232 2553 1290 multitudine
2587 1236 3044 1307 Francigenarum
3076 1248 3132 1294 et
3157 1240 3358 1311 Anglo-

1774 1336 1895 1375 rum
1934 1337 2027 1378 eos
2080 1322 2465 1393 insequuntur;
2517 1334 2573 1381 et
2616 1336 2742 1382 ante
2782 1343 2983 1398 paucos
3020 1329 3155 1394 dies,
3216 1331 3359 1387 sicut

1773 1412 1909 1468 mihi
1946 1416 2337 1471 mandaverunt
2375 1416 2647 1487 principes
2682 1419 2874 1483 nostri,
2903 1428 2995 1475 aut
3024 1420 3123 1491 ipsi
3152 1422 3359 1492 perjuri

1775 1505 1841 1562 de
1887 1514 2032 1562 terra
2059 1517 2241 1563 vestra
2288 1524 2385 1579 per
2411 1524 2562 1565 mare
2592 1510 2817 1582 fugient,
2854 1522 2946 1579 aut
2966 1527 3064 1568 eos
3089 1513 3242 1568 vivos
3271 1512 3358 1569 vel

1774 1606 2018 1653 mortuos
2093 1598 2387 1655 habebunt.
2442 1601 2649 1656 Caetera
2705 1618 2801 1673 per
2844 1605 2988 1658 hunc
3032 1605 3364 1660 monachum

1772 1687 1925 1743 vobis
1948 1689 2168 1757 mando,
2201 1691 2288 1745 cui
2328 1691 2465 1746 bene
2491 1693 2713 1748 credere
2742 1695 2993 1763 potestis,
3024 1695 3152 1765 quia
3182 1694 3359 1751 ﬁdeli-

1775 1787 1943 1835 tatem
1991 1780 2124 1835 mihi
2170 1779 2319 1837 fecit.
2356 1780 2710 1853 Omnipotens
2759 1784 3021 1844 Dominus
3058 1798 3156 1841 vos
3193 1784 3360 1841 benev

1773 1870 1937 1926 dicat.

2272 1964 2608 2022 EPISTOLA
2648 1965 2862 2022 XXXV.

2392 2075 2460 2113 AD
2493 2073 2735 2116 EUMDEM.

1771 2144 2017 2220 Castrum
2075 2149 2390 2204 Noroieense
2455 2150 2621 2219 pulsis
2687 2150 2993 2205 Britonibus
3057 2160 3355 2220 receptum,

1912 2219 2109 2290 totique
2130 2219 2335 2290 Anglia:
2360 2222 2615 2275 redditam
2643 2222 2867 2291 quietem
2891 2219 3212 2290 gratulatur.

1840 2309 2255 2367 Gloriosissimo
2289 2312 2509 2369 domino
2557 2326 2656 2366 suo
2706 2310 3002 2382 Anglorum
3051 2310 3164 2380 regi
3203 2308 3358 2365 W11.-

1769 2416 1968 2469 LELIO,
2003 2401 2177 2458 ﬁdelis
2199 2416 2327 2458 suus
2347 2401 2716 2468 Laaraaucus,
2749 2401 2905 2457 ﬁdele
2927 2400 3205 2458 servitium
3230 2416 3355 2458 cum

1770 2494 2131 2551 orationibus.

1841 2586 2049 2643 Gloria,
2083 2586 2136 2640 in
2176 2584 2408 2641 excelsis
2448 2585 2595 2652 Deo,
2646 2585 2801 2654 cujus
2851 2585 3225 2642 misericordia
3272 2601 3356 2641 reo

1750 2694 1936 2752 agnum
1979 2689 2220 2735 vestrum
2262 2686 2553 2751 purgatum
2597 2688 2682 2733 est
2730 2678 2993 2748 spurcitia
3046 2677 3358 2741 Britouum,

1771 2781 2011 2830 castrum
2057 2771 2311 2830 Norwich
2350 2774 2623 2831 redditum
2656 2780 2765 2838 est,
2794 2782 2848 2827 et
2881 2772 3150 2838 Britones,
3179 2772 3269 2843 qui
3303 2772 3357 2826 in

1769 2881 1838 2923 eo
1865 2874 2021 2922 erant
2053 2874 2110 2922 et
2158 2874 2334 2922 terras
2356 2864 2413 2922 in
2452 2865 2678 2937 Anglica
2709 2873 2855 2919 terra
2893 2863 3192 2928 habebant,
3227 2876 3356 2918 cou-

1769 2974 1924 3016 cessa
1957 2959 2038 3015 eis
2063 2961 2173 3015 vita
2214 2974 2337 3015 cum
2385 2959 2644 3015 membris
2684 2958 3010 3029 juraverunt
3039 2956 3187 3028 quod
3212 2956 3355 3010 intra

1770 3051 2133 3122 quadraginta
2184 3049 2303 3106 dies
2336 3050 2403 3107 de
2446 3065 2615 3121 regno
2654 3058 2838 3105 vestro
2882 3048 3118 3113 exirent,
3149 3054 3204 3101 et
3245 3060 3356 3100 am-

114 3132 132 3165 ‹
154 3115 365 3199 Facinus
419 3125 512 3180 vel
546 3126 809 3199 ﬂagitium
832 3131 1029 3201 jubere
1048 3115 1262 3195 videtur
1291 3155 1307 3194 :
1338 3142 1507 3213 ﬁgura
1537 3115 1664 3202 vero
1694 3172 1739 3235 ρ
1771 3115 1912 3213 plius
1939 3115 2058 3199 sine
2086 3151 2265 3198 vestra
2297 3115 2595 3197 licentia'in
2628 3139 2759 3195 illud
2784 3154 2908 3201 non
2937 3137 3248 3206 introirent.

112 3215 180 3262 est
204 3214 518 3284 pia‘cipiens
554 3221 791 3289 passioni
834 3226 1125 3285 Dominica:
1156 3237 1663 3295 communicandum

110 3313 230 3369 esse,
274 3315 323 3361 et
361 3310 612 3367 suaviter
645 3323 810 3385 atque
845 3319 1048 3375 utiliter
1081 3322 1136 3377 in
1170 3325 1444 3383 memoria
1476 3344 1667 3385 recon-

113 3392 309 3453 dcudum
362 3404 513 3472 quod
560 3420 660 3474 pro
722 3410 881 3467 nobis
936 3428 1063 3469 caro
1107 3415 1226 3487 ejus
1273 3418 1553 3476 vulnerata
1612 3432 1668 3480 et

110 3490 332 3547 cruciﬁxa
359 3495 448 3550 sit.
493 3516 514 3550 ι
547 3497 802 3569 Figuram
822 3515 980 3561 vocat
1005 3508 1290 3579 ﬁguratam
1312 3510 1662 3581 locutionem,

112 3591 259 3676 neque
301 3588 441 3645 cnim
502 3600 665 3661 negat
722 3594 1006 3652 veritatem
1050 3603 1234 3665 carnis
1282 3610 1341 3656 et
1385 3605 1664 3676 sanguinis

110 3667 278 3765 Christi
325 3677 494 3748 (quod
533 3681 1211 3754 plerisque'schismaticis
1259 3696 1433 3752 visum
1472 3667 1578 3765 est,
1608 3708 1665 3756 et

109 3759 253 3861 adhuc
278 3782 375 3823 non
407 3780 598 3826 cessat
625 3775 839 3847 videri).
866 3779 934 3833 Et
956 3780 1214 3840 Dominus
1246 3786 1296 3841 in
1326 3788 1617 3861 Evangelio
1642 3809 1657 3845 :

108 3851 195 3915 Qui
238 3864 521 3918 manduca!
581 3884 790 3923 carnem
841 3888 1009 3928 meam
1081 3887 1129 3931 et
1186 3878 1308 3933 bibit
1351 3884 1656 3952 sanguinem

78 3959 269 4019 nitrum,
294 3952 342 4005 in
368 3970 449 4009 me
481 3968 680 4023 manet,
705 3969 756 4013 et
784 3978 874 4031 ego
902 3964 956 4017 in
984 3982 1043 4021 eo
1065 3967 1244 4036 (Joan.
1273 3986 1347 4036 vt,
1367 3971 1478 4043 57).
1505 3971 1659 4039 Quod

107 4046 346 4133 exponens
389 4045 585 4102 beatus
629 4048 963 4121 Augustinus
1011 4057 1087 4111 ait
1124 4059 1213 4127 (In
1257 4060 1458 4133 Evang.
1491 4063 1652 4119 Joan.

110 4130 235 4185 tract
258 4130 342 4203 26)
372 4151 385 4188 :
422 4155 441 4187 ‹
470 4136 585 4192 [loc
611 4148 694 4194 est
722 4156 956 4213 namque
984 4161 1202 4203 carnem
1235 4130 1434 4207 Christi
1454 4162 1507 4209 ct
1533 4170 1657 4210 sau-

107 4216 290 4283 guinem
333 4226 629 4283 salubriter
667 4232 956 4291 comedere
996 4246 1052 4292 et
1101 4239 1306 4305 bibere,
1358 4243 1409 4298 in
1438 4243 1657 4305 Christo

110 4320 296 4403 manere
322 4325 375 4371 et
400 4317 679 4376 Christum
709 4322 763 4379 in
801 4340 861 4381 se
894 4341 1202 4386 manentem
1245 4333 1485 4403 habere;
1533 4354 1655 4395 nam

111 4394 341 4497 aindas,
376 4408 467 4477 qui
504 4407 792 4467 Dominum
830 4417 1073 4484 tradidit,
1117 4436 1240 4475 cum
1275 4394 1489 4480 cmteris
1523 4442 1653 4497 apo-

108 4487 235 4582 stolis
276 4510 365 4551 ore
416 4500 659 4570 accepit;
711 4505 803 4558 sed
852 4505 979 4575 quia
1028 4510 1191 4565 corde
1234 4526 1342 4567 non
1392 4487 1651 4582 comedit,
1682 4512 1732 4573 D

107 4574 327 4645 indicium
356 4589 459 4645 sibi
506 4600 721 4648 acterna:
748 4574 1113 4654 damnationis
1144 4602 1375 4672 accepit.
1420 4622 1439 4655 ι

167 4672 480 4739 Ουωειίοηοε
515 4683 857 4740 smcularium
895 4686 1202 4745 litterarum
1236 4690 1393 4748 nobis
1436 4693 1653 4751 solven-

109 4758 188 4816 das
226 4768 469 4837 misistis;
508 4772 601 4827 sed
632 4775 938 4847 episcopale
984 4781 1317 4849 propositum
1358 4800 1461 4840 non
1503 4787 1657 4843 decet

109 4864 293 4947 operam
322 4860 447 4918 dare
496 4860 801 4932 hujusmodi
836 4868 1050 4924 studiis.
1080 4869 1221 4926 Olim
1258 4873 1474 4942 quidem
1498 4876 1658 4947 juve-

110 4943 243 5004 nilem
268 4959 479 5008 tetatem
517 4953 570 5008 in
605 4955 689 5012 his
721 4957 1063 5026 detrivimus,
1099 4962 1193 5018 sed
1234 4943 1555 5024 accedentes
1584 4969 1654 5025 ad

110 5042 400 5099 pastoralem
446 5060 673 5115 curam,
728 5036 1217 5111 abrenuntiaudum
1271 5058 1350 5113 eis
1404 5060 1650 5118 decrevi-

109 5139 224 5185 mus.

557 5278 892 5337 EPISTOLA
931 5281 1170 5339 XXXIV.

369 5403 435 5442 AD
472 5406 792 5447 WILLELMUI
831 5407 1127 5451 AhGLORUM.
1155 5410 1349 5451 BEGEM.

111 5485 213 5581 Βινῃὶ
239 5496 506 5581 dissuadet,
521 5520 584 5559 ne
606 5520 752 5581 mare
777 5512 1035 5581 transeat.
1057 5506 1389 5581 Rodulphum
1412 5513 1649 5567 comitem

166 5574 513 5654 cruirexercitu
553 5591 649 5655 suo
680 5575 734 5629 in
766 5574 948 5646 fugam
973 5594 1195 5645 versum,
1224 5574 1272 5634 et
1306 5582 1438 5650 regis
1462 5583 1648 5637 milites

166 5649 239 5688 eos
261 5649 449 5710 insequi
484 5649 710 5699 nuntiat.

172 5746 373 5809 Domino
414 5771 532 5827 suo,
585 5762 881 5834 Anglorum
926 5764 1059 5834 regi,
1097 5764 1415 5833 Winei-two,
1474 5764 1646 5821 ﬁdelis

1758 3282 1759 3285 η
1840 3232 1948 3301 Qui
1976 3248 2105 3288 vero
2132 3232 2422 3303 Rodulpho
2470 3230 2735 3294 traditori,
2786 3238 2843 3284 et
2883 3229 3047 3285 sociis
3085 3226 3204 3297 ejus
3239 3226 3356 3282 sine

1774 3335 1917 3383 terra
1942 3342 2041 3397 pro
2075 3326 2259 3382 solidis
2281 3326 2607 3393 servierunt,
2632 3324 2700 3378 ad
2728 3323 2830 3378 hoc
2859 3322 3163 3379 faciendum
3197 3320 3355 3382 unius

1750 3420 1974 3475 mensis
2002 3421 2241 3491 spatium
2266 3418 2451 3475 multis
2478 3417 2733 3489 precibus
2762 3417 3208 3486 impetraverunt.
3332 3472 3335 3475 ἤ

1839 3512 1894 3566 in
1927 3513 2043 3582 ipso
2090 3521 2273 3570 castro
2317 3518 2691 3569 remanserunt
2725 3510 3013 3579 episcopus
3038 3506 3351 3571 Gauﬁ'idus,

1770 3602 2077 3660 Willelmus
2108 3604 2175 3660 de
2205 3603 2477 3665 Varenna,
2524 3600 2798 3656 ltobertus
2823 3598 3008 3663 Malet,
3037 3606 3092 3653 et
3123 3596 3353 3651 trecenti

1764 3696 1980 3754 loricati
2008 3712 2130 3754 cum
2158 3695 2258 3761 eis,
2294 3708 2421 3750 cum
2449 3691 2781 3757 ballistariis,
2818 3700 2873 3770 et
2903 3689 3205 3745 artiﬁcibus
3234 3703 3351 3742 ma-

1762 3788 2051 3844 chinarum
2096 3786 2300 3844 multis.
2340 3785 2529 3842 Omnis
2571 3784 2833 3854 strepitus
2868 3782 3151 3847 bellorum,
3182 3780 3351 3837 raise.-

1763 3885 1920 3934 rante
1973 3878 2101 3944 Deo,
2154 3878 2207 3933 in
2252 3876 2478 3948 Angliea
2530 3885 2677 3932 terra
2714 3875 2944 3946 quievit.
2991 3873 3349 3945 Omnipotens

1742 3970 2025 4035 Dominus
2055 3984 2149 4028 vos
2178 3969 2485 4026 benedicat.

2247 4059 2580 4117 EPISTOLA
2626 4058 2863 4115 XXXVI.

1932 4170 2084 4209 ειειιι
2124 4169 2196 4209 ΕΤ
2235 4168 2420 4211 Ρονυιι
2459 4167 2726 4211 ECCLESIE
2768 4162 3071 4206 DUBLIERSIS
3108 4162 3170 4202 Ie!

2369 4236 2739 4279 LANFRANCL'I.

1761 4315 2065 4385 Patrtcrunt
2099 4314 2475 4385 presbyterum,
2511 4329 2665 4385 quem
2707 4312 2993 4385 elegerunt,
3037 4304 3349 4362 [lubitumst

2022 4382 2272 4439 Ecclesia}
2302 4384 2539 4437 ordinari
2566 4391 2744 4452 petunt
2775 4382 3094 4451 episcopum.

1836 4478 2154 4533 Venerando
2182 4487 2386 4532 sanctae
2414 4472 2827 4532 Cantuariensis
2858 4470 3115 4526 Ecclesia:
3138 4476 3343 4525 metro-

1764 4569 2006 4643 politano
2060 4568 2418 4635 LANFBANCO,
2469 4567 2649 4622 clerus
2692 4578 2747 4621 et
2813 4562 3041 4636 pepulus
3086 4560 3357 4617 Ecclesia

1759 4660 2125 4729 Dublinensis,
2148 4659 2393 4715 'debitam
2429 4657 2841 4728 subjectionem.

1830 4751 2037 4809 Vestrae
2090 4751 2406 4825 paternitati
2458 4758 2544 4806 est
2585 4751 2862 4820 cognitum
2895 4747 3040 4817 quod
3095 4742 3342 4800 Ecclesia

1761 4841 2132 4909 Dublinensis,
2187 4857 2308 4913 qua:
2334 4840 2609 4897 Hibernia:
2647 4839 2835 4895 insulae
2875 4833 3189 4906 metropolis
3227 4841 3336 4896 est,

1756 4949 1854 4989 suo
1884 4934 1954 4988 sit
1975 4933 2193 4988 viduata
2210 4941 2429 5004 pastore
2443 4947 2507 4988 ac
2536 4932 2793 4989 destituta
2822 4938 3060 4985 rectore.
3084 4924 3340 4994 Propter-

1754 5042 1817 5081 ea
1848 5025 2110 5098 elegimus
2154 5026 2550 5097 presbyterum,
2598 5024 2817 5080 nomine
2837 5019 3157 5082 Patricium,
3187 5014 3342 5069 nobis

1755 5120 2209 5179 suﬁicientissime
2285 5119 2596 5189 cognitum,
2646 5115 2918 5173 natalibus
2982 5122 3036 5168 et
3098 5108 3340 5165 moribus

1756 5212 2015 5277 nobilem,
2048 5208 2343 5281 apostolica
2372 5216 2428 5265 el
2455 5207 2821 5264 ecclesiastica
2854 5201 3136 5272 disciplina
3166 5198 3340 5252 imbu—

1757 5314 1893 5369 tum,
1950 5303 2059 5359 ﬁde
2107 5302 2460 5368 catholicum,
2512 5299 2565 5355 in
2625 5298 3030 5369 Scripturarum
3086 5287 3339 5346 sensibus

1752 5405 1993 5461 cautum,
2051 5394 2108 5450 in
2158 5392 2500 5466 dogmatibus
2534 5387 2918 5447 ecclesiasticis
2944 5382 3335 5444 exercitatum;

1752 5505 1913 5560 quem
1939 5488 2105 5546 nobis
2126 5487 2449 5558 quantocius
2476 5485 2708 5556 petimus
2729 5478 2970 5537 ordinari
3000 5476 3332 5547 episcopum,

1752 5591 2023 5653 quatenus
2070 5590 2294 5635 auctore
2344 5580 2478 5646 Deo,
2537 5573 2860 5648 regulariter
2903 5569 3061 5625 nobis
3101 5584 3336 5640 praeesse

1752 5676 1928 5731 valeat
1955 5683 2012 5729 et
2032 5674 2308 5743 prodesse,
2341 5680 2395 5727 et
2418 5686 2517 5726 nos
2539 5670 2641 5725 sub
2669 5667 2785 5738 ejus
2813 5665 3077 5736 regimine
3099 5662 3333 5720 salubri-

1754 5777 1835 5821 ter
1864 5766 2097 5821 militare
2128 5763 2429 5834 possimus:
2452 5762 2578 5831 quia
2603 5760 2883 5831 integritas
2897 5755 3335 5832 prtesidentium,
