3864 6304
478 331 588 405 ⁵55

1488 336 1553 389 Β.
1595 330 1985 390 LANFRANCI
2017 329 2370 388 CAN'I‘UAR.
2415 331 2733 388 ARCIIIEP.
3650 336 3738 395 556

480 446 626 501 salus
660 455 743 502 est
791 448 1160 512 subditorum;
1201 458 1255 507 et
1294 448 1384 506 ubi
1427 452 1511 504 csZt
1560 450 1907 506 incolumitas
1937 449 2065 504 obe-
2095 454 2137 511 Α
2169 456 2318 502 stare
2347 446 2433 501 diu
2466 446 2842 516 per-miseritis.
2885 444 3240 518 Omnipotens
3274 448 3535 506 Dominus
3568 463 3740 507 contra

483 538 717 607 :lientiae,
751 538 823 595 ibi
865 556 993 597 sana
1026 552 1109 596 est
1142 541 1311 596 forma
1353 543 1635 597 doctrinm.

868 688 869 691 η
959 632 1290 689 EPISTULA
1334 632 1592 688 XXXVII.

633 736 927 777 LAXFRANCI
963 740 1030 777 ΑΙ)
1070 740 1376 779 (τοτιιιιιεωι
1414 740 1692 791 ῙΙΙΒΕΒΝΙΞ,
1723 740 1917 780 REGI-Ill.

484 806 775 869 Patricium
817 831 849 866 η
891 831 945 867 se
978 826 1330 868 consecratum
1359 815 1651 883 episcopum
1680 817 1962 884 signiﬁcat,
1987 832 2064 869 re-

551 888 1041 962 gentque‘hortrititr
1081 895 1133 937 ut
1188 901 1304 955 qum
1343 886 2065 962 nefarie-circa“matrimo—

553 952 702 1025 nium
757 952 873 1020 fieri
936 952 1489 1025 dicmuur'corrigal,
1549 953 1773 1009 I’atricii
1833 956 2063 1009 consiliis

552 1022 771 1075 libenter
790 1034 992 1079 utatur.

552 1111 904 1169 Lssrnaxcus
949 1129 1055 1169 non
1104 1116 1215 1171 suis
1247 1116 1477 1182 meritis,
1511 1118 1605 1173 sed
1637 1118 1812 1188 gratia
1847 1118 1940 1173 Dei
1978 1134 2066 1173 ar-

484 1203 914 1275 chiepiscopus,
980 1207 1216 1276 glorioso
1287 1209 1559 1264 llilsernite
1614 1210 1727 1281 regi
1784 1209 2064 1267 Gorumco

481 1292 711 1347 salutem
741 1310 862 1348 cum
893 1298 1252 1353 orationibus.

558 1383 932 1439 Venerabilem
992 1386 1216 1442 fratrem
1273 1405 1337 1445 ac
1385 1392 1765 1461 coepiscopum
1819 1402 2063 1449 nostrum

480 1472 801 1541 Patricium,
829 1491 1015 1547 quem,
1056 1481 1377 1537 charissime
1409 1482 1504 1547 ﬁli,
1533 1482 1851 1539 excellentia
1885 1496 2063 1540 vestra

477 1564 547 1617 al
595 1580 693 1619 nos
725 1568 1153 1623 consecrandum
1196 1573 1515 1633 transmisit.
1566 1575 1788 1630 honeste
1826 1578 2067 1645 suscepi-

480 1668 621 1718 mus,
690 1656 856 1727 319
909 1658 1106 1713 debitis
1158 1660 1348 1716 ciliciis
1401 1664 1694 1719 secundum
1747 1668 2065 1722 canonicam

479 1747 902 1818 institutionem,
955 1754 1163 1810 scilicet
1204 1755 1440 1826 Spiritus
1476 1760 1651 1827 gratia
1702 1771 2061 1830 cooperante,

479 1848 858 1916 sacravimus;
908 1861 1182 1907 sacratum
1236 1854 1302 1907 ad
1354 1856 1631 1925 propriam
1683 1858 1891 1921 sedero,
1943 1873 2066 1913 cum

480 1938 790 1996 testimonio
834 1941 1147 1998 litterarum
1174 1953 1513 2012 nostrarum,
1566 1962 1719 2003 more
1750 1957 2067 2004 antecesso-

478 2040 601 2085 rum
642 2042 953 2089 nostrorum
996 2037 1327 2093 remisimus.

550 2120 652 2189 Qui
699 2125 947 2193 quamvis
985 2127 1051 2181 de
1092 2127 1262 2199 gloria
1301 2139 1481 2185 vestra
1525 2130 1691 2185 multa
1737 2132 1892 2187 nobis
1930 2133 2071 2187 bona

486 2212 778 2283 multisque
814 2213 1063 2271 laudibus
1096 2217 1255 2288 digna
1296 2220 1504 2284 retulit,
1537 2236 1641 2275 non
1678 2223 1774 2276 abs
1806 2239 1862 2276 re
1894 2231 2071 2277 tamen

476 2304 750 2360 credimus
775 2320 895 2362 esse
943 2307 988 2362 si
1044 2308 1385 2380 pra'dieanda
1437 2322 1616 2368 vestra
1664 2315 1839 2368 studia
1890 2324 2072 2369 nostra

481 2396 863 2452 adhortatione
884 2397 1161 2469 pulsatnns
1186 2416 1199 2465 ;
1231 2402 1370 2455 sicut
1391 2404 1534 2456 enim
1568 2404 1704 2473 ignis
1731 2403 1893 2459 ﬂante
1916 2414 2074 2459 vento

479 2487 683 2542 clarius
723 2488 864 2544 lucet
904 2500 959 2545 et
990 2490 1162 2560 major
1191 2491 1448 2559 efficitur,
1475 2496 1552 2549 sic
1582 2511 1705 2549 vera
1740 2498 1909 2551 virtus
1933 2498 2074 2553 veris

480 2579 768 2646 praeconiis
802 2580 1080 2650 pulchrius
1107 2584 1355 2639 enitescit
1390 2595 1440 2640 et
1482 2587 1532 2641 in
1580 2588 1773 2643 melius
1818 2604 2075 2659 augmen-

481 2681 646 2727 tatur.
678 2671 953 2745 Rogamus
982 2676 1180 2745 igitur,
1222 2679 1362 2731 sicut
1396 2680 1573 2748 regari
1604 2690 1816 2749 oportet
1870 2682 2071 2751 pretio-

481 2780 599 2817 sum
624 2776 827 2820 sanctae
850 2766 1106 2822 Romana:
1128 2769 1382 2823 Ecclesia:
1408 2770 1597 2825 lilium.
1620 2781 1887 2839 quatenus
1915 2774 2073 2828 [idem

486 2864 712 2921 rectam,
747 2857 814 2912 ab
855 2858 972 2929 ipso
1000 2860 1130 2927 Deo,
1167 2871 1221 2915 et
1249 2861 1511 2929 apostolis
1534 2861 1652 2930 ejus
1684 2864 1886 2921 sanctis
1914 2876 2076 2937 atque

479 2948 802 3003 orthodoxis
847 2948 1101 3005 Patribus
1151 2952 1448 3017 traditam,
1503 2969 1624 3007 rum
1674 2955 1822 3009 omni
1881 2956 2078 3011 mentis

480 3042 800 3097 sinceritate
831 3043 1143 3098 inviolatam
1180 3046 1435 3110 teneatis;
1468 3046 1589 3100 ﬁdei
1618 3062 1854 3117 congrua
1886 3063 2073 3119 Opera,

2167 540 2413 595 inimicos
2441 539 2640 595 mentis
2670 550 2723 594 et
2754 539 3018 609 corporis,
3045 550 3101 595 et
3146 540 3327 597 balteo
3361 542 3484 615 [ιιι.⁹
3507 544 3740 613 brachio!

2165 630 2380 685 virtutis
2404 645 2515 684 sua:
2542 630 2919 697 excellentiam
2947 641 3183 686 vestram
3206 632 3489 694 defendat.
3525 646 3602 699 et,
3638 647 3743 705 post

2164 718 2374 791 longam
2414 721 2573 791 hujus
2598 721 2779 777 saeculi
2809 720 3003 789 vitam,
3035 722 3103 779 ad
3133 737 3251 779 eam
3284 740 3409 794 qua:
3448 724 3609 780 liuent
3648 745 3741 783 non

2167 807 2328 864 habet
2355 810 2583 868 leliciter
2613 826 2706 866 vos
2730 813 3008 882 perducat.
3058 852 3059 855 η

2628 921 2963 978 hI'ISTOLA
3005 922 3288 979 XXXVIII.

2451 1054 2515 1092 AD
2559 1054 2942 1093 TEliDI-TIA'MZUM
2973 1055 3239 1095 llllllille£
3274 1056 3478 1097 ιιεςειι.

2170 1149 2359 1222 Regem
2388 1154 2567 1205 (nitito!
2605 1171 2667 1206 ea:
2713 1155 2775 1206 iis
2804 1171 2918 1223 quo:
2952 1173 2981 1207 (ι
3024 1153 3254 1208 I’atricio
3291 1167 3629 1225 cognoverat,
3657 1177 3745 1209 mo-

2240 1238 2421 1291 uetqnc
2453 1236 2527 1286 ut,
2552 1226 2620 1275 ml
2640 1241 2831 1297 pt'ttt‘tta
2860 1226 3115 1297 quasdam
3142 1228 3550 1279 rormretmlines
3576 1230 3745 1280 entir-

2237 1296 2462 1366 putnlns,
2500 1296 2854 1361 apiscerentur
2912 1296 3240 1366 aliorumque
3279 1309 3592 1350 conventuin
3648 1297 3745 1365 ﬁeri

2229 1365 2436 1432 ῥηθείη,
2468 1376 2512 1417 et
2544 1381 2648 1432 ipse
2678 1367 2902 1419 intersit.

2240 1479 2609 1539 ΙΑκιΊιλλιιε.
2655 1489 2908 1547 peccator
2952 1489 3005 1530 et
3055 1478 3310 1547 indignus
3349 1491 3560 1535 sanctzc
3602 1480 3747 1533 Dero-

2170 1569 2453 1626 bernensis
2516 1570 2770 1625 Ecclesia:
2819 1569 3292 1639 archiepiscopus,
3336 1571 3628 1641 magnifico
3671 1569 3747 1622 Ili-

2169 1662 2370 1715 berniaa
2392 1662 2503 1732 regi
2529 1661 2909 1730 Tcumztxsco,
2936 1661 3370 1717 benedictionem
3394 1677 3523 1717 cum
3547 1661 3746 1717 servitio

2168 1762 2223 1809 et
2253 1753 2612 1809 orationibus.

2246 1843 2455 1899 Nullam
2492 1847 2632 1900 Deus
2675 1846 2935 1917 majorem
2983 1846 3147 1901 terris
3188 1848 3625 1904 misericordiam
3666 1848 3745 1901 iui-

2174 1939 2381 2009 pendit,
2397 1953 2560 2009 quam
2587 1955 2709 1995 eum
2735 1940 2887 2009 pacis
2916 1956 2979 1995 ac
3006 1939 3230 2009 justitite
3255 1951 3540 1997 amatores
3564 1942 3627 1996 ad
3651 1942 3748 1995 ani—

2174 2046 2385 2086 marum
2443 2046 2537 2087 scu
2608 2046 2898 2101 corporum
2955 2034 3319 2105 gubernacula
3390 2034 3665 2105 provehit,
3704 2043 3747 2087 et

2174 2126 2411 2180 maxime
2453 2139 2577 2179 cum
2609 2126 2765 2180 bonis
2805 2126 3020 2195 regibus
3059 2141 3222 2197 regna
3262 2126 3424 2195 hujus
3463 2125 3647 2181 mundi
3678 2140 3746 2178 re-

2174 2214 2344 2284 genda
2367 2215 2677 2269 committit.
2715 2214 2849 2271 llinc
2875 2230 3111 2285 namque
3140 2232 3242 2286 pax
3276 2216 3479 2282 'oritur,
3504 2216 3744 2270 discrml‘a

2175 2305 2407 2374 sopitur,
2429 2313 2502 2369 et,
2520 2314 2577 2358 ut
2602 2305 2842 2359 breviter
2856 2315 3051 2360 cuneta
3071 2306 3427 2376 complectar,
3442 2306 3747 2360 Christiana:

2178 2397 2461 2468 religionis
2497 2399 2841 2453 observantia
2903 2398 3199 2453 stabilitur.
3238 2399 3399 2464 Quod
3432 2397 3632 2467 populo
3668 2394 3745 2450 ili-

2176 2489 2379 2544 bernim
2418 2490 2677 2543 divinitus
2720 2498 2847 2542 tunc
2889 2488 3143 2543 collatum
3196 2488 3362 2543 fuisse
3400 2487 3643 2557 prudens
3682 2489 3745 2540 it:-

2176 2593 2391 2653 spector
2421 2582 2689 2652 intelligit,
2718 2582 2933 2651 quando
2955 2584 3301 2653 omnipotens
3324 2583 3468 2638 Dens
3496 2580 3745 2636 excclien-

2180 2674 2265 2728 the
2305 2684 2497 2729 \‘CSIl'il‘
2521 2673 2609 2741 jus
2650 2676 2808 2743 regia-
2851 2676 3133 2744 potcstatis
3173 2691 3340 2745 super
3378 2673 3529 2729 illam
3574 2686 3745 2728 terram

2176 2763 2478 2825 concessit;
2519 2769 2595 2816 tot
2624 2762 2766 2815 enim
2813 2763 3236 2831 tantaque-bona
3279 2762 3345 2816 tle
3382 2760 3746 2831 magnitudinis

2179 2861 2374 2908 vestrm
2416 2869 2543 2922 erga
2593 2852 2765 2906 bonos
2810 2852 2897 2920 pia
2945 2852 3278 2916 humilitate,
3329 2863 3525 2905 contra
3576 2864 3744 2920 pravus

2179 2945 2429 2999 districta
2480 2945 2797 3007 severitate,
2855 2943 3001 3000 circa
3044 2958 3205 2997 onme
3256 2943 3555 2998 lnnuanum
3604 2958 3746 3011 genus

2181 3034 2580 3088 discretissima
2613 3033 2892 3101 aequitate,
2925 3032 3095 3087 frater
3126 3043 3181 3086 ct
3206 3034 3562 3103 coepiscopus
3589 3042 3746 3085 noster

480 3139 535 3191 ξι,
583 3145 847 3207 quantum
894 3139 1035 3195 vires
1094 3150 1409 3211 summum,
1440 3141 1772 3208 exhibcmis;
1828 3144 2075 3213 superbis
2101 3153 2142 3209 Ο
2182 3124 2449 3182 Patricius
2489 3126 2751 3189 narravit,
2792 3135 2869 3191 ut,
2902 3125 3150 3195 quamvis
3190 3141 3287 3179 vos
3320 3125 3745 3194 unnquamviib

486 3237 781 3292 auateram,
814 3230 1108 3287 humilibus
1149 3229 1469 3300 placabilem
1521 3240 1756 3287 vestram
1792 3234 2068 3290 celsitudi-

483 3336 608 3376 nem
637 3322 958 3377 ostendatis.

555 3416 610 3468 ln
642 3430 806 3486 regno
842 3424 1020 3470 vestro
1049 3415 1405 3485 perhibentur
1436 3417 1682 3473 homines
1722 3434 1815 3475 seu
1850 3419 1917 3475 de
1950 3432 2074 3489 pro-

481 3503 621 3577 pria,
654 3519 747 3560 seu
777 3504 844 3561 de
872 3514 1208 3561 mortuarum
1251 3521 1480 3561 uxorum
1510 3509 1780 3578 parentela
1820 3510 2075 3581 conjugcs

481 3600 709 3661 dueere,
744 3600 833 3654 alii
867 3600 1109 3671 legitime
1141 3600 1243 3656 sibi
1276 3601 1554 3671 copulatas
1588 3617 1685 3672 pro
1724 3603 1952 3658 arbitrio
2019 3612 2076 3658 et

480 3692 762 3746 voluntate
819 3691 1158 3761 relinquere,
1207 3692 1448 3746 nonnulli
1501 3708 1627 3748 suas
1672 3693 1794 3748 aliis
1845 3695 1976 3749 dare
2019 3702 2075 3748 et

484 3782 711 3841 aliorum
746 3781 966 3837 infanda
999 3783 1432 3839 commutatione
1473 3785 1736 3853 recipere.
1770 3784 1925 3849 llaec,
1951 3785 2072 3839 etsi

482 3887 605 3941 quae
646 3883 774 3929 sunt
817 3874 922 3929 alia
969 3876 1218 3939 crimina,
1264 3886 1486 3947 propter
1532 3878 1697 3933 Deum
1739 3886 1793 3933 et
1838 3879 2074 3932 animam

486 3976 725 4020 vestram
785 3967 1022 4022 in‘terra
1060 3969 1349 4038 potestatis
1393 3978 1589 4024 vestrm
1632 3971 1829 4041 corrigi
1859 3970 2073 4040 jubete,

485 4058 727 4128 talesque
774 4074 870 4115 vos
914 4075 1035 4114 cum
1074 4061 1256 4115 divino
1296 4060 1565 4129 adjutorio
1606 4064 1802 4117 vestris
1849 4065 2076 4120 subditis

482 4151 755 4218 exhibete,
774 4161 833 4207 ut
860 4161 915 4207 et
937 4162 1208 4209 amatores
1246 4154 1371 4209 boni
1403 4155 1542 4209 bona
1574 4154 1804 4225 amplius
1827 4155 2070 4226 diligant,

484 4251 540 4296 ct
603 4245 935 4314 appetitores
993 4244 1119 4298 mali
1182 4260 1376 4315 pravas
1440 4247 1681 4300 actiones
1733 4261 2072 4316 nequaquam

484 4349 740 4397 exercere
775 4344 1137 4405 prmsumant;
1169 4336 1272 4393 hoc
1310 4337 1452 4390 enim
1483 4335 1763 4402 iacientes,
1799 4345 1853 4391 et
1875 4337 2076 4392 diutius

484 4440 607 4478 cum
660 4441 840 4479 rerum
891 4426 1266 4497 temporalium
1322 4426 1574 4482 felicitate
1614 4428 1666 4480 in
1699 4434 1838 4480 terra
1888 4443 2075 4497 regna-

2180 3221 2372 3285 rimus,
2410 3229 2667 3288 tauquam
2707 3219 2852 3271 visos
2882 3228 3060 3271 tamen
3090 3233 3188 3272 vos
3215 3218 3525 3289 diligamus,
3562 3227 3617 3271 et
3650 3226 3743 3268 lan-

2177 3328 2340 3380 quam
2369 3311 2500 3365 visis
2528 3326 2592 3365 ac
2637 3310 2774 3365 bene
2812 3310 3047 3380 cognitis
3082 3310 3234 3363 vobis
3260 3309 3554 3364 salubriter
3577 3322 3742 3363 (misn-

2179 3406 2289 3461 lere
2321 3414 2377 3461 et
2405 3404 2773 3460 sincerissime
2801 3404 3010 3458 servire
3039 3402 3338 3470 cupiamus.

2256 3498 2454 3551 Verum
2487 3496 2631 3552 inter
2659 3496 2825 3549 multa
2856 3509 2976 3564 quze
3002 3494 3240 3564 placent,
3265 3494 3437 3548 relata
3466 3492 3620 3547 nobis
3641 3500 3743 3545 sunt

2178 3589 2422 3655 quredam
2468 3603 2588 3656 qua:
2613 3588 2923 3658 displicent,
2974 3586 3225 3640 videlicet
3269 3586 3447 3655 quod,
3498 3587 3548 3639 in
3603 3598 3741 3653 regno

2177 3692 2380 3745 vestro,
2414 3682 2643 3750 quisque
2672 3696 2770 3750 pro
2805 3679 3032 3733 arbitrio
3062 3694 3162 3732 suo
3207 3679 3445 3748 legitime
3474 3678 3573 3731 sibi
3608 3692 3743 3741 cturu-

2180 3776 2344 3829 latam
2395 3788 2641 3836 uxorem,
2666 3772 2809 3826 nulla
2843 3771 3101 3826 canonica
3139 3786 3301 3825 causa
3351 3770 3737 3825 interveniente,

2180 3866 2441 3934 relinquit
2468 3906 2481 3928 ,
2522 3872 2577 3919 et
2620 3864 2780 3916 aliain
2820 3861 3118 3933 quamlibet
3179 3875 3274 3915 seu
3311 3860 3412 3913 sibi
3450 3860 3529 3913 vel
3564 3858 3737 3913 relicta

2179 3956 2335 4011 uxori
2362 3955 2833 4024 consanguinitate
2862 3952 3250 4022 propinquam,
3284 3950 3399 4004 sive
3431 3964 3588 4018 quam
3625 3947 3737 4000 alios

2178 4051 2338 4105 simili
2382 4049 2727 4119 improbitate
2761 4046 3026 4107 deseruit,
3060 4044 3295 4098 maritali
3343 4059 3436 4097 seu
3479 4040 3735 4094 fornicarin

2180 4143 2313 4214 lege,
2348 4141 2618 4211 punienda
2650 4140 2751 4193 sibi
2785 4135 3092 4192 temeritate
3132 4135 3449 4205 conjungit;
3486 4134 3620 4202 quod
3646 4130 3738 4197 cpi-

2179 4237 2324 4307 scopi
2373 4237 2441 4291 ab
2485 4248 2593 4289 uno
2638 4233 2891 4302 episcopo
2944 4238 3366 4291 consecrantur;
3417 4225 3577 4297 329
3616 4219 3734 4293 quod

2182 4330 2231 4383 in
2262 4326 2401 4379 villis
2438 4324 2519 4377 vel
2546 4323 2859 4383 civitatibus
2895 4320 3078 4391 plures
3116 4320 3467 4383 ordinantur;
3512 4313 3717 4386 quodin

2183 4419 2356 4474 iantes
2383 4417 2653 4488 baptismo
2674 4416 2793 4470 sine
2822 4414 3115 4468 chrismate
3142 4425 3330 4466 COIISCt
3348 4418 3466 4463 rato
3490 4405 3733 4477 baptizan-

488 4514 641 4581 bitis.
684 4527 732 4572 et
770 4527 890 4588 post
921 4527 1193 4573 terrenum
1239 4536 1461 4586 regnum
1502 4521 1618 4575 sine
1665 4520 1767 4575 line
1800 4523 2070 4593 regnaturi

2184 4524 2295 4579 ltlt';
2323 4513 2466 4581 quod
2493 4509 2633 4564 sacri
2671 4510 2891 4562 ordines
2926 4522 3022 4575 per
3054 4504 3338 4573 pecuniam
3390 4503 3461 4557 ab
3498 4500 3733 4570 episcopis

486 4608 551 4661 al
577 4607 816 4663 ecclestia
844 4626 1003 4679 regna
1039 4613 1360 4682 rnigrabitis.

564 4698 720 4755 Plura
757 4709 809 4754 et
853 4701 1114 4770 prolixius
1162 4704 1312 4759 vobis
1341 4705 1700 4774 sci-Tp-issem,
1732 4706 1824 4760 sed
1862 4706 2073 4761 habetis

489 4789 765 4845 vobiscum
794 4794 1110 4859 pratdictunt
1148 4794 1443 4847 antistitem
1483 4805 1719 4849 Vestrum
1762 4797 2073 4852 irettasticis

486 4880 916 4939 institutionibus
958 4900 986 4936 a
1034 4884 1262 4953 puerilia
1301 4886 1629 4951 Cllllllilllill,
1663 4887 1889 4942 scicntia
1938 4888 2073 4943 (livi-

485 4987 680 5025 IIII'IIIII
731 4972 1028 5028 litterarum
1071 4975 1445 5039 strenuissime
1475 4977 1774 5044 eruditum,
1810 4980 2071 5033 bonormn

482 5078 707 5133 operum
756 5066 1112 5132 ornamentis,
1157 5067 1209 5121 in
1244 5078 1506 5138 quantum
1544 5070 1795 5141 cognosci
1841 5087 1869 5124 a
1920 5072 2074 5128 nobis

482 5157 692 5227 potuit,
749 5157 1133 5215 decentissime
1183 5161 1525 5225 adornatum,
1571 5176 1728 5232 quem
1786 5167 1850 5218 de
1892 5163 2072 5218 anima

483 5257 663 5301 vestra
696 5248 893 5317 saepius
924 5247 1076 5303 vobis
1115 5248 1420 5319 loquentem
1450 5252 1493 5306 si
1525 5251 1734 5309 intento
1768 5255 1931 5310 corde
1972 5271 2073 5309 au-

482 5334 1049 5406 dieritis;audicntes,
1108 5347 1167 5393 ut
1220 5342 1359 5410 patri
1414 5341 1681 5412 spirituali
1728 5342 1780 5397 in
1832 5344 1916 5397 bis
1954 5360 2074 5414 qua:

485 5425 551 5478 ad
580 5427 747 5479 Deum
796 5430 1071 5499 pertinent
1117 5430 1460 5497 obedieritis;
1490 5433 1821 5498 obedientes,
1863 5448 1926 5487 ea
1952 5450 2072 5503 qua:

481 5517 636 5571 vobis
666 5520 734 5573 ab
778 5535 843 5576 eo
871 5523 1078 5592 prolata
1126 5521 1350 5589 fuerint,
1392 5523 1441 5579 in
1479 5540 1604 5579 arca
1643 5525 1879 5594 pectoris
1906 5526 2071 5581 vestri

485 5611 839 5677 t‘eposuerltis
868 5630 880 5666 :
910 5628 1213 5684 speramus,
1240 5630 1336 5685 per
1360 5614 1787 5669 misericordiam
1811 5614 1927 5681 Dei,
1945 5616 2067 5684 quia

482 5713 665 5769 neque
693 5716 787 5754 vos
813 5705 1116 5771 perniciose
1141 5706 1415 5773 orabitis,
1441 5719 1618 5777 neque
1653 5705 1895 5761 subditos
1918 5707 2068 5761 vobis

484 5788 539 5861 in
568 5793 902 5866 privatarum
933 5795 1052 5865 [ιιι.ἓ
1099 5800 1416 5871 pravarum]
1448 5798 1719 5855 actionum
1768 5801 2064 5879 pertinacia

2180 4609 2393 4660 dantur.

2249 4699 2373 4757 lliec
2404 4699 2607 4756 omnia.
2638 4706 2691 4751 et
2717 4698 2760 4751 si
2788 4711 2891 4766 qua
2921 4702 3047 4748 sunt
3070 4692 3292 4757 similia,
3322 4702 3512 4747 contra
3541 4700 3729 4756 evange-

2178 4793 2257 4847 llc.
2285 4808 2334 4845 ιιι
2356 4801 2411 4846 et
2432 4792 2782 4861 apostolicam
2808 4789 3212 4853 auctoritatem,
3240 4798 3433 4842 contra
3456 4795 3725 4842 sanctorum

2179 4901 2447 4941 canonum
2471 4883 2915 4953 prohibitionem,
2948 4891 3133 4936 contra
3162 4882 3406 4935 omnium
3434 4880 3726 4934 orthodoxe-

2178 4995 2296 5033 rmn
2361 4977 2580 5033 Patrum
2631 4975 2721 5045 qui
2774 4989 2870 5029 nos
2928 4982 3327 5043 prmcesserunt
3385 4971 3503 5026 ﬁeri
3552 4968 3727 5023 institu-

2180 5071 2404 5131 tionem,
2444 5066 2645 5130 nullus,
2690 5066 2780 5134 qui
2820 5079 3008 5120 sacras
3049 5064 3258 5117 litteras
3288 5062 3377 5117 vel
3421 5059 3727 5118 mediocriter

2178 5159 2328 5229 legit,
2363 5158 2592 5227 ignorat.
2645 5156 2774 5223 Qum
2794 5164 2997 5226 quanto
3027 5154 3081 5209 in
3106 5162 3400 5223 conspectu
3432 5154 3522 5208 Dei
3548 5158 3728 5207 sancto-

2179 5264 2406 5318 rumque
2429 5249 2546 5318 ejus
2566 5247 2796 5319 amplius
2825 5256 2944 5302 sunt
2969 5244 3259 5311 horrenda,
3292 5253 3446 5298 tanto
3474 5239 3725 5298 studiosius

2177 5342 2372 5398 veSIris
2396 5351 2523 5397 sunt
2551 5343 2667 5396 sine
2703 5342 2879 5411 aliqua
2920 5340 3177 5394 dilatione
3212 5337 3549 5407 jussionibus
3574 5329 3723 5404 prohi-

2176 5434 2347 5489 benda
2370 5474 2384 5499 ,
2416 5442 2492 5498 et,
2529 5433 2632 5487 nisi
2665 5419 2935 5503 prohibita
2962 5429 3324 5501 corrigantur,
3359 5423 3721 5484 districtissiu»:

2176 5537 2403 5583 terroris
2452 5526 2617 5581 vestri
2670 5526 2957 5581 severitate
3013 5524 3320 5596 punienda;
3364 5522 3565 5578 nullum
3602 5514 3720 5573 enim

2174 5619 2284 5674 Deo
2338 5618 2419 5674 vel
2459 5615 2629 5687 majus
2664 5616 2745 5671 vel
2793 5617 3001 5688 gratius
3048 5630 3246 5681 munus
3277 5614 3473 5669 oll‘errc
3505 5605 3718 5683 potestis.

2171 5724 2332 5779 quam
2367 5710 2409 5763 si
2453 5709 2632 5764 divina
2668 5717 2719 5765 et
2745 5708 2976 5763 Immana
3003 5705 3197 5761 debitis
3224 5704 3431 5777 legibus
3456 5702 3719 5774 gubcniarc

2171 5800 2451 5857 studentis.
3291 5800 3295 5807 '
