3864 6304
104 300 194 355 557

106 508 240 562 vobis
262 526 427 577 regno
461 516 725 571 rationem
760 522 1016 579 reddituri
1047 528 1178 582 estis
1218 529 1349 597 Deo,
1383 535 1664 609 episcopos
1702 565 1711 570 ν

103 610 148 654 et
169 601 440 672 religiosos
456 619 701 677 quosque
720 611 866 667 viros
898 615 949 668 in
976 633 1138 672 unum
1156 624 1443 678 convenire
1461 625 1664 695 jubete,

103 705 239 745 sacro
276 706 469 747 eorum
531 703 815 756 conventui
864 709 1207 773 praesentiam
1259 723 1490 769 vestram
1541 733 1663 772 cum

101 786 275 851 vestris
316 787 675 855 optimatibus
716 796 990 865 exhibete,
1031 800 1127 854 bas
1159 820 1351 872 pravas
1384 821 1667 866 eonsuetu«

99 874 253 939 dines,
283 891 588 948 omnesque
637 883 770 938 alias
803 903 922 957 qtae
952 905 979 943 a
1012 894 1185 948 sacris
1220 895 1426 967 legibus
1466 900 1667 973 impro-

99 965 294 1034 lzantnr,
314 983 343 1021 a
371 984 545 1039 regno
562 986 742 1029 vostro
764 982 1128 1057 exterminare
1152 990 1385 1053 studete,
1402 1002 1666 1061 quatenus

100 1057 193 1111 llex
241 1076 425 1129 regum
461 1070 519 1117 et
552 1065 807 1123 Dominus
843 1072 1269 1141 dominantium,
1300 1095 1422 1134 eum
1472 1083 1666 1138 viderit

100 1150 276 1217 regiam
305 1153 659 1222 majestatem
692 1171 928 1216 vestram
956 1171 1241 1238 praeceptis
1270 1172 1382 1227 suis
1414 1174 1464 1228 in
1494 1174 1666 1229 omni-

98 1241 180 1293 luts
196 1257 309 1296 esse
343 1244 673 1313 subjectum,
716 1255 888 1309 servis
914 1270 1128 1327 quoque
1179 1277 1242 1314 ac
1284 1262 1529 1321 ﬁdelibus
1553 1264 1665 1321 suis

98 1330 316 1402 pio[al.,
365 1336 506 1409 prae]
547 1338 745 1396 timore
806 1353 860 1397 et
906 1362 1091 1402 amore
1139 1350 1253 1419 ejus
1304 1368 1662 1424 mansuetam,

98 1422 308 1480 inimicis
333 1427 540 1484 divina:
564 1433 841 1504 religionis
866 1439 1049 1494 divino
1078 1441 1195 1496 zelo
1233 1443 1514 1513 infestam;
1551 1450 1663 1519 ipse

97 1529 284 1584 quoque
313 1533 410 1573 vos
441 1532 764 1594 vestrosque
796 1527 981 1583 ﬁdeles
1013 1530 1315 1589 clamantes
1347 1536 1413 1589 ad
1449 1553 1506 1592 se
1536 1554 1660 1609 pro-

95 1606 618 1678 pitiatus'exandiat,
659 1615 841 1672 hostes
886 1631 1133 1677 conterat
1176 1640 1472 1701 pacemque
1514 1632 1663 1687 vobis

95 1701 141 1751 in
171 1699 261 1755 hoc
283 1704 484 1760 sarculo
513 1709 788 1776 stabilem,
821 1722 873 1767 et
908 1715 959 1769 in
992 1715 1175 1772 futuro
1207 1699 1372 1775 vitam
1401 1732 1658 1780 :eternam

96 1794 347 1849 concedat.

549 1893 884 1953 ΕΡιςΤοιΑ
926 1899 1167 1958 XXXIX.

516 2027 589 2063 AD
632 2027 900 2070 ηοςεηιυη
938 2033 1198 2075 ΩΟΜΙΤΕΜ.

96 2106 365 2202 Castrorum
438 2124 744 2202 euttodiam
814 2129 945 2196 regis
1012 2134 1220 2187 nomine
1286 2138 1651 2202 commendat,

148 2189 393 2273 putrisque
420 2194 469 2273 ei
498 2195 793 2273 exemplum
817 2189 1077 2273 proponit,
1102 2204 1192 2271 qui
1216 2205 1443 2273 ﬁdeliter
1462 2189 1654 2262 scrvie:

153 2265 261 2348 Πιςὶ
314 2262 1147 2348 (ﬁdem.tticet'omitnm'placitis
1196 2262 1226 2328 ά
1285 2293 1432 2345 rege,
1480 2279 1654 2348 quoad

149 2326 327 2392 redeat,
367 2332 630 2387 inhibitis.

151 2415 487 2478 LA’SFRANCL'S
513 2428 686 2495 gratia
713 2428 804 2483 Dei
830 2432 1288 2506 archiepiscopus,
1311 2438 1659 2496 dilectissimo

98 2507 186 2563 tilio
226 2520 278 2566 et
320 2516 504 2571 amico
561 2518 801 2575 Itocsmo
874 2527 1055 2579 comiti
1108 2529 1337 2583 salutem
1393 2540 1446 2587 et
1499 2534 1658 2587 bene-

98 2599 379 2658 dictionem.

154 2693 390 2751 Dominus
422 2709 617 2754 noster
667 2702 961 2773 Anglorum
1000 2723 1092 2762 rex
1127 2711 1325 2764 salutat
1360 2729 1455 2767 vos
1482 2722 1534 2768 et
1564 2731 1660 2769 ms

97 2793 273 2849 amnes,
300 2787 440 2841 sicut
469 2790 661 2844 ﬁdeles
686 2808 812 2847 suos
837 2795 886 2846 in
914 2798 1107 2864 quibus
1134 2816 1379 2869 magnam
1409 2802 1658 2857 ﬁduciam

100 2871 252 2939 habet,
299 2886 350 2931 et
403 2881 634 2935 mandat
678 2894 755 2947 ttt,
806 2896 1064 2954 quantum
1115 2905 1422 2958 possumus,
1473 2871 1660 2948 curam

100 2962 357 3025 habeamus
389 2972 456 3026 de
492 2975 737 3030 castellis
774 2979 908 3041 suis,
941 2995 1035 3045 ne,
1068 2970 1208 3049 quod
1244 2984 1380 3038 Deus
1412 2991 1657 3043 avertat!

102 3057 302 3115 inimicis
341 3064 455 3117 suis
502 3067 808 3120 tradantur.
847 3068 1137 3139 Propterea
1185 3090 1311 3143 rogo
1351 3090 1476 3138 vos,
1525 3078 1664 3132 sicut.

100 3162 261 3219 rogare
287 3154 455 3212 debeo
491 3157 526 3211 ﬁ

102 3252 194 3297 ιτιιο
219 3250 371 3303 corde
394 3252 565 3321 diligo
595 3263 648 3307 et
679 3257 885 3311 servire
912 3257 1181 3322 desidero,
1201 3269 1252 3313 et
1276 3261 1428 3330 cujus
1454 3271 1658 3332 patrem

101 3336 214 3392 sicut
235 3343 467 3398 animam
517 3363 689 3401 meum
718 3350 904 3417 dilexi,
933 3361 1200 3421 quatenus
1222 3344 1293 3407 de
1317 3356 1414 3409 hac
1442 3371 1497 3408 re
1519 3358 1662 3412 etde

103 3432 220 3483 ntntti
272 3434 532 3491 fidelitate
581 3440 783 3494 domini
844 3444 1013 3496 nostri
1073 3445 1217 3514 regis
1270 3447 1425 3499 talem
1476 3465 1660 3503 curam

102 3521 290 3586 geratis,
326 3538 375 3577 ut
409 3543 436 3579 a
484 3527 616 3591 Deo,
654 3540 706 3584 et
747 3531 813 3586 ab
845 3547 908 3586 eo
943 3544 995 3587 et
1019 3535 1270 3589 omnibus
1308 3536 1461 3591 bonis
1494 3539 1665 3592 hemi-

105 3611 233 3665 nibus
262 3615 467 3673 laudem
514 3620 775 3678 habeatis.

161 3701 207 3756 lu
252 3712 516 3764 memoria
561 3722 741 3768 vestra
794 3731 1008 3786 semper
1064 3725 1241 3773 tenete
1279 3721 1510 3789 qualiter
1548 3722 1664 3793 glo-

104 3792 249 3850 riosus
273 3810 420 3868 pater
448 3814 638 3857 vester
665 3805 826 3869 vixit,
862 3815 915 3861 et
957 3823 1117 3876 quam
1163 3808 1392 3864 ﬁdeliter
1438 3811 1664 3867 Domino

105 3901 181 3939 suo
202 3891 430 3961 servivit,
465 3907 524 3950 et
550 3913 671 3951 eum
702 3909 901 3967 quanta
940 3900 1263 3956 strenuitale
1293 3903 1456 3956 multa
1482 3905 1665 3974 acqui-

104 3984 223 4048 suit,
253 3999 301 4040 et
330 3990 601 4059 aequisita
634 4008 829 4062 magno
863 3993 1065 4047 honore
1099 3995 1338 4049 retinuit.

161 4077 272 4133 Item
323 4086 603 4138 mandavit
656 4101 751 4139 rex
801 4102 866 4140 ne
938 4088 1019 4141 sui
1085 4089 1431 4145 vicceomitcs
1483 4093 1662 4161 aliqua

106 4168 271 4235 piacita
316 4176 366 4229 in
417 4178 621 4231 vestris
663 4179 823 4232 terris
871 4188 1112 4245 teneant,
1154 4184 1507 4253 quoadusque
1552 4186 1664 4254 ipse

108 4275 230 4317 tunre
284 4277 554 4334 transeat,
601 4279 652 4323 et
698 4270 835 4324 inter
881 4287 976 4325 vos
1018 4282 1071 4325 et
1123 4274 1267 4343 ipsos
1318 4274 1663 4331 vicecomites

108 4366 181 4418 ter
206 4362 544 4431 semetipsum
580 4379 774 4417 causas
802 4373 1011 4420 vestras
1046 4366 1249 4419 audiat.

164 4443 393 4505 Libenter
434 4453 632 4507 vellem
686 4454 963 4508 Vobiscum
1014 4455 1197 4525 loqui;
1239 4456 1305 4508 de
1353 4473 1455 4525 qua
1499 4472 1579 4521 re,
1615 4458 1657 4511 si

1536 327 1915 403 EPISTOLAS.

164 415 419 473 aleatores
459 420 622 488 igitur
660 424 826 481 divini
876 428 1087 499 jndicii,
1123 450 1229 506 quo
1267 437 1333 493 de
1377 444 1667 498 commisso
1699 450 1742 509 Α
1775 451 1885 505 lilio
1936 462 1991 508 et
2028 470 2113 509 am

2122 456 2205 513 ico
2262 458 2503 520 Rocsmo
2554 469 2759 539 comiti,
2810 472 3037 531 salutem
3086 487 3139 534 et
3189 481 3346 538 bene-

1770 547 2078 606 dictionem.

1839 642 2052 711 Auditis
2077 647 2143 703 de
2167 657 2218 704 te
2247 668 2365 721 qua:
2392 657 2580 712 audire
2629 642 2858 729 nollem,
2890 666 3045 737 doleo
3086 680 3344 738 quantum

1771 733 1952 790 dicere
1991 752 2095 791 non
2153 755 2389 809 possmn.
2446 745 2631 813 Neque
2675 754 2820 808 enim
2858 757 3072 814 deceret
3108 773 3164 816 ιιι
3206 765 3345 820 lilius

1776 824 2027 880 Willelmi
2052 832 2288 897 comitis,
2314 833 2467 902 cujus
2498 842 2781 907 prudentia
2806 855 2858 898 et
2881 845 3111 915 bonitas,
3139 860 3193 905 et
3219 868 3346 923 erga

1769 913 2056 973 Dominum
2117 936 2270 978 suum
2330 934 2385 979 et
2435 944 2623 986 omnes
2679 935 2882 990 amicos
2936 954 3064 996 suos
3120 941 3347 1001 ﬁdelitas

1773 1008 1954 1063 inultis
1985 1013 2144 1067 terris
2186 1015 2436 1083 innotuit,
2471 1022 2702 1080 inﬁdelis
2735 1028 3022 1096 diceretur,
3053 1045 3106 1087 et
3136 1034 3200 1090 de
3227 1052 3348 1104 per-

1760 1098 1906 1167 jurio
1946 1104 2027 1157 vel
2070 1104 2259 1161 framle
2296 1111 2531 1182 aliquam
2571 1116 2848 1174 infamiam
2899 1132 3205 1191 pateretur:
3240 1104 3349 1181 imo

1767 1192 1926 1263 321
1958 1200 2275 1256 conveniret
2316 1204 2494 1272 potius
2540 1218 2594 1262 ut
2641 1210 2780 1266 ﬁlius
2811 1214 2940 1267 tanti
2979 1216 3077 1269 viri
3111 1216 3351 1273 imitator

1770 1286 1940 1354 patris
1967 1288 2244 1356 existeret,
2276 1304 2328 1349 et
2351 1298 2527 1352 omnis
2556 1300 2814 1359 bonitatis
2843 1314 2896 1358 et
2936 1305 3207 1361 ﬁdelitatis
3229 1307 3350 1361 aliis
3418 1290 3419 1293 η

1768 1379 2072 1449 cxcmjdum
2114 1386 2394 1453 paelici-et.
2432 1390 2720 1462 Pr0pterea
2762 1413 2889 1467 rogo
2924 1407 3000 1464 te,
3041 1401 3349 1457 dulcissime

1769 1470 1840 1524 ﬁli
1874 1482 1927 1527 et
1961 1474 2279 1532 charissima
2311 1483 2510 1549 amice,
2553 1496 2817 1555 quatenus
2845 1500 3064 1563 propter
3094 1494 3257 1547 Deum
3293 1500 3351 1547 et

1769 1563 2029 1621 honorem
2076 1579 2247 1635 tuum,
2296 1575 2340 1627 si
2385 1576 2595 1647 culpam
2636 1580 2715 1635 (le-
2739 1582 2829 1635 tali
2877 1599 2933 1636 re
2982 1584 3169 1647 babes,
3198 1585 3353 1643 resl-

1767 1658 1971 1725 pi-.cas;
2001 1660 2044 1714 si
2075 1673 2203 1718 vem
2231 1680 2336 1719 non
2368 1666 2553 1733 habes,
2579 1672 3035 1729 tuanil‘estissimis
3059 1675 3351 1749 documen-

1770 1750 1838 1804 tis
1874 1760 1923 1805 te
1955 1767 2058 1807 non
2098 1754 2300 1812 habere
2327 1760 2599 1816 ostendas.
2633 1762 2900 1834 Quidquid
2934 1780 3058 1820 vero
3088 1765 3175 1829 sit,
3221 1781 3351 1836 rogo

1690 1835 1734 1895 Β
1766 1851 1823 1895 ιιι
1847 1844 1913 1897 ad
1944 1861 2028 1899 me
2057 1848 2262 1912 venias,
2290 1864 2515 1906 securus
2541 1854 2902 1922 proculdubio
2920 1858 3059 1926 quod
3093 1873 3265 1927 neque
3296 1858 3349 1911 in

1757 1935 1951 1996 eundo,
1980 1952 2153 2007 neque
2178 1940 2231 1994 in
2266 1943 2559 2009 redeundo,
2593 1962 2688 2017 per
2709 1964 2826 2009 nos,
2860 1948 2943 2003 vel
2977 1949 3153 2020 regios
3182 1948 3351 2002 homi-

1759 2042 1854 2081 nes
1883 2028 2251 2097 impedimenti
2282 2036 2481 2106 aliquid
2508 2039 2749 2107 patieris.
2784 2034 3133 2111 Omnipotens
3168 2042 3347 2107 Domi;

1760 2137 1860 2177 nus
1893 2130 1944 2174 te
1973 2121 2276 2181 benedicat.

2287 2218 2617 2275 Ei‘lSTOLA
2676 2221 2806 2275 XLI.

2381 2324 2452 2362 AD
2489 2325 2726 2364 EUMDEH.

1760 2396 1836 2448 Ab
1876 2399 2444 2463 excommunicatione,
2479 2418 2582 2471 qua
2607 2400 2754 2455 illum
2813 2402 3182 2467 obstrinxerat,
3221 2403 3350 2459 solvi

1832 2482 1935 2519 non
1990 2484 2139 2534 posse
2194 2471 2304 2543 nisi
2328 2471 2460 2539 regis
2492 2470 2930 2543 'miscricortlium
2974 2473 3232 2543 imploret,
3278 2473 3350 2530 ad

1831 2554 1984 2605 quam
2010 2538 2395 2607 impetrandum
2422 2558 2569 2593 suam
2597 2541 2674 2594 illi
2696 2559 2905 2609 operum
2933 2538 3169 2613 spondet.

1837 2628 2182 2684 LANFIMNCUS
2203 2630 2290 2683 Dei
2312 2632 2482 2700 gratia
2513 2632 2974 2703 archiepismpus,
2999 2634 3352 2690 dilectissimo

1761 2721 2034 2788 Quen-lam
2098 2722 2207 2775 lilio
2254 2732 2310 2776 et
2368 2724 2564 2788 amico,
2633 2723 2875 2779 ltocemo
2932 2726 3157 2791 comiti,
3211 2726 3352 2782 bene

1764 2811 2064 2883 intelligere
2088 2822 2144 2867 et
2170 2813 2440 2869 salubrem
2475 2817 2541 2871 de
2578 2819 2755 2871 anima
2797 2834 2890 2873 sua
2916 2835 3099 2873 curam
3127 2819 3349 2875 habere.

1764 2908 1767 2911 ’
1836 2907 1998 2961 Doleo
2021 2922 2119 2976 pro
2146 2917 2213 2972 te,
2250 2920 2510 2977 quantum
2542 2912 2643 2965 dici
2677 2928 2780 2965 non
2811 2922 3005 2981 potest,
3038 2911 3180 2981 quia,
3219 2918 3352 2965 teste

1763 2999 1891 3062 Deo,
1926 3008 1977 3054 te
2017 3002 2296 3067 amabam;
2327 3012 2380 3057 et
2414 3013 2464 3057 le
2495 3018 2679 3058 amare
2724 3014 2778 3057 et
2833 3002 2924 3057 tibi
2984 3003 3191 3057 servire
3241 3010 3352 3055 toto

1763 3093 1927 3146 corde
1950 3091 2359 3159 desiderabam;
2393 3094 2485 3148 sed
2511 3095 2658 3163 quia,
2692 3094 2946 3146 instinctu
2984 3092 3244 3147 (iCBlDOlliS
3291 3101 3348 3145 et

536 3158 661 3212 “illi!
689 3162 1091 3229 Cllm‘iSSimllm.
1127 3182 1310 3235 quem.
1353 3177 1487 3222 ιυεῐθ
1526 3171 1657 3235 θρα),
1686 3191 1731 3251 C
1765 3185 1988 3238 consilio
2020 3200 2309 3254 pravorum
2343 3186 2644 3253 hominum,
2683 3202 2745 3240 ca
2778 3186 2995 3240 molitus
3026 3201 3083 3240 es
3131 3200 3248 3255 qua-
3300 3190 3353 3238 te

1766 3275 1941 3329 moliri
2006 3276 2228 3331 minime
2306 3283 2658 3346 oportuerat,
2720 3275 3044 3330 necessitate
3106 3286 3350 3340 coaetus,

1765 3379 1999 3424 mentem
2052 3371 2277 3434 nmtavi,
2347 3381 2400 3424 et
2459 3370 2800 3425 dilectionem
2886 3385 2990 3423 non
3052 3368 3104 3422 in
3169 3367 3350 3422 odium

1767 3472 1972 3516 tmrtum
2007 3474 2267 3533 quantum
2300 3463 2363 3515 ad
2413 3462 2540 3535 [nl.,
2590 3461 2665 3535 in]
2721 3478 3003 3517 rancorem
3049 3461 3245 3515 tuentis
3298 3470 3353 3515 et

1758 3558 1959 3628 justam
1984 3559 2321 3612 severitatem
2344 3558 2606 3611 converti.
2628 3556 2838 3625 Legatis
2868 3565 3043 3608 tamen
3077 3562 3129 3606 et
3156 3554 3354 3608 litteris

1765 3650 1929 3704 semel
1963 3660 2015 3703 et
2048 3650 2240 3702 iterum
2290 3659 2341 3703 te
2385 3648 2603 3702 invitavi
2660 3657 2717 3702 ιιι
2773 3646 2838 3699 ad
2882 3660 2965 3699 me
3012 3646 3242 3709 venires,
3295 3654 3352 3697 et

1766 3741 2048 3797 consilium
2077 3742 2268 3795 animae
2302 3750 2403 3794 tua:
2460 3756 2487 3793 a
2537 3753 2621 3793 me
2647 3739 2783 3793 sicut
2833 3754 2861 3791 a
2892 3745 3045 3806 patre
3083 3734 3350 3804 spiritu-ali

1765 3846 1818 3891 et
1849 3835 2022 3889 amico
2044 3834 2254 3888 sincero
2285 3834 2577 3903 acciperes,
2606 3842 2767 3903 atque
2804 3847 2832 3885 a
2864 3830 3027 3886 stulto
3076 3830 3351 3898 ιιι-(ηιοεὶῑο

1766 3929 1907 3999 quod
1962 3942 2311 3996 conceperas,
2367 3926 2591 3980 consilio
2649 3923 2875 3978 meliore
2920 3922 3239 3983 desisteres;
3295 3927 3349 3977 tu

1768 4035 1892 4073 vero
1930 4019 1980 4072 id
2008 4018 2185 4072 facere
2212 4017 2495 4071 recusasti.

1836 4107 2105 4161 Cauonica
2137 4108 2298 4177 igitur
2322 4106 2647 4161 auctoritate
2676 4116 2725 4160 te
2770 4114 2824 4159 et
2866 4119 3053 4158 oumes
3079 4101 3354 4171 adjutores

1769 4211 1885 4255 tuos
1917 4200 2165 4254 maledixi
2223 4210 2275 4254 et
2304 4199 2791 4262 exeommnuicavi,
2816 4207 2976 4267 atque
3006 4213 3033 4249 a
3077 4196 3352 4248 limiuiLus

1766 4298 1967 4343 sanctae
1994 4290 2248 4343 Ecclesiae
2275 4298 2325 4342 et
2351 4288 2868 4342 consm'tioﬁtlelium
2896 4286 3233 4356 separavi,et
3256 4299 3352 4351 per

1768 4392 1934 4436 totam
1969 4382 2244 4452 Anglicani
2283 4390 2479 4434 terram
2517 4381 2617 4433 hoc
2651 4380 2788 4432 idem
2819 4378 3072 4447 pastorali
3115 4377 3352 4431 auctori-

1768 4483 1873 4528 tate
1931 4475 2045 4527 lict‘i
2096 4472 2373 4542 imperavi.
2431 4472 2511 4524 Ab
2567 4469 2666 4525 hoc
2719 4467 2932 4522 vinculo
2990 4467 3352 4521 anatlzematis

107 4536 232 4591 vobis
262 4542 506 4598 voluntas
547 4552 657 4608 est,
698 4547 947 4600 mandate
991 4547 1120 4600 mihi
1172 4547 1238 4599 ad
1287 4562 1445 4616 quem
1484 4548 1658 4602 locum
1693 4547 1737 4605 ἰ)
1766 4565 2048 4621 ίιῇδυιγςιιρ
2083 4574 2130 4619 ιε
2164 4580 2265 4618 non
2288 4580 2531 4634 possum,
2561 4563 2661 4617 ιιῑηῑ
2697 4562 3117 4617 miscriter-liam
3147 4559 3351 4615 domini

110 4634 340 4695 possimus
378 4638 695 4702 convenire,
729 4647 784 4692 et
816 4639 882 4693 de
930 4641 1091 4693 rebus
1123 4641 1317 4694 vestris
1357 4656 1418 4696 ac
1459 4642 1657 4697 domini

112 4724 252 4779 nostri
291 4728 426 4797 regis
475 4727 802 4798 Colloquium
853 4728 1071 4784 habere.
1112 4732 1220 4802 ligo
1267 4746 1395 4785 vero
1442 4741 1661 4801 paratus

112 4828 203 4866 sum
233 4820 377 4874 vobis
416 4821 606 4874 venire
646 4820 861 4875 obviam
901 4838 1223 4893 quoruuqne
1271 4824 1654 4894 princeperitis.

166 4905 295 4980 Rogo
317 4922 375 4967 ut
395 4914 590 4968 barum
618 4914 924 4970 litterarum
951 4917 1199 4984 portitori
1228 4916 1445 4971 nomine
1474 4916 1708 4980 Berin-p,

112 5003 233 5065 gerio
271 5006 532 5076 justitiam
586 5007 799 5063 faciatis
852 5009 919 5064 de
980 5009 1085 5064 illis
1134 5009 1441 5064 hominibus
1497 5026 1661 5080 super

112 5108 222 5161 quos
256 5099 539 5157 clamorem
588 5103 719 5157 facit
764 5119 862 5172 pro
892 5119 1031 5173 equo
1059 5118 1156 5157 suo
1188 5110 1345 5172 quem
1388 5103 1532 5158 furto
1561 5105 1662 5158 siti

114 5188 315 5250 ablatum
339 5196 486 5252 dicit.
531 5196 889 5268 Omnipotens
932 5197 1189 5251 Dominus
1228 5213 1322 5252 vos
1356 5197 1659 5263 benedicat,

113 5289 156 5334 et
184 5285 332 5343 vitam
363 5300 603 5347 vestram
638 5292 690 5346 in
722 5288 867 5346 omni
903 5292 1145 5346 bonitate
1177 5291 1447 5361 disponat.

626 5404 958 5462 EPISTOLA
1003 5405 1111 5459 XL.

694 5516 762 5555 AD
800 5515 1037 5555 EUMDEM.

113 5597 200 5658 illa
222 5614 440 5679 perjurio
460 5624 505 5669 et
534 5615 726 5678 trautle
746 5616 1024 5678 abstineat,
1046 5612 1310 5685 patrisque
1339 5630 1459 5684 erga
1486 5622 1656 5686 regem

462 5698 506 5740 et
539 5687 673 5739 alios
701 5687 1001 5761 fidelitatem
1032 5685 1280 5741 imitetur.

156 5769 487 5838 _L.\.\fﬂ.\XCl‘s
520 5782 615 5842 Dei
638 5779 805 5851 gratia
831 5778 1290 5850 archiepiscopus,
1307 5775 1654 5831 dilectissimo

1770 4659 1869 4712 mei
1912 4660 2051 4728 regis
2110 4657 2374 4726 requiras,
2427 4657 2639 4725 sibique
2686 4666 2739 4709 et
2789 4654 2926 4716 aliis,
2981 4670 3207 4723 quorum
3266 4669 3357 4715 res

1766 4750 1963 4820 injuste
1994 4750 2263 4820 przcdatns
2294 4765 2372 4811 es,
2402 4748 2663 4818 justitiam
2697 4745 2885 4801 facias.

1838 4841 2099 4895 Mandasti
2160 4841 2299 4908 quod
2358 4840 2535 4892 adhuc
2584 4838 2769 4891 venire
2820 4835 3012 4901 velles;
3074 4835 3177 4891 hoc
3253 4848 3353 4904 ego

1766 4936 2125 4991 libentissime
2179 4935 2396 4997 vellem,
2455 4933 2555 4986 nisi
2587 4931 2817 5002 regalem
2851 4931 2983 4986 iram
3035 4947 3130 5000 pro
3161 4930 3261 4982 hac
3296 4944 3352 4981 ro

1770 5042 1855 5081 me
1910 5026 2251 5079 ineursurum
2298 5030 2615 5089 metuerem,
2676 5021 2771 5075 sed
2829 5020 3004 5091 legato
3050 5029 3103 5073 et
3158 5017 3355 5072 litteris

1769 5119 2158 5189 paenitudinem
2212 5126 2379 5182 tuam,
2436 5102 2495 5171 et
2534 5115 2917 5179 hnmiiitatem,
2951 5123 3003 5168 et
3058 5126 3248 5181 preces
3302 5110 3353 5165 ei

1768 5212 2053 5276 intimabo,
2079 5218 2133 5266 et
2164 5220 2233 5276 te,
2263 5209 2413 5266 salva
2459 5210 2575 5282 ejus
2623 5207 2903 5273 ﬁdelitate,
2957 5213 3116 5275 prout
3161 5202 3358 5257 melius

1768 5319 1979 5381 potero,
2018 5308 2304 5378 adjuvabo.
2359 5307 2581 5363 interim
2613 5319 2742 5374 rogo
2780 5311 2834 5358 et
2883 5314 3075 5399 moneo
3106 5306 3164 5351 ut
3206 5298 3357 5399 quie—

1771 5419 1912 5467 SCGS.
1942 5419 2040 5458 nec
2066 5402 2265 5476 aliQItid
2299 5402 2514 5459 coneris
2548 5400 2727 5456 facere
2776 5395 2917 5452 unde
2947 5391 3208 5462 majorem
3241 5391 3360 5459 ejus

1772 5496 1905 5551 iram
1937 5498 2201 5555 incurras.
