  <div class='ocr_page' id='page_1' title='image "/cluster/home/n/w/nwhite01/storage/ocr_20150623/150/hvd.32044015473788/273.png"; bbox 0 0 3938 6288; ppageno 0'>
   <div class='ocr_carea' id='block_1_1' title="bbox 520 353 625 408">
    <p class='ocr_par' dir='ltr' id='par_1_1' title="bbox 520 353 625 408">
     <span class='ocr_line' id='line_1_1' title="bbox 520 353 625 408; baseline 0 -1"><span class='ocrx_word' id='word_1_1' title='bbox 520 353 625 408; x_wconf 74' lang='lat'><strong>539</strong></span> 
     </span>
    </p>
   </div>
   <div class='ocr_carea' id='block_1_2' title="bbox 1057 460 1575 520">
    <p class='ocr_par' dir='ltr' id='par_1_2' title="bbox 1057 460 1575 520">
     <span class='ocr_line' id='line_1_2' title="bbox 1057 460 1575 520; baseline 0.002 -2"><span class='ocrx_word' id='word_1_2' title='bbox 1057 461 1386 520; x_wconf 71' lang='lat' dir='ltr'><strong>EPISTOLA</strong></span> <span class='ocrx_word' id='word_1_3' title='bbox 1423 460 1575 519; x_wconf 73' lang='lat' dir='ltr'><strong>XLII.</strong></span> 
     </span>
    </p>
   </div>
   <div class='ocr_carea' id='block_1_3' title="bbox 984 570 1650 614">
    <p class='ocr_par' dir='ltr' id='par_1_3' title="bbox 984 570 1650 614">
     <span class='ocr_line' id='line_1_3' title="bbox 984 570 1650 614; baseline 0.003 -5"><span class='ocrx_word' id='word_1_4' title='bbox 984 570 1053 609; x_wconf 69' lang='lat' dir='ltr'><strong>A‘D</strong></span> <span class='ocrx_word' id='word_1_5' title='bbox 1092 570 1339 611; x_wconf 70' lang='lat' dir='ltr'><strong>ABBATEM</strong></span> <span class='ocrx_word' id='word_1_6' title='bbox 1362 572 1392 612; x_wconf 79' lang='grc' dir='ltr'><em>Β</em></span> <span class='ocrx_word' id='word_1_7' title='bbox 1421 593 1650 614; x_wconf 72' lang='lat'><strong>..........</strong></span> 
     </span>
    </p>
   </div>
   <div class='ocr_carea' id='block_1_4' title="bbox 528 641 2041 713">
    <p class='ocr_par' dir='ltr' id='par_1_4' title="bbox 528 641 2041 713">
     <span class='ocr_line' id='line_1_4' title="bbox 528 641 2041 713; baseline 0.003 -17"><span class='ocrx_word' id='word_1_8' title='bbox 528 678 531 685; x_wconf 83' lang='lat'><strong><em>-</em></strong></span> <span class='ocrx_word' id='word_1_9' title='bbox 597 641 761 713; x_wconf 82' lang='lat' dir='ltr'><strong>Rogat</strong></span> <span class='ocrx_word' id='word_1_10' title='bbox 806 653 861 697; x_wconf 82' lang='lat' dir='ltr'><strong>ut</strong></span> <span class='ocrx_word' id='word_1_11' title='bbox 911 661 1008 699; x_wconf 83' lang='lat' dir='ltr'><strong>sua</strong></span> <span class='ocrx_word' id='word_1_12' title='bbox 1062 662 1222 699; x_wconf 84' lang='lat' dir='ltr'><strong>causa</strong></span> <span class='ocrx_word' id='word_1_13' title='bbox 1277 647 1570 702; x_wconf 77' lang='lat' dir='ltr'><strong>litterarum</strong></span> <span class='ocrx_word' id='word_1_14' title='bbox 1634 646 1789 701; x_wconf 84' lang='lat' dir='ltr'><strong>latori</strong></span> <span class='ocrx_word' id='word_1_15' title='bbox 1843 648 2041 703; x_wconf 74' lang='lat' dir='ltr'><strong>ueniam</strong></span> 
     </span>
    </p>
   </div>
   <div class='ocr_carea' id='block_1_5' title="bbox 1179 717 1467 789">
    <p class='ocr_par' dir='ltr' id='par_1_5' title="bbox 1179 717 1467 789">
     <span class='ocr_line' id='line_1_5' title="bbox 1179 717 1467 789; baseline 0.007 -20"><span class='ocrx_word' id='word_1_16' title='bbox 1179 717 1467 789; x_wconf 66' lang='lat' dir='ltr'><strong>indulgeat.</strong></span> 
     </span>
    </p>
   </div>
   <div class='ocr_carea' id='block_1_6' title="bbox 597 786 2113 877">
    <p class='ocr_par' dir='ltr' id='par_1_6' title="bbox 597 786 2113 877">
     <span class='ocr_line' id='line_1_6' title="bbox 597 786 2113 877; baseline 0.005 -20"><span class='ocrx_word' id='word_1_17' title='bbox 597 786 947 860; x_wconf 65' lang='lat' dir='ltr'><strong>szramcus</strong></span> <span class='ocrx_word' id='word_1_18' title='bbox 985 806 1171 863; x_wconf 88' lang='lat' dir='ltr'><strong>divina</strong></span> <span class='ocrx_word' id='word_1_19' title='bbox 1200 809 1537 877; x_wconf 86' lang='lat' dir='ltr'><strong>dignatione.</strong></span> <span class='ocrx_word' id='word_1_20' title='bbox 1586 824 1692 863; x_wconf 88' lang='lat' dir='ltr'><strong>non</strong></span> <span class='ocrx_word' id='word_1_21' title='bbox 1744 810 1857 868; x_wconf 84' lang='lat' dir='ltr'><strong>suis</strong></span> <span class='ocrx_word' id='word_1_22' title='bbox 1906 808 2113 864; x_wconf 76' lang='lat' dir='ltr'><strong>meritis</strong></span> 
     </span>
    </p>
   </div>
   <div class='ocr_carea' id='block_1_7' title="bbox 523 896 2110 977">
    <p class='ocr_par' dir='ltr' id='par_1_7' title="bbox 523 896 2110 977">
     <span class='ocr_line' id='line_1_7' title="bbox 523 896 2110 977; baseline 0.005 -29"><span class='ocrx_word' id='word_1_23' title='bbox 523 896 1008 977; x_wconf 30' lang='lat' dir='ltr'><strong>archiepiscopus],</strong></span> <span class='ocrx_word' id='word_1_24' title='bbox 1063 899 1245 954; x_wconf 89' lang='lat' dir='ltr'><strong>abbati</strong></span> <span class='ocrx_word' id='word_1_25' title='bbox 1296 900 1407 955; x_wconf 85' lang='grc' dir='ltr'><strong>Β...</strong></span> <span class='ocrx_word' id='word_1_26' title='bbox 1458 900 1689 956; x_wconf 77' lang='lat' dir='ltr'><strong>salutem</strong></span> <span class='ocrx_word' id='word_1_27' title='bbox 1736 915 1858 955; x_wconf 91' lang='lat' dir='ltr'><strong>cum</strong></span> <span class='ocrx_word' id='word_1_28' title='bbox 1905 900 2110 956; x_wconf 86' lang='lat' dir='ltr'><strong>oratio-</strong></span> 
     </span>
    </p>
   </div>
   <div class='ocr_carea' id='block_1_8' title="bbox 522 985 702 1042">
    <p class='ocr_par' dir='ltr' id='par_1_8' title="bbox 522 985 702 1042">
     <span class='ocr_line' id='line_1_8' title="bbox 522 985 702 1042; baseline 0.011 -4"><span class='ocrx_word' id='word_1_29' title='bbox 522 985 702 1042; x_wconf 89' lang='lat' dir='ltr'><strong>nibus.</strong></span> 
     </span>
    </p>
   </div>
   <div class='ocr_carea' id='block_1_9' title="bbox 597 1077 2113 1152">
    <p class='ocr_par' dir='ltr' id='par_1_9' title="bbox 597 1077 2113 1152">
     <span class='ocr_line' id='line_1_9' title="bbox 597 1077 2113 1152; baseline 0.005 -20"><span class='ocrx_word' id='word_1_30' title='bbox 597 1077 797 1133; x_wconf 81' lang='lat' dir='ltr'><strong>Harum</strong></span> <span class='ocrx_word' id='word_1_31' title='bbox 829 1081 1135 1136; x_wconf 86' lang='lat' dir='ltr'><strong>litterarum</strong></span> <span class='ocrx_word' id='word_1_32' title='bbox 1159 1084 1552 1152; x_wconf 88' lang='lat' dir='ltr'><strong>portitoriram</strong></span> <span class='ocrx_word' id='word_1_33' title='bbox 1594 1092 1828 1139; x_wconf 93' lang='lat' dir='ltr'><strong>vestram</strong></span> <span class='ocrx_word' id='word_1_34' title='bbox 1872 1099 1930 1140; x_wconf 86' lang='lat' dir='ltr'><strong>se</strong></span> <span class='ocrx_word' id='word_1_35' title='bbox 1980 1085 2113 1141; x_wconf 86' lang='lat' dir='ltr'><strong>dicit</strong></span> 
     </span>
    </p>
   </div>
   <div class='ocr_carea' id='block_1_10' title="bbox 522 1170 2113 1247">
    <p class='ocr_par' dir='ltr' id='par_1_10' title="bbox 522 1170 2113 1247">
     <span class='ocr_line' id='line_1_10' title="bbox 522 1170 2113 1247; baseline 0.005 -23"><span class='ocrx_word' id='word_1_36' title='bbox 522 1170 842 1239; x_wconf 86' lang='lat' dir='ltr'><strong>incurrisse,</strong></span> <span class='ocrx_word' id='word_1_37' title='bbox 873 1185 929 1229; x_wconf 92' lang='lat' dir='ltr'><strong>et</strong></span> <span class='ocrx_word' id='word_1_38' title='bbox 955 1185 1238 1245; x_wconf 90' lang='lat' dir='ltr'><strong>propterea</strong></span> <span class='ocrx_word' id='word_1_39' title='bbox 1294 1177 1547 1247; x_wconf 86' lang='lat' dir='ltr'><strong>patriam,</strong></span> <span class='ocrx_word' id='word_1_40' title='bbox 1598 1177 1653 1230; x_wconf 90' lang='lat' dir='ltr'><strong>in</strong></span> <span class='ocrx_word' id='word_1_41' title='bbox 1705 1192 1809 1247; x_wconf 89' lang='lat' dir='ltr'><strong>qua</strong></span> <span class='ocrx_word' id='word_1_42' title='bbox 1856 1187 2015 1232; x_wconf 90' lang='lat' dir='ltr'><strong>natus</strong></span> <span class='ocrx_word' id='word_1_43' title='bbox 2057 1188 2113 1232; x_wconf 84' lang='lat' dir='ltr'><strong>et.</strong></span> 
     </span>
    </p>
   </div>
   <div class='ocr_carea' id='block_1_11' title="bbox 522 1269 2107 1340">
    <p class='ocr_par' dir='ltr' id='par_1_11' title="bbox 522 1269 2107 1340">
     <span class='ocr_line' id='line_1_11' title="bbox 522 1269 2107 1340; baseline 0.004 -22"><span class='ocrx_word' id='word_1_44' title='bbox 522 1276 879 1322; x_wconf 89' lang='lat' dir='ltr'><strong>conversatus</strong></span> <span class='ocrx_word' id='word_1_45' title='bbox 903 1276 1039 1332; x_wconf 89' lang='lat' dir='ltr'><strong>erat,</strong></span> <span class='ocrx_word' id='word_1_46' title='bbox 1081 1278 1441 1339; x_wconf 88' lang='lat' dir='ltr'><strong>parentesque</strong></span> <span class='ocrx_word' id='word_1_47' title='bbox 1484 1277 1536 1323; x_wconf 89' lang='lat' dir='ltr'><strong>ct</strong></span> <span class='ocrx_word' id='word_1_48' title='bbox 1568 1270 1771 1323; x_wconf 87' lang='lat' dir='ltr'><strong>amicos</strong></span> <span class='ocrx_word' id='word_1_49' title='bbox 1804 1269 2107 1340; x_wconf 80' lang='lat' dir='ltr'><strong>reliquisse.</strong></span> 
     </span>
    </p>
   </div>
   <div class='ocr_carea' id='block_1_12' title="bbox 524 1356 2109 1430">
    <p class='ocr_par' dir='ltr' id='par_1_12' title="bbox 524 1356 2109 1430">
     <span class='ocr_line' id='line_1_12' title="bbox 524 1356 2109 1430; baseline 0.004 -20"><span class='ocrx_word' id='word_1_50' title='bbox 524 1356 593 1410; x_wconf 84' lang='lat' dir='ltr'><strong>Et</strong></span> <span class='ocrx_word' id='word_1_51' title='bbox 620 1358 742 1426; x_wconf 88' lang='lat' dir='ltr'><strong>quia</strong></span> <span class='ocrx_word' id='word_1_52' title='bbox 768 1360 975 1428; x_wconf 91' lang='lat' dir='ltr'><strong>putavit</strong></span> <span class='ocrx_word' id='word_1_53' title='bbox 994 1361 1137 1429; x_wconf 88' lang='lat' dir='ltr'><strong>quod</strong></span> <span class='ocrx_word' id='word_1_54' title='bbox 1164 1375 1261 1430; x_wconf 92' lang='lat' dir='ltr'><strong>pro</strong></span> <span class='ocrx_word' id='word_1_55' title='bbox 1290 1377 1375 1416; x_wconf 91' lang='lat' dir='ltr'><strong>me</strong></span> <span class='ocrx_word' id='word_1_56' title='bbox 1398 1359 1621 1415; x_wconf 90' lang='lat' dir='ltr'><strong>multum</strong></span> <span class='ocrx_word' id='word_1_57' title='bbox 1645 1361 1825 1417; x_wconf 85' lang='lat' dir='ltr'><strong>facere</strong></span> <span class='ocrx_word' id='word_1_58' title='bbox 1847 1362 2109 1427; x_wconf 75' lang='lat' dir='ltr'><strong>debeatis,</strong></span> 
     </span>
    </p>
   </div>
   <div class='ocr_carea' id='block_1_13' title="bbox 525 1430 2112 1520">
    <p class='ocr_par' dir='ltr' id='par_1_13' title="bbox 525 1430 2112 1520">
     <span class='ocr_line' id='line_1_13' title="bbox 525 1430 2112 1520; baseline 0.006 -22"><span class='ocrx_word' id='word_1_59' title='bbox 525 1446 728 1500; x_wconf 77' lang='lat' dir='ltr'><strong>nostris</strong></span> <span class='ocrx_word' id='word_1_60' title='bbox 756 1430 895 1517; x_wconf 88' lang='lat' dir='ltr'><strong>apud</strong></span> <span class='ocrx_word' id='word_1_61' title='bbox 928 1449 1305 1517; x_wconf 90' lang='lat' dir='ltr'><strong>paternitatem</strong></span> <span class='ocrx_word' id='word_1_62' title='bbox 1335 1458 1572 1505; x_wconf 79' lang='lat' dir='ltr'><strong>vestram</strong></span> <span class='ocrx_word' id='word_1_63' title='bbox 1624 1465 1682 1506; x_wconf 91' lang='lat' dir='ltr'><strong>se</strong></span> <span class='ocrx_word' id='word_1_64' title='bbox 1734 1450 1886 1520; x_wconf 85' lang='lat' dir='ltr'><strong>petiit</strong></span> <span class='ocrx_word' id='word_1_65' title='bbox 1918 1449 2112 1507; x_wconf 84' lang='lat' dir='ltr'><strong>litteris</strong></span> 
     </span>
    </p>
   </div>
   <div class='ocr_carea' id='block_1_14' title="bbox 523 1534 2113 1612">
    <p class='ocr_par' dir='ltr' id='par_1_14' title="bbox 523 1534 2113 1612">
     <span class='ocr_line' id='line_1_14' title="bbox 523 1534 2113 1612; baseline 0.008 -25"><span class='ocrx_word' id='word_1_66' title='bbox 523 1534 791 1602; x_wconf 82' lang='lat' dir='ltr'><strong>adjuvari.</strong></span> <span class='ocrx_word' id='word_1_67' title='bbox 846 1538 984 1594; x_wconf 84' lang='lat' dir='ltr'><strong>Mota</strong></span> <span class='ocrx_word' id='word_1_68' title='bbox 1030 1540 1195 1611; x_wconf 78' lang='lat' dir='ltr'><strong>igitur</strong></span> <span class='ocrx_word' id='word_1_69' title='bbox 1255 1541 1457 1596; x_wconf 87' lang='lat' dir='ltr'><strong>nostris</strong></span> <span class='ocrx_word' id='word_1_70' title='bbox 1518 1542 1769 1612; x_wconf 79' lang='lat' dir='ltr'><strong>precibus</strong></span> <span class='ocrx_word' id='word_1_71' title='bbox 1829 1553 2008 1598; x_wconf 84' lang='lat' dir='ltr'><strong>vestra</strong></span> <span class='ocrx_word' id='word_1_72' title='bbox 2062 1535 2113 1599; x_wconf 74' lang='lat' dir='ltr'><strong>ei</strong></span> 
     </span>
    </p>
   </div>
   <div class='ocr_carea' id='block_1_15' title="bbox 522 1625 2112 1701">
    <p class='ocr_par' dir='ltr' id='par_1_15' title="bbox 522 1625 2112 1701">
     <span class='ocr_line' id='line_1_15' title="bbox 522 1625 2112 1701; baseline 0.008 -23"><span class='ocrx_word' id='word_1_73' title='bbox 522 1625 829 1696; x_wconf 74' lang='lat' dir='ltr'><strong>benignitas</strong></span> <span class='ocrx_word' id='word_1_74' title='bbox 854 1629 1433 1701; x_wconf 85' lang='lat' dir='ltr'><strong>indulgeat,qualenus</strong></span> <span class='ocrx_word' id='word_1_75' title='bbox 1467 1632 1580 1701; x_wconf 91' lang='lat' dir='ltr'><strong>ipse</strong></span> <span class='ocrx_word' id='word_1_76' title='bbox 1602 1634 1835 1688; x_wconf 87' lang='lat' dir='ltr'><strong>amicum</strong></span> <span class='ocrx_word' id='word_1_77' title='bbox 1867 1643 2112 1690; x_wconf 83' lang='lat' dir='ltr'><strong>nostrum</strong></span> 
     </span>
    </p>
   </div>
   <div class='ocr_carea' id='block_1_16' title="bbox 521 1722 1898 1797">
    <p class='ocr_par' dir='ltr' id='par_1_16' title="bbox 521 1722 1898 1797">
     <span class='ocr_line' id='line_1_16' title="bbox 521 1722 1898 1797; baseline 0.005 -25"><span class='ocrx_word' id='word_1_78' title='bbox 521 1732 624 1789; x_wconf 87' lang='lat' dir='ltr'><strong>pro</strong></span> <span class='ocrx_word' id='word_1_79' title='bbox 653 1722 929 1777; x_wconf 87' lang='lat' dir='ltr'><strong>conuuissi</strong></span> <span class='ocrx_word' id='word_1_80' title='bbox 953 1723 1036 1777; x_wconf 89' lang='lat' dir='ltr'><strong>sui</strong></span> <span class='ocrx_word' id='word_1_81' title='bbox 1064 1723 1219 1777; x_wconf 88' lang='lat' dir='ltr'><strong>venia</strong></span> <span class='ocrx_word' id='word_1_82' title='bbox 1253 1739 1311 1779; x_wconf 89' lang='lat' dir='ltr'><strong>se</strong></span> <span class='ocrx_word' id='word_1_83' title='bbox 1338 1725 1559 1794; x_wconf 88' lang='lat' dir='ltr'><strong>petiisse</strong></span> <span class='ocrx_word' id='word_1_84' title='bbox 1587 1736 1898 1797; x_wconf 84' lang='lat' dir='ltr'><strong>cognoscat.</strong></span> 
     </span>
    </p>
   </div>
   <div class='ocr_carea' id='block_1_17' title="bbox 1033 1836 1589 1894">
    <p class='ocr_par' dir='ltr' id='par_1_17' title="bbox 1033 1836 1589 1894">
     <span class='ocr_line' id='line_1_17' title="bbox 1033 1836 1589 1894; baseline 0.005 -3"><span class='ocrx_word' id='word_1_85' title='bbox 1033 1836 1365 1893; x_wconf 78' lang='lat' dir='ltr'><strong>EPISTOLA</strong></span> <span class='ocrx_word' id='word_1_86' title='bbox 1409 1838 1589 1894; x_wconf 78' lang='lat' dir='ltr'><strong>XLIII.</strong></span> 
     </span>
    </p>
   </div>
   <div class='ocr_carea' id='block_1_18' title="bbox 962 1947 1659 1989">
    <p class='ocr_par' dir='ltr' id='par_1_18' title="bbox 962 1947 1659 1989">
     <span class='ocr_line' id='line_1_18' title="bbox 962 1947 1659 1989; baseline 0.003 -4"><span class='ocrx_word' id='word_1_87' title='bbox 962 1947 1030 1985; x_wconf 68' lang='lat' dir='ltr'><strong>AD</strong></span> <span class='ocrx_word' id='word_1_88' title='bbox 1086 1948 1366 1988; x_wconf 69' lang='grc' dir='ltr'><strong>ΑΝδεικυκ</strong></span> <span class='ocrx_word' id='word_1_89' title='bbox 1424 1949 1659 1989; x_wconf 61' lang='grc' dir='ltr'><strong>ΡΑΤΒΕΞΙ.</strong></span> 
     </span>
    </p>
   </div>
   <div class='ocr_carea' id='block_1_19' title="bbox 521 2037 2112 2113">
    <p class='ocr_par' dir='ltr' id='par_1_19' title="bbox 521 2037 2112 2113">
     <span class='ocr_line' id='line_1_19' title="bbox 521 2037 2112 2113; baseline 0.004 -22"><span class='ocrx_word' id='word_1_90' title='bbox 521 2037 733 2113; x_wconf 74' lang='lat' dir='ltr'><strong>Fratris</strong></span> <span class='ocrx_word' id='word_1_91' title='bbox 762 2041 846 2094; x_wconf 82' lang='lat' dir='ltr'><strong>sui</strong></span> <span class='ocrx_word' id='word_1_92' title='bbox 889 2041 1058 2110; x_wconf 74' lang='lat' dir='ltr'><strong>ﬁlium</strong></span> <span class='ocrx_word' id='word_1_93' title='bbox 1115 2041 1328 2096; x_wconf 79' lang='lat' dir='ltr'><strong>liberius</strong></span> <span class='ocrx_word' id='word_1_94' title='bbox 1358 2043 1422 2096; x_wconf 88' lang='lat' dir='ltr'><strong>ab</strong></span> <span class='ocrx_word' id='word_1_95' title='bbox 1456 2044 1551 2113; x_wconf 2' lang='lat' dir='ltr'><strong>peis</strong></span> <span class='ocrx_word' id='word_1_96' title='bbox 1601 2052 1895 2113; x_wconf 81' lang='lat' dir='ltr'><strong>susceptum</strong></span> <span class='ocrx_word' id='word_1_97' title='bbox 1949 2044 2112 2112; x_wconf 80' lang='lat' dir='ltr'><strong>fuisse</strong></span> 
     </span>
    </p>
   </div>
   <div class='ocr_carea' id='block_1_20' title="bbox 595 2108 2112 2185">
    <p class='ocr_par' dir='ltr' id='par_1_20' title="bbox 595 2108 2112 2185">
     <span class='ocr_line' id='line_1_20' title="bbox 595 2108 2112 2185; baseline 0.003 -22"><span class='ocrx_word' id='word_1_98' title='bbox 595 2108 825 2185; x_wconf 45' lang='lat' dir='ltr'><strong>(artatur,</strong></span> <span class='ocrx_word' id='word_1_99' title='bbox 853 2108 899 2165; x_wconf 73' lang='grc' dir='ltr'><strong>ρι</strong></span> <span class='ocrx_word' id='word_1_100' title='bbox 921 2113 1122 2181; x_wconf 86' lang='lat' dir='ltr'><strong>gratias</strong></span> <span class='ocrx_word' id='word_1_101' title='bbox 1152 2113 1279 2185; x_wconf 77' lang='lat' dir='ltr'><strong>agit,</strong></span> <span class='ocrx_word' id='word_1_102' title='bbox 1306 2112 1463 2166; x_wconf 84' lang='lat' dir='ltr'><strong>simul</strong></span> <span class='ocrx_word' id='word_1_103' title='bbox 1489 2108 1763 2168; x_wconf 80' lang='lat' dir='ltr'><strong>insinuans</strong></span> <span class='ocrx_word' id='word_1_104' title='bbox 1810 2114 1938 2184; x_wconf 85' lang='lat' dir='ltr'><strong>quid</strong></span> <span class='ocrx_word' id='word_1_105' title='bbox 1949 2108 1959 2112; x_wconf 52' lang='grc'>⁷</span> <span class='ocrx_word' id='word_1_106' title='bbox 1987 2131 2112 2185; x_wconf 85' lang='lat' dir='ltr'><strong>erga</strong></span> 
     </span>
    </p>
   </div>
   <div class='ocr_carea' id='block_1_21' title="bbox 593 2179 1256 2251">
    <p class='ocr_par' dir='ltr' id='par_1_21' title="bbox 593 2179 1256 2251">
     <span class='ocr_line' id='line_1_21' title="bbox 593 2179 1256 2251; baseline 0.003 -17"><span class='ocrx_word' id='word_1_107' title='bbox 593 2179 743 2234; x_wconf 80' lang='lat' dir='ltr'><strong>illum</strong></span> <span class='ocrx_word' id='word_1_108' title='bbox 770 2179 1030 2235; x_wconf 67' lang='lat' dir='ltr'><strong>obseruari</strong></span> <span class='ocrx_word' id='word_1_109' title='bbox 1058 2179 1256 2251; x_wconf 82' lang='lat' dir='ltr'><strong>cupiat.</strong></span> 
     </span>
    </p>
   </div>
   <div class='ocr_carea' id='block_1_22' title="bbox 592 2292 2112 2363">
    <p class='ocr_par' dir='ltr' id='par_1_22' title="bbox 592 2292 2112 2363">
     <span class='ocr_line' id='line_1_22' title="bbox 592 2292 2112 2363; baseline 0.006 -17"><span class='ocrx_word' id='word_1_110' title='bbox 592 2292 842 2358; x_wconf 82' lang='lat' dir='ltr'><strong>Domino,</strong></span> <span class='ocrx_word' id='word_1_111' title='bbox 873 2294 1032 2363; x_wconf 87' lang='lat' dir='ltr'><strong>patri,</strong></span> <span class='ocrx_word' id='word_1_112' title='bbox 1068 2294 1239 2355; x_wconf 89' lang='lat' dir='ltr'><strong>fratri,</strong></span> <span class='ocrx_word' id='word_1_113' title='bbox 1273 2295 1449 2349; x_wconf 89' lang='lat' dir='ltr'><strong>amico</strong></span> <span class='ocrx_word' id='word_1_114' title='bbox 1475 2295 2112 2362; x_wconf 38' lang='lat' dir='ltr'><strong>Auscwolmrnmcus</strong></span> 
     </span>
    </p>
   </div>
   <div class='ocr_carea' id='block_1_23' title="bbox 520 2385 1608 2454">
    <p class='ocr_par' dir='ltr' id='par_1_23' title="bbox 520 2385 1608 2454">
     <span class='ocr_line' id='line_1_23' title="bbox 520 2385 1608 2454; baseline 0.005 -18"><span class='ocrx_word' id='word_1_115' title='bbox 520 2392 797 2452; x_wconf 81' lang='lat' dir='ltr'><strong>peccator,</strong></span> <span class='ocrx_word' id='word_1_116' title='bbox 834 2386 1145 2454; x_wconf 87' lang='lat' dir='ltr'><strong>perpetuam</strong></span> <span class='ocrx_word' id='word_1_117' title='bbox 1172 2401 1203 2439; x_wconf 90' lang='lat' dir='ltr'><strong>a</strong></span> <span class='ocrx_word' id='word_1_118' title='bbox 1228 2385 1337 2440; x_wconf 91' lang='lat' dir='ltr'><strong>Deo</strong></span> <span class='ocrx_word' id='word_1_119' title='bbox 1358 2386 1608 2443; x_wconf 76' lang='lat' dir='ltr'><strong>salutem.</strong></span> 
     </span>
    </p>
   </div>
   <div class='ocr_carea' id='block_1_24' title="bbox 592 2473 2111 2552">
    <p class='ocr_par' dir='ltr' id='par_1_24' title="bbox 592 2473 2111 2552">
     <span class='ocr_line' id='line_1_24' title="bbox 592 2473 2111 2552; baseline 0.005 -24"><span class='ocrx_word' id='word_1_120' title='bbox 592 2473 730 2539; x_wconf 84' lang='lat' dir='ltr'><strong>Quid</strong></span> <span class='ocrx_word' id='word_1_121' title='bbox 790 2475 921 2529; x_wconf 90' lang='lat' dir='ltr'><strong>mihi</strong></span> <span class='ocrx_word' id='word_1_122' title='bbox 978 2476 1249 2546; x_wconf 83' lang='lat' dir='ltr'><strong>expediat,</strong></span> <span class='ocrx_word' id='word_1_123' title='bbox 1316 2479 1594 2533; x_wconf 84' lang='lat' dir='ltr'><strong>beatitudo</strong></span> <span class='ocrx_word' id='word_1_124' title='bbox 1656 2490 1836 2535; x_wconf 88' lang='lat' dir='ltr'><strong>vestra</strong></span> <span class='ocrx_word' id='word_1_125' title='bbox 1908 2481 2111 2552; x_wconf 89' lang='lat' dir='ltr'><strong>optimc</strong></span> 
     </span>
    </p>
   </div>
   <div class='ocr_carea' id='block_1_25' title="bbox 524 2566 2112 2639">
    <p class='ocr_par' dir='ltr' id='par_1_25' title="bbox 524 2566 2112 2639">
     <span class='ocr_line' id='line_1_25' title="bbox 524 2566 2112 2639; baseline 0.006 -19"><span class='ocrx_word' id='word_1_126' title='bbox 524 2566 703 2632; x_wconf 83' lang='lat' dir='ltr'><strong>novit;</strong></span> <span class='ocrx_word' id='word_1_127' title='bbox 759 2566 813 2622; x_wconf 94' lang='lat' dir='ltr'><strong>in</strong></span> <span class='ocrx_word' id='word_1_128' title='bbox 859 2568 1156 2639; x_wconf 82' lang='lat' dir='ltr'><strong>Anglorum</strong></span> <span class='ocrx_word' id='word_1_129' title='bbox 1205 2569 1349 2625; x_wconf 89' lang='lat' dir='ltr'><strong>enim</strong></span> <span class='ocrx_word' id='word_1_130' title='bbox 1411 2580 1613 2627; x_wconf 89' lang='lat' dir='ltr'><strong>terram</strong></span> <span class='ocrx_word' id='word_1_131' title='bbox 1694 2572 1937 2637; x_wconf 89' lang='lat' dir='ltr'><strong>veniens,</strong></span> <span class='ocrx_word' id='word_1_132' title='bbox 1997 2574 2112 2630; x_wconf 87' lang='lat' dir='ltr'><strong>sive</strong></span> 
     </span>
    </p>
   </div>
   <div class='ocr_carea' id='block_1_26' title="bbox 523 2656 2109 2729">
    <p class='ocr_par' dir='ltr' id='par_1_26' title="bbox 523 2656 2109 2729">
     <span class='ocr_line' id='line_1_26' title="bbox 523 2656 2109 2729; baseline 0.005 -18"><span class='ocrx_word' id='word_1_133' title='bbox 523 2656 751 2712; x_wconf 81' lang='lat' dir='ltr'><strong>Romam</strong></span> <span class='ocrx_word' id='word_1_134' title='bbox 771 2659 1140 2729; x_wconf 85' lang='lat' dir='ltr'><strong>proficiscens,</strong></span> <span class='ocrx_word' id='word_1_135' title='bbox 1156 2660 1338 2714; x_wconf 89' lang='lat' dir='ltr'><strong>omnia</strong></span> <span class='ocrx_word' id='word_1_136' title='bbox 1364 2661 1637 2716; x_wconf 85' lang='lat' dir='ltr'><strong>sanctitati</strong></span> <span class='ocrx_word' id='word_1_137' title='bbox 1657 2671 1850 2718; x_wconf 81' lang='lat' dir='ltr'><strong>vestrae</strong></span> <span class='ocrx_word' id='word_1_138' title='bbox 1872 2664 2109 2719; x_wconf 91' lang='lat' dir='ltr'><strong>reseravi</strong></span> 
     </span>
    </p>
   </div>
   <div class='ocr_carea' id='block_1_27' title="bbox 522 2751 2109 2822">
    <p class='ocr_par' dir='ltr' id='par_1_27' title="bbox 522 2751 2109 2822">
     <span class='ocr_line' id='line_1_27' title="bbox 522 2751 2109 2822; baseline 0.005 -21"><span class='ocrx_word' id='word_1_139' title='bbox 522 2763 644 2817; x_wconf 87' lang='lat' dir='ltr'><strong>quae</strong></span> <span class='ocrx_word' id='word_1_140' title='bbox 705 2751 997 2804; x_wconf 83' lang='lat' dir='ltr'><strong>reseranda</strong></span> <span class='ocrx_word' id='word_1_141' title='bbox 1044 2765 1161 2805; x_wconf 92' lang='lat' dir='ltr'><strong>esse</strong></span> <span class='ocrx_word' id='word_1_142' title='bbox 1214 2760 1340 2805; x_wconf 89' lang='lat' dir='ltr'><strong>tunc</strong></span> <span class='ocrx_word' id='word_1_143' title='bbox 1396 2751 1655 2821; x_wconf 89' lang='lat' dir='ltr'><strong>temporis</strong></span> <span class='ocrx_word' id='word_1_144' title='bbox 1710 2768 1808 2822; x_wconf 89' lang='lat' dir='ltr'><strong>pro</strong></span> <span class='ocrx_word' id='word_1_145' title='bbox 1865 2768 2109 2809; x_wconf 90' lang='lat' dir='ltr'><strong>mearum</strong></span> 
     </span>
    </p>
   </div>
   <div class='ocr_carea' id='block_1_28' title="bbox 520 2840 2112 2913">
    <p class='ocr_par' dir='ltr' id='par_1_28' title="bbox 520 2840 2112 2913">
     <span class='ocr_line' id='line_1_28' title="bbox 520 2840 2112 2913; baseline 0.006 -20"><span class='ocrx_word' id='word_1_146' title='bbox 520 2840 845 2895; x_wconf 86' lang='lat' dir='ltr'><strong>necessitate</strong></span> <span class='ocrx_word' id='word_1_147' title='bbox 897 2840 1158 2909; x_wconf 79' lang='lat' dir='ltr'><strong>iudicavi.</strong></span> <span class='ocrx_word' id='word_1_148' title='bbox 1193 2841 1287 2897; x_wconf 91' lang='lat' dir='ltr'><strong>Sic</strong></span> <span class='ocrx_word' id='word_1_149' title='bbox 1316 2858 1445 2913; x_wconf 87' lang='lat' dir='ltr'><strong>ergo</strong></span> <span class='ocrx_word' id='word_1_150' title='bbox 1489 2854 1667 2910; x_wconf 89' lang='lat' dir='ltr'><strong>orate,</strong></span> <span class='ocrx_word' id='word_1_151' title='bbox 1698 2843 1775 2900; x_wconf 86' lang='lat' dir='ltr'><strong>sic</strong></span> <span class='ocrx_word' id='word_1_152' title='bbox 1809 2844 1878 2899; x_wconf 90' lang='lat' dir='ltr'><strong>ab</strong></span> <span class='ocrx_word' id='word_1_153' title='bbox 1923 2846 2112 2903; x_wconf 86' lang='lat' dir='ltr'><strong>amicis</strong></span> 
     </span>
    </p>
   </div>
   <div class='ocr_carea' id='block_1_29' title="bbox 523 2932 2108 3007">
    <p class='ocr_par' dir='ltr' id='par_1_29' title="bbox 523 2932 2108 3007">
     <span class='ocr_line' id='line_1_29' title="bbox 523 2932 2108 3007; baseline 0.006 -22"><span class='ocrx_word' id='word_1_154' title='bbox 523 2946 587 2987; x_wconf 93' lang='lat' dir='ltr'><strong>ac</strong></span> <span class='ocrx_word' id='word_1_155' title='bbox 641 2932 997 3007; x_wconf 82' lang='lat' dir='ltr'><strong>familiaribus</strong></span> <span class='ocrx_word' id='word_1_156' title='bbox 1044 2934 1206 3004; x_wconf 74' lang='lat'><strong>322</strong></span> <span class='ocrx_word' id='word_1_157' title='bbox 1244 2936 1440 2989; x_wconf 84' lang='lat' dir='ltr'><strong>vestris</strong></span> <span class='ocrx_word' id='word_1_158' title='bbox 1462 2944 1673 2990; x_wconf 89' lang='lat' dir='ltr'><strong>oratum</strong></span> <span class='ocrx_word' id='word_1_159' title='bbox 1714 2937 1778 2991; x_wconf 88' lang='lat' dir='ltr'><strong>iri</strong></span> <span class='ocrx_word' id='word_1_160' title='bbox 1813 2938 2108 3007; x_wconf 78' lang='lat' dir='ltr'><strong>deposcite,</strong></span> 
     </span>
    </p>
   </div>
   <div class='ocr_carea' id='block_1_30' title="bbox 521 3006 2109 3094">
    <p class='ocr_par' dir='ltr' id='par_1_30' title="bbox 521 3006 2109 3094">
     <span class='ocr_line' id='line_1_30' title="bbox 521 3006 2109 3094; baseline 0.007 -19"><span class='ocrx_word' id='word_1_161' title='bbox 521 3031 790 3091; x_wconf 84' lang='lat' dir='ltr'><strong>quatenus</strong></span> <span class='ocrx_word' id='word_1_162' title='bbox 808 3006 1147 3094; x_wconf 64' lang='lat' dir='ltr'><strong>omnipotens</strong></span> <span class='ocrx_word' id='word_1_163' title='bbox 1177 3026 1315 3081; x_wconf 90' lang='lat' dir='ltr'><strong>Deus</strong></span> <span class='ocrx_word' id='word_1_164' title='bbox 1357 3036 1450 3081; x_wconf 86' lang='lat' dir='ltr'><strong>aut</strong></span> <span class='ocrx_word' id='word_1_165' title='bbox 1472 3027 1538 3081; x_wconf 92' lang='lat' dir='ltr'><strong>ad</strong></span> <span class='ocrx_word' id='word_1_166' title='bbox 1564 3028 1842 3084; x_wconf 87' lang='lat' dir='ltr'><strong>meliorem</strong></span> <span class='ocrx_word' id='word_1_167' title='bbox 1874 3006 2109 3086; x_wconf 82' lang='lat' dir='ltr'><strong>fructum</strong></span> 
     </span>
    </p>
   </div>
   <div class='ocr_carea' id='block_1_31' title="bbox 526 3114 2106 3188">
    <p class='ocr_par' dir='ltr' id='par_1_31' title="bbox 526 3114 2106 3188">
     <span class='ocr_line' id='line_1_31' title="bbox 526 3114 2106 3188; baseline 0.005 -21"><span class='ocrx_word' id='word_1_168' title='bbox 526 3128 615 3167; x_wconf 90' lang='lat' dir='ltr'><strong>me</strong></span> <span class='ocrx_word' id='word_1_169' title='bbox 645 3114 925 3183; x_wconf 78' lang='lat' dir='ltr'><strong>perducat,</strong></span> <span class='ocrx_word' id='word_1_170' title='bbox 952 3123 1046 3169; x_wconf 92' lang='lat' dir='ltr'><strong>aut</strong></span> <span class='ocrx_word' id='word_1_171' title='bbox 1074 3116 1139 3170; x_wconf 91' lang='lat' dir='ltr'><strong>de</strong></span> <span class='ocrx_word' id='word_1_172' title='bbox 1165 3116 1436 3187; x_wconf 88' lang='lat' dir='ltr'><strong>ergastulo</strong></span> <span class='ocrx_word' id='word_1_173' title='bbox 1463 3116 1623 3188; x_wconf 85' lang='lat' dir='ltr'><strong>hujus</strong></span> <span class='ocrx_word' id='word_1_174' title='bbox 1646 3119 1827 3175; x_wconf 89' lang='lat' dir='ltr'><strong>carnis</strong></span> <span class='ocrx_word' id='word_1_175' title='bbox 1872 3121 2106 3176; x_wconf 90' lang='lat' dir='ltr'><strong>animam</strong></span> 
     </span>
    </p>
   </div>
   <div class='ocr_carea' id='block_1_32' title="bbox 521 3205 2180 3285">
    <p class='ocr_par' dir='ltr' id='par_1_32' title="bbox 521 3205 2180 3285">
     <span class='ocr_line' id='line_1_32' title="bbox 521 3205 2180 3285; baseline 0.007 -27"><span class='ocrx_word' id='word_1_176' title='bbox 521 3219 703 3259; x_wconf 89' lang='lat' dir='ltr'><strong>meam</strong></span> <span class='ocrx_word' id='word_1_177' title='bbox 736 3205 899 3260; x_wconf 90' lang='lat' dir='ltr'><strong>insui</strong></span> <span class='ocrx_word' id='word_1_178' title='bbox 930 3208 1106 3262; x_wconf 84' lang='lat' dir='ltr'><strong>sancti</strong></span> <span class='ocrx_word' id='word_1_179' title='bbox 1141 3208 1376 3271; x_wconf 86' lang='lat' dir='ltr'><strong>nominis</strong></span> <span class='ocrx_word' id='word_1_180' title='bbox 1412 3210 1755 3267; x_wconf 88' lang='lat' dir='ltr'><strong>confessione</strong></span> <span class='ocrx_word' id='word_1_181' title='bbox 1778 3213 2005 3282; x_wconf 87' lang='lat' dir='ltr'><strong>educat;</strong></span> <span class='ocrx_word' id='word_1_182' title='bbox 2032 3222 2111 3269; x_wconf 90' lang='lat' dir='ltr'><strong>tot</strong></span> <span class='ocrx_word' id='word_1_183' title='bbox 2139 3225 2180 3285; x_wconf 72' lang='grc' dir='ltr'><em>ς</em></span> 
     </span>
    </p>
   </div>
   <div class='ocr_carea' id='block_1_33' title="bbox 526 3296 2109 3377">
    <p class='ocr_par' dir='ltr' id='par_1_33' title="bbox 526 3296 2109 3377">
     <span class='ocr_line' id='line_1_33' title="bbox 526 3296 2109 3377; baseline 0.007 -27"><span class='ocrx_word' id='word_1_184' title='bbox 526 3296 671 3351; x_wconf 89' lang='lat' dir='ltr'><strong>enim</strong></span> <span class='ocrx_word' id='word_1_185' title='bbox 734 3298 1001 3367; x_wconf 88' lang='lat' dir='ltr'><strong>tantisque</strong></span> <span class='ocrx_word' id='word_1_186' title='bbox 1056 3299 1497 3359; x_wconf 85' lang='lat' dir='ltr'><strong>tribulationibus</strong></span> <span class='ocrx_word' id='word_1_187' title='bbox 1550 3313 1693 3360; x_wconf 87' lang='lat' dir='ltr'><strong>terra</strong></span> <span class='ocrx_word' id='word_1_188' title='bbox 1743 3306 1866 3372; x_wconf 85' lang='lat' dir='ltr'><strong>ista,</strong></span> <span class='ocrx_word' id='word_1_189' title='bbox 1917 3307 1970 3361; x_wconf 92' lang='lat' dir='ltr'><strong>in</strong></span> <span class='ocrx_word' id='word_1_190' title='bbox 2003 3323 2109 3377; x_wconf 89' lang='lat' dir='ltr'><strong>qua</strong></span> 
     </span>
    </p>
   </div>
   <div class='ocr_carea' id='block_1_34' title="bbox 525 3388 2114 3466">
    <p class='ocr_par' dir='ltr' id='par_1_34' title="bbox 525 3388 2114 3466">
     <span class='ocr_line' id='line_1_34' title="bbox 525 3388 2114 3466; baseline 0.009 -27"><span class='ocrx_word' id='word_1_191' title='bbox 525 3400 735 3453; x_wconf 84' lang='lat' dir='ltr'><strong>sumus,</strong></span> <span class='ocrx_word' id='word_1_192' title='bbox 786 3388 1027 3456; x_wconf 90' lang='lat' dir='ltr'><strong>quotidie</strong></span> <span class='ocrx_word' id='word_1_193' title='bbox 1081 3391 1346 3461; x_wconf 84' lang='lat' dir='ltr'><strong>quatitur,</strong></span> <span class='ocrx_word' id='word_1_194' title='bbox 1407 3401 1485 3448; x_wconf 93' lang='lat' dir='ltr'><strong>tot</strong></span> <span class='ocrx_word' id='word_1_195' title='bbox 1551 3395 1830 3450; x_wconf 89' lang='lat' dir='ltr'><strong>adulteriis</strong></span> <span class='ocrx_word' id='word_1_196' title='bbox 1881 3396 2114 3466; x_wconf 85' lang='lat' dir='ltr'><strong>aliisque</strong></span> 
     </span>
    </p>
   </div>
   <div class='ocr_carea' id='block_1_35' title="bbox 524 3471 2111 3550">
    <p class='ocr_par' dir='ltr' id='par_1_35' title="bbox 524 3471 2111 3550">
     <span class='ocr_line' id='line_1_35' title="bbox 524 3471 2111 3550; baseline 0.009 -19"><span class='ocrx_word' id='word_1_197' title='bbox 524 3478 800 3548; x_wconf 80' lang='lat' dir='ltr'><strong>spurcitiis</strong></span> <span class='ocrx_word' id='word_1_198' title='bbox 831 3479 1167 3550; x_wconf 89' lang='lat' dir='ltr'><strong>inquinatur,</strong></span> <span class='ocrx_word' id='word_1_199' title='bbox 1203 3490 1263 3537; x_wconf 91' lang='lat' dir='ltr'><strong>ut</strong></span> <span class='ocrx_word' id='word_1_200' title='bbox 1292 3483 1468 3539; x_wconf 91' lang='lat' dir='ltr'><strong>nullus</strong></span> <span class='ocrx_word' id='word_1_201' title='bbox 1507 3483 1619 3540; x_wconf 90' lang='lat' dir='ltr'><strong>fere</strong></span> <span class='ocrx_word' id='word_1_202' title='bbox 1670 3486 1945 3541; x_wconf 87' lang='lat' dir='ltr'><strong>hominum</strong></span> <span class='ocrx_word' id='word_1_203' title='bbox 1977 3471 2111 3545; x_wconf 83' lang='lat' dir='ltr'><strong>ordo</strong></span> 
     </span>
    </p>
   </div>
   <div class='ocr_carea' id='block_1_36' title="bbox 528 3569 2111 3648">
    <p class='ocr_par' dir='ltr' id='par_1_36' title="bbox 528 3569 2111 3648">
     <span class='ocr_line' id='line_1_36' title="bbox 528 3569 2111 3648; baseline 0.006 -24"><span class='ocrx_word' id='word_1_204' title='bbox 528 3569 603 3625; x_wconf 88' lang='lat' dir='ltr'><strong>sit</strong></span> <span class='ocrx_word' id='word_1_205' title='bbox 644 3569 735 3639; x_wconf 87' lang='lat' dir='ltr'><strong>qui</strong></span> <span class='ocrx_word' id='word_1_206' title='bbox 760 3569 841 3624; x_wconf 87' lang='lat' dir='ltr'><strong>vel</strong></span> <span class='ocrx_word' id='word_1_207' title='bbox 892 3572 1086 3626; x_wconf 76' lang='lat' dir='ltr'><strong>anima:</strong></span> <span class='ocrx_word' id='word_1_208' title='bbox 1131 3588 1241 3627; x_wconf 65' lang='lat' dir='ltr'><strong>suae</strong></span> <span class='ocrx_word' id='word_1_209' title='bbox 1286 3576 1557 3644; x_wconf 87' lang='lat' dir='ltr'><strong>consulat,</strong></span> <span class='ocrx_word' id='word_1_210' title='bbox 1590 3576 1673 3632; x_wconf 89' lang='lat' dir='ltr'><strong>vel</strong></span> <span class='ocrx_word' id='word_1_211' title='bbox 1713 3578 2026 3648; x_wconf 76' lang='lat' dir='ltr'><strong>proficiendi</strong></span> <span class='ocrx_word' id='word_1_212' title='bbox 2058 3580 2111 3636; x_wconf 91' lang='lat' dir='ltr'><strong>in</strong></span> 
     </span>
    </p>
   </div>
   <div class='ocr_carea' id='block_1_37' title="bbox 522 3660 2114 3725">
    <p class='ocr_par' dir='ltr' id='par_1_37' title="bbox 522 3660 2114 3725">
     <span class='ocr_line' id='line_1_37' title="bbox 522 3660 2114 3725; baseline 0.006 -11"><span class='ocrx_word' id='word_1_213' title='bbox 522 3660 693 3716; x_wconf 87' lang='lat' dir='ltr'><strong>Deum</strong></span> <span class='ocrx_word' id='word_1_214' title='bbox 748 3660 1042 3719; x_wconf 83' lang='lat' dir='ltr'><strong>salutarem</strong></span> <span class='ocrx_word' id='word_1_215' title='bbox 1087 3663 1394 3721; x_wconf 87' lang='lat' dir='ltr'><strong>doctrinam</strong></span> <span class='ocrx_word' id='word_1_216' title='bbox 1444 3666 1635 3723; x_wconf 88' lang='lat' dir='ltr'><strong>saltem</strong></span> <span class='ocrx_word' id='word_1_217' title='bbox 1682 3668 1871 3724; x_wconf 89' lang='lat' dir='ltr'><strong>audire</strong></span> <span class='ocrx_word' id='word_1_218' title='bbox 1915 3684 2114 3725; x_wconf 89' lang='lat' dir='ltr'><strong>concu-</strong></span> 
     </span>
    </p>
   </div>
   <div class='ocr_carea' id='block_1_38' title="bbox 524 3751 718 3821">
    <p class='ocr_par' dir='ltr' id='par_1_38' title="bbox 524 3751 718 3821">
     <span class='ocr_line' id='line_1_38' title="bbox 524 3751 718 3821; baseline 0 -16"><span class='ocrx_word' id='word_1_219' title='bbox 524 3751 718 3821; x_wconf 88' lang='lat' dir='ltr'><strong>piscat.</strong></span> 
     </span>
    </p>
   </div>
   <div class='ocr_carea' id='block_1_39' title="bbox 593 3840 2115 3919">
    <p class='ocr_par' dir='ltr' id='par_1_39' title="bbox 593 3840 2115 3919">
     <span class='ocr_line' id='line_1_39' title="bbox 593 3840 2115 3919; baseline 0.008 -21"><span class='ocrx_word' id='word_1_220' title='bbox 593 3840 848 3911; x_wconf 82' lang='lat' dir='ltr'><strong>Litteras,</strong></span> <span class='ocrx_word' id='word_1_221' title='bbox 880 3863 1017 3918; x_wconf 88' lang='lat' dir='ltr'><strong>quas</strong></span> <span class='ocrx_word' id='word_1_222' title='bbox 1049 3865 1147 3919; x_wconf 86' lang='lat' dir='ltr'><strong>per</strong></span> <span class='ocrx_word' id='word_1_223' title='bbox 1173 3850 1450 3907; x_wconf 87' lang='lat' dir='ltr'><strong>dominum</strong></span> <span class='ocrx_word' id='word_1_224' title='bbox 1505 3852 1803 3909; x_wconf 79' lang='lat' dir='ltr'><strong>Robertum</strong></span> <span class='ocrx_word' id='word_1_225' title='bbox 1859 3854 2115 3910; x_wconf 82' lang='lat' dir='ltr'><strong>transmi-</strong></span> 
     </span>
    </p>
   </div>
   <div class='ocr_carea' id='block_1_40' title="bbox 522 3937 2113 4016">
    <p class='ocr_par' dir='ltr' id='par_1_40' title="bbox 522 3937 2113 4016">
     <span class='ocr_line' id='line_1_40' title="bbox 522 3937 2113 4016; baseline 0.006 -24"><span class='ocrx_word' id='word_1_226' title='bbox 522 3937 694 4002; x_wconf 86' lang='lat' dir='ltr'><strong>sistis,</strong></span> <span class='ocrx_word' id='word_1_227' title='bbox 726 3938 881 3994; x_wconf 75' lang='lat' dir='ltr'><strong>hctus</strong></span> <span class='ocrx_word' id='word_1_228' title='bbox 915 3942 1150 4011; x_wconf 80' lang='lat' dir='ltr'><strong>suscepi,</strong></span> <span class='ocrx_word' id='word_1_229' title='bbox 1180 3942 1354 3998; x_wconf 78' lang='lat' dir='ltr'><strong>ltetior</strong></span> <span class='ocrx_word' id='word_1_230' title='bbox 1381 3943 1515 4014; x_wconf 83' lang='lat' dir='ltr'><strong>legi:</strong></span> <span class='ocrx_word' id='word_1_231' title='bbox 1540 3961 1663 4000; x_wconf 92' lang='lat' dir='ltr'><strong>cum</strong></span> <span class='ocrx_word' id='word_1_232' title='bbox 1695 3955 1898 4016; x_wconf 91' lang='lat' dir='ltr'><strong>quanto</strong></span> <span class='ocrx_word' id='word_1_233' title='bbox 1928 3955 2113 4002; x_wconf 88' lang='lat' dir='ltr'><strong>autem</strong></span> 
     </span>
    </p>
   </div>
   <div class='ocr_carea' id='block_1_41' title="bbox 524 4031 2113 4107">
    <p class='ocr_par' dir='ltr' id='par_1_41' title="bbox 524 4031 2113 4107">
     <span class='ocr_line' id='line_1_41' title="bbox 524 4031 2113 4107; baseline 0.007 -23"><span class='ocrx_word' id='word_1_234' title='bbox 524 4031 721 4102; x_wconf 85' lang='lat' dir='ltr'><strong>gaudio</strong></span> <span class='ocrx_word' id='word_1_235' title='bbox 764 4033 939 4089; x_wconf 90' lang='lat' dir='ltr'><strong>adhuc</strong></span> <span class='ocrx_word' id='word_1_236' title='bbox 995 4049 1089 4090; x_wconf 86' lang='lat' dir='ltr'><strong>eas</strong></span> <span class='ocrx_word' id='word_1_237' title='bbox 1130 4035 1421 4107; x_wconf 75' lang='lat' dir='ltr'><strong>relegendo</strong></span> <span class='ocrx_word' id='word_1_238' title='bbox 1477 4037 1679 4104; x_wconf 88' lang='lat' dir='ltr'><strong>recolo,</strong></span> <span class='ocrx_word' id='word_1_239' title='bbox 1709 4046 1766 4093; x_wconf 90' lang='lat' dir='ltr'><strong>et</strong></span> <span class='ocrx_word' id='word_1_240' title='bbox 1821 4039 2113 4096; x_wconf 85' lang='lat' dir='ltr'><strong>recolendo</strong></span> 
     </span>
    </p>
   </div>
   <div class='ocr_carea' id='block_1_42' title="bbox 526 4124 2113 4201">
    <p class='ocr_par' dir='ltr' id='par_1_42' title="bbox 526 4124 2113 4201">
     <span class='ocr_line' id='line_1_42' title="bbox 526 4124 2113 4201; baseline 0.006 -24"><span class='ocrx_word' id='word_1_241' title='bbox 526 4124 724 4195; x_wconf 85' lang='lat' dir='ltr'><strong>relego,</strong></span> <span class='ocrx_word' id='word_1_242' title='bbox 758 4124 953 4181; x_wconf 87' lang='lat' dir='ltr'><strong>litteris</strong></span> <span class='ocrx_word' id='word_1_243' title='bbox 982 4126 1255 4197; x_wconf 77' lang='lat' dir='ltr'><strong>explicare</strong></span> <span class='ocrx_word' id='word_1_244' title='bbox 1290 4145 1397 4184; x_wconf 90' lang='lat' dir='ltr'><strong>non</strong></span> <span class='ocrx_word' id='word_1_245' title='bbox 1426 4144 1798 4201; x_wconf 35' lang='lat' dir='ltr'><strong>possum,.pro</strong></span> <span class='ocrx_word' id='word_1_246' title='bbox 1826 4148 1894 4188; x_wconf 93' lang='lat' dir='ltr'><strong>eo</strong></span> <span class='ocrx_word' id='word_1_247' title='bbox 1919 4132 2113 4188; x_wconf 89' lang='lat' dir='ltr'><strong>videli-</strong></span> 
     </span>
    </p>
   </div>
   <div class='ocr_carea' id='block_1_43' title="bbox 525 4218 2113 4292">
    <p class='ocr_par' dir='ltr' id='par_1_43' title="bbox 525 4218 2113 4292">
     <span class='ocr_line' id='line_1_43' title="bbox 525 4218 2113 4292; baseline 0.006 -21"><span class='ocrx_word' id='word_1_248' title='bbox 525 4224 611 4271; x_wconf 90' lang='lat' dir='ltr'><strong>cet</strong></span> <span class='ocrx_word' id='word_1_249' title='bbox 659 4218 821 4285; x_wconf 88' lang='lat' dir='ltr'><strong>quod,</strong></span> <span class='ocrx_word' id='word_1_250' title='bbox 850 4218 991 4273; x_wconf 89' lang='lat' dir='ltr'><strong>sicut</strong></span> <span class='ocrx_word' id='word_1_251' title='bbox 1046 4218 1100 4275; x_wconf 92' lang='lat' dir='ltr'><strong>in</strong></span> <span class='ocrx_word' id='word_1_252' title='bbox 1133 4220 1212 4276; x_wconf 89' lang='lat' dir='ltr'><strong>eis</strong></span> <span class='ocrx_word' id='word_1_253' title='bbox 1266 4220 1528 4292; x_wconf 88' lang='lat' dir='ltr'><strong>scriptum</strong></span> <span class='ocrx_word' id='word_1_254' title='bbox 1576 4230 1680 4289; x_wconf 92' lang='lat' dir='ltr'><strong>est,</strong></span> <span class='ocrx_word' id='word_1_255' title='bbox 1742 4222 2113 4280; x_wconf 87' lang='lat' dir='ltr'><strong>dulcissimum</strong></span> 
     </span>
    </p>
   </div>
   <div class='ocr_carea' id='block_1_44' title="bbox 525 4307 2114 4382">
    <p class='ocr_par' dir='ltr' id='par_1_44' title="bbox 525 4307 2114 4382">
     <span class='ocr_line' id='line_1_44' title="bbox 525 4307 2114 4382; baseline 0.008 -23"><span class='ocrx_word' id='word_1_256' title='bbox 525 4307 656 4361; x_wconf 84' lang='lat' dir='ltr'><strong>mihi</strong></span> <span class='ocrx_word' id='word_1_257' title='bbox 686 4308 869 4363; x_wconf 79' lang='lat' dir='ltr'><strong>fratris</strong></span> <span class='ocrx_word' id='word_1_258' title='bbox 904 4310 1037 4364; x_wconf 86' lang='lat' dir='ltr'><strong>mihi</strong></span> <span class='ocrx_word' id='word_1_259' title='bbox 1069 4310 1259 4376; x_wconf 89' lang='lat' dir='ltr'><strong>lilium,</strong></span> <span class='ocrx_word' id='word_1_260' title='bbox 1290 4326 1451 4382; x_wconf 90' lang='lat' dir='ltr'><strong>quem</strong></span> <span class='ocrx_word' id='word_1_261' title='bbox 1480 4312 1621 4368; x_wconf 89' lang='lat' dir='ltr'><strong>sicut</strong></span> <span class='ocrx_word' id='word_1_262' title='bbox 1668 4315 1904 4372; x_wconf 88' lang='lat' dir='ltr'><strong>animam</strong></span> <span class='ocrx_word' id='word_1_263' title='bbox 1934 4332 2114 4372; x_wconf 87' lang='lat' dir='ltr'><strong>meam</strong></span> 
     </span>
    </p>
   </div>
   <div class='ocr_carea' id='block_1_45' title="bbox 523 4396 2114 4477">
    <p class='ocr_par' dir='ltr' id='par_1_45' title="bbox 523 4396 2114 4477">
     <span class='ocr_line' id='line_1_45' title="bbox 523 4396 2114 4477; baseline 0.008 -28"><span class='ocrx_word' id='word_1_264' title='bbox 523 4396 849 4468; x_wconf 90' lang='lat' dir='ltr'><strong>diligo,cum</strong></span> <span class='ocrx_word' id='word_1_265' title='bbox 878 4398 1081 4469; x_wconf 80' lang='lat' dir='ltr'><strong>ingenti</strong></span> <span class='ocrx_word' id='word_1_266' title='bbox 1113 4400 1301 4456; x_wconf 70' lang='lat' dir='ltr'><strong>laetitia</strong></span> <span class='ocrx_word' id='word_1_267' title='bbox 1329 4404 1669 4474; x_wconf 89' lang='lat' dir='ltr'><strong>suscepistis,</strong></span> <span class='ocrx_word' id='word_1_268' title='bbox 1690 4406 1834 4476; x_wconf 90' lang='lat' dir='ltr'><strong>quod</strong></span> <span class='ocrx_word' id='word_1_269' title='bbox 1851 4407 2114 4477; x_wconf 82' lang='lat' dir='ltr'><strong>majorem</strong></span> 
     </span>
    </p>
   </div>
   <div class='ocr_carea' id='block_1_46' title="bbox 523 4492 2114 4558">
    <p class='ocr_par' dir='ltr' id='par_1_46' title="bbox 523 4492 2114 4558">
     <span class='ocr_line' id='line_1_46' title="bbox 523 4492 2114 4558; baseline 0.007 -18"><span class='ocrx_word' id='word_1_270' title='bbox 523 4502 657 4558; x_wconf 83' lang='lat' dir='ltr'><strong>erga</strong></span> <span class='ocrx_word' id='word_1_271' title='bbox 705 4504 803 4543; x_wconf 88' lang='lat' dir='ltr'><strong>vos</strong></span> <span class='ocrx_word' id='word_1_272' title='bbox 847 4492 1053 4546; x_wconf 87' lang='lat' dir='ltr'><strong>amoris</strong></span> <span class='ocrx_word' id='word_1_273' title='bbox 1102 4493 1207 4547; x_wconf 89' lang='lat' dir='ltr'><strong>mei</strong></span> <span class='ocrx_word' id='word_1_274' title='bbox 1250 4492 1501 4549; x_wconf 84' lang='lat' dir='ltr'><strong>ﬁduciam</strong></span> <span class='ocrx_word' id='word_1_275' title='bbox 1548 4511 1614 4551; x_wconf 82' lang='lat' dir='ltr'><strong>ex</strong></span> <span class='ocrx_word' id='word_1_276' title='bbox 1677 4497 1779 4552; x_wconf 90' lang='lat' dir='ltr'><strong>hac</strong></span> <span class='ocrx_word' id='word_1_277' title='bbox 1828 4497 2114 4552; x_wconf 86' lang='lat' dir='ltr'><strong>occasione</strong></span> 
     </span>
    </p>
   </div>
   <div class='ocr_carea' id='block_1_47' title="bbox 2136 1845 2186 1908">
    <p class='ocr_par' dir='ltr' id='par_1_47' title="bbox 2136 1845 2186 1908">
     <span class='ocr_line' id='line_1_47' title="bbox 2136 1845 2186 1908; baseline 0 0"><span class='ocrx_word' id='word_1_278' title='bbox 2136 1845 2186 1908; x_wconf 84' lang='grc' dir='ltr'><strong>Β</strong></span> 
     </span>
    </p>
   </div>
   <div class='ocr_carea' id='block_1_48' title="bbox 1526 349 3753 420">
    <p class='ocr_par' dir='ltr' id='par_1_48' title="bbox 1526 349 3753 420">
     <span class='ocr_line' id='line_1_48' title="bbox 1526 349 3753 420; baseline 0.006 -13"><span class='ocrx_word' id='word_1_279' title='bbox 1526 351 1586 407; x_wconf 89' lang='grc' dir='ltr'><strong>Β.</strong></span> <span class='ocrx_word' id='word_1_280' title='bbox 1623 349 2019 410; x_wconf 78' lang='lat' dir='ltr'><strong>LANFRANCI</strong></span> <span class='ocrx_word' id='word_1_281' title='bbox 2058 351 2406 412; x_wconf 76' lang='lat' dir='ltr'><strong>CANTUAR.</strong></span> <span class='ocrx_word' id='word_1_282' title='bbox 2456 356 2777 413; x_wconf 78' lang='lat' dir='ltr'><strong>ARCHIEP.</strong></span> <span class='ocrx_word' id='word_1_283' title='bbox 3664 363 3753 420; x_wconf 65' lang='grc'><strong>510</strong></span> 
     </span>
    </p>
   </div>
   <div class='ocr_carea' id='block_1_49' title="bbox 2138 462 3756 543">
    <p class='ocr_par' dir='ltr' id='par_1_49' title="bbox 2138 462 3756 543">
     <span class='ocr_line' id='line_1_49' title="bbox 2138 462 3756 543; baseline 0.01 -24"><span class='ocrx_word' id='word_1_284' title='bbox 2138 467 2188 527; x_wconf 78' lang='grc' dir='ltr'><strong>Α</strong></span> <span class='ocrx_word' id='word_1_285' title='bbox 2216 481 2369 521; x_wconf 90' lang='lat' dir='ltr'><strong>secus</strong></span> <span class='ocrx_word' id='word_1_286' title='bbox 2408 467 2657 535; x_wconf 79' lang='lat' dir='ltr'><strong>laniatur,</strong></span> <span class='ocrx_word' id='word_1_287' title='bbox 2698 468 2880 525; x_wconf 74' lang='lat' dir='ltr'><strong>audtis</strong></span> <span class='ocrx_word' id='word_1_288' title='bbox 2931 462 3273 543; x_wconf 81' lang='lat' dir='ltr'><strong>diversisque</strong></span> <span class='ocrx_word' id='word_1_289' title='bbox 3295 472 3478 530; x_wconf 87' lang='lat' dir='ltr'><strong>carnis</strong></span> <span class='ocrx_word' id='word_1_290' title='bbox 3525 475 3756 535; x_wconf 84' lang='lat' dir='ltr'><strong>titillatio-</strong></span> 
     </span>
    </p>
   </div>
   <div class='ocr_carea' id='block_1_50' title="bbox 2216 557 3755 637">
    <p class='ocr_par' dir='ltr' id='par_1_50' title="bbox 2216 557 3755 637">
     <span class='ocr_line' id='line_1_50' title="bbox 2216 557 3755 637; baseline 0.014 -28"><span class='ocrx_word' id='word_1_291' title='bbox 2216 557 2373 614; x_wconf 87' lang='lat' dir='ltr'><strong>nibus</strong></span> <span class='ocrx_word' id='word_1_292' title='bbox 2407 560 2552 614; x_wconf 89' lang='lat' dir='ltr'><strong>intus</strong></span> <span class='ocrx_word' id='word_1_293' title='bbox 2580 562 2927 631; x_wconf 84' lang='lat' dir='ltr'><strong>exteriusque</strong></span> <span class='ocrx_word' id='word_1_294' title='bbox 2954 564 3246 631; x_wconf 88' lang='lat' dir='ltr'><strong>cruciatur,</strong></span> <span class='ocrx_word' id='word_1_295' title='bbox 3287 576 3501 637; x_wconf 87' lang='lat' dir='ltr'><strong>oportet</strong></span> <span class='ocrx_word' id='word_1_296' title='bbox 3526 570 3663 628; x_wconf 86' lang='lat' dir='ltr'><strong>valde</strong></span> <span class='ocrx_word' id='word_1_297' title='bbox 3706 587 3755 631; x_wconf 91' lang='lat' dir='ltr'><strong>ut</strong></span> 
     </span>
    </p>
   </div>
   <div class='ocr_carea' id='block_1_51' title="bbox 2214 650 3752 732">
    <p class='ocr_par' dir='ltr' id='par_1_51' title="bbox 2214 650 3752 732">
     <span class='ocr_line' id='line_1_51' title="bbox 2214 650 3752 732; baseline 0.012 -30"><span class='ocrx_word' id='word_1_298' title='bbox 2214 650 2381 704; x_wconf 85' lang='lat' dir='ltr'><strong>vestri</strong></span> <span class='ocrx_word' id='word_1_299' title='bbox 2410 663 2532 705; x_wconf 88' lang='lat' dir='ltr'><strong>eum</strong></span> <span class='ocrx_word' id='word_1_300' title='bbox 2559 652 2810 723; x_wconf 90' lang='lat' dir='ltr'><strong>colloquii</strong></span> <span class='ocrx_word' id='word_1_301' title='bbox 2863 655 3179 726; x_wconf 88' lang='lat' dir='ltr'><strong>participem</strong></span> <span class='ocrx_word' id='word_1_302' title='bbox 3228 658 3525 727; x_wconf 80' lang='lat' dir='ltr'><strong>saepissime</strong></span> <span class='ocrx_word' id='word_1_303' title='bbox 3551 660 3752 732; x_wconf 77' lang='lat' dir='ltr'><strong>faciatis,</strong></span> 
     </span>
    </p>
   </div>
   <div class='ocr_carea' id='block_1_52' title="bbox 2214 732 3752 821">
    <p class='ocr_par' dir='ltr' id='par_1_52' title="bbox 2214 732 3752 821">
     <span class='ocr_line' id='line_1_52' title="bbox 2214 732 3752 821; baseline 0.011 -26"><span class='ocrx_word' id='word_1_304' title='bbox 2214 732 2510 811; x_wconf 85' lang='lat' dir='ltr'><strong>omnesque</strong></span> <span class='ocrx_word' id='word_1_305' title='bbox 2551 756 2780 811; x_wconf 88' lang='lat' dir='ltr'><strong>quorum</strong></span> <span class='ocrx_word' id='word_1_306' title='bbox 2804 743 3045 800; x_wconf 87' lang='lat' dir='ltr'><strong>doctrina</strong></span> <span class='ocrx_word' id='word_1_307' title='bbox 3074 745 3310 803; x_wconf 85' lang='lat' dir='ltr'><strong>salubris</strong></span> <span class='ocrx_word' id='word_1_308' title='bbox 3334 764 3454 803; x_wconf 85' lang='lat' dir='ltr'><strong>esse</strong></span> <span class='ocrx_word' id='word_1_309' title='bbox 3493 760 3653 820; x_wconf 87' lang='lat' dir='ltr'><strong>potest</strong></span> <span class='ocrx_word' id='word_1_310' title='bbox 3693 759 3752 821; x_wconf 88' lang='lat' dir='ltr'><strong>ei,</strong></span> 
     </span>
    </p>
   </div>
   <div class='ocr_carea' id='block_1_53' title="bbox 2216 832 3496 907">
    <p class='ocr_par' dir='ltr' id='par_1_53' title="bbox 2216 832 3496 907">
     <span class='ocr_line' id='line_1_53' title="bbox 2216 832 3496 907; baseline 0.005 -20"><span class='ocrx_word' id='word_1_311' title='bbox 2216 832 2447 903; x_wconf 85' lang='lat' dir='ltr'><strong>colloqui</strong></span> <span class='ocrx_word' id='word_1_312' title='bbox 2471 849 2595 888; x_wconf 88' lang='lat' dir='ltr'><strong>cum</strong></span> <span class='ocrx_word' id='word_1_313' title='bbox 2622 848 2708 899; x_wconf 90' lang='lat' dir='ltr'><strong>eo,</strong></span> <span class='ocrx_word' id='word_1_314' title='bbox 2737 835 2948 905; x_wconf 89' lang='lat' dir='ltr'><strong>quoties</strong></span> <span class='ocrx_word' id='word_1_315' title='bbox 2972 838 3209 907; x_wconf 79' lang='lat' dir='ltr'><strong>expedit,</strong></span> <span class='ocrx_word' id='word_1_316' title='bbox 3234 836 3496 906; x_wconf 86' lang='lat' dir='ltr'><strong>jubeatis.</strong></span> 
     </span>
    </p>
   </div>
   <div class='ocr_carea' id='block_1_54' title="bbox 2289 923 3756 1005">
    <p class='ocr_par' dir='ltr' id='par_1_54' title="bbox 2289 923 3756 1005">
     <span class='ocr_line' id='line_1_54' title="bbox 2289 923 3756 1005; baseline 0.004 -29"><span class='ocrx_word' id='word_1_317' title='bbox 2289 923 2595 978; x_wconf 88' lang='lat' dir='ltr'><strong>Discedenti</strong></span> <span class='ocrx_word' id='word_1_318' title='bbox 2628 924 2728 996; x_wconf 89' lang='lat' dir='ltr'><strong>ipsi</strong></span> <span class='ocrx_word' id='word_1_319' title='bbox 2753 940 2780 978; x_wconf 89' lang='lat' dir='ltr'><strong>a</strong></span> <span class='ocrx_word' id='word_1_320' title='bbox 2811 939 2917 992; x_wconf 84' lang='lat' dir='ltr'><strong>me,</strong></span> <span class='ocrx_word' id='word_1_321' title='bbox 2965 929 3205 999; x_wconf 87' lang='lat' dir='ltr'><strong>rogando</strong></span> <span class='ocrx_word' id='word_1_322' title='bbox 3236 932 3467 1001; x_wconf 60' lang='lat' dir='ltr'><strong>praecepi</strong></span> <span class='ocrx_word' id='word_1_323' title='bbox 3499 940 3550 987; x_wconf 86' lang='lat' dir='ltr'><strong>et</strong></span> <span class='ocrx_word' id='word_1_324' title='bbox 3587 940 3756 1005; x_wconf 56' lang='lat' dir='ltr'><strong>preci.</strong></span> 
     </span>
    </p>
   </div>
   <div class='ocr_carea' id='block_1_55' title="bbox 2215 1018 3755 1099">
    <p class='ocr_par' dir='ltr' id='par_1_55' title="bbox 2215 1018 3755 1099">
     <span class='ocr_line' id='line_1_55' title="bbox 2215 1018 3755 1099; baseline 0.008 -26"><span class='ocrx_word' id='word_1_325' title='bbox 2215 1018 2412 1091; x_wconf 88' lang='lat' dir='ltr'><strong>piendo</strong></span> <span class='ocrx_word' id='word_1_326' title='bbox 2437 1019 2617 1091; x_wconf 79' lang='lat' dir='ltr'><strong>rogavi</strong></span> <span class='ocrx_word' id='word_1_327' title='bbox 2650 1036 2718 1076; x_wconf 92' lang='lat' dir='ltr'><strong>ne</strong></span> <span class='ocrx_word' id='word_1_328' title='bbox 2744 1021 2846 1076; x_wconf 88' lang='lat' dir='ltr'><strong>hoc</strong></span> <span class='ocrx_word' id='word_1_329' title='bbox 2877 1037 3017 1077; x_wconf 87' lang='lat' dir='ltr'><strong>anno</strong></span> <span class='ocrx_word' id='word_1_330' title='bbox 3045 1023 3281 1094; x_wconf 85' lang='lat' dir='ltr'><strong>aliquam</strong></span> <span class='ocrx_word' id='word_1_331' title='bbox 3301 1025 3383 1079; x_wconf 91' lang='lat' dir='ltr'><strong>vel</strong></span> <span class='ocrx_word' id='word_1_332' title='bbox 3405 1026 3455 1080; x_wconf 91' lang='lat' dir='ltr'><strong>in</strong></span> <span class='ocrx_word' id='word_1_333' title='bbox 3485 1027 3755 1099; x_wconf 79' lang='lat' dir='ltr'><strong>refectorio,</strong></span> 
     </span>
    </p>
   </div>
   <div class='ocr_carea' id='block_1_56' title="bbox 2216 1109 3756 1191">
    <p class='ocr_par' dir='ltr' id='par_1_56' title="bbox 2216 1109 3756 1191">
     <span class='ocr_line' id='line_1_56' title="bbox 2216 1109 3756 1191; baseline 0.01 -28"><span class='ocrx_word' id='word_1_334' title='bbox 2216 1112 2298 1166; x_wconf 90' lang='lat' dir='ltr'><strong>vel</strong></span> <span class='ocrx_word' id='word_1_335' title='bbox 2329 1111 2382 1165; x_wconf 93' lang='lat' dir='ltr'><strong>in</strong></span> <span class='ocrx_word' id='word_1_336' title='bbox 2420 1109 2675 1181; x_wconf 89' lang='lat' dir='ltr'><strong>capitulo,</strong></span> <span class='ocrx_word' id='word_1_337' title='bbox 2704 1120 2797 1167; x_wconf 90' lang='lat' dir='ltr'><strong>aut</strong></span> <span class='ocrx_word' id='word_1_338' title='bbox 2824 1113 2876 1167; x_wconf 91' lang='lat' dir='ltr'><strong>in</strong></span> <span class='ocrx_word' id='word_1_339' title='bbox 2900 1116 3229 1171; x_wconf 89' lang='lat' dir='ltr'><strong>monasterio</strong></span> <span class='ocrx_word' id='word_1_340' title='bbox 3250 1115 3535 1173; x_wconf 88' lang='lat' dir='ltr'><strong>lectionem</strong></span> <span class='ocrx_word' id='word_1_341' title='bbox 3564 1118 3756 1191; x_wconf 84' lang='lat' dir='ltr'><strong>legeret,</strong></span> 
     </span>
    </p>
   </div>
   <div class='ocr_carea' id='block_1_57' title="bbox 2216 1203 3760 1281">
    <p class='ocr_par' dir='ltr' id='par_1_57' title="bbox 2216 1203 3760 1281">
     <span class='ocr_line' id='line_1_57' title="bbox 2216 1203 3760 1281; baseline 0.01 -26"><span class='ocrx_word' id='word_1_342' title='bbox 2216 1203 2565 1272; x_wconf 90' lang='lat' dir='ltr'><strong>quoadusque</strong></span> <span class='ocrx_word' id='word_1_343' title='bbox 2620 1203 2950 1272; x_wconf 84' lang='lat' dir='ltr'><strong>psalmorum</strong></span> <span class='ocrx_word' id='word_1_344' title='bbox 3000 1206 3280 1263; x_wconf 88' lang='lat' dir='ltr'><strong>scientiam</strong></span> <span class='ocrx_word' id='word_1_345' title='bbox 3344 1209 3535 1281; x_wconf 89' lang='lat' dir='ltr'><strong>suique</strong></span> <span class='ocrx_word' id='word_1_346' title='bbox 3583 1215 3760 1271; x_wconf 85' lang='lat' dir='ltr'><strong>ordinis</strong></span> 
     </span>
    </p>
   </div>
   <div class='ocr_carea' id='block_1_58' title="bbox 2216 1296 3759 1366">
    <p class='ocr_par' dir='ltr' id='par_1_58' title="bbox 2216 1296 3759 1366">
     <span class='ocr_line' id='line_1_58' title="bbox 2216 1296 3759 1366; baseline 0.01 -17"><span class='ocrx_word' id='word_1_347' title='bbox 2216 1311 2374 1351; x_wconf 92' lang='lat' dir='ltr'><strong>usum</strong></span> <span class='ocrx_word' id='word_1_348' title='bbox 2433 1296 2666 1366; x_wconf 88' lang='lat' dir='ltr'><strong>aliquem</strong></span> <span class='ocrx_word' id='word_1_349' title='bbox 2721 1297 2947 1354; x_wconf 80' lang='lat' dir='ltr'><strong>haberet</strong></span> <span class='ocrx_word' id='word_1_350' title='bbox 2987 1317 3000 1354; x_wconf 90' lang='lat'><strong>:</strong></span> <span class='ocrx_word' id='word_1_351' title='bbox 3039 1300 3178 1357; x_wconf 86' lang='lat' dir='ltr'><strong>hanc</strong></span> <span class='ocrx_word' id='word_1_352' title='bbox 3237 1302 3562 1359; x_wconf 87' lang='lat' dir='ltr'><strong>voluntatem</strong></span> <span class='ocrx_word' id='word_1_353' title='bbox 3609 1323 3759 1363; x_wconf 86' lang='lat' dir='ltr'><strong>meam</strong></span> 
     </span>
    </p>
   </div>
   <div class='ocr_carea' id='block_1_59' title="bbox 2212 1384 3761 1467">
    <p class='ocr_par' dir='ltr' id='par_1_59' title="bbox 2212 1384 3761 1467">
     <span class='ocr_line' id='line_1_59' title="bbox 2212 1384 3761 1467; baseline 0.007 -23"><span class='ocrx_word' id='word_1_354' title='bbox 2212 1384 2439 1446; x_wconf 87' lang='lat' dir='ltr'><strong>omnino</strong></span> <span class='ocrx_word' id='word_1_355' title='bbox 2492 1390 2757 1460; x_wconf 76' lang='lat' dir='ltr'><strong>despexit,</strong></span> <span class='ocrx_word' id='word_1_356' title='bbox 2813 1402 2869 1447; x_wconf 92' lang='lat' dir='ltr'><strong>et</strong></span> <span class='ocrx_word' id='word_1_357' title='bbox 2925 1402 2982 1448; x_wconf 95' lang='lat' dir='ltr'><strong>ut</strong></span> <span class='ocrx_word' id='word_1_358' title='bbox 3036 1392 3258 1466; x_wconf 83' lang='lat' dir='ltr'><strong>legeret,</strong></span> <span class='ocrx_word' id='word_1_359' title='bbox 3302 1411 3521 1450; x_wconf 90' lang='lat' dir='ltr'><strong>suarum</strong></span> <span class='ocrx_word' id='word_1_360' title='bbox 3573 1412 3761 1467; x_wconf 88' lang='lat' dir='ltr'><strong>precum</strong></span> 
     </span>
    </p>
   </div>
   <div class='ocr_carea' id='block_1_60' title="bbox 2218 1482 3762 1557">
    <p class='ocr_par' dir='ltr' id='par_1_60' title="bbox 2218 1482 3762 1557">
     <span class='ocr_line' id='line_1_60' title="bbox 2218 1482 3762 1557; baseline 0.006 -22"><span class='ocrx_word' id='word_1_361' title='bbox 2218 1482 2496 1537; x_wconf 89' lang='lat' dir='ltr'><strong>nimietate</strong></span> <span class='ocrx_word' id='word_1_362' title='bbox 2523 1496 2552 1537; x_wconf 90' lang='lat' dir='ltr'><strong>a</strong></span> <span class='ocrx_word' id='word_1_363' title='bbox 2585 1482 2734 1539; x_wconf 88' lang='lat' dir='ltr'><strong>vobis</strong></span> <span class='ocrx_word' id='word_1_364' title='bbox 2760 1485 2986 1541; x_wconf 80' lang='lat' dir='ltr'><strong>extorsit</strong></span> <span class='ocrx_word' id='word_1_365' title='bbox 3014 1502 3028 1551; x_wconf 90' lang='lat'><strong>;</strong></span> <span class='ocrx_word' id='word_1_366' title='bbox 3060 1500 3158 1555; x_wconf 91' lang='lat' dir='ltr'><strong>pro</strong></span> <span class='ocrx_word' id='word_1_367' title='bbox 3187 1501 3292 1557; x_wconf 91' lang='lat' dir='ltr'><strong>qua</strong></span> <span class='ocrx_word' id='word_1_368' title='bbox 3337 1502 3395 1541; x_wconf 90' lang='lat' dir='ltr'><strong>re</strong></span> <span class='ocrx_word' id='word_1_369' title='bbox 3431 1488 3762 1545; x_wconf 83' lang='lat' dir='ltr'><strong>amarissimas</strong></span> 
     </span>
    </p>
   </div>
   <div class='ocr_carea' id='block_1_61' title="bbox 2218 1571 3763 1648">
    <p class='ocr_par' dir='ltr' id='par_1_61' title="bbox 2218 1571 3763 1648">
     <span class='ocr_line' id='line_1_61' title="bbox 2218 1571 3763 1648; baseline 0.006 -22"><span class='ocrx_word' id='word_1_370' title='bbox 2218 1571 2426 1629; x_wconf 88' lang='lat' dir='ltr'><strong>litteras</strong></span> <span class='ocrx_word' id='word_1_371' title='bbox 2457 1575 2826 1632; x_wconf 88' lang='lat' dir='ltr'><strong>transmittere</strong></span> <span class='ocrx_word' id='word_1_372' title='bbox 2871 1577 2976 1632; x_wconf 89' lang='lat' dir='ltr'><strong>sibi</strong></span> <span class='ocrx_word' id='word_1_373' title='bbox 3029 1577 3306 1648; x_wconf 86' lang='lat' dir='ltr'><strong>disposui;</strong></span> <span class='ocrx_word' id='word_1_374' title='bbox 3353 1577 3449 1633; x_wconf 88' lang='lat' dir='ltr'><strong>sed</strong></span> <span class='ocrx_word' id='word_1_375' title='bbox 3495 1578 3616 1633; x_wconf 82' lang='lat' dir='ltr'><strong>visis</strong></span> <span class='ocrx_word' id='word_1_376' title='bbox 3660 1580 3763 1636; x_wconf 86' lang='lat' dir='ltr'><strong>aliis</strong></span> 
     </span>
    </p>
   </div>
   <div class='ocr_carea' id='block_1_62' title="bbox 2218 1666 3763 1740">
    <p class='ocr_par' dir='ltr' id='par_1_62' title="bbox 2218 1666 3763 1740">
     <span class='ocr_line' id='line_1_62' title="bbox 2218 1666 3763 1740; baseline 0.005 -21"><span class='ocrx_word' id='word_1_377' title='bbox 2218 1666 2411 1721; x_wconf 81' lang='lat' dir='ltr'><strong>litteris</strong></span> <span class='ocrx_word' id='word_1_378' title='bbox 2463 1667 2661 1722; x_wconf 87' lang='lat' dir='ltr'><strong>vestris</strong></span> <span class='ocrx_word' id='word_1_379' title='bbox 2712 1678 3032 1740; x_wconf 89' lang='lat' dir='ltr'><strong>conceptum</strong></span> <span class='ocrx_word' id='word_1_380' title='bbox 3106 1668 3368 1726; x_wconf 89' lang='lat' dir='ltr'><strong>adversus</strong></span> <span class='ocrx_word' id='word_1_381' title='bbox 3444 1671 3763 1727; x_wconf 85' lang='lat' dir='ltr'><strong>temeritatem</strong></span> 
     </span>
    </p>
   </div>
   <div class='ocr_carea' id='block_1_63' title="bbox 2219 1765 2913 1821">
    <p class='ocr_par' dir='ltr' id='par_1_63' title="bbox 2219 1765 2913 1821">
     <span class='ocr_line' id='line_1_63' title="bbox 2219 1765 2913 1821; baseline 0 -5"><span class='ocrx_word' id='word_1_382' title='bbox 2219 1765 2416 1819; x_wconf 87' lang='lat' dir='ltr'><strong>mentis</strong></span> <span class='ocrx_word' id='word_1_383' title='bbox 2436 1779 2715 1819; x_wconf 88' lang='lat' dir='ltr'><strong>rancorem</strong></span> <span class='ocrx_word' id='word_1_384' title='bbox 2737 1766 2913 1821; x_wconf 92' lang='lat' dir='ltr'><strong>omisi.</strong></span> 
     </span>
    </p>
   </div>
   <div class='ocr_carea' id='block_1_64' title="bbox 2725 1856 3283 1915">
    <p class='ocr_par' dir='ltr' id='par_1_64' title="bbox 2725 1856 3283 1915">
     <span class='ocr_line' id='line_1_64' title="bbox 2725 1856 3283 1915; baseline 0.007 -4"><span class='ocrx_word' id='word_1_385' title='bbox 2725 1856 3062 1914; x_wconf 78' lang='lat' dir='ltr'><strong>EPISTOLA</strong></span> <span class='ocrx_word' id='word_1_386' title='bbox 3099 1857 3283 1915; x_wconf 79' lang='lat' dir='ltr'><strong>XLIV.</strong></span> 
     </span>
    </p>
   </div>
   <div class='ocr_carea' id='block_1_65' title="bbox 2506 1964 3516 2007">
    <p class='ocr_par' dir='ltr' id='par_1_65' title="bbox 2506 1964 3516 2007">
     <span class='ocr_line' id='line_1_65' title="bbox 2506 1964 3516 2007; baseline 0.003 -5"><span class='ocrx_word' id='word_1_387' title='bbox 2506 1964 2731 2004; x_wconf 72' lang='grc' dir='ltr'><strong>ΑΝεειΜι</strong></span> <span class='ocrx_word' id='word_1_388' title='bbox 2771 1966 2999 2007; x_wconf 74' lang='lat' dir='ltr'><strong>FRATRIS</strong></span> <span class='ocrx_word' id='word_1_389' title='bbox 3037 1968 3104 2007; x_wconf 76' lang='lat' dir='ltr'><strong>AD</strong></span> <span class='ocrx_word' id='word_1_390' title='bbox 3144 1966 3516 2007; x_wconf 67' lang='lat' dir='ltr'><strong>LANI’BANCUI.</strong></span> 
     </span>
    </p>
   </div>
   <div class='ocr_carea' id='block_1_66' title="bbox 2218 2035 3769 2111">
    <p class='ocr_par' dir='ltr' id='par_1_66' title="bbox 2218 2035 3769 2111">
     <span class='ocr_line' id='line_1_66' title="bbox 2218 2035 3769 2111; baseline 0.005 -24"><span class='ocrx_word' id='word_1_391' title='bbox 2218 2035 2480 2093; x_wconf 71' lang='lat' dir='ltr'><strong>Proximis</strong></span> <span class='ocrx_word' id='word_1_392' title='bbox 2542 2037 2837 2111; x_wconf 82' lang='lat' dir='ltr'><strong>Ltmfranci</strong></span> <span class='ocrx_word' id='word_1_393' title='bbox 2905 2042 3091 2096; x_wconf 77' lang='lat' dir='ltr'><strong>litteris</strong></span> <span class='ocrx_word' id='word_1_394' title='bbox 3166 2043 3439 2111; x_wconf 77' lang='lat' dir='ltr'><strong>respondet</strong></span> <span class='ocrx_word' id='word_1_395' title='bbox 3495 2058 3554 2095; x_wconf 88' lang='lat' dir='ltr'><strong>ac</strong></span> <span class='ocrx_word' id='word_1_396' title='bbox 3593 2040 3769 2097; x_wconf 68' lang='lat' dir='ltr'><strong>Hauri-</strong></span> 
     </span>
    </p>
   </div>
   <div class='ocr_carea' id='block_1_67' title="bbox 2280 2110 3768 2234">
    <p class='ocr_par' dir='ltr' id='par_1_67' title="bbox 2280 2110 3768 2234">
     <span class='ocr_line' id='line_1_67' title="bbox 2286 2110 3768 2233; baseline 0.003 -71"><span class='ocrx_word' id='word_1_397' title='bbox 2286 2110 2436 2233; x_wconf 46' lang='lat' dir='ltr'><strong>tiuu;</strong></span> <span class='ocrx_word' id='word_1_398' title='bbox 2452 2110 2679 2164; x_wconf 82' lang='lat' dir='ltr'><strong>vicissim</strong></span> <span class='ocrx_word' id='word_1_399' title='bbox 2723 2113 2908 2181; x_wconf 83' lang='lat' dir='ltr'><strong>capitis</strong></span> <span class='ocrx_word' id='word_1_400' title='bbox 2959 2110 3268 2183; x_wconf 66' lang='lat' dir='ltr'><strong>(egritudine</strong></span> <span class='ocrx_word' id='word_1_401' title='bbox 3311 2112 3627 2167; x_wconf 78' lang='lat' dir='ltr'><strong>laborantem</strong></span> <span class='ocrx_word' id='word_1_402' title='bbox 3651 2129 3768 2166; x_wconf 68' lang='lat' dir='ltr'><strong>corn-</strong></span> 
     </span>
     <span class='ocr_line' id='line_1_68' title="bbox 2280 2191 2516 2234; baseline 0.008 -2"><span class='ocrx_word' id='word_1_403' title='bbox 2280 2197 2399 2234; x_wconf 84' lang='lat' dir='ltr'><strong>meu</strong></span> <span class='ocrx_word' id='word_1_404' title='bbox 2439 2191 2516 2234; x_wconf 88' lang='lat' dir='ltr'><strong>at.</strong></span> 
     </span>
    </p>
   </div>
   <div class='ocr_carea' id='block_1_68' title="bbox 2284 2272 3767 2346">
    <p class='ocr_par' dir='ltr' id='par_1_68' title="bbox 2284 2272 3767 2346">
     <span class='ocr_line' id='line_1_69' title="bbox 2284 2272 3767 2346; baseline 0.003 -20"><span class='ocrx_word' id='word_1_405' title='bbox 2284 2272 2516 2326; x_wconf 89' lang='lat' dir='ltr'><strong>Domino</strong></span> <span class='ocrx_word' id='word_1_406' title='bbox 2541 2274 2837 2328; x_wconf 90' lang='lat' dir='ltr'><strong>reverendo</strong></span> <span class='ocrx_word' id='word_1_407' title='bbox 2865 2273 3026 2344; x_wconf 91' lang='lat' dir='ltr'><strong>patri,</strong></span> <span class='ocrx_word' id='word_1_408' title='bbox 3056 2289 3185 2331; x_wconf 88' lang='lat' dir='ltr'><strong>vere</strong></span> <span class='ocrx_word' id='word_1_409' title='bbox 3207 2275 3481 2346; x_wconf 84' lang='lat' dir='ltr'><strong>diligendo</strong></span> <span class='ocrx_word' id='word_1_410' title='bbox 3500 2284 3554 2330; x_wconf 89' lang='lat' dir='ltr'><strong>et</strong></span> <span class='ocrx_word' id='word_1_411' title='bbox 3576 2274 3767 2338; x_wconf 80' lang='lat' dir='ltr'><strong>dilecto,</strong></span> 
     </span>
    </p>
   </div>
   <div class='ocr_carea' id='block_1_69' title="bbox 2212 2364 3769 2439">
    <p class='ocr_par' dir='ltr' id='par_1_69' title="bbox 2212 2364 3769 2439">
     <span class='ocr_line' id='line_1_70' title="bbox 2212 2364 3769 2439; baseline 0.003 -20"><span class='ocrx_word' id='word_1_412' title='bbox 2212 2364 2493 2420; x_wconf 73' lang='lat' dir='ltr'><strong>catholica:</strong></span> <span class='ocrx_word' id='word_1_413' title='bbox 2543 2365 2699 2420; x_wconf 89' lang='lat' dir='ltr'><strong>matri</strong></span> <span class='ocrx_word' id='word_1_414' title='bbox 2751 2366 3123 2436; x_wconf 89' lang='lat' dir='ltr'><strong>amplectende</strong></span> <span class='ocrx_word' id='word_1_415' title='bbox 3173 2368 3595 2439; x_wconf 83' lang='lat' dir='ltr'><strong>archiepiscopo,</strong></span> <span class='ocrx_word' id='word_1_416' title='bbox 3648 2368 3769 2424; x_wconf 77' lang='lat' dir='ltr'><strong>Lut-</strong></span> 
     </span>
    </p>
   </div>
   <div class='ocr_carea' id='block_1_70' title="bbox 2212 2454 3764 2529">
    <p class='ocr_par' dir='ltr' id='par_1_70' title="bbox 2212 2454 3764 2529">
     <span class='ocr_line' id='line_1_71' title="bbox 2212 2454 3764 2529; baseline 0.004 -21"><span class='ocrx_word' id='word_1_417' title='bbox 2212 2469 2437 2520; x_wconf 66' lang='lat' dir='ltr'><strong>raaaco,</strong></span> <span class='ocrx_word' id='word_1_418' title='bbox 2463 2454 2631 2511; x_wconf 88' lang='lat' dir='ltr'><strong>frater</strong></span> <span class='ocrx_word' id='word_1_419' title='bbox 2674 2455 2956 2512; x_wconf 72' lang='lat' dir='ltr'><strong>Aussuus</strong></span> <span class='ocrx_word' id='word_1_420' title='bbox 2990 2472 3121 2512; x_wconf 92' lang='lat' dir='ltr'><strong>suus</strong></span> <span class='ocrx_word' id='word_1_421' title='bbox 3171 2459 3315 2528; x_wconf 91' lang='lat' dir='ltr'><strong>quod</strong></span> <span class='ocrx_word' id='word_1_422' title='bbox 3342 2457 3555 2529; x_wconf 80' lang='lat' dir='ltr'><strong>dignius</strong></span> <span class='ocrx_word' id='word_1_423' title='bbox 3591 2467 3764 2529; x_wconf 84' lang='lat' dir='ltr'><strong>potest,</strong></span> 
     </span>
    </p>
   </div>
   <div class='ocr_carea' id='block_1_71' title="bbox 2214 2555 2554 2601">
    <p class='ocr_par' dir='ltr' id='par_1_71' title="bbox 2214 2555 2554 2601">
     <span class='ocr_line' id='line_1_72' title="bbox 2214 2555 2554 2601; baseline 0.006 -3"><span class='ocrx_word' id='word_1_424' title='bbox 2214 2555 2361 2601; x_wconf 78' lang='grc'><strong>101118</strong></span> <span class='ocrx_word' id='word_1_425' title='bbox 2403 2562 2554 2601; x_wconf 90' lang='lat' dir='ltr'><strong>suus.</strong></span> 
     </span>
    </p>
   </div>
   <div class='ocr_carea' id='block_1_72' title="bbox 2283 2638 3763 2714">
    <p class='ocr_par' dir='ltr' id='par_1_72' title="bbox 2283 2638 3763 2714">
     <span class='ocr_line' id='line_1_73' title="bbox 2283 2638 3763 2714; baseline 0.002 -21"><span class='ocrx_word' id='word_1_426' title='bbox 2283 2638 2505 2707; x_wconf 86' lang='lat' dir='ltr'><strong>Quoties</strong></span> <span class='ocrx_word' id='word_1_427' title='bbox 2518 2641 2671 2696; x_wconf 90' lang='lat' dir='ltr'><strong>vobis</strong></span> <span class='ocrx_word' id='word_1_428' title='bbox 2686 2650 2770 2696; x_wconf 90' lang='lat' dir='ltr'><strong>cst</strong></span> <span class='ocrx_word' id='word_1_429' title='bbox 2796 2650 3007 2712; x_wconf 90' lang='lat' dir='ltr'><strong>gratum</strong></span> <span class='ocrx_word' id='word_1_430' title='bbox 3037 2641 3240 2711; x_wconf 87' lang='lat' dir='ltr'><strong>aliquid</strong></span> <span class='ocrx_word' id='word_1_431' title='bbox 3267 2643 3398 2698; x_wconf 89' lang='lat' dir='ltr'><strong>mihi</strong></span> <span class='ocrx_word' id='word_1_432' title='bbox 3420 2658 3538 2698; x_wconf 89' lang='lat' dir='ltr'><strong>esse</strong></span> <span class='ocrx_word' id='word_1_433' title='bbox 3562 2652 3763 2714; x_wconf 86' lang='lat' dir='ltr'><strong>gratum,</strong></span> 
     </span>
    </p>
   </div>
   <div class='ocr_carea' id='block_1_73' title="bbox 2214 2730 3769 2807">
    <p class='ocr_par' dir='ltr' id='par_1_73' title="bbox 2214 2730 3769 2807">
     <span class='ocr_line' id='line_1_74' title="bbox 2214 2730 3769 2807; baseline 0.003 -23"><span class='ocrx_word' id='word_1_434' title='bbox 2214 2730 2399 2800; x_wconf 90' lang='lat' dir='ltr'><strong>utique</strong></span> <span class='ocrx_word' id='word_1_435' title='bbox 2428 2732 2559 2786; x_wconf 88' lang='lat' dir='ltr'><strong>mihi</strong></span> <span class='ocrx_word' id='word_1_436' title='bbox 2591 2742 2642 2788; x_wconf 89' lang='lat' dir='ltr'><strong>et</strong></span> <span class='ocrx_word' id='word_1_437' title='bbox 2693 2733 2797 2789; x_wconf 92' lang='lat' dir='ltr'><strong>hoc</strong></span> <span class='ocrx_word' id='word_1_438' title='bbox 2825 2743 2910 2789; x_wconf 81' lang='lat' dir='ltr'><strong>est</strong></span> <span class='ocrx_word' id='word_1_439' title='bbox 2939 2744 3176 2807; x_wconf 81' lang='lat' dir='ltr'><strong>gratum,</strong></span> <span class='ocrx_word' id='word_1_440' title='bbox 3220 2744 3278 2790; x_wconf 88' lang='lat' dir='ltr'><strong>et</strong></span> <span class='ocrx_word' id='word_1_441' title='bbox 3327 2735 3456 2790; x_wconf 88' lang='lat' dir='ltr'><strong>illud</strong></span> <span class='ocrx_word' id='word_1_442' title='bbox 3487 2736 3543 2789; x_wconf 84' lang='lat' dir='ltr'><strong>fit</strong></span> <span class='ocrx_word' id='word_1_443' title='bbox 3593 2735 3769 2806; x_wconf 84' lang='lat' dir='ltr'><strong>gratius</strong></span> 
     </span>
    </p>
   </div>
   <div class='ocr_carea' id='block_1_74' title="bbox 2214 2820 3763 2895">
    <p class='ocr_par' dir='ltr' id='par_1_74' title="bbox 2214 2820 3763 2895">
     <span class='ocr_line' id='line_1_75' title="bbox 2214 2820 3763 2895; baseline 0.002 -21"><span class='ocrx_word' id='word_1_444' title='bbox 2214 2820 2357 2889; x_wconf 87' lang='lat' dir='ltr'><strong>quod</strong></span> <span class='ocrx_word' id='word_1_445' title='bbox 2386 2821 2536 2890; x_wconf 88' lang='lat' dir='ltr'><strong>prius</strong></span> <span class='ocrx_word' id='word_1_446' title='bbox 2555 2831 2670 2876; x_wconf 88' lang='lat' dir='ltr'><strong>erat</strong></span> <span class='ocrx_word' id='word_1_447' title='bbox 2693 2832 2926 2894; x_wconf 86' lang='lat' dir='ltr'><strong>gratum.</strong></span> <span class='ocrx_word' id='word_1_448' title='bbox 2968 2823 3323 2895; x_wconf 89' lang='lat' dir='ltr'><strong>Significastis</strong></span> <span class='ocrx_word' id='word_1_449' title='bbox 3352 2839 3448 2879; x_wconf 90' lang='lat' dir='ltr'><strong>vos</strong></span> <span class='ocrx_word' id='word_1_450' title='bbox 3477 2825 3609 2878; x_wconf 89' lang='lat' dir='ltr'><strong>inter</strong></span> <span class='ocrx_word' id='word_1_451' title='bbox 3638 2823 3763 2878; x_wconf 61' lang='lat' dir='ltr'><strong>laetos</strong></span> 
     </span>
    </p>
   </div>
   <div class='ocr_carea' id='block_1_75' title="bbox 2214 2915 3763 2987">
    <p class='ocr_par' dir='ltr' id='par_1_75' title="bbox 2214 2915 3763 2987">
     <span class='ocr_line' id='line_1_76' title="bbox 2214 2915 3763 2987; baseline 0 -18"><span class='ocrx_word' id='word_1_452' title='bbox 2214 2929 2356 2979; x_wconf 84' lang='lat' dir='ltr'><strong>esse,</strong></span> <span class='ocrx_word' id='word_1_453' title='bbox 2386 2915 2511 2986; x_wconf 91' lang='lat' dir='ltr'><strong>quia</strong></span> <span class='ocrx_word' id='word_1_454' title='bbox 2556 2932 2678 2987; x_wconf 91' lang='lat' dir='ltr'><strong>ego,</strong></span> <span class='ocrx_word' id='word_1_455' title='bbox 2725 2925 2783 2971; x_wconf 90' lang='lat' dir='ltr'><strong>ut</strong></span> <span class='ocrx_word' id='word_1_456' title='bbox 2827 2916 2895 2971; x_wconf 92' lang='lat' dir='ltr'><strong>de</strong></span> <span class='ocrx_word' id='word_1_457' title='bbox 2929 2917 3050 2972; x_wconf 87' lang='lat' dir='ltr'><strong>aliis</strong></span> <span class='ocrx_word' id='word_1_458' title='bbox 3107 2925 3335 2983; x_wconf 89' lang='lat' dir='ltr'><strong>taceam,</strong></span> <span class='ocrx_word' id='word_1_459' title='bbox 3387 2916 3763 2972; x_wconf 87' lang='lat' dir='ltr'><strong>dilectissimum</strong></span> 
     </span>
    </p>
   </div>
   <div class='ocr_carea' id='block_1_76' title="bbox 2216 3006 3760 3077">
    <p class='ocr_par' dir='ltr' id='par_1_76' title="bbox 2216 3006 3760 3077">
     <span class='ocr_line' id='line_1_77' title="bbox 2216 3006 3760 3077; baseline -0.002 -17"><span class='ocrx_word' id='word_1_460' title='bbox 2216 3016 2481 3070; x_wconf 89' lang='lat' dir='ltr'><strong>nostrum,</strong></span> <span class='ocrx_word' id='word_1_461' title='bbox 2509 3016 2759 3077; x_wconf 89' lang='lat' dir='ltr'><strong>nepotem</strong></span> <span class='ocrx_word' id='word_1_462' title='bbox 2791 3015 3049 3073; x_wconf 89' lang='lat' dir='ltr'><strong>vestrum,</strong></span> <span class='ocrx_word' id='word_1_463' title='bbox 3079 3007 3233 3062; x_wconf 85' lang='lat' dir='ltr'><strong>valde</strong></span> <span class='ocrx_word' id='word_1_464' title='bbox 3279 3008 3520 3077; x_wconf 81' lang='lat' dir='ltr'><strong>gaudens</strong></span> <span class='ocrx_word' id='word_1_465' title='bbox 3558 3006 3760 3073; x_wconf 83' lang='lat' dir='ltr'><strong>suscepi.</strong></span> 
     </span>
    </p>
   </div>
   <div class='ocr_carea' id='block_1_77' title="bbox 2214 3095 3763 3169">
    <p class='ocr_par' dir='ltr' id='par_1_77' title="bbox 2214 3095 3763 3169">
     <span class='ocr_line' id='line_1_78' title="bbox 2214 3095 3763 3169; baseline -0.002 -14"><span class='ocrx_word' id='word_1_466' title='bbox 2214 3095 2390 3155; x_wconf 84' lang='lat' dir='ltr'><strong>Tanto</strong></span> <span class='ocrx_word' id='word_1_467' title='bbox 2417 3100 2582 3169; x_wconf 81' lang='lat' dir='ltr'><strong>igitur</strong></span> <span class='ocrx_word' id='word_1_468' title='bbox 2627 3109 2681 3155; x_wconf 91' lang='lat' dir='ltr'><strong>et</strong></span> <span class='ocrx_word' id='word_1_469' title='bbox 2714 3100 2816 3155; x_wconf 89' lang='lat' dir='ltr'><strong>hac</strong></span> <span class='ocrx_word' id='word_1_470' title='bbox 2857 3108 3034 3156; x_wconf 90' lang='lat' dir='ltr'><strong>vestra</strong></span> <span class='ocrx_word' id='word_1_471' title='bbox 3062 3099 3245 3155; x_wconf 74' lang='lat' dir='ltr'><strong>lzetitia</strong></span> <span class='ocrx_word' id='word_1_472' title='bbox 3307 3115 3426 3155; x_wconf 88' lang='lat' dir='ltr'><strong>sum</strong></span> <span class='ocrx_word' id='word_1_473' title='bbox 3477 3099 3763 3163; x_wconf 80' lang='lat' dir='ltr'><strong>laetiﬁcatus,</strong></span> 
     </span>
    </p>
   </div>
   <div class='ocr_carea' id='block_1_78' title="bbox 2213 3188 3763 3260">
    <p class='ocr_par' dir='ltr' id='par_1_78' title="bbox 2213 3188 3763 3260">
     <span class='ocr_line' id='line_1_79' title="bbox 2213 3188 3763 3260; baseline -0.001 -16"><span class='ocrx_word' id='word_1_474' title='bbox 2213 3202 2267 3245; x_wconf 88' lang='lat' dir='ltr'><strong>et</strong></span> <span class='ocrx_word' id='word_1_475' title='bbox 2288 3189 2559 3260; x_wconf 80' lang='lat' dir='ltr'><strong>gaudium,</strong></span> <span class='ocrx_word' id='word_1_476' title='bbox 2580 3190 2722 3260; x_wconf 91' lang='lat' dir='ltr'><strong>quod</strong></span> <span class='ocrx_word' id='word_1_477' title='bbox 2746 3188 3040 3244; x_wconf 85' lang='lat' dir='ltr'><strong>habueram</strong></span> <span class='ocrx_word' id='word_1_478' title='bbox 3057 3190 3123 3243; x_wconf 91' lang='lat' dir='ltr'><strong>dc</strong></span> <span class='ocrx_word' id='word_1_479' title='bbox 3138 3189 3397 3259; x_wconf 79' lang='lat' dir='ltr'><strong>praedicto</strong></span> <span class='ocrx_word' id='word_1_480' title='bbox 3414 3190 3576 3244; x_wconf 90' lang='lat' dir='ltr'><strong>charo</strong></span> <span class='ocrx_word' id='word_1_481' title='bbox 3591 3195 3763 3251; x_wconf 87' lang='lat' dir='ltr'><strong>nostro,</strong></span> 
     </span>
    </p>
   </div>
   <div class='ocr_carea' id='block_1_79' title="bbox 2215 3285 3765 3359">
    <p class='ocr_par' dir='ltr' id='par_1_79' title="bbox 2215 3285 3765 3359">
     <span class='ocr_line' id='line_1_80' title="bbox 2215 3285 3765 3359; baseline -0.003 -18"><span class='ocrx_word' id='word_1_482' title='bbox 2215 3286 2463 3359; x_wconf 85' lang='lat' dir='ltr'><strong>quamvis</strong></span> <span class='ocrx_word' id='word_1_483' title='bbox 2516 3300 2729 3356; x_wconf 88' lang='lat' dir='ltr'><strong>semper</strong></span> <span class='ocrx_word' id='word_1_484' title='bbox 2774 3285 2969 3356; x_wconf 80' lang='lat' dir='ltr'><strong>vigeat,</strong></span> <span class='ocrx_word' id='word_1_485' title='bbox 3022 3285 3267 3357; x_wconf 88' lang='lat' dir='ltr'><strong>augendo</strong></span> <span class='ocrx_word' id='word_1_486' title='bbox 3324 3293 3411 3341; x_wconf 89' lang='lat' dir='ltr'><strong>est</strong></span> <span class='ocrx_word' id='word_1_487' title='bbox 3454 3297 3765 3348; x_wconf 82' lang='lat' dir='ltr'><strong>renovatum,</strong></span> 
     </span>
    </p>
   </div>
   <div class='ocr_carea' id='block_1_80' title="bbox 2214 3376 3766 3451">
    <p class='ocr_par' dir='ltr' id='par_1_80' title="bbox 2214 3376 3766 3451">
     <span class='ocr_line' id='line_1_81' title="bbox 2214 3376 3766 3451; baseline -0.002 -18"><span class='ocrx_word' id='word_1_488' title='bbox 2214 3389 2421 3451; x_wconf 89' lang='lat' dir='ltr'><strong>quanto</strong></span> <span class='ocrx_word' id='word_1_489' title='bbox 2454 3379 2507 3435; x_wconf 89' lang='lat' dir='ltr'><strong>id</strong></span> <span class='ocrx_word' id='word_1_490' title='bbox 2530 3380 2673 3450; x_wconf 90' lang='lat' dir='ltr'><strong>quod</strong></span> <span class='ocrx_word' id='word_1_491' title='bbox 2717 3394 2824 3435; x_wconf 92' lang='lat' dir='ltr'><strong>non</strong></span> <span class='ocrx_word' id='word_1_492' title='bbox 2852 3379 3192 3435; x_wconf 90' lang='lat' dir='ltr'><strong>verecundor</strong></span> <span class='ocrx_word' id='word_1_493' title='bbox 3240 3378 3399 3434; x_wconf 84' lang='lat' dir='ltr'><strong>fateri</strong></span> <span class='ocrx_word' id='word_1_494' title='bbox 3456 3376 3564 3450; x_wconf 89' lang='lat' dir='ltr'><strong>(me</strong></span> <span class='ocrx_word' id='word_1_495' title='bbox 3593 3376 3766 3432; x_wconf 76' lang='lat' dir='ltr'><strong>scilicet</strong></span> 
     </span>
    </p>
   </div>
   <div class='ocr_carea' id='block_1_81' title="bbox 2215 3466 3767 3542">
    <p class='ocr_par' dir='ltr' id='par_1_81' title="bbox 2215 3466 3767 3542">
     <span class='ocr_line' id='line_1_82' title="bbox 2215 3466 3767 3542; baseline -0.005 -16"><span class='ocrx_word' id='word_1_496' title='bbox 2215 3486 2282 3526; x_wconf 76' lang='lat' dir='ltr'><strong>ex</strong></span> <span class='ocrx_word' id='word_1_497' title='bbox 2319 3486 2511 3542; x_wconf 85' lang='lat' dir='ltr'><strong>magna</strong></span> <span class='ocrx_word' id='word_1_498' title='bbox 2535 3479 2689 3541; x_wconf 85' lang='lat' dir='ltr'><strong>parte</strong></span> <span class='ocrx_word' id='word_1_499' title='bbox 2719 3470 2867 3525; x_wconf 90' lang='lat' dir='ltr'><strong>illum</strong></span> <span class='ocrx_word' id='word_1_500' title='bbox 2908 3470 2987 3525; x_wconf 91' lang='lat' dir='ltr'><strong>sic</strong></span> <span class='ocrx_word' id='word_1_501' title='bbox 3008 3468 3353 3539; x_wconf 89' lang='lat' dir='ltr'><strong>suscipiendo</strong></span> <span class='ocrx_word' id='word_1_502' title='bbox 3385 3466 3687 3537; x_wconf 84' lang='lat' dir='ltr'><strong>intendisse)</strong></span> <span class='ocrx_word' id='word_1_503' title='bbox 3713 3467 3767 3519; x_wconf 84' lang='lat' dir='ltr'><strong>ad</strong></span> 
     </span>
    </p>
   </div>
   <div class='ocr_carea' id='block_1_82' title="bbox 2214 3556 3764 3633">
    <p class='ocr_par' dir='ltr' id='par_1_82' title="bbox 2214 3556 3764 3633">
     <span class='ocr_line' id='line_1_83' title="bbox 2214 3556 3764 3633; baseline -0.005 -15"><span class='ocrx_word' id='word_1_504' title='bbox 2214 3573 2399 3620; x_wconf 90' lang='lat' dir='ltr'><strong>votum</strong></span> <span class='ocrx_word' id='word_1_505' title='bbox 2451 3564 2768 3633; x_wconf 85' lang='lat' dir='ltr'><strong>pervenisse</strong></span> <span class='ocrx_word' id='word_1_506' title='bbox 2806 3556 3031 3633; x_wconf 83' lang='lat' dir='ltr'><strong>cognovi</strong></span> <span class='ocrx_word' id='word_1_507' title='bbox 3064 3562 3131 3616; x_wconf 93' lang='lat' dir='ltr'><strong>de</strong></span> <span class='ocrx_word' id='word_1_508' title='bbox 3161 3575 3282 3616; x_wconf 90' lang='lat' dir='ltr'><strong>meo</strong></span> <span class='ocrx_word' id='word_1_509' title='bbox 3312 3558 3521 3613; x_wconf 86' lang='lat' dir='ltr'><strong>meritis</strong></span> <span class='ocrx_word' id='word_1_510' title='bbox 3559 3557 3764 3620; x_wconf 66' lang='lat' dir='ltr'><strong>domino,</strong></span> 
     </span>
    </p>
   </div>
   <div class='ocr_carea' id='block_1_83' title="bbox 2216 3651 3769 3720">
    <p class='ocr_par' dir='ltr' id='par_1_83' title="bbox 2216 3651 3769 3720">
     <span class='ocr_line' id='line_1_84' title="bbox 2216 3651 3769 3720; baseline -0.005 -11"><span class='ocrx_word' id='word_1_511' title='bbox 2216 3655 2321 3710; x_wconf 82' lang='lat' dir='ltr'><strong>fide</strong></span> <span class='ocrx_word' id='word_1_512' title='bbox 2358 3653 2545 3719; x_wconf 85' lang='lat' dir='ltr'><strong>fratre,</strong></span> <span class='ocrx_word' id='word_1_513' title='bbox 2603 3653 2969 3709; x_wconf 91' lang='lat' dir='ltr'><strong>sollicitudine</strong></span> <span class='ocrx_word' id='word_1_514' title='bbox 3028 3652 3137 3707; x_wconf 86' lang='lat' dir='ltr'><strong>filio</strong></span> <span class='ocrx_word' id='word_1_515' title='bbox 3180 3651 3455 3715; x_wconf 85' lang='lat' dir='ltr'><strong>Mauritio,</strong></span> <span class='ocrx_word' id='word_1_516' title='bbox 3488 3665 3637 3720; x_wconf 88' lang='lat' dir='ltr'><strong>quem</strong></span> <span class='ocrx_word' id='word_1_517' title='bbox 3689 3661 3769 3719; x_wconf 88' lang='lat' dir='ltr'><strong>pro</strong></span> 
     </span>
    </p>
   </div>
   <div class='ocr_carea' id='block_1_84' title="bbox 2213 3742 3767 3816">
    <p class='ocr_par' dir='ltr' id='par_1_84' title="bbox 2213 3742 3767 3816">
     <span class='ocr_line' id='line_1_85' title="bbox 2213 3742 3767 3816; baseline -0.005 -16"><span class='ocrx_word' id='word_1_518' title='bbox 2213 3746 2366 3802; x_wconf 88' lang='lat' dir='ltr'><strong>vobis</strong></span> <span class='ocrx_word' id='word_1_519' title='bbox 2388 3746 2650 3816; x_wconf 87' lang='lat' dir='ltr'><strong>separatis</strong></span> <span class='ocrx_word' id='word_1_520' title='bbox 2682 3745 2750 3800; x_wconf 90' lang='lat' dir='ltr'><strong>ab</strong></span> <span class='ocrx_word' id='word_1_521' title='bbox 2778 3743 2870 3799; x_wconf 93' lang='lat' dir='ltr'><strong>illo</strong></span> <span class='ocrx_word' id='word_1_522' title='bbox 2919 3760 2949 3798; x_wconf 95' lang='lat' dir='ltr'><strong>a</strong></span> <span class='ocrx_word' id='word_1_523' title='bbox 2976 3760 3083 3815; x_wconf 92' lang='lat' dir='ltr'><strong>quo</strong></span> <span class='ocrx_word' id='word_1_524' title='bbox 3126 3743 3246 3814; x_wconf 90' lang='lat' dir='ltr'><strong>plus</strong></span> <span class='ocrx_word' id='word_1_525' title='bbox 3311 3742 3597 3797; x_wconf 88' lang='lat' dir='ltr'><strong>amabatur</strong></span> <span class='ocrx_word' id='word_1_526' title='bbox 3631 3752 3767 3809; x_wconf 85' lang='lat' dir='ltr'><strong>quam</strong></span> 
     </span>
    </p>
   </div>
   <div class='ocr_carea' id='block_1_85' title="bbox 2215 3825 3765 3905">
    <p class='ocr_par' dir='ltr' id='par_1_85' title="bbox 2215 3825 3765 3905">
     <span class='ocr_line' id='line_1_86' title="bbox 2215 3825 3765 3905; baseline -0.009 -11"><span class='ocrx_word' id='word_1_527' title='bbox 2215 3838 2282 3894; x_wconf 86' lang='lat' dir='ltr'><strong>ab</strong></span> <span class='ocrx_word' id='word_1_528' title='bbox 2312 3837 2437 3898; x_wconf 88' lang='lat' dir='ltr'><strong>alio.</strong></span> <span class='ocrx_word' id='word_1_529' title='bbox 2470 3845 2525 3891; x_wconf 90' lang='lat' dir='ltr'><strong>et</strong></span> <span class='ocrx_word' id='word_1_530' title='bbox 2567 3851 2727 3905; x_wconf 87' lang='lat' dir='ltr'><strong>quem</strong></span> <span class='ocrx_word' id='word_1_531' title='bbox 2756 3833 2874 3904; x_wconf 91' lang='lat' dir='ltr'><strong>plus</strong></span> <span class='ocrx_word' id='word_1_532' title='bbox 2902 3834 3121 3888; x_wconf 90' lang='lat' dir='ltr'><strong>amabat</strong></span> <span class='ocrx_word' id='word_1_533' title='bbox 3145 3848 3306 3903; x_wconf 90' lang='lat' dir='ltr'><strong>quam</strong></span> <span class='ocrx_word' id='word_1_534' title='bbox 3340 3832 3503 3886; x_wconf 91' lang='lat' dir='ltr'><strong>alium</strong></span> <span class='ocrx_word' id='word_1_535' title='bbox 3528 3847 3541 3898; x_wconf 91' lang='lat'><strong>;</strong></span> <span class='ocrx_word' id='word_1_536' title='bbox 3570 3844 3661 3885; x_wconf 86' lang='lat' dir='ltr'><strong>vos</strong></span> <span class='ocrx_word' id='word_1_537' title='bbox 3684 3825 3765 3897; x_wconf 82' lang='lat' dir='ltr'><strong>ipsi</strong></span> 
     </span>
    </p>
   </div>
   <div class='ocr_carea' id='block_1_86' title="bbox 2208 3916 3767 3995">
    <p class='ocr_par' dir='ltr' id='par_1_86' title="bbox 2208 3916 3767 3995">
     <span class='ocr_line' id='line_1_87' title="bbox 2208 3916 3767 3995; baseline -0.007 -15"><span class='ocrx_word' id='word_1_538' title='bbox 2208 3923 2469 3995; x_wconf 74' lang='lat' dir='ltr'><strong>indicate,</strong></span> <span class='ocrx_word' id='word_1_539' title='bbox 2497 3940 2605 3994; x_wconf 90' lang='lat' dir='ltr'><strong>quo</strong></span> <span class='ocrx_word' id='word_1_540' title='bbox 2646 3924 2718 3978; x_wconf 88' lang='lat' dir='ltr'><strong>illi</strong></span> <span class='ocrx_word' id='word_1_541' title='bbox 2760 3923 3022 3979; x_wconf 90' lang='lat' dir='ltr'><strong>debeatis.</strong></span> <span class='ocrx_word' id='word_1_542' title='bbox 3057 3921 3365 3989; x_wconf 81' lang='lat' dir='ltr'><strong>Quamlibet</strong></span> <span class='ocrx_word' id='word_1_543' title='bbox 3416 3934 3640 3990; x_wconf 88' lang='lat' dir='ltr'><strong>namque</strong></span> <span class='ocrx_word' id='word_1_544' title='bbox 3684 3916 3767 3970; x_wconf 86' lang='lat' dir='ltr'><strong>vile</strong></span> 
     </span>
    </p>
   </div>
   <div class='ocr_carea' id='block_1_87' title="bbox 2214 4007 3767 4085">
    <p class='ocr_par' dir='ltr' id='par_1_87' title="bbox 2214 4007 3767 4085">
     <span class='ocr_line' id='line_1_88' title="bbox 2214 4007 3767 4085; baseline -0.008 -14"><span class='ocrx_word' id='word_1_545' title='bbox 2214 4016 2285 4072; x_wconf 91' lang='lat' dir='ltr'><strong>sit</strong></span> <span class='ocrx_word' id='word_1_546' title='bbox 2339 4016 2480 4085; x_wconf 87' lang='lat' dir='ltr'><strong>quod</strong></span> <span class='ocrx_word' id='word_1_547' title='bbox 2507 4016 2586 4069; x_wconf 90' lang='lat' dir='ltr'><strong>sic</strong></span> <span class='ocrx_word' id='word_1_548' title='bbox 2616 4023 2782 4078; x_wconf 90' lang='lat' dir='ltr'><strong>amat,</strong></span> <span class='ocrx_word' id='word_1_549' title='bbox 2804 4022 2859 4067; x_wconf 90' lang='lat' dir='ltr'><strong>et</strong></span> <span class='ocrx_word' id='word_1_550' title='bbox 2899 4029 2928 4067; x_wconf 91' lang='lat' dir='ltr'><strong>a</strong></span> <span class='ocrx_word' id='word_1_551' title='bbox 2979 4028 3091 4071; x_wconf 81' lang='lat' dir='ltr'><strong>auo</strong></span> <span class='ocrx_word' id='word_1_552' title='bbox 3127 4012 3205 4068; x_wconf 92' lang='lat' dir='ltr'><strong>sic</strong></span> <span class='ocrx_word' id='word_1_553' title='bbox 3254 4020 3491 4077; x_wconf 88' lang='lat' dir='ltr'><strong>amatur,</strong></span> <span class='ocrx_word' id='word_1_554' title='bbox 3545 4007 3767 4065; x_wconf 87' lang='lat' dir='ltr'><strong>nimirum</strong></span> 
     </span>
    </p>
   </div>
   <div class='ocr_carea' id='block_1_88' title="bbox 2214 4106 3766 4177">
    <p class='ocr_par' dir='ltr' id='par_1_88' title="bbox 2214 4106 3766 4177">
     <span class='ocr_line' id='line_1_89' title="bbox 2214 4106 3766 4177; baseline -0.007 -14"><span class='ocrx_word' id='word_1_555' title='bbox 2214 4109 2315 4163; x_wconf 90' lang='lat' dir='ltr'><strong>hoc</strong></span> <span class='ocrx_word' id='word_1_556' title='bbox 2348 4107 2422 4163; x_wconf 90' lang='lat' dir='ltr'><strong>illi</strong></span> <span class='ocrx_word' id='word_1_557' title='bbox 2450 4107 2657 4162; x_wconf 89' lang='lat' dir='ltr'><strong>debetis</strong></span> <span class='ocrx_word' id='word_1_558' title='bbox 2684 4107 2825 4177; x_wconf 88' lang='lat' dir='ltr'><strong>quod</strong></span> <span class='ocrx_word' id='word_1_559' title='bbox 2855 4121 2962 4161; x_wconf 89' lang='lat' dir='ltr'><strong>non</strong></span> <span class='ocrx_word' id='word_1_560' title='bbox 2990 4106 3169 4161; x_wconf 90' lang='lat' dir='ltr'><strong>minus</strong></span> <span class='ocrx_word' id='word_1_561' title='bbox 3192 4113 3360 4171; x_wconf 87' lang='lat' dir='ltr'><strong>amet,</strong></span> <span class='ocrx_word' id='word_1_562' title='bbox 3391 4113 3444 4159; x_wconf 91' lang='lat' dir='ltr'><strong>et</strong></span> <span class='ocrx_word' id='word_1_563' title='bbox 3479 4119 3508 4157; x_wconf 89' lang='lat' dir='ltr'><strong>a</strong></span> <span class='ocrx_word' id='word_1_564' title='bbox 3555 4117 3654 4173; x_wconf 92' lang='lat' dir='ltr'><strong>quo</strong></span> <span class='ocrx_word' id='word_1_565' title='bbox 3678 4113 3766 4154; x_wconf 81' lang='lat' dir='ltr'><strong>non</strong></span> 
     </span>
    </p>
   </div>
   <div class='ocr_carea' id='block_1_89' title="bbox 2215 4190 3768 4269">
    <p class='ocr_par' dir='ltr' id='par_1_89' title="bbox 2215 4190 3768 4269">
     <span class='ocr_line' id='line_1_90' title="bbox 2215 4190 3768 4269; baseline -0.008 -13"><span class='ocrx_word' id='word_1_566' title='bbox 2215 4201 2393 4257; x_wconf 88' lang='lat' dir='ltr'><strong>minus</strong></span> <span class='ocrx_word' id='word_1_567' title='bbox 2424 4208 2656 4254; x_wconf 83' lang='lat' dir='ltr'><strong>ametur.</strong></span> <span class='ocrx_word' id='word_1_568' title='bbox 2690 4198 2955 4267; x_wconf 87' lang='lat' dir='ltr'><strong>Quoniam</strong></span> <span class='ocrx_word' id='word_1_569' title='bbox 3014 4198 3176 4269; x_wconf 82' lang='lat' dir='ltr'><strong>igitur</strong></span> <span class='ocrx_word' id='word_1_570' title='bbox 3201 4207 3256 4252; x_wconf 90' lang='lat' dir='ltr'><strong>et</strong></span> <span class='ocrx_word' id='word_1_571' title='bbox 3286 4211 3387 4268; x_wconf 82' lang='lat' dir='ltr'><strong>ego</strong></span> <span class='ocrx_word' id='word_1_572' title='bbox 3418 4195 3536 4251; x_wconf 91' lang='lat' dir='ltr'><strong>novi</strong></span> <span class='ocrx_word' id='word_1_573' title='bbox 3576 4190 3768 4264; x_wconf 67' lang='lat' dir='ltr'><strong>jnstitie</strong></span> 
     </span>
    </p>
   </div>
   <div class='ocr_carea' id='block_1_90' title="bbox 2215 4287 3767 4355">
    <p class='ocr_par' dir='ltr' id='par_1_90' title="bbox 2215 4287 3767 4355">
     <span class='ocr_line' id='line_1_91' title="bbox 2215 4287 3767 4355; baseline -0.008 -11"><span class='ocrx_word' id='word_1_574' title='bbox 2215 4299 2408 4346; x_wconf 70' lang='lat' dir='ltr'><strong>vestrae</strong></span> <span class='ocrx_word' id='word_1_575' title='bbox 2434 4289 2831 4355; x_wconf 88' lang='lat' dir='ltr'><strong>rectitudinem,</strong></span> <span class='ocrx_word' id='word_1_576' title='bbox 2860 4299 2916 4345; x_wconf 90' lang='lat' dir='ltr'><strong>et</strong></span> <span class='ocrx_word' id='word_1_577' title='bbox 2941 4303 3037 4344; x_wconf 91' lang='lat' dir='ltr'><strong>vos</strong></span> <span class='ocrx_word' id='word_1_578' title='bbox 3084 4287 3257 4343; x_wconf 91' lang='lat' dir='ltr'><strong>nostis</strong></span> <span class='ocrx_word' id='word_1_579' title='bbox 3289 4294 3531 4341; x_wconf 89' lang='lat' dir='ltr'><strong>mutuam</strong></span> <span class='ocrx_word' id='word_1_580' title='bbox 3560 4291 3767 4341; x_wconf 84' lang='lat' dir='ltr'><strong>nostram</strong></span> 
     </span>
    </p>
   </div>
   <div class='ocr_carea' id='block_1_91' title="bbox 2215 4374 3765 4452">
    <p class='ocr_par' dir='ltr' id='par_1_91' title="bbox 2215 4374 3765 4452">
     <span class='ocr_line' id='line_1_92' title="bbox 2215 4374 3765 4452; baseline -0.008 -13"><span class='ocrx_word' id='word_1_581' title='bbox 2215 4384 2579 4449; x_wconf 78' lang='lat' dir='ltr'><strong>dilectionem,</strong></span> <span class='ocrx_word' id='word_1_582' title='bbox 2630 4383 2776 4437; x_wconf 90' lang='lat' dir='ltr'><strong>omni</strong></span> <span class='ocrx_word' id='word_1_583' title='bbox 2828 4382 2945 4452; x_wconf 91' lang='lat' dir='ltr'><strong>ejus</strong></span> <span class='ocrx_word' id='word_1_584' title='bbox 2998 4381 3412 4451; x_wconf 88' lang='lat' dir='ltr'><strong>superscdemus</strong></span> <span class='ocrx_word' id='word_1_585' title='bbox 3456 4374 3765 4435; x_wconf 83' lang='lat' dir='ltr'><strong>commenda-</strong></span> 
     </span>
    </p>
   </div>
   <div class='ocr_carea' id='block_1_92' title="bbox 2219 4469 3764 4545">
    <p class='ocr_par' dir='ltr' id='par_1_92' title="bbox 2219 4469 3764 4545">
     <span class='ocr_line' id='line_1_93' title="bbox 2219 4469 3764 4545; baseline -0.008 -16"><span class='ocrx_word' id='word_1_586' title='bbox 2219 4477 2382 4531; x_wconf 88' lang='lat' dir='ltr'><strong>tione.</strong></span> <span class='ocrx_word' id='word_1_587' title='bbox 2412 4476 2485 4530; x_wconf 92' lang='lat' dir='ltr'><strong>De</strong></span> <span class='ocrx_word' id='word_1_588' title='bbox 2505 4474 2824 4545; x_wconf 82' lang='lat' dir='ltr'><strong>:egritudine</strong></span> <span class='ocrx_word' id='word_1_589' title='bbox 2852 4473 3045 4544; x_wconf 90' lang='lat' dir='ltr'><strong>capitis</strong></span> <span class='ocrx_word' id='word_1_590' title='bbox 3081 4471 3197 4541; x_wconf 89' lang='lat' dir='ltr'><strong>ejus</strong></span> <span class='ocrx_word' id='word_1_591' title='bbox 3248 4479 3488 4530; x_wconf 87' lang='lat' dir='ltr'><strong>vestram</strong></span> <span class='ocrx_word' id='word_1_592' title='bbox 3523 4469 3764 4540; x_wconf 87' lang='lat' dir='ltr'><strong>pietatem,</strong></span> 
     </span>
    </p>
   </div>
   <div class='ocr_carea' id='block_1_93' title="bbox 525 4564 2110 4658">
    <p class='ocr_par' dir='ltr' id='par_1_93' title="bbox 525 4580 2110 4658">
     <span class='ocr_line' id='line_1_94' title="bbox 525 4580 2110 4658; baseline 0.007 -26"><span class='ocrx_word' id='word_1_593' title='bbox 525 4580 876 4650; x_wconf 88' lang='lat' dir='ltr'><strong>concepistis,</strong></span> <span class='ocrx_word' id='word_1_594' title='bbox 901 4591 954 4636; x_wconf 88' lang='lat' dir='ltr'><strong>et</strong></span> <span class='ocrx_word' id='word_1_595' title='bbox 980 4584 1268 4655; x_wconf 78' lang='lat' dir='ltr'><strong>praecipue,</strong></span> <span class='ocrx_word' id='word_1_596' title='bbox 1300 4600 1365 4641; x_wconf 89' lang='lat' dir='ltr'><strong>ac</strong></span> <span class='ocrx_word' id='word_1_597' title='bbox 1393 4602 1555 4658; x_wconf 89' lang='lat' dir='ltr'><strong>super</strong></span> <span class='ocrx_word' id='word_1_598' title='bbox 1581 4588 1783 4653; x_wconf 88' lang='lat' dir='ltr'><strong>omnia,</strong></span> <span class='ocrx_word' id='word_1_599' title='bbox 1808 4588 1949 4658; x_wconf 91' lang='lat' dir='ltr'><strong>quod</strong></span> <span class='ocrx_word' id='word_1_600' title='bbox 1977 4603 2110 4644; x_wconf 89' lang='lat' dir='ltr'><strong>onus</strong></span> 
     </span>
    </p>
   </div>
   <div class='ocr_carea' id='block_1_94' title="bbox 2218 4564 3763 4658">
    <p class='ocr_par' dir='ltr' id='par_1_94' title="bbox 2222 4564 3763 4658">
     <span class='ocr_line' id='line_1_95' title="bbox 2222 4564 3763 4658; baseline -0.008 -36"><span class='ocrx_word' id='word_1_601' title='bbox 2222 4576 2479 4640; x_wconf 90' lang='lat' dir='ltr'><strong>quantum</strong></span> <span class='ocrx_word' id='word_1_602' title='bbox 2512 4567 2651 4638; x_wconf 89' lang='lat' dir='ltr'><strong>apud</strong></span> <span class='ocrx_word' id='word_1_603' title='bbox 2679 4581 2775 4621; x_wconf 92' lang='lat' dir='ltr'><strong>vos</strong></span> <span class='ocrx_word' id='word_1_604' title='bbox 2796 4581 3035 4635; x_wconf 87' lang='lat' dir='ltr'><strong>possum,</strong></span> <span class='ocrx_word' id='word_1_605' title='bbox 3061 4581 3192 4636; x_wconf 82' lang='lat' dir='ltr'><strong>rogo</strong></span> <span class='ocrx_word' id='word_1_606' title='bbox 3218 4564 3490 4635; x_wconf 68' lang='lat' dir='ltr'><strong>prtccipue</strong></span> <span class='ocrx_word' id='word_1_607' title='bbox 3512 4570 3763 4658; x_wconf 47' lang='lat' dir='ltr'><strong>quatenus,</strong></span> 
     </span>
    </p>
   </div>
   <div class='ocr_carea' id='block_1_95' title="bbox 526 4670 2109 4747">
    <p class='ocr_par' dir='ltr' id='par_1_95' title="bbox 526 4670 2109 4747">
     <span class='ocr_line' id='line_1_96' title="bbox 526 4670 2109 4747; baseline 0.008 -24"><span class='ocrx_word' id='word_1_608' title='bbox 526 4670 822 4740; x_wconf 84' lang='lat' dir='ltr'><strong>prioratus,</strong></span> <span class='ocrx_word' id='word_1_609' title='bbox 870 4674 1013 4743; x_wconf 87' lang='lat' dir='ltr'><strong>quod</strong></span> <span class='ocrx_word' id='word_1_610' title='bbox 1078 4674 1420 4747; x_wconf 89' lang='lat' dir='ltr'><strong>importabile</strong></span> <span class='ocrx_word' id='word_1_611' title='bbox 1494 4688 1652 4735; x_wconf 88' lang='lat' dir='ltr'><strong>antea</strong></span> <span class='ocrx_word' id='word_1_612' title='bbox 1698 4678 2003 4745; x_wconf 86' lang='lat' dir='ltr'><strong>videbatur,</strong></span> <span class='ocrx_word' id='word_1_613' title='bbox 2044 4695 2109 4735; x_wconf 80' lang='lat' dir='ltr'><strong>ex</strong></span> 
     </span>
    </p>
   </div>
   <div class='ocr_carea' id='block_1_96' title="bbox 527 4761 2113 4842">
    <p class='ocr_par' dir='ltr' id='par_1_96' title="bbox 527 4761 2113 4842">
     <span class='ocr_line' id='line_1_97' title="bbox 527 4761 2113 4842; baseline 0.008 -26"><span class='ocrx_word' id='word_1_614' title='bbox 527 4761 646 4831; x_wconf 88' lang='lat' dir='ltr'><strong>ejus</strong></span> <span class='ocrx_word' id='word_1_615' title='bbox 674 4762 906 4821; x_wconf 87' lang='lat' dir='ltr'><strong>adventu</strong></span> <span class='ocrx_word' id='word_1_616' title='bbox 942 4766 1236 4840; x_wconf 86' lang='lat' dir='ltr'><strong>levigatum</strong></span> <span class='ocrx_word' id='word_1_617' title='bbox 1290 4771 1444 4825; x_wconf 88' lang='lat' dir='ltr'><strong>vobis</strong></span> <span class='ocrx_word' id='word_1_618' title='bbox 1490 4770 1862 4841; x_wconf 88' lang='lat' dir='ltr'><strong>perhibuistis.</strong></span> <span class='ocrx_word' id='word_1_619' title='bbox 1901 4771 1976 4826; x_wconf 91' lang='lat' dir='ltr'><strong>De</strong></span> <span class='ocrx_word' id='word_1_620' title='bbox 2006 4788 2113 4842; x_wconf 90' lang='lat' dir='ltr'><strong>quo</strong></span> 
     </span>
    </p>
   </div>
   <div class='ocr_carea' id='block_1_97' title="bbox 533 4853 2114 4929">
    <p class='ocr_par' dir='ltr' id='par_1_97' title="bbox 533 4853 2114 4929">
     <span class='ocr_line' id='line_1_98' title="bbox 533 4853 2114 4929; baseline 0.008 -22"><span class='ocrx_word' id='word_1_621' title='bbox 533 4853 756 4909; x_wconf 89' lang='lat' dir='ltr'><strong>brevem</strong></span> <span class='ocrx_word' id='word_1_622' title='bbox 778 4871 1137 4929; x_wconf 89' lang='lat' dir='ltr'><strong>veracemque</strong></span> <span class='ocrx_word' id='word_1_623' title='bbox 1163 4861 1486 4916; x_wconf 87' lang='lat' dir='ltr'><strong>sententiam</strong></span> <span class='ocrx_word' id='word_1_624' title='bbox 1510 4862 1663 4917; x_wconf 91' lang='lat' dir='ltr'><strong>vobis</strong></span> <span class='ocrx_word' id='word_1_625' title='bbox 1684 4861 1804 4917; x_wconf 90' lang='lat' dir='ltr'><strong>dico</strong></span> <span class='ocrx_word' id='word_1_626' title='bbox 1831 4879 1844 4915; x_wconf 76' lang='grc' dir='ltr'><strong>ε</strong></span> <span class='ocrx_word' id='word_1_627' title='bbox 1879 4863 1925 4918; x_wconf 91' lang='lat' dir='ltr'><strong>si</strong></span> <span class='ocrx_word' id='word_1_628' title='bbox 1973 4864 2114 4920; x_wconf 87' lang='lat' dir='ltr'><strong>inter</strong></span> 
     </span>
    </p>
   </div>
   <div class='ocr_carea' id='block_1_98' title="bbox 526 4950 2112 5028">
    <p class='ocr_par' dir='ltr' id='par_1_98' title="bbox 526 4950 2112 5028">
     <span class='ocr_line' id='line_1_99' title="bbox 526 4950 2112 5028; baseline 0.008 -29"><span class='ocrx_word' id='word_1_629' title='bbox 526 4960 766 5017; x_wconf 82' lang='lat' dir='ltr'><strong>paganos</strong></span> <span class='ocrx_word' id='word_1_630' title='bbox 790 4950 951 5005; x_wconf 89' lang='lat' dir='ltr'><strong>etiam</strong></span> <span class='ocrx_word' id='word_1_631' title='bbox 984 4952 1097 5021; x_wconf 88' lang='lat' dir='ltr'><strong>ipse</strong></span> <span class='ocrx_word' id='word_1_632' title='bbox 1126 4952 1349 5019; x_wconf 87' lang='lat' dir='ltr'><strong>viveret,</strong></span> <span class='ocrx_word' id='word_1_633' title='bbox 1376 4954 1495 5024; x_wconf 93' lang='lat' dir='ltr'><strong>plus</strong></span> <span class='ocrx_word' id='word_1_634' title='bbox 1517 4955 1732 5015; x_wconf 74' lang='lat' dir='ltr'><strong>eteteris</strong></span> <span class='ocrx_word' id='word_1_635' title='bbox 1759 4955 1985 5027; x_wconf 89' lang='lat' dir='ltr'><strong>paganis</strong></span> <span class='ocrx_word' id='word_1_636' title='bbox 2012 4971 2112 5028; x_wconf 88' lang='lat' dir='ltr'><strong>ego</strong></span> 
     </span>
    </p>
   </div>
   <div class='ocr_carea' id='block_1_99' title="bbox 530 5036 2112 5119">
    <p class='ocr_par' dir='ltr' id='par_1_99' title="bbox 530 5036 2112 5119">
     <span class='ocr_line' id='line_1_100' title="bbox 530 5036 2112 5119; baseline 0.006 -28"><span class='ocrx_word' id='word_1_637' title='bbox 530 5036 679 5105; x_wconf 88' lang='lat' dir='ltr'><strong>ipsos</strong></span> <span class='ocrx_word' id='word_1_638' title='bbox 707 5038 799 5119; x_wconf 70' lang='grc' dir='ltr'><strong>υ..</strong></span> <span class='ocrx_word' id='word_1_639' title='bbox 822 5040 1019 5114; x_wconf 87' lang='lat' dir='ltr'><strong>ipsum]</strong></span> <span class='ocrx_word' id='word_1_640' title='bbox 1047 5041 1347 5112; x_wconf 81' lang='lat' dir='ltr'><strong>diligerem,</strong></span> <span class='ocrx_word' id='word_1_641' title='bbox 1393 5052 1449 5097; x_wconf 91' lang='lat' dir='ltr'><strong>et</strong></span> <span class='ocrx_word' id='word_1_642' title='bbox 1474 5044 1755 5113; x_wconf 92' lang='lat' dir='ltr'><strong>prodesset</strong></span> <span class='ocrx_word' id='word_1_643' title='bbox 1805 5045 1885 5100; x_wconf 88' lang='lat' dir='ltr'><strong>eis</strong></span> <span class='ocrx_word' id='word_1_644' title='bbox 1920 5044 2007 5118; x_wconf 82' lang='lat' dir='ltr'><strong>[f.,</strong></span> <span class='ocrx_word' id='word_1_645' title='bbox 2038 5045 2112 5119; x_wconf 89' lang='lat' dir='ltr'><strong>ei]</strong></span> 
     </span>
    </p>
   </div>
   <div class='ocr_carea' id='block_1_100' title="bbox 530 5117 2115 5206">
    <p class='ocr_par' dir='ltr' id='par_1_100' title="bbox 530 5117 2115 5206">
     <span class='ocr_line' id='line_1_101' title="bbox 530 5117 2115 5206; baseline 0.008 -22"><span class='ocrx_word' id='word_1_646' title='bbox 530 5131 576 5184; x_wconf 89' lang='lat' dir='ltr'><strong>si</strong></span> <span class='ocrx_word' id='word_1_647' title='bbox 607 5117 818 5199; x_wconf 34' lang='lat' dir='ltr'><strong>quid‘in</strong></span> <span class='ocrx_word' id='word_1_648' title='bbox 850 5134 952 5189; x_wconf 90' lang='lat' dir='ltr'><strong>hoc</strong></span> <span class='ocrx_word' id='word_1_649' title='bbox 983 5135 1181 5190; x_wconf 68' lang='lat' dir='ltr'><strong>smculo</strong></span> <span class='ocrx_word' id='word_1_650' title='bbox 1206 5136 1559 5206; x_wconf 90' lang='lat' dir='ltr'><strong>possiderem.</strong></span> <span class='ocrx_word' id='word_1_651' title='bbox 1589 5136 1795 5204; x_wconf 86' lang='lat' dir='ltr'><strong>Quibus</strong></span> <span class='ocrx_word' id='word_1_652' title='bbox 1835 5139 1903 5195; x_wconf 88' lang='lat' dir='ltr'><strong>de</strong></span> <span class='ocrx_word' id='word_1_653' title='bbox 1952 5142 2115 5197; x_wconf 84' lang='lat' dir='ltr'><strong>rebus</strong></span> 
     </span>
    </p>
   </div>
   <div class='ocr_carea' id='block_1_101' title="bbox 529 5224 2119 5303">
    <p class='ocr_par' dir='ltr' id='par_1_101' title="bbox 529 5224 2119 5303">
     <span class='ocr_line' id='line_1_102' title="bbox 529 5224 2119 5303; baseline 0.007 -26"><span class='ocrx_word' id='word_1_654' title='bbox 529 5231 761 5291; x_wconf 89' lang='lat' dir='ltr'><strong>quantas</strong></span> <span class='ocrx_word' id='word_1_655' title='bbox 806 5238 1024 5294; x_wconf 88' lang='lat' dir='ltr'><strong>possmn</strong></span> <span class='ocrx_word' id='word_1_656' title='bbox 1080 5224 1192 5282; x_wconf 91' lang='lat' dir='ltr'><strong>Deo</strong></span> <span class='ocrx_word' id='word_1_657' title='bbox 1240 5234 1296 5282; x_wconf 88' lang='lat' dir='ltr'><strong>et</strong></span> <span class='ocrx_word' id='word_1_658' title='bbox 1349 5227 1568 5284; x_wconf 88' lang='lat' dir='ltr'><strong>domino</strong></span> <span class='ocrx_word' id='word_1_659' title='bbox 1630 5229 1811 5284; x_wconf 88' lang='lat' dir='ltr'><strong>abbati</strong></span> <span class='ocrx_word' id='word_1_660' title='bbox 1854 5231 2119 5303; x_wconf 90' lang='lat' dir='ltr'><strong>vobisque</strong></span> 
     </span>
    </p>
   </div>
   <div class='ocr_carea' id='block_1_102' title="bbox 529 5316 2113 5399">
    <p class='ocr_par' dir='ltr' id='par_1_102' title="bbox 529 5316 2113 5399">
     <span class='ocr_line' id='line_1_103' title="bbox 529 5316 2113 5399; baseline 0.009 -32"><span class='ocrx_word' id='word_1_661' title='bbox 529 5316 783 5372; x_wconf 88' lang='lat' dir='ltr'><strong>omnibus</strong></span> <span class='ocrx_word' id='word_1_662' title='bbox 810 5319 1013 5387; x_wconf 87' lang='lat' dir='ltr'><strong>gratias</strong></span> <span class='ocrx_word' id='word_1_663' title='bbox 1036 5317 1373 5390; x_wconf 83' lang='lat' dir='ltr'><strong>refero,quia</strong></span> <span class='ocrx_word' id='word_1_664' title='bbox 1402 5320 1589 5390; x_wconf 88' lang='lat' dir='ltr'><strong>quales</strong></span> <span class='ocrx_word' id='word_1_665' title='bbox 1601 5322 1819 5379; x_wconf 88' lang='lat' dir='ltr'><strong>voluero</strong></span> <span class='ocrx_word' id='word_1_666' title='bbox 1832 5322 1929 5397; x_wconf 81' lang='lat' dir='ltr'><strong>[aL</strong></span> <span class='ocrx_word' id='word_1_667' title='bbox 1946 5325 2113 5399; x_wconf 89' lang='lat' dir='ltr'><strong>volo],</strong></span> 
     </span>
    </p>
   </div>
   <div class='ocr_carea' id='block_1_103' title="bbox 526 5407 2117 5487">
    <p class='ocr_par' dir='ltr' id='par_1_103' title="bbox 526 5407 2117 5487">
     <span class='ocr_line' id='line_1_104' title="bbox 526 5407 2117 5487; baseline 0.009 -28"><span class='ocrx_word' id='word_1_668' title='bbox 526 5407 668 5462; x_wconf 88' lang='lat' dir='ltr'><strong>tales</strong></span> <span class='ocrx_word' id='word_1_669' title='bbox 698 5423 795 5463; x_wconf 90' lang='lat' dir='ltr'><strong>vos</strong></span> <span class='ocrx_word' id='word_1_670' title='bbox 819 5424 947 5480; x_wconf 88' lang='lat' dir='ltr'><strong>erga</strong></span> <span class='ocrx_word' id='word_1_671' title='bbox 1004 5423 1091 5463; x_wconf 90' lang='lat' dir='ltr'><strong>me</strong></span> <span class='ocrx_word' id='word_1_672' title='bbox 1136 5418 1191 5465; x_wconf 85' lang='lat' dir='ltr'><strong>et</strong></span> <span class='ocrx_word' id='word_1_673' title='bbox 1248 5425 1437 5468; x_wconf 89' lang='lat' dir='ltr'><strong>omnes</strong></span> <span class='ocrx_word' id='word_1_674' title='bbox 1480 5412 1572 5483; x_wconf 88' lang='lat' dir='ltr'><strong>qui</strong></span> <span class='ocrx_word' id='word_1_675' title='bbox 1625 5413 1978 5487; x_wconf 86' lang='lat' dir='ltr'><strong>diliguntura</strong></span> <span class='ocrx_word' id='word_1_676' title='bbox 2029 5433 2117 5473; x_wconf 90' lang='lat' dir='ltr'><strong>me</strong></span> 
     </span>
    </p>
   </div>
   <div class='ocr_carea' id='block_1_104' title="bbox 532 5499 1221 5569">
    <p class='ocr_par' dir='ltr' id='par_1_104' title="bbox 532 5499 1221 5569">
     <span class='ocr_line' id='line_1_105' title="bbox 532 5499 1221 5569; baseline 0.01 -20"><span class='ocrx_word' id='word_1_677' title='bbox 532 5510 751 5568; x_wconf 84' lang='lat' dir='ltr'><strong>semper</strong></span> <span class='ocrx_word' id='word_1_678' title='bbox 775 5512 897 5554; x_wconf 90' lang='lat' dir='ltr'><strong>esse</strong></span> <span class='ocrx_word' id='word_1_679' title='bbox 924 5499 1221 5569; x_wconf 88' lang='lat' dir='ltr'><strong>comperio.</strong></span> 
     </span>
    </p>
   </div>
   <div class='ocr_carea' id='block_1_105' title="bbox 605 5589 2116 5665">
    <p class='ocr_par' dir='ltr' id='par_1_105' title="bbox 605 5589 2116 5665">
     <span class='ocr_line' id='line_1_106' title="bbox 605 5589 2116 5665; baseline 0.009 -22"><span class='ocrx_word' id='word_1_680' title='bbox 605 5589 712 5644; x_wconf 81' lang='lat' dir='ltr'><strong>Sed</strong></span> <span class='ocrx_word' id='word_1_681' title='bbox 766 5591 892 5660; x_wconf 88' lang='lat' dir='ltr'><strong>quia</strong></span> <span class='ocrx_word' id='word_1_682' title='bbox 948 5590 1212 5648; x_wconf 83' lang='lat' dir='ltr'><strong>accedens</strong></span> <span class='ocrx_word' id='word_1_683' title='bbox 1252 5594 1323 5649; x_wconf 89' lang='lat' dir='ltr'><strong>ad</strong></span> <span class='ocrx_word' id='word_1_684' title='bbox 1374 5594 1690 5652; x_wconf 83' lang='lat' dir='ltr'><strong>servitutem</strong></span> <span class='ocrx_word' id='word_1_685' title='bbox 1750 5596 2007 5665; x_wconf 92' lang='lat' dir='ltr'><strong>Domini,</strong></span> <span class='ocrx_word' id='word_1_686' title='bbox 2061 5608 2116 5655; x_wconf 90' lang='lat' dir='ltr'><strong>et</strong></span> 
     </span>
    </p>
   </div>
   <div class='ocr_carea' id='block_1_106' title="bbox 536 5683 2117 5762">
    <p class='ocr_par' dir='ltr' id='par_1_106' title="bbox 536 5683 2117 5762">
     <span class='ocr_line' id='line_1_107' title="bbox 536 5683 2117 5762; baseline 0.011 -30"><span class='ocrx_word' id='word_1_687' title='bbox 536 5684 779 5740; x_wconf 74' lang='lat' dir='ltr'><strong>maxime</strong></span> <span class='ocrx_word' id='word_1_688' title='bbox 804 5683 857 5739; x_wconf 91' lang='lat' dir='ltr'><strong>id</strong></span> <span class='ocrx_word' id='word_1_689' title='bbox 884 5684 1060 5740; x_wconf 67' lang='lat' dir='ltr'><strong>aetatis</strong></span> <span class='ocrx_word' id='word_1_690' title='bbox 1090 5685 1271 5755; x_wconf 89' lang='lat' dir='ltr'><strong>homo,</strong></span> <span class='ocrx_word' id='word_1_691' title='bbox 1317 5689 1503 5746; x_wconf 92' lang='lat' dir='ltr'><strong>multis</strong></span> <span class='ocrx_word' id='word_1_692' title='bbox 1549 5691 1822 5762; x_wconf 89' lang='lat' dir='ltr'><strong>variisque</strong></span> <span class='ocrx_word' id='word_1_693' title='bbox 1865 5693 2117 5749; x_wconf 80' lang='lat' dir='ltr'><strong>tentatio-</strong></span> 
     </span>
    </p>
   </div>
   <div class='ocr_carea' id='block_1_107' title="bbox 535 5775 2116 5860">
    <p class='ocr_par' dir='ltr' id='par_1_107' title="bbox 535 5775 2116 5860">
     <span class='ocr_line' id='line_1_108' title="bbox 535 5775 2116 5860; baseline 0.01 -31"><span class='ocrx_word' id='word_1_694' title='bbox 535 5775 696 5832; x_wconf 81' lang='lat' dir='ltr'><strong>nibus</strong></span> <span class='ocrx_word' id='word_1_695' title='bbox 724 5792 823 5848; x_wconf 89' lang='lat' dir='ltr'><strong>per</strong></span> <span class='ocrx_word' id='word_1_696' title='bbox 853 5786 1179 5839; x_wconf 84' lang='lat' dir='ltr'><strong>tentatorum</strong></span> <span class='ocrx_word' id='word_1_697' title='bbox 1204 5784 1491 5857; x_wconf 85' lang='lat' dir='ltr'><strong>spirituum</strong></span> <span class='ocrx_word' id='word_1_698' title='bbox 1523 5787 1895 5860; x_wconf 85' lang='lat' dir='ltr'><strong>suggestiones</strong></span> <span class='ocrx_word' id='word_1_699' title='bbox 1923 5787 2116 5845; x_wconf 84' lang='lat' dir='ltr'><strong>intrin-</strong></span> 
     </span>
    </p>
   </div>
   <div class='ocr_carea' id='block_1_108' title="bbox 2220 4647 3765 4732">
    <p class='ocr_par' dir='ltr' id='par_1_108' title="bbox 2220 4647 3765 4732">
     <span class='ocr_line' id='line_1_109' title="bbox 2220 4647 3765 4732; baseline -0.008 -18"><span class='ocrx_word' id='word_1_700' title='bbox 2220 4670 2440 4732; x_wconf 89' lang='lat' dir='ltr'><strong>propter</strong></span> <span class='ocrx_word' id='word_1_701' title='bbox 2468 4660 2634 4715; x_wconf 89' lang='lat' dir='ltr'><strong>Deum</strong></span> <span class='ocrx_word' id='word_1_702' title='bbox 2657 4667 2710 4714; x_wconf 90' lang='lat' dir='ltr'><strong>et</strong></span> <span class='ocrx_word' id='word_1_703' title='bbox 2739 4667 2954 4713; x_wconf 65' lang='lat' dir='ltr'><strong>aeternae</strong></span> <span class='ocrx_word' id='word_1_704' title='bbox 2973 4657 3163 4713; x_wconf 84' lang='lat' dir='ltr'><strong>salutis</strong></span> <span class='ocrx_word' id='word_1_705' title='bbox 3193 4647 3765 4719; x_wconf 84' lang='lat' dir='ltr'><strong>retributionem,vobis</strong></span> 
     </span>
    </p>
   </div>
   <div class='ocr_carea' id='block_1_109' title="bbox 2220 4745 3764 4808">
    <p class='ocr_par' dir='ltr' id='par_1_109' title="bbox 2220 4745 3764 4808">
     <span class='ocr_line' id='line_1_110' title="bbox 2220 4745 3764 4808; baseline -0.008 0"><span class='ocrx_word' id='word_1_706' title='bbox 2220 4753 2547 4808; x_wconf 88' lang='lat' dir='ltr'><strong>instantibus</strong></span> <span class='ocrx_word' id='word_1_707' title='bbox 2584 4767 2613 4806; x_wconf 92' lang='lat' dir='ltr'><strong>a</strong></span> <span class='ocrx_word' id='word_1_708' title='bbox 2641 4750 2837 4806; x_wconf 88' lang='lat' dir='ltr'><strong>dilecto</strong></span> <span class='ocrx_word' id='word_1_709' title='bbox 2867 4750 3043 4805; x_wconf 90' lang='lat' dir='ltr'><strong>amico</strong></span> <span class='ocrx_word' id='word_1_710' title='bbox 3091 4758 3277 4805; x_wconf 88' lang='lat' dir='ltr'><strong>nostro</strong></span> <span class='ocrx_word' id='word_1_711' title='bbox 3308 4750 3528 4805; x_wconf 90' lang='lat' dir='ltr'><strong>domino</strong></span> <span class='ocrx_word' id='word_1_712' title='bbox 3576 4745 3764 4802; x_wconf 77' lang='lat' dir='ltr'><strong>Alberto</strong></span> 
     </span>
    </p>
   </div>
   <div class='ocr_carea' id='block_1_110' title="bbox 2221 4840 3675 4913">
    <p class='ocr_par' dir='ltr' id='par_1_110' title="bbox 2221 4840 3675 4913">
     <span class='ocr_line' id='line_1_111' title="bbox 2221 4840 3675 4913; baseline -0.006 -14"><span class='ocrx_word' id='word_1_713' title='bbox 2221 4844 2449 4910; x_wconf 87' lang='lat' dir='ltr'><strong>medico,</strong></span> <span class='ocrx_word' id='word_1_714' title='bbox 2482 4852 2743 4913; x_wconf 87' lang='lat' dir='ltr'><strong>quantum</strong></span> <span class='ocrx_word' id='word_1_715' title='bbox 2772 4850 2971 4908; x_wconf 91' lang='lat' dir='ltr'><strong>potest,</strong></span> <span class='ocrx_word' id='word_1_716' title='bbox 2998 4840 3344 4911; x_wconf 88' lang='lat' dir='ltr'><strong>perquiratur</strong></span> <span class='ocrx_word' id='word_1_717' title='bbox 3368 4850 3422 4897; x_wconf 89' lang='lat' dir='ltr'><strong>et</strong></span> <span class='ocrx_word' id='word_1_718' title='bbox 3453 4848 3675 4896; x_wconf 89' lang='lat' dir='ltr'><strong>curetur.</strong></span> 
     </span>
    </p>
   </div>
   <div class='ocr_carea' id='block_1_111' title="bbox 2628 4932 3366 5005">
    <p class='ocr_par' dir='ltr' id='par_1_111' title="bbox 2628 4932 3366 5005">
     <span class='ocr_line' id='line_1_112' title="bbox 2628 4932 3366 5005; baseline -0.009 -12"><span class='ocrx_word' id='word_1_719' title='bbox 2628 4934 2788 5005; x_wconf 80' lang='lat'><strong>323</strong></span> <span class='ocrx_word' id='word_1_720' title='bbox 2831 4932 3162 4989; x_wconf 71' lang='lat' dir='ltr'><strong>EPISTOLA</strong></span> <span class='ocrx_word' id='word_1_721' title='bbox 3202 4932 3366 4987; x_wconf 76' lang='lat' dir='ltr'><strong>XLV.</strong></span> 
     </span>
    </p>
   </div>
   <div class='ocr_carea' id='block_1_112' title="bbox 2788 5039 3226 5080">
    <p class='ocr_par' dir='ltr' id='par_1_112' title="bbox 2788 5039 3226 5080">
     <span class='ocr_line' id='line_1_113' title="bbox 2788 5039 3226 5080; baseline 0 -3"><span class='ocrx_word' id='word_1_722' title='bbox 2788 5039 2854 5077; x_wconf 76' lang='lat' dir='ltr'><strong>AD</strong></span> <span class='ocrx_word' id='word_1_723' title='bbox 2894 5039 3226 5080; x_wconf 68' lang='lat' dir='ltr'><strong>GONDULFUM.</strong></span> 
     </span>
    </p>
   </div>
   <div class='ocr_carea' id='block_1_113' title="bbox 2220 5129 3765 5202">
    <p class='ocr_par' dir='ltr' id='par_1_113' title="bbox 2220 5129 3765 5202">
     <span class='ocr_line' id='line_1_114' title="bbox 2220 5129 3765 5202; baseline -0.005 -15"><span class='ocrx_word' id='word_1_724' title='bbox 2220 5131 2429 5188; x_wconf 80' lang='lat' dir='ltr'><strong>Fratris</strong></span> <span class='ocrx_word' id='word_1_725' title='bbox 2460 5133 2543 5187; x_wconf 86' lang='lat' dir='ltr'><strong>sui</strong></span> <span class='ocrx_word' id='word_1_726' title='bbox 2565 5132 2757 5202; x_wconf 82' lang='lat' dir='ltr'><strong>ﬁlium,</strong></span> <span class='ocrx_word' id='word_1_727' title='bbox 2784 5142 2836 5186; x_wconf 86' lang='lat' dir='ltr'><strong>ut</strong></span> <span class='ocrx_word' id='word_1_728' title='bbox 2861 5132 2925 5184; x_wconf 87' lang='lat' dir='ltr'><strong>ab</strong></span> <span class='ocrx_word' id='word_1_729' title='bbox 2952 5148 3011 5186; x_wconf 84' lang='lat' dir='ltr'><strong>eo</strong></span> <span class='ocrx_word' id='word_1_730' title='bbox 3041 5131 3356 5202; x_wconf 65' lang='lat' dir='ltr'><strong>instruatur,</strong></span> <span class='ocrx_word' id='word_1_731' title='bbox 3384 5129 3633 5201; x_wconf 72' lang='lat' dir='ltr'><strong>prwciptte</strong></span> <span class='ocrx_word' id='word_1_732' title='bbox 3654 5139 3765 5180; x_wconf 68' lang='lat' dir='ltr'><strong>cm</strong></span> 
     </span>
    </p>
   </div>
   <div class='ocr_carea' id='block_1_114' title="bbox 2430 5201 3604 5273">
    <p class='ocr_par' dir='ltr' id='par_1_114' title="bbox 2430 5201 3604 5273">
     <span class='ocr_line' id='line_1_115' title="bbox 2430 5201 3604 5273; baseline -0.003 -16"><span class='ocrx_word' id='word_1_733' title='bbox 2430 5201 2660 5269; x_wconf 83' lang='lat' dir='ltr'><strong>meudat,</strong></span> <span class='ocrx_word' id='word_1_734' title='bbox 2692 5218 2996 5273; x_wconf 83' lang='lat' dir='ltr'><strong>cruccntque</strong></span> <span class='ocrx_word' id='word_1_735' title='bbox 3024 5201 3181 5254; x_wconf 86' lang='lat' dir='ltr'><strong>mittit</strong></span> <span class='ocrx_word' id='word_1_736' title='bbox 3204 5218 3320 5255; x_wconf 87' lang='lat' dir='ltr'><strong>cum</strong></span> <span class='ocrx_word' id='word_1_737' title='bbox 3356 5202 3604 5272; x_wconf 78' lang='lat' dir='ltr'><strong>reliquiis.</strong></span> 
     </span>
    </p>
   </div>
   <div class='ocr_carea' id='block_1_115' title="bbox 2292 5292 3763 5352">
    <p class='ocr_par' dir='ltr' id='par_1_115' title="bbox 2292 5292 3763 5352">
     <span class='ocr_line' id='line_1_116' title="bbox 2292 5292 3763 5352; baseline -0.005 -1"><span class='ocrx_word' id='word_1_738' title='bbox 2292 5296 2653 5352; x_wconf 88' lang='lat' dir='ltr'><strong>Dilectissimo</strong></span> <span class='ocrx_word' id='word_1_739' title='bbox 2713 5309 2811 5349; x_wconf 91' lang='lat' dir='ltr'><strong>suo</strong></span> <span class='ocrx_word' id='word_1_740' title='bbox 2871 5293 3158 5349; x_wconf 65' lang='lat' dir='ltr'><strong>Gououaro</strong></span> <span class='ocrx_word' id='word_1_741' title='bbox 3218 5292 3598 5348; x_wconf 88' lang='lat' dir='ltr'><strong>dilectissimus</strong></span> <span class='ocrx_word' id='word_1_742' title='bbox 3657 5299 3763 5344; x_wconf 74' lang='lat' dir='ltr'><strong>Suus</strong></span> 
     </span>
    </p>
   </div>
   <div class='ocr_carea' id='block_1_116' title="bbox 2220 5362 3764 5435">
    <p class='ocr_par' dir='ltr' id='par_1_116' title="bbox 2220 5362 3764 5435">
     <span class='ocr_line' id='line_1_117' title="bbox 2220 5362 3764 5435; baseline -0.009 -12"><span class='ocrx_word' id='word_1_743' title='bbox 2220 5368 2592 5434; x_wconf 65' lang='lat' dir='ltr'><strong>Laurmscus,</strong></span> <span class='ocrx_word' id='word_1_744' title='bbox 2630 5365 2933 5422; x_wconf 88' lang='lat' dir='ltr'><strong>dilectionis</strong></span> <span class='ocrx_word' id='word_1_745' title='bbox 2972 5373 3163 5435; x_wconf 85' lang='lat' dir='ltr'><strong>coeptae</strong></span> <span class='ocrx_word' id='word_1_746' title='bbox 3201 5362 3411 5419; x_wconf 81' lang='lat' dir='ltr'><strong>felicem</strong></span> <span class='ocrx_word' id='word_1_747' title='bbox 3449 5373 3764 5434; x_wconf 81' lang='lat' dir='ltr'><strong>perseveran-</strong></span> 
     </span>
    </p>
   </div>
   <div class='ocr_carea' id='block_1_117' title="bbox 2222 5453 3763 5579">
    <p class='ocr_par' dir='ltr' id='par_1_117' title="bbox 2222 5453 3763 5579">
     <span class='ocr_line' id='line_1_118' title="bbox 2222 5453 3763 5579; baseline -0.006 -13"><span class='ocrx_word' id='word_1_748' title='bbox 2222 5453 2535 5576; x_wconf 40' lang='lat' dir='ltr'><strong>ualipratres,</strong></span> <span class='ocrx_word' id='word_1_749' title='bbox 2572 5523 2728 5579; x_wconf 90' lang='lat' dir='ltr'><strong>quos,</strong></span> <span class='ocrx_word' id='word_1_750' title='bbox 2767 5505 3090 5562; x_wconf 88' lang='lat' dir='ltr'><strong>charissime</strong></span> <span class='ocrx_word' id='word_1_751' title='bbox 3117 5506 3308 5573; x_wconf 90' lang='lat' dir='ltr'><strong>frater,</strong></span> <span class='ocrx_word' id='word_1_752' title='bbox 3335 5503 3533 5560; x_wconf 90' lang='lat' dir='ltr'><strong>litteris</strong></span> <span class='ocrx_word' id='word_1_753' title='bbox 3564 5502 3763 5560; x_wconf 80' lang='lat' dir='ltr'><strong>edocen-</strong></span> 
     </span>
    </p>
   </div>
   <div class='ocr_carea' id='block_1_118' title="bbox 2219 5592 3764 5670">
    <p class='ocr_par' dir='ltr' id='par_1_118' title="bbox 2219 5592 3764 5670">
     <span class='ocr_line' id='line_1_119' title="bbox 2219 5592 3764 5670; baseline -0.009 -11"><span class='ocrx_word' id='word_1_754' title='bbox 2219 5602 2338 5668; x_wconf 91' lang='lat' dir='ltr'><strong>dos,</strong></span> <span class='ocrx_word' id='word_1_755' title='bbox 2393 5601 2658 5670; x_wconf 89' lang='lat' dir='ltr'><strong>bonisque</strong></span> <span class='ocrx_word' id='word_1_756' title='bbox 2702 5598 2943 5654; x_wconf 90' lang='lat' dir='ltr'><strong>moribus</strong></span> <span class='ocrx_word' id='word_1_757' title='bbox 2997 5599 3341 5655; x_wconf 88' lang='lat' dir='ltr'><strong>iustruendos</strong></span> <span class='ocrx_word' id='word_1_758' title='bbox 3388 5598 3481 5654; x_wconf 93' lang='lat' dir='ltr'><strong>tibi</strong></span> <span class='ocrx_word' id='word_1_759' title='bbox 3530 5592 3764 5667; x_wconf 51' lang='lat' dir='ltr'><strong>praecipuo</strong></span> 
     </span>
    </p>
   </div>
   <div class='ocr_carea' id='block_1_119' title="bbox 2220 5692 3761 5759">
    <p class='ocr_par' dir='ltr' id='par_1_119' title="bbox 2220 5692 3761 5759">
     <span class='ocr_line' id='line_1_120' title="bbox 2220 5692 3761 5759; baseline -0.009 -8"><span class='ocrx_word' id='word_1_760' title='bbox 2220 5694 2518 5759; x_wconf 89' lang='lat' dir='ltr'><strong>transmisi,</strong></span> <span class='ocrx_word' id='word_1_761' title='bbox 2550 5695 2778 5749; x_wconf 90' lang='lat' dir='ltr'><strong>honeste</strong></span> <span class='ocrx_word' id='word_1_762' title='bbox 2840 5700 2897 5748; x_wconf 89' lang='lat' dir='ltr'><strong>et</strong></span> <span class='ocrx_word' id='word_1_763' title='bbox 2931 5692 3224 5748; x_wconf 89' lang='lat' dir='ltr'><strong>secundum</strong></span> <span class='ocrx_word' id='word_1_764' title='bbox 3256 5692 3580 5747; x_wconf 89' lang='lat' dir='ltr'><strong>voluntatem</strong></span> <span class='ocrx_word' id='word_1_765' title='bbox 3616 5695 3761 5741; x_wconf 85' lang='lat' dir='ltr'><strong>meam</strong></span> 
     </span>
    </p>
   </div>
   <div class='ocr_carea' id='block_1_120' title="bbox 2223 5784 3761 5858">
    <p class='ocr_par' dir='ltr' id='par_1_120' title="bbox 2223 5784 3761 5858">
     <span class='ocr_line' id='line_1_121' title="bbox 2223 5784 3761 5858; baseline -0.004 -13"><span class='ocrx_word' id='word_1_766' title='bbox 2223 5789 2442 5846; x_wconf 81' lang='lat' dir='ltr'><strong>tractari</strong></span> <span class='ocrx_word' id='word_1_767' title='bbox 2486 5788 2844 5858; x_wconf 87' lang='lat' dir='ltr'><strong>quorumdam</strong></span> <span class='ocrx_word' id='word_1_768' title='bbox 2887 5784 3146 5841; x_wconf 81' lang='lat' dir='ltr'><strong>relatione</strong></span> <span class='ocrx_word' id='word_1_769' title='bbox 3175 5786 3432 5855; x_wconf 82' lang='lat' dir='ltr'><strong>cognovi;</strong></span> <span class='ocrx_word' id='word_1_770' title='bbox 3466 5799 3562 5854; x_wconf 88' lang='lat' dir='ltr'><strong>pro</strong></span> <span class='ocrx_word' id='word_1_771' title='bbox 3594 5792 3688 5851; x_wconf 70' lang='lat' dir='ltr'><strong>qva</strong></span> <span class='ocrx_word' id='word_1_772' title='bbox 3715 5785 3761 5828; x_wconf 68' lang='grc' dir='ltr'><strong>τε</strong></span> 
     </span>
    </p>
   </div>
  </div>
