3864 6304
81 354 165 411 5-H

1528 346 1902 407 EPISTOLE.

3220 338 3326 397 5‘2

81 469 258 542 gratias
280 461 607 537 benignitati
637 468 742 516 tua:
772 460 969 525 refero,
1001 467 1135 518 etut
1173 460 1369 532 ereptis
1399 459 1637 527 insistas,
1667 463 1718 523 Α
1814 458 1973 542 vatim
1997 456 2259 511 condonet
2281 454 2420 527 quod
2457 470 2519 509 ea
2550 469 2653 510 non
2682 454 2967 510 observant
3002 470 3120 525 quae
3153 453 3329 525 iujum

83 562 119 616 si
149 570 315 613 tamen
358 552 736 611 admonitione
775 550 1009 624 indiges,
1040 552 1331 609 admouere
1372 560 1424 609 te
1461 552 1640 622 cupio.

79 646 455 706 Cbarissimum
496 642 628 699 mihi
655 640 845 697 fratris
870 643 976 697 mei
1010 642 1202 710 filium,
1236 642 1463 699 fratrem
1491 643 1642 699 vide-

83 742 184 797 licet
215 747 385 803 tuum,
414 728 673 792 charitati
714 744 818 789 tuae
859 732 1204 799 commendo,
1240 749 1461 802 rogans,
1503 733 1645 788 sicut

82 832 238 903 rogari
265 836 485 900 oportet
526 843 555 882 a
589 841 676 881 me
713 824 1164 894 iucundissimum
1198 825 1367 880 lilium
1398 825 1645 880 fratrem-

84 940 171 995 que
200 937 397 987 meum,
423 928 701 992 quatenus
727 933 853 973 cum
882 932 1075 989 magna
1103 916 1446 986 jucunditate
1477 918 1642 973 animi

84 1018 147 1073 tui
173 1032 287 1072 eum
315 1015 536 1085 diligas,
567 1023 623 1069 et
661 1012 730 1068 ad
755 1011 923 1066 vitam
952 1011 1279 1066 laudabilem
1309 1027 1409 1082 pro
1437 1011 1646 1068 viribus

86 1108 175 1163 tuis
192 1105 487 1161 informare
513 1121 620 1162 non
644 1102 880 1158 desinas.
905 1101 1156 1157 Fratrem
1186 1111 1334 1156 tuum
1360 1111 1645 1172 propterea

87 1199 180 1252 diri
225 1197 392 1261 illum,
435 1202 601 1265 quem
656 1194 777 1267 [al.,
823 1192 1104 1266 quoniam]
1147 1207 1339 1248 revera
1374 1193 1473 1248 sibi
1528 1209 1647 1250 esse

88 1290 189 1345 volo
224 1289 563 1359 multumque
623 1303 784 1357 rogo;
827 1303 952 1342 nam
997 1296 1054 1343 et
1099 1302 1288 1343 revera
1328 1288 1648 1343 venerabilis

87 1392 236 1436 mater
277 1389 392 1447 tua,
445 1380 590 1436 sicut
643 1379 776 1434 mihi
824 1379 1051 1434 relatum
1102 1387 1202 1445 est,
1268 1379 1436 1435 ﬁlium
1489 1396 1647 1436 suum

86 1473 307 1529 eumdem
327 1488 528 1528 vocare
549 1473 822 1544 dignatur,
848 1487 972 1527 cum
986 1471 1085 1537 illa
1107 1470 1175 1527 de
1196 1472 1649 1530 excellentissimo

87 1578 279 1634 genere,
327 1562 433 1618 iste
491 1562 682 1617 humili
730 1562 852 1617 loco
896 1560 969 1617 sit
1016 1569 1201 1628 natus,
1252 1560 1441 1630 procul
1488 1560 1650 1617 dubio

88 1663 337 1724 receptura
368 1654 440 1708 ab
469 1667 537 1708 eo
569 1653 878 1709 mercedem
908 1667 1065 1709 suam
1104 1652 1196 1722 qui
1222 1652 1361 1707 dixit
1396 1671 1408 1707 :
1451 1652 1557 1719 Qui
1596 1669 1650 1707 se

88 1743 319 1810 hamiliat,
364 1743 698 1798 excitabitur
742 1741 895 1814 (Luc.
943 1758 1057 1808 xlv,
1102 1741 1215 1813 Il).
1258 1742 1487 1797 Crucem
1526 1757 1648 1797 cum

89 1830 323 1903 reliquiis,
378 1833 748 1889 fraternitatis
814 1840 918 1888 tute
980 1831 1153 1888 oculis
1221 1832 1349 1888 dum
1424 1832 1649 1888 missam

87 1926 299 1985 celebras
359 1929 853 1999 conspiciendam,
923 1927 1019 1983 tibi
1073 1927 1428 1991 transmitto;
1487 1940 1650 1995 quam

89 2026 325 2087 perpetua:
353 2019 621 2075 amicitiae
667 2028 1077 2075 monumentum
1112 2018 1259 2074 inter
1300 2026 1352 2074 te
1387 2024 1439 2073 et
1473 2016 1650 2088 ipsum

90 2122 189 2162 esse
216 2108 479 2164 desidero.

146 2197 316 2268 Magno
340 2200 547 2269 gaudio
585 2214 673 2255 me
708 2200 951 2270 replesti,
987 2199 1114 2270 quia
1144 2197 1563 2268 promissionem
1594 2195 1649 2251 in

91 2290 288 2358 pueritia
330 2291 562 2360 factam,
610 2293 665 2347 in
711 2292 999 2363 jnventute
1050 2291 1229 2347 adhuc
1268 2305 1367 2360 per
1412 2289 1651 2346 divinam

93 2380 493 2437 misericordiam
545 2390 599 2437 te
651 2396 873 2439 servare
922 2382 1220 2453 scripsisti;
1277 2396 1441 2450 quam
1491 2382 1537 2436 si
1584 2380 1652 2436 ad

94 2468 230 2525 ﬁnem
263 2471 483 2528 illaesam
538 2473 883 2544 pet-duxeris,
922 2472 1220 2528 terribilem
1262 2471 1383 2527 aliis
1410 2470 1652 2541 judicem

94 2560 250 2625 procul
277 2562 440 2618 dubio
478 2578 608 2618 cum
644 2578 843 2632 magna
873 2562 1172 2619 securitate
1203 2560 1432 2617 videbis.
1467 2559 1652 2617 Omni-

96 2659 256 2718 potens
299 2652 440 2710 Dens
504 2653 654 2710 cordi
724 2662 817 2710 tuo
876 2669 975 2725 per
1036 2654 1212 2711 sancti
1267 2653 1505 2724 Spiritus
1569 2650 1654 2707 sui

97 2738 472 2810 inspirationem
508 2745 751 2800 inserere
787 2745 1060 2815 dignetur,
1099 2754 1369 2815 quatenus
1405 2744 1459 2798 in
1503 2742 1653 2800 omni

99 2838 229 2887 atate
286 2842 374 2889 tua
433 2835 522 2891 sic
575 2849 660 2889 me
716 2835 949 2907 diligas,
1004 2836 1148 2892 sicut
1202 2836 1255 2890 in
1314 2834 1550 2906 pueritia
1599 2843 1656 2890 et

100 2920 422 2978 adolescentia
457 2934 554 2979 tua
591 2925 866 2994 quondam
910 2925 1135 2997 diligere
1182 2940 1268 2981 me
1308 2925 1540 2980 solebas.
1587 2925 1655 2981 Et

101 3009 196 3078 ipse
249 3019 299 3066 te
360 3011 655 3068 benedth
684 3054 701 3079 ,
766 3022 931 3085 atque
984 3014 1053 3069 ab
1103 3013 1355 3070 omnibus
1416 3013 1655 3085 peccatis

102 3101 383 3170 propitiatus
409 3103 687 3159 absolvat.

600 3194 894 3253 EPISOLA
937 3196 1120 3255 XLVI.

677 3309 746 3348 Αι)
783 3309 1024 3353 ΕυΙυΕΙ.

104 3378 432 3449 ιΕςτοιαηιειη
480 3383 807 3451 cumulatur,
856 3397 905 3439 et
954 3387 1299 3456 pharmacum
1349 3388 1508 3442 mittit
1553 3404 1657 3455 quo

762 3466 961 3508 utatur.

762 3466 961 3530 utatur.

161 3545 505 3606 DilecL'ssimo
545 3549 698 3605 fratri
740 3549 1050 3614 Gounuuo,
1098 3548 1267 3604 frater
1309 3548 1658 3606 ΒΑΜ-λησης

108 3636 504 3697 benedictionem
532 3659 562 3696 a
590 3642 718 3708 Deo,
749 3651 802 3697 et
830 3649 1140 3712 perpetuam
1171 3642 1425 3696 salutem.

160 3727 319 3786 Lectis
347 3733 551 3790 litteris
588 3733 945 3788 fraternitatis
976 3744 1103 3797 tuae,
1135 3732 1303 3787 multa
1338 3742 1390 3788 te
1429 3732 1657 3805 cognovi

107 3822 380 3891 egritudine
424 3828 706 3893 laborare,
753 3842 852 3896 pro
878 3842 983 3896 qua
1026 3841 1084 3882 re
1123 3827 1313 3882 hortor
1347 3841 1417 3881 ne
1451 3826 1654 3893 doleas,

110 3911 198 3968 imo
243 3920 491 3988 gaudeas,
542 3928 740 3989 tuoque
784 3919 1051 3986 Creatori,
1092 3918 1185 3989 qui
1244 3918 1321 3973 de-
1363 3926 1415 3973 te
1470 3933 1654 3973 curam

109 4003 257 4072 habet,
300 3994 600 4067 indefessas
646 4012 851 4082 gratias
894 4010 1122 4076 referas,
1171 4010 1349 4065 sciens
1393 4009 1656 4080 scriptum

109 4107 209 4150 esse
227 4115 239 4149 :
258 4097 495 4154 Libenter
512 4100 779 4169 gloriabor
799 4101 853 4153 iu
875 4099 1266 4169 inﬁrmitatibus
1286 4100 1413 4153 meis
1426 4098 1510 4171 (11
1529 4097 1653 4154 Cor.

113 4198 191 4251 xu,
219 4187 314 4259 l5).
339 4190 400 4244 Et
428 4190 578 4244 aliud
611 4205 626 4243 :
664 4188 924 4259 Flagellat
965 4188 1220 4242 Dominus
1255 4205 1457 4243 onmem
1483 4188 1656 4257 ﬁlium

110 4290 230 4342 quem
272 4281 441 4350 recipit
487 4279 675 4351 (Hebr.
728 4296 829 4345 xu,
878 4279 953 4349 6).
1000 4278 1118 4333 Non
1165 4281 1310 4335 enim
1356 4288 1407 4334 te
1449 4280 1503 4334 iu
1550 4280 1655 4335 hoc

112 4364 271 4422 secqu
328 4371 493 4424 tantis
545 4368 770 4441 flagellis
832 4378 1129 4435 attereret,
1191 4370 1294 4425 nisi
1372 4378 1492 4440 post
1550 4371 1653 4425 hoc

112 4456 326 4513 saeculum
364 4461 483 4515 sine
519 4460 729 4531 ﬂagello
768 4471 819 4515 te
856 4476 977 4516 esse
1022 4461 1353 4531 disponeret.
1399 4461 1478 4515 Tn
1521 4477 1651 4533 ergo

114 4558 342 4605 memento
375 4554 475 4618 tui,
513 4567 819 4608 memorare
842 4552 1137 4607 novissima
1167 4561 1279 4618 tua,
1313 4560 1368 4608 et
1394 4553 1653 4609 confitere

113 4645 296 4701 peccata
345 4649 466 4708 tua;
527 4643 629 4697 hoc
674 4641 822 4697 enim
874 4640 1110 4709 faciens,
1165 4651 1258 4697 aut
1313 4644 1649 4713 corporalem

115 4726 305 4786 salutem
360 4749 390 4789 a
448 4734 563 4790 Deo
621 4734 1013 4803 consequeris,
1080 4743 1176 4788 aut
1238 4742 1466 4788 mortem
1531 4733 1653 4790 aliis

116 4826 410 4882 metuendam
462 4828 580 4882 sine
622 4838 766 4881 metu
818 4826 1186 4897 exspectabis;
1237 4842 1356 4896 qua:
1404 4826 1656 4883 videlicet

116 4910 197 4965 erit
222 4914 330 4970 linis
353 4919 446 4973 tibi
478 4919 765 4983 malorum,
794 4918 1121 4989 principium
1153 4932 1281 4971 vero
1306 4918 1592 4972 bonorum.

171 5003 301 5063 Mitto
354 5013 445 5067 tibi
497 5012 832 5082 diaprasium
881 5024 1160 5080 magnum,
1206 5010 1350 5079 quod
1398 5010 1465 5064 ad
1514 5010 1656 5067 hanc

117 5092 444 5160 infirmitatem
480 5104 637 5159 valde
686 5104 821 5158 utile
857 5118 978 5159 esse
1010 5102 1551 5173 medicioperhibent,
1590 5105 1658 5159 de

120 5198 204 5251 (Ιιιο
240 5190 286 5244 in
325 5195 535 5249 modum
586 5194 867 5267 sylvestris
909 5193 1064 5249 nucis
1110 5192 1267 5248 tertia
1312 5208 1526 5264 semper
1566 5192 1655 5248 die

119 5278 333 5348 accipies.
380 5284 733 5357 Omnipotens
781 5285 1042 5340 Dominus
1086 5292 1271 5339 custos
1318 5283 1395 5338 tui
1439 5297 1655 5352 semper

120 5369 323 5439 existat,
374 5386 537 5447 atque
591 5378 661 5433 ab
721 5376 974 5432 omnibus
1034 5375 1272 5446 peccatis
1330 5374 1657 5445 propitiatus

117 5463 338 5521 absolvat.

567 5561 901 5619 EPISTOLA
946 5560 1155 5617 XLVII.

293 5669 356 5707 AD
393 5670 737 5711 LANFRANCUK
770 5673 841 5713 ΕΤ
872 5670 1141 5711 υυιυοκειι
1181 5670 1438 5712 παλτιιεε.

120 5732 251 5809 326
296 5740 495 5818 Nepoti,
537 5747 751 5818 ejusque
793 5748 918 5801 olim
968 5749 1160 5815 amico,
1212 5764 1349 5818 nunc
1392 5746 1548 5815 fratri
1599 5746 1655 5801 in

174 5815 476 5884 monasterio,
526 5815 782 5874 salutaria
822 5818 911 5882 dat
955 5821 1165 5875 monita.
1215 5816 1277 5872 Et
1326 5818 1497 5888 nepoti
1541 5819 1652 5888 pri-

1816 537 1979 583 terat.

1750 616 1751 623 “
1818 616 2194 673 Dilectissimis
2246 613 2506 670 fratribus
2560 614 2878 671 Ltarnasco
2944 623 2998 669 et
3058 615 3325 679 GUIDOM,

1748 710 1938 766 Frater
1982 710 2354 775 Laurnascus,
2399 716 2718 779 perpetuam
2763 725 2793 763 a
2835 709 3063 764 Domino
3103 709 3329 764 benedi-

1746 803 2004 860 ctionem.

1817 892 1955 961 Quia
1984 892 2261 957 divinitus,
2290 899 2353 946 ut
2374 890 2562 957 ‘credo,
2592 905 2689 946 vos
2717 889 2985 946 dilexistis
3019 890 3071 944 iu
3100 891 3328 958 saeculo,

1752 1000 1879 1057 rogo
1917 994 1976 1039 ut
2020 985 2224 1056 rogetis
2260 986 2427 1040 Deum
2487 992 2777 1053 quatenus,
2821 982 2938 1051 ipso
2978 990 3331 1050 coeperante,

1748 1094 1846 1134 vos
1867 1076 2171 1148 diligatisin
2188 1091 2254 1131 eo
2275 1074 2418 1145 quod
2443 1073 3016 1143 assumpsistissancto
3030 1072 3329 1143 proposito.

1748 1169 1902 1224 Alter
1948 1167 2103 1222 alteri
2156 1167 2228 1222 sit
2272 1166 2326 1221 in
2377 1165 2724 1223 tribulatione
2769 1164 3054 1230 solatium;
3089 1164 3226 1218 alter
3263 1163 3333 1219 ab

1751 1259 1974 1316 alterius
1995 1259 2105 1313 vita
2126 1266 2307 1312 sumat
2328 1266 2531 1312 sancta‘
2554 1254 2984 1313 conversationis
3000 1254 3331 1323 exemplum.

1752 1353 2123 1409 Humilitatem
2161 1352 2414 1407 omnibus
2450 1350 2743 1417 ostendite,
2773 1348 2988 1420 linguas
3018 1356 3232 1403 vestras
3264 1347 3333 1402 ab

1751 1446 1898 1503 omni
1952 1444 2303 1513 derogatione
2350 1442 2555 1500 salubri
2616 1442 2738 1515 [al.,
2788 1440 3054 1514 fraterna]
3101 1455 3334 1496 censura

1751 1536 2078 1607 compescite
2095 1553 2111 1602 ;
2128 1536 2174 1591 si
2197 1536 2321 1606 quis
2345 1533 2633 1605 cujuslibet
2656 1532 2843 1588 fratris
2868 1533 3033 1588 vitam
3056 1528 3337 1588 Theodin

1752 1627 1914 1684 dente
1968 1628 2163 1683 rodere
2197 1667 2212 1692 ,
2282 1628 2327 1683 si
2390 1634 2671 1682 correctus
2723 1641 2754 1680 a
2817 1624 2972 1681 vobis
3042 1625 3338 1680 emendare

1753 1719 2073 1790 neglexerit,
2097 1734 2127 1774 a
2149 1725 2329 1774 vestro
2351 1716 2619 1788 colloquio
2642 1725 2913 1772 arceatur.
2946 1714 3218 1786 Quidquid
3242 1714 3335 1769 alii

1679 1807 1726 1868 Β
1754 1810 1822 1867 de
1864 1810 2014 1866 vobis
2039 1811 2222 1866 dicant
2252 1809 2537 1864 laudantes
2566 1808 2798 1864 fortasse
2829 1816 2884 1864 et
2906 1806 3335 1879 magniﬁcantes,

1754 1905 1899 1988 quod
1933 1911 2212 1974 parentes,
2236 1903 2632 1974 possessiones,
2656 1900 2895 1957 carnalia
2932 1899 3335 1957 oblectamenta

1752 2011 1853 2067 pro
1900 1995 2012 2052 Deo
2065 1993 2495 2065 contempsistis,
2546 2006 2645 2047 vos
2693 2005 2911 2063 semper
2958 1990 3226 2045 introrsus
3265 1987 3337 2042 ad

1754 2086 2117 2144 conscientias
2154 2093 2363 2140 vestras
2408 2082 2603 2148 redite,
2635 2090 2953 2152 peccatores
2993 2094 3091 2134 vos
3120 2092 3338 2147 semper

1754 2196 1875 2237 esse
1896 2180 2226 2251 cognoscite,
2266 2186 2322 2233 et
2350 2176 2588 2247 peccatis
2611 2174 2808 2230 vestris
2833 2172 3105 2229 coutinuis
3129 2168 3336 2227 oratio~

1754 2271 1912 2325 nibus
1937 2269 2105 2324 Deum
2134 2266 2427 2338 propitium
2449 2264 2565 2320 fore
2592 2264 2885 2334 deposcite.

1823 2360 2122 2416 Adversum
2168 2367 2241 2425 te,
2273 2357 2596 2413 cbarissime
2625 2371 2815 2426 nepos,
2851 2368 3106 2425 magnum
3141 2351 3340 2408 mentis

1756 2466 2037 2509 rancorem
2098 2448 2343 2520 concepi,
2400 2448 2525 2518 quia
2570 2446 2823 2503 videlicet
2866 2454 3235 2516 transgressus
3278 2457 3340 2497 es

1754 2552 2113 2616 praaceptum;
2153 2540 2296 2610 quod
2324 2539 2390 2594 de
2415 2539 2518 2595 hoc
2539 2538 2728 2594 ordine
2750 2535 2983 2608 primum
3009 2535 3104 2590 tibi
3131 2532 3341 2603 injunxi

1755 2633 1849 2690 sed
1876 2631 2271 2688 interveniente
2296 2628 2601 2685 venerando
2623 2626 2787 2681 Patre
2811 2624 3034 2680 domino
3056 2622 3336 2689 Anselmo,

1756 2726 1841 2782 cui
1874 2725 2016 2781 sicut
2057 2723 2168 2779 Deo
2203 2722 2427 2778 obedire
2473 2719 2749 2784 desidero,
2790 2718 3002 2773 sincero
3043 2716 3135 2771 tibi
3180 2714 3343 2771 corde

1757 2815 1906 2872 illam
1951 2828 2151 2871 noxam
2201 2812 2475 2883 indulgeo,
2525 2819 2581 2866 et
2627 2823 2821 2865 moneo
2871 2824 2941 2864 ne
2988 2806 3094 2862 tale
3138 2804 3344 2876 aliquid

1757 2907 1989 2979 amplius
2018 2905 2211 2971 facias,
2250 2904 2376 2974 quia
2416 2917 2525 2973 quo
2551 2900 2848 2971 impensius
2881 2898 3116 2954 amicum
3147 2896 3340 2967 diligo,

1757 3016 1822 3057 eo
1861 2999 2095 3070 amplius
2139 2997 2400 3066 majorem
2436 3002 2623 3050 contra
2665 3007 2789 3047 eum
2843 2990 2981 3045 iram
3032 3004 3129 3059 pro
3174 3001 3343 3057 parva

1759 3091 1925 3147 etiam
1958 3088 2115 3158 culpa
2148 3084 2416 3155 concipio.
2448 3082 2800 3153 Omnipotens
2835 3081 3095 3137 Dominus
3122 3093 3218 3133 sua
3245 3091 3343 3132 vos

1682 3164 1729 3229 (ἶ
1762 3183 1934 3255 gratia
1960 3190 2227 3253 protegat,
2244 3177 2487 3249 atqueab
2510 3175 2765 3233 omnibus
2787 3174 3026 3246 peccatis
3046 3172 3345 3229 clementer

1762 3274 2008 3331 absolvat

2244 3359 2578 3431 EPISTOLA
2620 3357 2843 3413 XLVIII.

2204 3469 2273 3508 ΑΙ)
2312 3467 2632 3508 ινιιιιεωιωι
2670 3462 2905 3505 PATRIS“.

1762 3543 1830 3600 Ut
1864 3551 2147 3599 ltruostum
2187 3543 2413 3613 priorem
2445 3542 2710 3613 designet;
2738 3539 2878 3611 quod
2993 3537 3121 3607 quid
3151 3537 3339 3605 obstet,

1971 3615 2077 3668 alia
2109 3608 2326 3667 consilia
2357 3608 2583 3682 suggerit
2618 3608 2907 3681 qute'sequi
2930 3608 3101 3663 liceat.

1832 3705 2193 3763 Dilectissimo
2226 3703 2373 3760 Patri
2414 3702 2741 3767 WILLELuo,
2776 3701 3124 3756 Lasrnascus
3164 3715 3337 3769 quon-

1760 3801 1883 3861 dam
1924 3788 2274 3854 dulcissimus
2300 3837 2315 3864 ,
2355 3804 2411 3851 et
2449 3796 2656 3849 utinam
2703 3810 2843 3850 nunc
2888 3793 3085 3849 saltem
3120 3791 3290 3848 dulcis
3324 3792 3338 3845 ι

1760 3888 2022 3961 quidquid
2060 3889 2116 3944 in
2163 3887 2268 3943 hoe
2308 3886 2506 3943 saeculo
2546 3894 2601 3942 et
2640 3886 2695 3941 in
2741 3884 2927 3941 futuro
2968 3884 3251 3940 honestius
3288 3890 3345 3937 et

1760 3981 1973 4036 melius.

1829 4076 1888 4131 ln
1918 4074 2117 4130 litteris
2138 4088 2274 4145 quas
2306 4088 2481 4144 nuper
2510 4069 2907 4135 transmisistis,
2941 4069 3045 4125 hoc
3070 4066 3341 4139 praecipue

1758 4167 1901 4223 inter
1952 4176 2147 4222 caetera
2192 4165 2449 4235 posuistis
2496 4172 2552 4219 et
2620 4162 2889 4233 rogastis,
2938 4167 3033 4222 ut,
3083 4166 3233 4212 moto
3274 4170 3341 4211 eo

1756 4258 1850 4327 qni
1884 4272 2030 4311 nunc
2058 4256 2334 4325 praesidet,
2372 4255 2440 4309 de
2471 4251 2847 4308 substituendo
2878 4247 3121 4304 ecclesiae
3142 4252 3341 4299 vestrae

1756 4346 1939 4415 priore
1965 4345 2120 4400 vobis
2149 4342 2509 4407 consulerem,
2535 4338 2890 4409 consultaque
2926 4338 3026 4393 sub
3057 4334 3339 4391 celeritate

1757 4436 2085 4501 scriberem;
2120 4450 2285 4506 quam
2346 4449 2458 4488 rem
2505 4433 2766 4489 fratribus
2806 4430 2899 4503 qui
2944 4444 3158 4486 mecum
3217 4436 3346 4485 sunt

1684 4521 1731 4579 D
1759 4528 2006 4593 ostendi,
2055 4526 2296 4595 mihique
2344 4525 2629 4581 consulere
2676 4523 2875 4580 volenti
2922 4531 3191 4593 quatenus
3237 4521 3340 4591 ipsi

1762 4633 1981 4692 quoque
2053 4617 2406 4673 consulerent
2471 4617 2670 4672 obnixe
2751 4615 2961 4685 rogavi.
3024 4612 3339 4670 Communis

1761 4712 2006 4767 omnium
2032 4710 2303 4765 sententia
2336 4708 2437 4763 fuit
2461 4717 2538 4772 ut,
2569 4708 2614 4762 si
2647 4707 2829 4779 aliquo
2851 4707 3147 4763 secundum
3172 4704 3340 4758 Deum

1762 4804 1924 4860 modo
1982 4801 2192 4860 elIicere
2248 4800 2492 4866 valeatis,
2538 4815 2808 4855 summum
2855 4797 3100 4854 ecclesia:
3145 4802 3343 4852 vestrm

1762 4895 2000 4965 priorem
2043 4892 2301 4947 domuum
2341 4889 2632 4944 Ernostum
2672 4889 3049 4955 constituatis;
3102 4885 3246 4957 quod
3294 4883 3340 4939 si

1762 4988 1880 5057 ipse
1906 4984 2167 5046 tenuerit,
2202 4990 2297 5037 aut
2338 4981 2573 5038 fortasse
2600 4981 2849 5037 dominus
2890 4981 3058 5035 abbas
3102 4980 3228 5033 huic
3266 4976 3346 5032 rei

1763 5084 2085 5134 consenSum
2108 5075 2350 5145 praebere
2373 5071 2625 5138 uoluerit,
2655 5072 2902 5126 ordinate
2921 5084 3081 5140 quem
3109 5081 3340 5123 concors

1761 5172 1993 5226 fratrum
2045 5168 2241 5224 electio
2295 5165 2653 5221 ordinandum
2705 5163 3029 5219 decreverit.
3089 5160 3148 5216 Si
3205 5172 3338 5215 vero

1761 5261 1916 5317 vobis
1955 5261 2059 5315 hoc
2094 5257 2382 5314 consilium
2414 5254 2767 5326 displicuerit,
2798 5253 2976 5322 capite
3021 5249 3151 5305 illud
3192 5248 3337 5318 quod

1758 5366 1949 5407 sanum
1996 5347 2224 5418 sapienti
2267 5344 2556 5414 displicere
2594 5358 2701 5398 non
2738 5341 2956 5411 poterit,
2995 5338 3247 5394 videlicet
3282 5344 3343 5391 ut

1761 5441 1934 5512 agatis
1954 5439 2096 5508 quod
2119 5452 2185 5493 ex
2206 5452 2302 5493 ore
2324 5434 2505 5492 domui
2537 5433 2750 5489 abbatis
2783 5430 3023 5486 Herluini
3046 5427 3343 5497 domuique

1762 5534 2003 5590 Anselmi
2050 5531 2315 5603 agendum
2352 5544 2475 5584 esse
2515 5524 2901 5595 cognoveritis.
2924 5522 3059 5578 Nam
3105 5536 3228 5594 ego,
3281 5529 3347 5576 ut-

1759 5635 2015 5697 peccator
2042 5626 2223 5689 homo,
2255 5621 2422 5679 divini
2450 5618 2661 5676 consilii
2690 5618 2912 5688 ignarus
2932 5616 3134 5681 existo,
3157 5623 3214 5671 et
3239 5612 3342 5686 ipsi

1761 5719 1999 5787 utrique,
2049 5727 2109 5771 ut
2152 5716 2449 5779 credimus,
2495 5712 2700 5783 Spiritu
2750 5711 2844 5766 Dei
2896 5710 3039 5782 pleni
3086 5719 3232 5775 sunt,
3284 5717 3340 5790 et

1760 5826 1941 5869 secum
1986 5810 2205 5876 habent,
2256 5805 2347 5879 qui
2394 5808 2446 5862 iu
2494 5804 2652 5878 hujus
2697 5804 2881 5861 tuuudi
2925 5804 3153 5877 negotiis
3202 5796 3341 5872 apud
