3938 6288
527 342 638 396 543

1489 331 1549 385 Β.
1591 327 1987 387 LANFRANCI
2023 322 2372 383 CANTUAH.
2409 323 2729 381 ARCHIEP.
3668 331 3752 389 δα

532 447 694 507 Π-ιιιιι
730 450 986 521 adjuvare
1022 463 1115 503 eos
1149 448 1350 504 Valent.
1393 445 1583 501 Divina
1624 448 1907 517 majestas,
1949 457 2111 497 vene—
2140 443 2193 500 Δ
2220 436 2470 506 imponil.
2501 438 2698 494 mullos
2742 436 3076 495 orthodoxos
3123 435 3415 508 principes,
3447 438 3537 510 qni
3579 448 3753 518 magnis

528 543 694 597 rande
745 541 905 594 Pater
942 540 1285 610 jocundeque
1339 535 1545 599 frater,
1596 544 1649 590 te
1690 534 1999 598 benedicat,
2043 532 2121 601 ab,

530 633 783 689 omnibus
806 632 1043 703 peccatis
1069 644 1291 700 prorsus
1324 627 1587 682 absolvat.

1036 717 1371 773 EPISTOLA
1414 711 1597 771 XLIX.

941 824 1007 863 AD
1048 819 1386 862 Δῡειειικυιι
1425 820 1693 859 ΑΒΒᾹΤΕἏ.

529 900 814 955 lutet-cedit
834 916 927 970 pro
951 898 1221 970 monachis
1242 891 1333 967 qui
1352 896 1419 970 de
1432 896 1753 970 monasterio
1774 902 2111 957 recesserant,

817 966 888 1036 et,
914 971 1093 1040 agnita
1121 967 1296 1037 culpa,
1332 967 1499 1019 redire
1522 966 1817 1034 cupiebant.

600 1062 952 1116 LANl-‘RANCUS
995 1059 1466 1127 aI‘ClllelSCupllS,
1512 1056 1865 1110 dilectissimo
1910 1054 2021 1109 filio
2061 1065 2117 1109 et

528 1155 704 1208 amico
742 1155 1048 1207 Aoumque
1094 1149 1185 1223 [[2,
1222 1148 1539 1219 Αιιεωῖιιιο]
1567 1146 1746 1201 abbati
1790 1146 2016 1201 salutem
2063 1153 2116 1201 et

529 1247 988 1301 benedictionem.

601 1334 819 1390 Fratres
866 1334 952 1389 isti
1004 1333 1071 1387 ad
1122 1349 1209 1389 me
1258 1340 1527 1389 venerunt
1572 1340 1894 1386 accusantes
1941 1336 2023 1395 Se,
2063 1336 2115 1385 et

532 1430 777 1505 dicentes
812 1429 863 1483 in
905 1444 1000 1483 vos
1043 1429 1282 1498 graviter
1311 1441 1589 1497 peccasse,
1636 1435 1690 1481 et
1722 1442 1816 1479 sua
1856 1424 2013 1492 culpa
2051 1425 2117 1478 de

533 1522 864 1576 monasterio
904 1521 1227 1585 recessisse;
1269 1534 1371 1587 ego
1417 1519 1875 1583 verostnltitiam
1924 1533 2113 1572 eorum

534 1616 615 1667 eis
639 1613 982 1667 audientibus
1014 1612 1239 1685 multum
1266 1612 1487 1679 adauxi,
1520 1620 1574 1667 et
1602 1612 1733 1665 satis
1755 1610 1924 1673 duris,
1952 1610 2114 1681 325

529 1713 690 1774 atque
728 1705 1085 1760 amnissimis
1122 1705 1305 1759 verbis
1345 1720 1459 1770 cos,
1504 1714 1663 1774 prout
1693 1704 1896 1767 decuit,
1933 1702 2125 1756 inore-4

2218 542 2343 582 eum
2393 527 2637 583 laudibus
2666 527 2999 593 extulerunt,
3040 528 3283 599 ejusdem
3337 530 3535 586 erroris
3576 539 3753 594 macula

2220 620 2461 676 involvit.
2504 621 2753 675 Gelasius
2802 635 2938 690 papa
2968 616 3021 674 in
3055 620 3290 676 decretis
3342 621 3454 675 suis
3500 624 3637 691 (dist.
3682 629 3750 695 l5,

2221 726 2344 765 ean.
2374 712 2463 783 l3)
2511 727 2698 767 omnes
2734 712 2904 768 libros
2925 711 3049 782 ejus
3071 700 3536 767 inter'catholicas
3554 716 3751 787 scriptu-

2221 818 2311 857 ras
2348 813 2649 859 enumerat.
2705 804 2833 872 Ejus
2861 805 3157 859 auctoritas
3208 804 3261 858 in
3304 805 3475 860 sacris
3500 810 3755 866 eanonilnts

2220 894 2603 958 decentissime
2654 904 3009 961 memoratur,
3084 895 3347 965 recipitur
3412 904 3467 949 et
3527 896 3757 956 laudatur.

2224 987 2461 1041 Sanetus
2495 986 2830 1056 Augustinus
2858 987 2910 1040 in
2946 985 3085 1040 libro
3125 985 3202 1040 De
3230 986 3498 1041 Trinitate
3550 987 3656 1057 (lib.
3697 1006 3765 1058 vi,»

2221 1094 2341 1149 cap.
2371 1080 2479 1149 ll),
2519 1079 2809 1133 excellenti
2839 1095 2963 1133 eum
2996 1079 3155 1133 laude
3186 1080 3421 1143 extollit,
3451 1087 3507 1133 et
3552 1083 3755 1150 quzedam

2222 1174 2290 1227 ab
2330 1187 2395 1227 eo
2424 1174 2488 1227 de
2518 1172 2705 1236 Patre,
2736 1180 2789 1227 et
2821 1171 2982 1236 Filio,
3012 1181 3067 1226 et
3111 1172 3318 1242 Spiritu
3347 1178 3535 1226 Sancto
3567 1172 3757 1231 obscure

2222 1266 2364 1319 dicta
2395 1263 2732 1319 enucleatius
2757 1264 3001 1332 exponit.
3026 1263 3223 1317 Beatus
3244 1263 3600 1333 Hieronymus
3618 1281 3775 1335 quain

2224 1355 2293 1409 tis
2321 1371 2442 1409 eum
2470 1348 2768 1423 omnesque
2816 1354 2983 1408 libros
3010 1354 3127 1423 ejus
3154 1354 3208 1407 in
3237 1346 3556 1424 quibusdam
3581 1357 3759 1426 scriptis

2223 1447 2332 1501 suis
2350 1447 2634 1516 praeconiis
2646 1443 2823 1513 etl'ert,
2841 1446 3063 1517 epistola
3073 1446 3115 1500 ri
3132 1446 3399 1500 brevitate
3418 1449 3757 1516 comprehendi

2224 1554 2330 1593 non
2380 1546 2557 1608 potest
2606 1552 2855 1592 :vocans
2895 1551 3018 1592 eum
3068 1535 3445 1591 Romanorum
3495 1536 3757 1605 luciferum,

2223 1631 2587 1686 Ecclesiarum
2617 1629 2915 1698 lucernam,
2936 1629 3169 1699 lapidem
3200 1632 3523 1699 pretiosum,
3545 1631 3606 1684 ad
3631 1647 3758 1701 quem

2223 1722 2471 1775 mortalia
2529 1722 2616 1775 vix
2712 1722 3043 1788 ascendunt,
3093 1720 3321 1790 pulchro
3378 1735 3619 1776 sermone
3688 1738 3761 1777 au-

530 1796 674 1864 pavi.
717 1795 911 1851 Postea
961 1794 1279 1866 interrogati
1316 1809 1345 1847 a
1388 1808 1471 1849 me
1505 1794 1549 1847 si
1594 1793 1660 1848 de
1700 1804 1897 1863 caetero
1925 1793 2117 1847 vellent

2226 1828 2423 1882 reoque
2462 1815 2714 1868 universa
2743 1812 3073 1883 loquentem.
3106 1812 3297 1867 Crateri
3327 1826 3494 1867 sacrae
3528 1812 3761 1883 religionis

496 1888 839 1949 emendare.
884 1888 1280 1956 responderunt
1325 1902 1383 1941 se
1426 1886 1583 1961 velle,
1628 1895 1683 1940 et
1722 1886 1788 1941 de
1833 1887 1934 1941 hoc
1972 1886 2118 1965 qupd

528 1972 768 2048 egissent
813 1979 1105 2049 plurimum
1149 1993 1207 2033 se
1256 1978 1468 2043 dolere;
1517 1986 1571 2032 et
1614 1978 1819 2047 precati
1862 1986 1988 2033 sunt
2032 1992 2117 2032 me

529 2054 794 2140 quatenus
821 2088 916 2142 pro
942 2071 1021 2126 eis
1049 2070 1189 2140 apud
1214 2086 1310 2126 vos
1340 2071 1758 2135 intercederem,
1787 2080 1841 2126 et
1881 2084 1996 2125 mea
2023 2086 2118 2126 eos

531 2166 925 2224 intercessione
967 2166 1323 2233 monasterio,
1366 2164 1508 2221 unde
1555 2164 1825 2233 exierunt,
1873 2163 2115 2220 reconci-

534 2254 746 2309 liarem.

536 2398 537 2401 η
610 2350 952 2420 Quapropter
974 2349 1371 2408 fraternitatem
1395 2360 1631 2407 vestram
1664 2367 1880 2422 precor,
1909 2351 1951 2405 si
1979 2349 2115 2405 meis

536 2443 679 2511 apud
704 2457 824 2498 eam
857 2444 1110 2513 precibus
1138 2444 1297 2499 locus
1313 2444 1519 2507 existit,
1552 2456 1609 2498 ιιι
1638 2462 1736 2514 pro
1782 2459 1967 2497 amore
2019 2442 2113 2497 Dei

535 2544 591 2588 ct
626 2542 833 2595 nostro,
864 2534 1122 2605 quidquid
1154 2536 1207 2589 in
1253 2552 1349 2592 vos
1394 2545 1451 2591 et
1502 2546 1692 2592 contra
1715 2537 1959 2590 ordinem
1986 2535 2118 2589 deli-

534 2635 793 2690 quernnt,
841 2626 1057 2681 sincero
1111 2626 1275 2681 corde
1326 2627 1647 2691 remittatis;
1681 2634 1735 2680 et
1776 2628 1827 2681 itt
1861 2627 1975 2682 suis
2020 2642 2115 2683 eos

532 2715 686 2779 locis,
719 2719 772 2771 in
806 2720 1004 2788 quibus
1035 2728 1160 2774 ante
1210 2720 1421 2790 culpam
1474 2729 1652 2784 erant,
1684 2720 2016 2788 suscipiatis,
2060 2729 2114 2775 ct

530 2818 828 2879 paternum
862 2812 942 2867 eis
993 2811 1268 2875 affectum,
1307 2821 1365 2864 ut
1416 2810 1558 2866 Deus
1610 2812 1760 2866 vobis
1805 2812 2116 2868 misericors

533 2902 622 2966 sit,
661 2903 727 2959 de
761 2903 971 2972 reliquo
994 2902 1317 2958 ostendatis.

1106 2990 1433 3047 EPISTOLA
1484 2993 1548 3050 ῐι.

695 3101 762 3137 Αἰ)
803 3098 1168 3147 REGINALDCM,
1205 3099 1507 3146 SENTUNUH,
1547 3100 1617 3140 ΕΤ
1655 3102 1947 3143 HENRICUM.

536 3176 815 3261 Sanctum.
849 3179 1117 3258 Hilarium
1174 3179 1422 3261 adversus
1470 3177 1777 3261 Berengqrit'
1820 3180 2114 3235 calummaa
2147 3164 2190 3226 (Σ

604 3249 866 3316 defendit,
927 3247 1139 3319 ejusque
1201 3250 1382 3310 verba.
1437 3266 1552 3317 qmc
1608 3247 1661 3301 in
1726 3268 1942 3318 pravum
2003 3267 2117 3304 sem

603 3337 716 3441 slum
788 3321 1048 3387 (ru/iebat,
1102 3320 1388 3375 orthodoxe
1437 3321 1577 3373 dicta
1632 3331 1677 3373 et
1724 3322 2114 3390 interpretanda

608 3400 778 3443 locet.
1520 3404 1529 3409 '

608 3404 778 3443 (locet.
1520 3404 1529 3409 ’

606 3480 955 3536 Laxraaacus
1004 3481 1253 3546 antistes,
1292 3483 1663 3537 dilectissitnis
1711 3480 1975 3535 fratribus
2003 3479 2115 3532 RE-

535 3587 762 3627 cmunn
812 3573 1158 3630 Pictavorum
1196 3577 1347 3631 urbis
1377 3578 1582 3643 abbati,
1628 3586 1680 3631 et
1712 3577 1966 3632 διῖΝτυΝο
1998 3576 2116 3647 [al.,

538 3663 777 3735 εειιίκοῖ
806 3668 1097 3731 monacho,
1124 3676 1177 3721 et
1206 3667 1443 3722 lleanrco
1476 3669 1762 3729 canonico,
1792 3669 2044 3722 salutem.

612 3758 795 3812 Lectis
840 3759 1038 3813 litteris
1067 3776 1095 3813 a
1130 3769 1305 3814 vestra
1340 3761 1468 3814 mihi
1520 3777 1617 3831 per
1647 3762 1792 3815 hunc
1842 3760 2115 3813 hominem

539 3844 887 3901 fraternitate
922 3850 1254 3904 transmissis
1310 3850 1640 3904 voluntatem
1679 3859 1917 3904 vestram
1952 3848 2116 3902 inte]-

540 3938 668 3997 lwxi.
700 3939 742 3991 si
781 3938 1007 3993 facultas
1033 3941 1207 4004 detur,
1240 3942 1305 3993 ad
1342 3958 1425 3997 me
1452 3941 1725 3996 veniendi.
1756 3939 1809 3993 ld
1837 3940 2121 3994 connuode

540 4029 657 4085 fieri
692 4046 849 4101 posse
881 4048 984 4086 non
1010 4034 1279 4101 arbitror;
1315 4051 1436 4088 nam
1465 4042 1518 4087 et
1549 4035 1651 4087 iter
1696 4033 1961 4107 prolixum
1992 4043 2076 4087 est
2102 4049 2116 4085 :

526 4116 790 4190 pericula
826 4125 1014 4191 multa,
1053 4135 1221 4191 terra,
1274 4126 1559 4195 marique;
1592 4135 1648 4179 et
1703 4139 1804 4194 ego
1858 4133 1935 4179 tot
1997 4134 2119 4178 tan—

552 4215 728 4285 tisqttc
781 4206 941 4285 hujus
997 4218 1181 4273 mundi
1238 4219 1469 4288 negotiis
1524 4217 1812 4273 obvolutus
1872 4233 2015 4278 sum.
2064 4228 2124 4272 ut

540 4306 742 4367 talibus
787 4309 984 4363 studiis
1014 4309 1144 4364 dare
1199 4310 1331 4363 mihi
1383 4324 1601 4379 operam
1649 4310 1749 4363 hac
1798 4318 2123 4381 tempestate

542 4411 650 4451 non
698 4396 883 4453 liccat.
936 4398 991 4453 Si
1043 4400 1223 4453 divina
1278 4408 1520 4467 potestas
1549 4400 1855 4468 expeditum
1887 4414 1974 4453 me
2003 4415 2123 4454 esse

2221 1904 2496 1970 doctores,
2531 1905 2842 1974 quicunque
2871 1904 2938 1958 de
2968 1917 3031 1958 eo
3066 1902 3268 1973 aliquid
3328 1902 3495 1958 locuti
3535 1913 3667 1969 sunt,
3710 1905 3761 1961 ab

2222 1994 2412 2050 horutn
2453 1995 2739 2063 sententia
2788 1994 2843 2051 in
2890 1996 2995 2050 hac
3045 2003 3201 2065 parte
3257 1994 3486 2050 minime
3530 1996 3759 2052 dissense-

2223 2096 2369 2143 runt.

2293 2179 2485 2237 Tutius
2511 2179 2674 2249 igitur
2699 2187 2784 2234 est
2818 2164 3021 2235 lectori
3043 2179 3098 2234 in
3124 2178 3454 2235 difﬁcillimis
3490 2189 3759 2236 sanctorum

2220 2272 2443 2327 Patrum
2505 2273 2819 2337 sententiis,
2872 2287 3008 2342 quas
3061 2272 3264 2342 ingenii
3322 2273 3405 2328 sui
3464 2272 3761 2329 imbecillitas

2222 2366 2417 2436 eapere
2448 2381 2552 2420 non
2584 2376 2779 2436 potest,
2820 2367 3152 2438 interrogato
3194 2367 3343 2436 quod
3376 2368 3563 2432 nescit,
3611 2368 3761 2423 dicere

2222 2474 2280 2513 se
2311 2460 2542 2522 nescire,
2572 2473 2735 2529 quam
2768 2459 3032 2529 pertinaci
3077 2462 3414 2531 arrogantia,
3446 2471 3499 2516 et
3528 2459 3761 2530 arroganti

2221 2551 2544 2620 pertinacia,
2594 2568 2699 2604 non
2756 2552 2874 2605 sine
2906 2565 3002 2606 sua
3043 2558 3099 2605 et
3128 2551 3357 2605 aliorum
3390 2553 3635 2622 pernicie,
3665 2550 3761 2605 fidei

2220 2642 2491 2695 contraria
2517 2642 2745 2696 delinire
2784 2657 2797 2695 :
2837 2641 3140 2711 praesertim
3194 2643 3239 2696 si
3283 2642 3406 2696 talis
3436 2657 3651 2713 persona
3690 2642 3759 2705 sit,

2218 2750 2337 2804 quae
2366 2734 2448 2789 vel
2492 2735 2720 2789 scicntia
2763 2735 3091 2802 litterarum,
3125 2735 3210 2789 vel
3261 2734 3529 2804 probitate
3566 2746 3763 2793 morum,

2219 2829 2301 2882 vel
2332 2829 2511 2899 potius
2545 2836 2777 2897 utraque
2804 2837 2959 2900 parte
2989 2826 3332 2883 auctoritatis
3373 2826 3577 2896 pondus
3605 2838 3698 2894 prce
3717 2834 3764 2877 se

2218 2936 2409 2992 gerere
2431 2921 2697 2975 videatur.
2776 2986 2779 2987 ν

2294 3013 2469 3068 Verba
2504 3012 2710 3081 praefati
2742 3013 3000 3080 doctoris,
3047 3028 3164 3083 qua:
3190 3012 3449 3085 przefatus
3480 3012 3701 3066 inversor
3720 3010 3761 3062 in

2229 3105 2346 3175 ejus
2389 3106 2719 3160 calumniam
2768 3117 2999 3161 conatur
3048 3107 3340 3171 invertere,
3378 3107 3493 3161 btec
3533 3105 3581 3158 in
3605 3103 3764 3157 vestris

2226 3197 2422 3252 litteris
2459 3197 2637 3266 reperi
2698 3197 2797 3267 (De
2844 3196 3058 3263 Trint't.,
3099 3197 3194 3252 lib.
3238 3215 3295 3263 χ,
3337 3207 3462 3252 ante
3498 3193 3760 3262 medium):

2228 3310 2246 3341 ι
2269 3290 2360 3343 Dei
2385 3289 2845 3344 Filiushominem
2870 3305 3054 3345 verum
3080 3291 3378 3344 secundum
3402 3287 3763 3343 similitudinem

2224 3382 2395 3435 nostri
2429 3382 2662 3436 hominis
2697 3397 2805 3437 non
2861 3382 3120 3437 deﬁciens
3167 3398 3194 3436 a
3246 3396 3305 3436 se
3351 3381 3478 3445 Deo,
3528 3376 3760 3445 sumpsit:

2224 3472 2276 3526 in
2306 3488 2412 3541 quo
2440 3471 2560 3543 [al.,
2589 3473 2640 3527 in
2664 3472 2848 3544 quem]
2889 3472 3138 3543 quamvis
3184 3483 3275 3526 aut
3324 3473 3467 3527 ictus
3513 3470 3762 3530 incideret,

2224 3572 2315 3617 aut
2345 3565 2522 3619 vultus
2551 3563 2675 3635 [al.,
2718 3563 2933 3637 vulnus]
2990 3564 3324 3618 (liscintlerct
3361 3562 3486 3635 1:41.,
3514 3558 3765 3616 descende-

2228 3655 2352 3727 ret],
2380 3655 2637 3711 all‘errent
2665 3655 2882 3726 quidem
2912 3656 3027 3709 lucc
3066 3655 3337 3727 impetqu
3388 3653 3658 3723 passionis,
3681 3663 3765 3703 non

2228 3762 2407 3805 tamen
2437 3749 2673 3804 dolorem
2703 3748 2968 3819 passionis
2992 3748 3273 3811 inferrent,
3293 3757 3350 3801 ιιι
3385 3747 3545 3802 telum
3584 3741 3763 3813 aliquod

2225 3852 2316 3895 aut
2347 3857 2541 3911 aquam
2567 3840 2873 3912 perforans,
2934 3847 3027 3892 aut
3079 3839 3255 3909 ignem
3292 3850 3667 3907 eompungeus,
3693 3838 3763 3885 aut

2227 3950 2351 3987 acra
2385 3933 2698 3987 vulnerans.
2734 3952 2751 3984 ι
2787 3932 2851 3987 Ει
2880 3930 3036 4002 paulo
3071 3940 3193 4000 post
3231 3946 3244 3984 :
3277 3949 3294 3982 ι
3332 3929 3517 3984 Virtus
3564 3925 3766 3995 corporis

2228 4027 2346 4081 sine
2369 4041 2532 4079 sensu
2565 4039 2737 4096 paenae
2770 4025 2876 4077 vim
2904 4038 3077 4095 poena:
3115 4023 3163 4077 in
3196 4038 3253 4078 se
3282 4020 3612 4076 desrcvientis
3639 4032 3766 4072 cxce'

2228 4121 2324 4191 pit.
2361 4139 2379 4172 ι
2396 4120 2521 4174 Haec
2544 4118 2661 4174 sine
2683 4115 2997 4187 prae-judicio
3021 4116 3260 4170 melioris
3289 4114 3649 4185 expositionis,
3667 4126 3769 4165 conc

2230 4228 2386 4278 soua,
2426 4220 2488 4267 ut
2538 4220 2813 4281 putamus,
2869 4209 3075 4265 sanctis
3126 4208 3379 4262 Patribus
3411 4205 3765 4277 astipulatioue,

2228 4305 2307 4359 sic
2337 4312 2684 4374 exponuntur
2704 4318 2733 4356 a
2758 4303 2937 4357 nobis.
2970 4301 3234 4356 Dominus
3272 4300 3433 4355 Jesus
3479 4299 3703 4355 Christus
3728 4296 3766 4348 in

2228 4395 2418 4449 eadem
2469 4408 2698 4464 persona
2731 4409 2891 4449 verus
2944 4393 3106 4447 homo
3154 4401 3208 4447 et
3238 4408 3397 4446 verus
3427 4391 3583 4455 Deus,
3608 4404 3766 4445 secun-

541 4489 860 4558 qttaudoque
911 4491 1163 4552 voluerit,
1221 4498 1275 4545 et
1323 4491 1505 4551 doceri
1569 4492 1776 4559 pariter
1820 4500 1875 4545 et
1926 4492 2123 4546 docere
2158 4522 2202 4581 ο
2232 4487 2357 4541 dum
2388 4485 2777 4541 humanitatem
2808 4485 3024 4554 quidem
3057 4484 3305 4549 esurivit,
3336 4482 3527 4545 sitivit,
3553 4480 3769 4551 fatigatus

546 4593 834 4657 promptus
865 4601 1079 4656 semper
1104 4586 1234 4640 mihi
1258 4586 1471 4639 animus
1494 4586 1619 4639 erit.
1749 4640 1764 4653 ,

612 4677 784 4733 Porro
818 4678 961 4747 quod
993 4678 1375 4733 schismaticus
1410 4677 1922 4749 ille(Berengarium
1950 4679 2117 4751 dico),

542 4769 689 4825 sicut
718 4780 897 4825 vestra
928 4769 1156 4839 epistola
1194 4777 1389 4824 testata
1418 4777 1524 4836 est,
1576 4778 1896 4825 constanter
1933 4771 2128 4825 asserit

549 4865 678 4933 quia
708 4867 900 4921 beatus
939 4864 1177 4920 Hilarius
1206 4872 1401 4919 vestra:
1429 4866 1578 4920 urbis
1622 4874 1923 4936 vestramne
1952 4870 2127 4938 gentis

547 4955 818 5025 quondam
850 4957 1134 5024 episcopus
1166 4956 1218 5009 in
1249 4964 1485 5010 tractatu
1537 4955 1685 5011 Fidei
1716 4971 1968 5026 perversa
1999 4973 2125 5013 scn-

550 5046 685 5101 serit
717 5064 730 5099 :
759 5056 814 5100 et
847 5046 896 5099 in
950 5045 1089 5098 libro
1118 5045 1193 5100 De
1220 5046 1399 5100 divina
1434 5043 1697 5101 Trinitate
1738 5047 2125 5116 improbabiles

550 5137 849 5191 sententias
874 5135 940 5190 de
971 5134 1195 5190 Domino
1224 5135 1582 5193 Jesquristo
1603 5138 1828 5207 protulit
1856 5139 1980 5211 [al.,
2004 5154 2130 5209 pro-

552 5226 794 5299 tulerit];
842 5225 1029 5280 mirari
1090 5241 1193 5281 non
1245 5228 1403 5284 debet
1452 5229 1727 5284 beatitudo
1765 5238 1942 5284 vestra
1977 5230 2021 5285 si
2060 5229 2125 5291 is,

546 5318 639 5387 qui
696 5318 762 5372 de
804 5316 923 5388 ipso
948 5318 1127 5388 capite
1155 5327 1262 5374 tam
1294 5321 1462 5376 multa
1490 5331 1543 5377 et
1582 5330 1692 5375 tam
1738 5321 1968 5377 nefanda
2007 5337 2127 5377 cre-

546 5410 679 5464 dere
732 5417 786 5463 et
818 5409 1014 5464 docere
1062 5411 1359 5467 verissimis
1397 5412 1752 5467 relationibus
1794 5410 2121 5479 infamatur;

548 5501 615 5553 de
643 5499 810 5569 ipsius
842 5500 1036 5571 capitis
1067 5502 1309 5557 membro
1334 5513 1440 5557 tam
1472 5503 1776 5571 perniciosa
1805 5502 1990 5557 dicere
2015 5509 2125 5554 tra-

549 5596 714 5659 ditur,
771 5595 823 5649 in
875 5595 1161 5663 reprobum
1191 5610 1408 5650 sensum
1448 5592 1861 5662 divinojudicio
1898 5592 2125 5662 permit—

552 5694 723 5743 ιςιι-ιιν.

626 5778 832 5847 Revera
865 5780 1109 5851 quisquis
1140 5779 1348 5834 Hilario
1395 5775 1621 5844 alicujus
1653 5778 1918 5833 brcresws
1947 5786 2127 5834 notam

2229 4588 2333 4638 est.
2366 4578 2512 4632 flevit
2545 4598 2558 4633 :
2587 4578 3054 4649 appropinquante
3080 4577 3210 4630 hora
3251 4575 3465 4641 mortis,
3516 4586 3697 4643 pavere
3729 4576 3770 4621 et

2232 4673 2429 4727 taedere
2478 4672 2642 4741 empit
2674 4689 2689 4726 :
2719 4670 2862 4726 unde
2886 4682 2940 4724 et
2967 4669 3142 4723 oravit
3171 4668 3355 4722 dicens
3388 4686 3400 4720 :
3435 4668 3596 4737 326
3620 4664 3769 4726 Pater,

2229 4764 2274 4816 si
2301 4763 2418 4829 ﬁeri
2442 4772 2628 4831 potest,
2672 4773 2902 4816 transeat
2928 4779 2959 4814 α
2985 4777 3064 4815 me
3095 4759 3234 4815 calix
3261 4760 3359 4815 iste
3410 4759 3619 4830 (Matth.
3651 4770 3769 4818 xxvi,

2232 4856 2346 4926 '59).
2382 4855 2576 4925 Plagas
2604 4856 2902 4922 virgarum,
2932 4853 3329 4923 vulnerumque
3356 4850 3707 4907 discissiones.
3727 4854 3773 4898 ut

2232 4953 2395 5007 homo
2432 4949 2641 5006 similis
2680 4949 2858 5013 nobis,
2892 4948 3081 5013 sensit,
3132 4958 3186 5000 et
3228 4945 3430 5007 doluit;
3477 4952 3771 5009 czeterasque

2232 5044 2482 5098 humanae
2524 5051 2733 5097 natura
2788 5038 3129 5095 infirmitates
3160 5038 3488 5092 assumenda
3514 5034 3771 5092 hominem,

2234 5144 2433 5205 praeter
2458 5145 2765 5204 peccatum,
2796 5130 3107 5200 assumpsit.
3137 5130 3449 5186 Secundum
3478 5127 3769 5184 divinitatem

2232 5242 2386 5293 vero,
2406 5242 2511 5296 qua
2542 5227 2692 5281 Patri
2714 5234 2769 5282 et
2799 5224 3024 5295 Spiritui
3048 5231 3237 5279 sancto
3259 5237 3358 5293 per
3380 5222 3562 5276 omnia
3585 5215 3771 5288 aequalis

2234 5328 2337 5385 est,
2372 5320 2505 5375 nihil
2528 5320 2721 5375 hormn
2755 5318 3013 5375 sustinuit
3043 5335 3056 5371 :
3088 5332 3211 5373 cum
3240 5316 3382 5385 apud
3409 5331 3595 5372 omnes
3615 5310 3769 5366 ﬁdeles

2236 5414 2351 5468 hate
2376 5427 2593 5482 semper
2613 5412 2685 5467 sit
2708 5411 2978 5479 fueritque
3002 5409 3273 5465 sententia
3292 5450 3305 5473 ,
3337 5417 3392 5464 et
3418 5419 3570 5463 sa'cra
3607 5403 3767 5474 pagina

2236 5505 2544 5575 bujusmodi
2599 5502 2936 5561 documentis
2963 5516 3104 5571 pene
3150 5502 3223 5556 sit
3262 5500 3461 5571 ubique
3502 5497 3707 5555 referta;
3732 5500 3774 5545 et

2238 5605 2416 5651 tamen
2472 5605 2694 5666 prepter
2741 5593 3003 5646 unitatem
3040 5606 3307 5662 personm,
3340 5592 3396 5645 in
3447 5599 3601 5661 quam
3631 5581 3770 5638 conli-

2239 5688 2488 5744 cieudam
2540 5688 2679 5741 Deus
2733 5693 2787 5740 et
2842 5685 3004 5739 homo
3058 5692 3449 5747 convenerant,
3504 5692 3633 5747 sa'pc
3673 5684 3769 5742 quin

2244 5780 2480 5835 hominis
2526 5786 2651 5832 sunt
2694 5774 2923 5833 assis"?
2955 5782 3039 5815 ἠν·
3074 5772 3212 5827 Dee:
3245 5782 3294 5825 et
3350 5786 3468 5829 cum
3516 5767 3665 5823 solius
3695 5759 3767 5814 llei

3911 0 3913 25 1

3912 392 3913 423 1

3912 532 3913 555 1

3912 602 3913 623 1

3912 744 3913 771 1

3911 0 3913 25 1

3912 392 3913 423 1

3912 532 3913 555 1

3912 602 3913 623 1

3912 744 3913 771 1

3912 902 3913 927 1

3912 934 3913 951 1
