3864 6304
84 345 177 401 553

85 471 217 525 sunt,
248 461 455 517 dicitur
520 464 721 529 habere
762 465 952 531 homo,
1003 474 1063 522 ut
1107 468 1235 523 illud
1272 470 1514 542 Apostoli

83 553 201 608 enim
226 552 609 622 cognovissent,
636 568 903 626 nunquam
952 558 1235 614 Dominum
1267 561 1452 630 gloria:
1494 566 1662 618 cruci-

82 643 297 712 risissent
328 642 385 708 (Ι
421 639 551 697 Cor.
586 660 644 711 ιι,
690 646 768 714 8).
834 646 949 702 Νοη
976 650 1119 704 enim
1156 666 1363 719 revera,
1396 665 1657 722 quantum

84 738 141 790 ad
164 737 332 805 ipsum
363 747 604 807 spectat,
628 739 891 796 Dominus
919 742 1105 811 gloriae
1134 753 1218 799 est
1240 746 1558 814 crucifixus,
1581 750 1648 814 si,

81 840 281 897 propter
339 839 687 899 assumptum
732 832 1029 899 hominem,
1069 837 1210 904 quod
1266 838 1501 895 hominis
1558 840 1657 895 fuit

84 918 587 989 tliciturvpertulisse
618 919 781 974 Deus.
812 922 874 983 Et
907 923 1021 992 ipse
1052 924 1316 982 Dominus
1370 929 1425 982 in
1479 929 1656 984 Evan-

83 1006 239 1075 gelio:
269 1005 444 1061 Nemo
472 1010 711 1063 ascendit
756 1011 810 1065 in
860 1013 1067 1079 caelum,
1120 1017 1221 1069 nisi
1270 1018 1360 1087 qui
1391 1019 1653 1073 descendit

81 1101 134 1153 de
174 1098 316 1162 caelo,
354 1098 541 1155 Filius
572 1103 824 1167 hominis,
866 1107 957 1176 qui
1012 1118 1084 1162 est
1132 1108 1187 1162 in
1228 1111 1354 1175 ratio
1382 1111 1533 1180 (Luc.
1567 1129 1649 1179 ιιι,

82 1188 176 1255 15).
202 1188 261 1243 Et
291 1204 493 1243 rursus
526 1191 573 1243 id
605 1194 749 1260 quod
782 1194 877 1248 Dei
900 1204 1040 1264 erat,
1070 1198 1273 1251 homini
1298 1209 1381 1259 est
1405 1201 1649 1272 aSsigua-

83 1289 202 1340 Itnu;
251 1294 427 1348 neque
486 1282 633 1334 enim
682 1283 843 1338 homo
873 1286 925 1339 in
963 1297 1104 1341 terra
1136 1288 1356 1357 degens,
1411 1292 1463 1345 in
1510 1292 1650 1347 emlo

82 1376 189 1420 tunc
212 1382 329 1423 esse
358 1380 622 1438 poterat;
664 1376 757 1429 sed
806 1378 933 1444 quia
992 1377 1317 1449 Unigenitus
1348 1382 1527 1438 Patris
1574 1384 1647 1438 ita

80 1461 123 1514 in
168 1463 420 1517 mundum
456 1466 610 1520 venit
666 1476 956 1525 ut'tamen
988 1484 1018 1524 a
1052 1482 1285 1540 paterno
1334 1475 1454 1528 sinu
1510 1493 1649 1531 imu-

80 1568 215 1619 quam
231 1554 723 1628 discederet,quod
744 1562 913 1615 solius
938 1564 1244 1619 divinitatis
1260 1575 1399 1631 ertd,
1418 1567 1644 1636 loquens

80 1642 121 1694 in
148 1652 297 1709 terra,
324 1658 618 1719 assumpto
643 1649 848 1705 homini
877 1664 1100 1724 prepter
1121 1656 1646 1729 tmitatcmpersonm

81 1736 340 1789 tribuebat.

135 1825 233 1878 lloe
276 1826 577 1883 locutionis
635 1832 795 1887 modo
842 1836 1092 1905 superius
1142 1838 1346 1893 dictum
1401 1849 1485 1896 est
1516 1843 1641 1912 quia
1680 1839 1719 1893 Β

80 1918 252 1971 honuni
280 1931 572 1991 assumpto
600 1940 627 1977 a
661 1924 799 1978 Filio
846 1927 936 1981 Dei
971 1929 1110 1983 ictus
1134 1938 1190 1983 et
1220 1932 1441 1987 vulnera
1474 1935 1632 2004 impe-

80 2016 169 2059 tum
195 2010 460 2077 passionis
492 2013 786 2078 inferrent,
814 2034 919 2069 non
945 2028 1125 2073 tamen
1158 2022 1398 2078 dolorem
1438 2028 1643 2095 passio-

81 2101 146 2151 nis
172 2099 441 2155 afferrent.
477 2103 549 2155 Et
580 2105 679 2159 hoc
722 2110 1017 2177 suppositis
1059 2112 1514 2170 similitudinibus
1545 2118 1641 2173 de-

78 2191 303 2257 claratur,
330 2196 460 2248 utsi
493 2196 663 2250 teltun
691 2213 887 2267 aquam
933 2202 1195 2271 perforet,
1226 2215 1280 2258 et
1304 2216 1498 2261 cratera
1523 2225 1643 2278 qtae

80 2295 371 2351 seqtumtur,
397 2304 462 2342 ac
489 2290 541 2342 si
567 2290 773 2345 diceret
799 2310 811 2347 :
842 2292 1013 2349 llotno
1041 2309 1352 2367 assumptus
1383 2302 1640 2372 impetum

80 2377 314 2441 passionis
341 2390 397 2433 et
424 2382 542 2434 vim
573 2382 774 2437 doloris
801 2386 995 2451 sensit,
1031 2389 1167 2443 Deus
1218 2407 1504 2447 assumens
1536 2412 1639 2449 non

82 2468 220 2523 sensit
249 2483 343 2525 :et
382 2474 489 2528 hoc
523 2475 833 2546 paulopost
858 2480 1098 2535 declarat
1128 2482 1317 2539 dicens
1342 2502 1409 2539 :.t
1458 2486 1642 2544 Virtus

82 2564 313 2629 corporis,
350 2583 371 2617 ›
412 2567 467 2619 id
502 2576 610 2632 est,
636 2569 890 2626 divinitas
922 2588 1207 2630 assumens
1247 2578 1422 2647 ipsum
1446 2596 1643 2651 corpus

88 2653 230 2708 «sine
259 2672 418 2711 sensu
456 2673 665 2728 pana},
707 2681 725 2714 ι
779 2677 1043 2732 quantum
1080 2668 1147 2722 ad
1183 2671 1352 2738 ipsam
1386 2674 1640 2741 pertinet,

88 2762 101 2793 ι
131 2746 222 2800 vim
248 2765 417 2818 poture
445 2752 609 2817 inse,
649 2773 667 2805 ι
699 2756 748 2809 id
777 2766 883 2822 est,
915 2759 966 2813 in
993 2776 1159 2815 carne
1186 2776 1460 2834 assumpta
1497 2785 1515 2817 ‹
1549 2768 1641 2822 de-

84 2839 319 2897 scvientis
343 2846 593 2914 excepit.
632 2866 652 2899 ι
691 2848 843 2914 Quod
889 2852 934 2904 si
986 2852 1154 2907 virtus
1178 2858 1445 2924 corporis,
1472 2861 1641 2931 magis

83 2932 218 2986 robur
255 2935 424 3005 ipsius
468 2941 744 3010 corporis,
773 2943 953 2999 hocin
988 2945 1106 3002 loco
1158 2948 1502 3019 intelligenda
1535 2964 1639 3022 est,

84 3024 243 3080 eadem
271 3032 551 3086 sententia
584 3031 638 3087 in
670 3037 884 3090 exteris
932 3049 1136 3105 manet,
1176 3049 1236 3095 ut
1280 3043 1351 3097 sit
1401 3060 1591 3100 sensus
1622 3065 1636 3101 :

87 3132 100 3163 ι
124 3113 281 3173 Virtus
301 3123 556 3192 corporis
595 3124 711 3180 sine
737 3140 897 3181 sensu
928 3143 1103 3199 parare
1132 3131 1186 3185 in
1212 3147 1272 3186 se
1295 3136 1636 3192 desaevientis

1524 355 1907 417 EPISTOLJE.

1552 489 1566 527 :
1609 473 1667 528 Si
1696 483 1743 538 Α
1842 477 2072 535 Causam
2101 482 2357 551 Godvini,
2384 496 2439 541 et
2469 486 2698 559 Lifgina:
2728 493 2986 550 adultera:
3010 492 3353 566 sumoptime

3238 378 3349 437 516

1764 571 1917 636 novi;
1965 581 2022 628 et
2062 589 2251 630 revera
2287 574 2584 634 Londouim
2614 596 2798 636 coram
2827 601 2914 640 me
2940 600 3058 640 eam
3089 588 3350 659 vestigari

1760 661 2023 731 prmeepi;
2057 664 2349 736 auditaque
2386 669 2670 739 utriusque
2724 674 2896 742 partis
2942 678 3264 744 assertione,
3297 681 3350 735 in

1760 750 2031 808 adulteros
2083 759 2406 812 sententiam
2466 761 2723 829 diximus,
2788 773 2843 820 et
2891 767 3040 838 juste
3085 786 3180 826 eos
3230 789 3353 829 esse

1757 847 2259 903 exeommunicatos
2312 853 2589 907 counnuni
2664 870 2930 911 consensu
2988 860 3346 917 decrevimus.

1757 932 2054 1005 Propterea
2102 940 2240 994 nihil
2274 941 2419 997 aliud
2452 954 2646 1013 restat,
2702 947 2806 1001 nisi
2842 950 2986 1018 quod
3030 951 3347 1010 fraternitas

1758 1034 1845 1080 tua
1866 1027 2167 1083 adulteram
2190 1030 2253 1086 de
2267 1036 2718 1105 cmmetcrioejici
2738 1039 3017 1109 przecipiat
3035 1057 3049 1107 ;
3068 1058 3348 1113 quousque

1754 1118 1836 1173 vel
1865 1135 2152 1191 corruptor
2175 1123 2308 1193 ejus,
2342 1126 2425 1180 vel
2467 1128 2665 1198 aliquis
2702 1145 2800 1199 pro
2828 1148 2915 1197 ea,
2967 1133 3109 1201 quod
3135 1132 3342 1201 justum

1754 1215 1858 1277 eat,
1893 1210 2147 1284 episcopo
2170 1213 2354 1271 faciat.
2386 1217 2647 1273 Libenter
2668 1219 2905 1275 facerem
2932 1224 3075 1292 quod
3107 1225 3196 1277 tibi
3226 1226 3343 1293 pla-

1752 1315 1875 1355 cere
1921 1318 2078 1372 posse
2121 1306 2504 1377 intelligerent,
2538 1319 2591 1365 et
2626 1311 2853 1367 multum
2897 1314 3052 1368 doleo
3105 1316 3247 1384 quod
3277 1316 3344 1369 de

1751 1397 2004 1461 praesenti
2064 1399 2283 1466 negotio
2341 1401 2676 1457 voluntatem
2740 1415 2886 1460 tuam
2942 1407 3172 1478 implere
3233 1422 3340 1463 non

1750 1487 1926 1541 valeo.
2235 1483 2238 1486 ’

2302 1583 2636 1643 EI‘ISTOLA
2678 1588 2785 1643 Lll.

2215 1691 2281 1729 AD
2346 1695 2591 1732 ΛΒΒᾹΤΕΜ
2643 1695 2868 1734 0......η

1751 1782 1913 1855 327
1957 1783 2221 1840 Orricium
2276 1792 2634 1865 commendat,
2687 1794 2775 1862 qui
2824 1793 2964 1863 apud
3007 1793 3154 1847 illum
3214 1796 3344 1865 regis

2226 1862 2477 1915 mandato
2507 1864 2854 1918 detinebutur.

1816 1966 2167 2041 LANFRANCUS
2196 1969 2447 2040 indignus
2489 1973 2739 2037 antistes,
2794 1975 3094 2030 venerabili
3148 1978 3333 2033 abbati

2017 2060 2249 2115 salutem
2276 2072 2329 2114 et
2363 2063 2817 2122 benedictionem.

1815 2194 2029 2251 Gratias
2066 2208 2315 2267 quantas
2343 2215 2562 2268 possum
2613 2204 2930 2270 paternitati
2986 2214 3182 2258 vestra:
3215 2222 3339 2274 ago,

1743 2288 1883 2354 quod
1918 2297 2212 2356 praesentes
2244 2298 2297 2343 et
2331 2291 2585 2345 absentes
2617 2293 2771 2347 nobis
2806 2304 2859 2347 et
2903 2294 2967 2349 de
3000 2295 3156 2349 nobis
3205 2296 3341 2348 bona

1744 2377 1944 2440 dicitis,
1979 2378 2199 2432 meliora
2231 2381 2768 2451 optatis,utrumque
2816 2384 2997 2443 verbis
3050 2394 3101 2438 et
3144 2384 3343 2438 litteris

1743 2452 2097 2523 conﬁrmatis.
2130 2470 2195 2523 Et.
2227 2484 2413 2525 revera
2446 2471 2632 2527 sciatis
2665 2488 2748 2528 me
2773 2475 3017 2528 eamdem
3041 2475 3207 2530 circa
3241 2491 3338 2530 vos

1744 2559 2076 2614 voluntatem
2136 2562 2361 2627 habere,
2417 2573 2471 2616 et
2527 2564 2681 2618 vobis
2732 2574 2782 2617 et
2822 2564 3019 2619 vestris
3069 2567 3339 2621 sinzeram

1744 2647 2086 2703 dilectionem
2116 2648 2169 2703 in
2199 2650 2450 2705 omnibus
2472 2640 2653 2721 et'per
2675 2653 2855 2707 omnia
2887 2654 3165 2709 exhibere.

1815 2740 1967 2805 Quod
2027 2742 2093 2795 de
2145 2744 2365 2796 domino
2416 2743 2628 2798 Οιϊὶιτὶο
2674 2744 2963 2816 [Orricius]
3020 2747 3339 2810 mandastis.

1743 2843 2020 2902 gratanter
2051 2836 2284 2905 accipio,
2314 2838 2406 2891 sed
2436 2848 2623 2890 contra
2661 2850 2988 2907 praeceptum
3028 2840 3170 2910 regis
3206 2840 3340 2893 nihil

1745 2939 1934 2994 rogate
1967 2932 2021 2978 et
2055 2925 2128 2978 nil
2153 2924 2346 2992 jubere
2376 2943 2677 2996 praesmno;
2728 2929 2821 2982 sed
2852 2945 2980 2998 rogo
3005 2930 3343 2999 multumque

1743 3031 1872 3085 rogo
1927 3024 2196 3085 quatenus
2244 3028 2469 3088 propter
2510 3018 2679 3073 Detznt
2726 3028 2782 3074 et
2816 3030 3039 3091 propter
3092 3036 3339 3078 amorem

1744 3123 1942 3171 meum,
1974 3117 2028 3162 et
2076 3096 2207 3177 quia
2240 3110 2355 3179 ipse
2403 3112 2597 3181 dignus
2630 3120 2734 3175 est,
2782 3128 2905 3167 eum
2955 3113 3211 3184 diligatis,
3243 3114 3345 3168 ho-

82 3209 289 3276 excepit;
334 3231 350 3263 ι
398 3223 670 3282 quantum
716 3217 784 3271 ad
831 3197 1168 3289 assumptum
1217 3224 1629 3282 humanitatem.
1666 3197 1709 3255 (ἶ
1746 3205 1895 3289 “es”?
1948 3200 2215 3261 [mucus'
2258 3210 2543 3269 [nmmum
2581 3201 2629 3254 ei
2672 3201 2953 3267 “malum
3010 3204 3152 3257 Sicm
3207 3220 3337 3272 "ru"

83 3292 135 3347 Et
154 3296 242 3353 hoc
266 3300 560 3359 locutionis
583 3320 780 3375 genere
804 3324 994 3364 revera
1036 3323 1091 3365 et
1138 3313 1286 3367 salva
1313 3314 1636 3372 Christiana:

89 3385 327 3457 religionis
357 3394 463 3450 fide
491 3395 600 3451 dici
651 3390 829 3466 potest
853 3402 977 3470 quia
998 3400 1270 3470 Christus,
1297 3407 1411 3462 sive
1438 3424 1635 3480 corpus

92 3475 276 3544 Christi,
303 3484 415 3540 sive
442 3502 579 3541 caro
608 3489 807 3546 Christi
840 3491 893 3546 in
926 3508 1087 3550 cruce
1112 3498 1421 3566 patiebatur
1449 3511 1504 3555 et
1528 3518 1632 3557 non

90 3567 375 3646 patiebatur,
423 3575 648 3632 dolebat
696 3589 750 3634 et
791 3597 896 3636 non
947 3583 1186 3653 dolebat,
1223 3590 1558 3645 moriebatur
1583 3604 1636 3648 et

84 3674 165 3712 non
192 3667 541 3746 moriebatur.
596 3670 660 3724 Et
703 3672 755 3725 in
802 3674 947 3730 hunc
978 3676 1194 3733 modum
1225 3682 1413 3748 multa,
1448 3699 1638 3740 mune-

86 3762 224 3819 roque
252 3760 525 3814 carentia.
555 3762 808 3832 Alioquin
852 3766 896 3819 si
930 3767 1191 3837 prmfatus
1230 3771 1420 3828 doctor
1444 3789 1635 3830 contra

84 3840 452 3904 usitatissimam
491 3849 753 3907 Ecclesiae
798 3843 982 3924 fideli),
1037 3870 1227 3915 contra
1268 3865 1633 3935 evangelicum

84 3938 445 4008 auctoritatem,
512 3953 701 3999 contra
748 3949 994 4004 omnium
1046 3965 1359 4010 sanctorum
1413 3958 1633 4013 Patrum

84 4020 433 4097 deﬁnitionem,
471 4050 698 4091 carnem
724 4040 927 4096 Christi
953 4042 1325 4101 insensibilem
1359 4062 1413 4103 et
1434 4052 1635 4107 doloris

84 4124 317 4207 ciperem
346 4123 579 4196 intelligi
609 4129 890 4197 voluisset,
939 4146 1277 4207 assumptum
1310 4156 1339 4194 a
1376 4141 1513 4197 Filio
1543 4145 1636 4199 Dei

87 4202 318 4268 hominem
346 4217 587 4273 similem
625 4222 784 4277 nobis
826 4222 1113 4283 hominem
1155 4230 1207 4285 in
1263 4232 1481 4302 praefata
1516 4252 1638 4291 sen-

88 4302 221 4354 tentia
249 4308 468 4365 minimc
497 4313 791 4370 retulisset.
843 4315 974 4385 Qum
999 4322 1142 4376 enim
1175 4324 1474 4383 similitudo
1516 4345 1639 4385 sen-

89 4388 198 4470 siliili
217 4406 265 4450 et
288 4399 629 4459 insensibili?
664 4408 865 4464 dolenti
916 4422 968 4465 et
1014 4414 1219 4472 doloris
1247 4422 1492 4490 experti?
1532 4424 1637 4479 Re-

90 4484 185 4577 tulit
208 4501 397 4561 autem,
424 4513 538 4553 non
569 4499 734 4570 igitur
763 4504 986 4577 intelligi
1020 4509 1208 4565 voluit.

1740 3286 1920 3341 dentia
1960 3298 2137 3343 vestra
2185 3290 2530 3360 judicaveril,
2581 3292 2935 3363 impendatis;
2987 3310 3085 3365 pro
3124 3294 3337 3363 justitia

1740 3393 1973 3447 nomine
2020 3382 2448 3448 persecutionem
2513 3384 2736 3452 patitur,
2792 3394 2869 3450 et,
2914 3402 3036 3440 eum
3102 3403 3335 3458 superna

1737 3470 1985 3524 voluntas
2016 3472 2199 3534 fuerit.
2232 3472 2283 3526 in
2330 3476 2580 3544 gaudium
2620 3477 2720 3531 sibi
2751 3486 2802 3531 et
2834 3476 3078 3532 laetitiam
3109 3495 3338 3535 conver-

1740 3570 1924 3616 tetur:
1961 3564 2216 3618 misertus
2243 3574 2328 3618 est
2371 3574 2548 3620 tamen
2577 3566 2628 3621 ei
2669 3566 2956 3636 Dominus,
3005 3570 3147 3638 quod
3196 3572 3339 3624 inter

1738 3671 1836 3709 vos
1862 3670 1984 3709 cum
2017 3655 2186 3710 voluit
2214 3672 2363 3721 esse;
2401 3667 2453 3711 et
2480 3667 2731 3726 putantes
2760 3674 2979 3727 nocere,
3039 3660 3180 3716 sicut
3228 3662 3334 3717 Du-

1740 3748 1887 3802 mino
1914 3748 2137 3818 placuit,
2172 3748 2463 3820 plurimum
2491 3750 2763 3819 profuere.

2275 3862 2610 3919 EPISTOLA
2648 3866 2779 3922 Llll.

2166 3971 2235 4010 AD
2286 3973 2595 4012 'I'URSTINUM
2634 3975 2902 4016 ΛΒΒΔΤΕΜ.

1910 4033 1946 4064 ὐ

1739 4070 1955 4148 Solatur
1983 4073 2229 4148 anticum,
2282 4074 2567 4148 suadetque
2618 4085 2672 4129 ut
2726 4092 2894 4145 regem
2939 4093 3033 4146 per
3079 4095 3133 4133 se
3162 4088 3209 4133 et
3240 4097 3333 4148 per

1809 4145 2004 4197 amicos
2031 4145 2239 4213 ﬂectere
2267 4145 2493 4209 studeat,
2531 4163 2622 4199 nec
2660 4149 2896 4200 tristetur
2923 4145 2969 4201 si
2994 4145 3263 4217 spreverit.
3358 4162 3363 4169 '

1812 4233 2164 4290 LANFRANCUS
2215 4231 2471 4308 indignus
2523 4238 2772 4304 antistes,
2804 4240 3003 4295 abbati
3042 4241 3337 4310 TURSTINO,

1741 4325 1998 4381 salutem.

1750 4464 1757 4469 .
1817 4416 2118 4475 Consilium
2167 4436 2347 4476 meum
2404 4421 2499 4477 tibi
2556 4421 2800 4479 breviter
2843 4423 3201 4480 intimandum
3244 4439 3336 4481 rod

1742 4512 1907 4584 gasti,
1942 4522 1996 4567 et
2025 4527 2125 4584 ego
2151 4513 2283 4568 illud
2311 4514 2407 4570 tibi
2438 4516 2624 4587 paucis
2655 4516 2911 4573 intimare
2942 4517 3337 4590 curavi.'ROga

142 4576 370 4651 Obsecro,
398 4589 627 4661 vigilate
669 4597 922 4652 omnibus
944 4576 1169 4668 imodis,
1214 4606 1339 4674 quia
1370 4608 1634 4666 schisma-
1665 4581 1714 4641 D
1743 4607 1909 4662 Deum
1939 4614 1997 4660 ut
2026 4608 2332 4663 meminerit
2361 4610 2435 4665 tui
2481 4619 2536 4666 et
2583 4612 2913 4667 misereatur
2969 4612 3095 4680 tibi;
3144 4622 3200 4670 et
3231 4619 3336 4670 hoc

91 4663 158 4717 liei
184 4680 230 4723 et
253 4672 489 4736 fuitut-33
514 4696 703 4738 eormn
752 4688 899 4742 circa
950 4707 1045 4746 vos
1073 4703 1128 4749 et
1178 4695 1322 4753 inter
1352 4714 1449 4752 vos
1475 4713 1628 4770 sunt;

90 4765 299 4853 t-pponitc
331 4772 406 4826 eis
434 4786 653 4831 scutum
680 4779 891 4836 timoris
923 4783 1157 4854 Domini,
1186 4790 1512 4861 impotentes
1538 4812 1631 4853 eos

86 4853 243 4910 iaculis
264 4860 568 4929 divinorum
585 4869 957 4941 eloquiorum;
984 4879 1448 4941 adminiculamini
1476 4890 1633 4946 nobis

90 4952 314 5051 petitores
342 4960 513 5013 nostri
566 4960 619 5015 in
653 4965 994 5024 orationibus
1021 4975 1232 5029 vestris.
1272 4976 1627 5051 Omnipotens

89 5028 308 5144 Eottlinus
336 5048 425 5104 det
455 5053 610 5107 vobis
640 5055 781 5111 bene
808 5074 992 5131 agere,
1024 5072 1081 5118 et
1112 5065 1344 5127 feliciter
1373 5028 1481 5144 quin
1513 5086 1631 5131 ten-

90 5120 191 5183 ditis
216 5141 507 5202 pervenire.
536 5145 730 5200 Amen.

610 5236 949 5298 EPISTOLA
977 5244 1060 5301 LI.

539 5344 605 5382 ιι)
643 5346 889 5389 ΔΒΒΑΤΕΒ
930 5354 1127 5394 T.......

92 5396 142 5452 Ut
185 5420 671 5500 exanimatae-alam
718 5428 1017 5485 adulteram
1068 5436 1133 5487 de
1185 5449 1472 5495 cmmetcrto
1503 5446 1623 5514 ε]ἱεί

271 5499 555 5558 praecipiat,
585 5511 853 5569 quousque
876 5504 1114 5576 episcopo
1156 5509 1402 5578 satisﬁat.

156 5570 477 5643 LANFRANCUS
519 5586 999 5662 archiepiscopus,
1048 5597 1401 5656 dilectissimo
1451 5619 1626 5659 amico

92 5669 170 5765 fut)
218 5665 388 5765 abbati
771 5683 958 5756 [Forte
1015 5689 1270 5749 Turstino
1345 5695 1415 5749 nd
1469 5714 1618 5765 quem

91 5758 207 5814 epist
237 5759 323 5829 351
354 5769 604 5828 salutem.

1744 4700 2030 4767 instanter,
2046 4707 2154 4755 tam
2182 4708 2348 4771 perte
2374 4716 2536 4772 quam
2559 4718 2655 4775 per
2674 4704 2882 4761 amicos
2910 4713 3057 4771 tuos;
3086 4721 3185 4761 nos
3209 4722 3345 4763 vero

1741 4790 1843 4844 hoc
1873 4791 2085 4861 agimus
2117 4792 2168 4855 in
2207 4801 2472 4862 quantum
2523 4810 2827 4865 possumus.
2864 4797 3093 4853 Domino
3149 4808 3341 4853 nostro

1741 4882 1850 4953 regi
1868 4880 2002 4937 oﬂ‘er
2030 4883 2411 4941 rectitudinem
2427 4902 2524 4957 per
2546 4888 2749 4943 amicos
2776 4898 2828 4944 et
2857 4890 3040 4944 fideles
3063 4890 3337 4946 internun-

1739 4974 1859 5028 tios.
1879 4976 1934 5028 Si
1965 4977 2255 5045 spreverit,
2276 4977 2384 5033 noli
2411 4978 2635 5033 multum
2669 4979 2791 5034 inde
2814 4995 2933 5035 esse
2959 4980 3127 5035 tristis
3162 4995 3344 5050 neque

1742 5065 2024 5120 sollicitus.
2059 5066 2311 5122 Visitabit
2359 5069 2503 5123 enim
2559 5070 2700 5125 Deus
2754 5070 2965 5140 plebem
2999 5085 3175 5134 suam,
3208 5085 3339 5125 cum

1738 5155 1996 5225 expedire
2026 5156 2351 5213 decreverit.
2382 5159 2754 5214 Misericordia
2783 5161 2876 5215 Dei
2911 5170 3086 5215 tecum
3116 5159 3204 5213 sit.

2281 5271 2617 5327 EPISTULA
2657 5272 2787 5329 LIV.

2070 5375 2139 5415 λυ
2172 5376 2441 5419 numerum
2479 5378 2548 5418 ετ
2587 5377 2814 5417 ῖιυῑιεκ
2854 5365 2991 5419 G....

1734 5450 1798 5504 In
1834 5453 2167 5507 comitatibus
2209 5454 2309 5523 ipsi
2337 5455 2626 5509 commissis
2659 5454 2859 5507 nullum
2904 5454 3004 5509 sibi
3030 5472 3138 5510 esse
3163 5456 3332 5511 domi-

1802 5526 1968 5590 nium,
2000 5525 2089 5578 sed
2121 5531 2190 5578 ad
2220 5527 2413 5579 victum
2464 5524 2839 5579 monac/torum
2885 5536 3052 5581 terra:
3098 5528 3332 5583 ecclesia:

1800 5611 1912 5647 sua:
1938 5612 2113 5673 onnws
2140 5597 2421 5666 pertinere.

1801 5705 2155 5763 LANPRANCUS
2216 5707 2469 5777 indignus
2520 5707 2768 5771 antistes,
2827 5708 3024 5765 dilecto
3074 5721 3129 5769 et
3182 5711 3333 5769 fideli

1734 5794 1909 5851 amico
1938 5811 2034 5850 suo
2264 5795 2497 5853 salutem
2524 5807 2579 5852 et
2603 5798 3055 5858 benedictionem.
