3886 6292
491 357 596 412 M7

560 465 781 525 Gratias
806 482 907 537 ago
928 464 1172 534 benigna:
1198 460 1543 519 sollicitudini
1572 468 1695 524 tuae,
1726 468 1781 516 et
1825 456 2068 513 sollicita:
2100 463 2145 522 Α

493 561 813 631 benignitati
843 569 967 623 tuae,
1007 558 1130 629 quia
1163 555 1453 610 amicitiam
1485 569 1514 606 a
1547 551 1843 622 primordio
1875 558 2072 603 mutuae

493 656 819 727 cognitionis
832 652 1301 725 mihipromisisti;
1330 646 1529 720 reipsa,
1556 642 2073 716 cum'opportunitas

493 761 554 803 se
583 748 826 817 ingessit,
858 759 1071 814 semper
1100 744 1472 799 demonstrare
1513 736 1763 793 studuisti
1789 775 1805 801 ,
1850 742 1905 789 et
1933 746 2074 788 nunc

495 852 690 909 precor
732 834 1063 904 multumque
1105 847 1319 903 precor,
1348 827 1596 900 quamvis
1641 840 1748 880 non
1797 832 2076 893 tantopere

497 928 750 998 precibus
804 925 1083 994 indigeas,
1132 932 1404 992 quatenus
1452 917 1517 973 de
1563 914 1815 987 praesenti
1860 912 2076 982 negotio

501 1029 708 1073 tantum
741 1017 899 1071 rebus
924 1014 1119 1071 vestris
1152 1012 1354 1078 valeas,
1399 1018 1661 1081 quantum
1705 1006 1887 1062 valere
1913 1005 2078 1061 fuerit

428 1136 439 1145 ν
484 1109 595 1163 “tibi
626 1109 854 1178 desuper
879 1107 1002 1161 data
1033 1104 1276 1159 facultas.

574 1199 727 1253 Scias
756 1207 935 1251 autem
982 1196 1035 1250 in
1068 1195 1173 1249 illis
1202 1192 1568 1255 comitatibus,
1614 1204 1842 1261 quorum
1890 1185 2081 1259 exqui-

502 1290 792 1346 rendorum
841 1303 968 1342 cura
1028 1287 1123 1341 tibi
1178 1285 1468 1341 commissa
1515 1292 1636 1347 est,
1686 1296 1772 1336 me
1838 1280 1968 1334 nihil
2025 1279 2078 1333 in

502 1379 740 1434 dominio
771 1377 989 1441 habere,
1021 1376 1115 1432 sed
1157 1390 1345 1431 onmcs
1392 1375 1445 1429 iu
1493 1373 1597 1426 illis
1624 1372 1866 1442 partibus
1890 1377 2081 1423 vestra’

500 1470 757 1527 Ecclesizc
805 1478 979 1525 terras
1026 1469 1091 1523 ad
1123 1469 1288 1522 vitam
1332 1466 1722 1521 monachorum
1772 1478 1869 1533 per
1898 1460 2081 1516 omnia

496 1562 792 1634 pertinere.
827 1561 1021 1615 Frater
1065 1569 1262 1623 vester,
1296 1558 1386 1626 qui
1439 1557 1535 1610 has
1583 1554 1674 1609 tibi
1708 1554 1916 1607 litteras
1960 1566 2081 1621 por-

499 1659 600 1716 tat,
657 1651 827 1705 multa
882 1649 1144 1704 laudanda
1193 1651 1259 1702 de
1306 1656 1358 1701 te
1402 1645 1532 1699 mihi
1578 1642 1798 1709 retulit,
1852 1654 2079 1711 quorum

501 1740 785 1814 pluralilas
813 1749 868 1795 et
901 1738 1207 1809 epistularis
1237 1736 1475 1791 brevitas
1500 1750 1563 1790 ea
1602 1749 1747 1788 nunc
1775 1727 2080 1787 enumerari

1486 345 1546 400 Β.
1595 340 1985 400 LANFRANCI
2023 338 2374 398 CANTUAB.
2428 336 2746 398 ARCHIEP.

2693 449 3023 508 EPISTOLA
3062 450 3215 508 LVII.

2685 557 2751 596 Αἰ)
2789 558 2931 599 οη...
2974 556 3215 597 ΑΒΒΑἸῈΜ

2175 656 2361 726 Arguit
2384 656 2522 726 quod
2552 656 2806 710 monacho
2842 672 2937 710 suo
2981 654 3208 725 uagandi
3236 648 3495 726 licentiam
3536 673 3715 715 conres-

2251 724 2404 788 ξενίη
2421 728 2591 781 redire
2615 744 2647 779 a
2676 743 2729 797 se
2750 724 3222 797 compulsumcum
3249 724 3442 779 honore
3462 736 3514 779 ut
3534 730 3716 797 reeipiat

2245 807 2437 858 monet,
2474 808 2628 865 atque
2655 796 2759 862 illi,
2784 807 3034 866 tanquam
3062 795 3198 862 ﬁlio,
3234 805 3500 864 paternam
3525 795 3721 853 citatiu-

2248 877 2347 921 tem
2376 870 2663 936 impendat.

2248 978 2602 1034 LANFRANCUS
2636 979 3076 1050 archiepiscopus
3313 978 3533 1045 abbati,
3594 980 3715 1035 salu-

2181 1081 2309 1127 tem.

2250 1162 2501 1218 Fratrem
2547 1159 2871 1230 Gregorium
2917 1161 3248 1217 monachum
3303 1169 3456 1216 tuum
3490 1161 3723 1218 volentem

2182 1269 2332 1309 mare
2386 1253 2619 1307 transire
2669 1252 3089 1323 prohibuimus;
3155 1262 3210 1307 et
3259 1251 3326 1306 ad
3384 1254 3724 1307 monasterium

2183 1360 2341 1401 suum
2370 1344 2550 1398 redire
2591 1343 2970 1413 praecepimus,
2998 1353 3056 1399 et
3095 1342 3459 1413 praecipiendo
3504 1345 3726 1413 compuli-

2184 1452 2323 1491 mus.
2356 1435 2433 1490 Tu
2468 1451 2572 1490 non
2611 1434 2749 1490 bene
2792 1434 2971 1505 egisti,
3012 1434 3156 1505 quod
3197 1434 3300 1505 ipsi
3340 1433 3562 1503 vagandi
3602 1444 3728 1490 extra

2182 1526 2413 1597 patriam
2445 1525 2718 1580 licentiam
2749 1522 3087 1579 concessisti.
3119 1524 3173 1578 In
3203 1524 3306 1578 hoc
3328 1524 3461 1577 satis
3487 1522 3727 1577 evidenter

2184 1627 2413 1689 apparet
2465 1617 2644 1688 qualis
2693 1627 2883 1687 pastor
2930 1617 3158 1682 existas,
3190 1627 3247 1670 et
3276 1630 3384 1685 qua
3416 1613 3731 1671 sollicitudine

2185 1713 2489 1782 gubernare
2518 1710 2842 1765 commissas
2871 1707 2967 1763 tibi
2993 1708 3203 1763 animas
3235 1708 3399 1762 scias.

504 1851 609 1889 non
641 1834 788 1889 sinit.
838 1831 944 1887 Sed
987 1830 1329 1899 omnip0tens
1377 1827 1519 1883 Deus
1567 1824 1719 1894 cujus
1769 1821 2083 1878 memoriam

2260 1804 2578 1860 Mandamus
2623 1803 2786 1874 igitur
2826 1810 2881 1858 et
2922 1800 3286 1872 praecipimus,
3313 1809 3372 1855 et
3416 1799 3733 1869 praecipiendo

502 1925 637 1981 nihil
687 1922 1051 1993 subterfugit,
1114 1922 1257 1977 sicut
1317 1920 1509 1985 novit,
1562 1915 1933 1987 multipliciter
1985 1912 2081 1969 tibi

503 2017 850 2087 rependat,et
876 2017 942 2071 ab
965 2015 1109 2071 omni
1133 2030 1295 2085 opere
1320 2013 1461 2070 malo
1485 2012 1637 2083 prius
1663 2010 1752 2084 [f.,
1772 2008 1914 2082 pius]
1934 2008 2084 2063 auxi-

512 2107 696 2168 liator.
729 2116 780 2162 te
812 2106 1141 2161 incessanter
1169 2105 1443 2160 defendat.

1054 2196 1388 2252 EPISTOLA
1428 2195 1535 2251 LV.

1044 2305 1106 2345 to
1127 2302 1390 2341 suanm.
1434 2287 1548 2340 Ii...

503 2403 584 2461 De
621 2407 872 2461 monacho
898 2421 992 2475 pro
1007 2420 1109 2475 quo
1135 2411 1345 2473 rogarat
1381 2400 1519 2475 ut‘iu
1543 2397 1915 2475 monasterium
1955 2411 2091 2448 rect-

575 2489 804 2547 peretur,
829 2467 935 2529 rem
958 2467 1215 2547 inlegrani
1242 2487 1379 2525 nunc
1404 2471 1454 2524 ei
1474 2468 1745 2540 permittit,
1772 2467 2091 2538 probaturus

575 2546 715 2619 quod
742 2546 1046 2600 decreverit.
1232 2618 1238 2625 ν

578 2659 927 2714 Lsarnsncus
983 2654 1425 2724 archiepiscopus
1454 2691 1470 2717 ,
1531 2648 1713 2705 abbati
2003 2661 2093 2703 sa-

505 2746 698 2805 I-Jtem.
1024 2756 1027 2759 ‘
1510 2752 1517 2755 '

582 2839 737 2908 Quod
774 2839 995 2893 fratrem
1034 2834 1101 2891 de
1130 2851 1237 2906 quo
1261 2834 1391 2890 mihi
1428 2832 1645 2904 scripsit
1671 2830 1979 2886 fraternitas
2005 2836 2093 2885 tua

512 2929 569 2987 in
599 2928 989 2986 monasterium
1020 2925 1409 2995 recipiendum,
1443 2935 1564 2979 cttm
1599 2923 1732 2978 meis
1764 2921 1959 2977 litteris
1997 2916 2097 2975 tilr'.

516 3024 715 3086 direxi,
745 3020 913 3091 328
946 3027 1082 3074 teste
1121 3017 1452 3074 conscientia
1502 3030 1647 3081 mea,
1689 3015 1869 3071 divino
1900 3013 1951 3069 id
1980 3012 2096 3069 zelo

510 3126 571 3173 et
625 3130 811 3171 amore
855 3113 1023 3169 nostri
1068 3112 1275 3168 ordinis
1319 3110 1459 3178 feci,
1509 3124 1683 3180 neque
1727 3108 1872 3162 enim
1924 3106 2093 3176 gratia

514 3208 722 3265 vitandi
754 3205 994 3263 scandali
1050 3205 1249 3274 aliquid
1301 3204 1423 3259 volo
1457 3201 1541 3257 vel
1591 3214 1787 3272 rogare
1838 3197 1924 3252 vel
1958 3212 2093 3267 pra:-
2122 3190 2167 3251 C

516 3301 721 3371 cipere,
768 3299 911 3370 quod
954 3297 1137 3367 aliquo
1182 3296 1341 3352 modo
1384 3295 1439 3349 in
1489 3293 1664 3363 majus
1725 3290 1809 3346 vel
1854 3287 2094 3345 deterius

517 3392 830 3448 s:andalum
884 3391 1063 3446 valeat
1111 3388 1431 3460 pervenire.
1470 3386 1716 3455 Loquere
1753 3384 1918 3454 igitur
1970 3396 2093 3435 cum

515 3480 801 3552 episcopo,
838 3480 883 3535 si
914 3479 1054 3535 forte
1098 3480 1268 3543 adest,
1298 3485 1354 3532 et
1400 3492 1523 3532 cum
1554 3476 1752 3529 domno
1803 3470 2095 3528 Godefrido

514 3570 694 3640 priore
728 3569 885 3640 ejus;
918 3576 975 3625 et
1016 3567 1277 3639 quidquid
1327 3581 1490 3636 super
1537 3563 1640 3619 hoc
1687 3563 1904 3633 negotio
1956 3562 2097 3615 inter

512 3677 609 3717 ws
638 3662 1043 3725 consulueritis,
1074 3670 1129 3716 et
1158 3660 1466 3716 consultum
1510 3671 1673 3727 apere
1715 3653 2094 3726 complendum

516 3754 886 3820 decreveritis,
928 3753 981 3807 in
1009 3752 1261 3808 omnibus
1290 3759 1345 3805 et
1380 3766 1475 3821 per
1498 3749 1678 3805 omnia
1719 3747 1848 3802 mihi
1880 3760 2098 3817 quoque

518 3841 732 3913 placere
761 3843 1042 3896 noveritis.
1092 3841 1277 3911 Neque
1330 3840 1473 3894 enim
1525 3839 1836 3909 superbiam
1889 3836 2100 3890 nutrire

520 3932 686 3999 volo,
738 3948 901 4003 quam
964 3932 1151 4003 procul
1200 3933 1268 3988 ab
1318 3931 1465 3988 οηιηί
1520 3946 1719 4000 genere
1770 3928 2049 3983 hominum
2082 3967 2098 3992 ,

518 4031 579 4080 et
636 4024 904 4095 praecipue
955 4038 987 4079 a
1042 4031 1231 4078 nostro
1278 4022 1470 4079 ordine
1516 4030 1780 4078 remotam
1835 4028 1955 4075 esse
2007 4018 2075 4072 de

488 4144 489 4149 π
517 4114 721 4174 sidere.
1080 4128 1093 4139 '

1018 4262 1021 4265 λ
1061 4204 1395 4261 EPISTULA
1428 4202 1561 4260 LVI.

944 4314 1012 4353 AD
1050 4312 1372 4355 WILLELMUI
1408 4310 1673 4352 ABBATEM.

523 4407 592 4465 Ut
628 4410 889 4465 Rainaldo
921 4421 1174 4465 mouactto
1206 4409 1564 4464 Glocestreuse
1603 4406 1977 4461 monasterium
2011 4422 2103 4475 pe-

593 4492 720 4546 tere,
746 4483 916 4551 ibique
945 4479 1160 4534 Serlonc
1191 4481 1375 4534 abbate
1402 4495 1493 4548 per
1522 4481 1648 4532 ataui
1679 4479 1832 4532 unius
1874 4487 2106 4545 spatium

595 4550 889 4605 coarersari
917 4550 1088 4605 liceat.

597 4664 949 4720 LANFRANCUS
983 4663 1420 4733 archiepiscopus
1454 4660 1775 4717 charissimo
1804 4657 1981 4712 amico
2010 4671 2108 4711 suo

528 4754 708 4812 abbati
731 4754 1051 4819 WILLELuo,
1077 4753 1326 4808 salutem.

598 4844 747 4916 Rogo
772 4856 844 4912 te,
875 4857 1133 4915 quantum
1165 4859 1356 4914 rogare
1380 4859 1598 4914 possum
1643 4850 1697 4898 et
1739 4840 1929 4905 debeo,
1976 4853 2110 4908 qua-

528 4945 685 4994 tenus
716 4938 841 4994 huic
882 4937 1036 4993 fratri
1069 4937 1328 4993 Rainaldo
1365 4937 1631 4992 concedas
1678 4936 1952 4991 licentiam
1982 4950 2112 4990 con-

526 5031 775 5087 versandi
818 5031 958 5101 apud
986 5030 1320 5086 Glocestram
1359 5044 1481 5086 cum
1517 5028 1711 5083 abbate
1741 5027 1966 5082 Serlonc
2014 5041 2113 5096 per

528 5122 759 5192 spatium
808 5124 967 5175 unius
1007 5122 1167 5186 anni;
1202 5120 1425 5190 ‘expelit
1479 5121 1621 5175 enim
1677 5118 1870 5172 animae
1897 5133 2007 5172 sum
2056 5127 2115 5173 ut

526 5220 629 5276 hoc
660 5220 773 5274 ﬁat.
827 5218 996 5287 IIujus
1044 5233 1278 5287 namque
1321 5217 1577 5271 indicium
1626 5214 1751 5269 hinc
1780 5213 2112 5285 permaxime

524 5312 702 5382 eapio,
734 5314 877 5383 quod
907 5309 1207 5379 regularem
1237 5308 1410 5363 locum
1439 5307 1592 5375 petit.
1632 5306 1880 5377 quamvis
1907 5315 1960 5360 et
1998 5320 2114 5360 mo-

526 5404 764 5457 nasterio
794 5411 904 5467 tuo,
950 5400 1005 5455 in
1055 5415 1163 5469 quo
1202 5398 1435 5452 nutritus
1485 5407 1601 5459 est,
1650 5384 1703 5450 in
1752 5394 1900 5450 nullo
1933 5395 2113 5450 detra-

527 5495 640 5549 hat.
676 5492 780 5548 Sed
805 5509 904 5548 cur
924 5493 1026 5548 hoc
1065 5493 1242 5545 facere
1269 5488 1417 5553 velit,
1457 5488 1829 5544 rationabilem
1890 5504 2110 5543 causam

526 5593 766 5639 enarrat.
821 5583 1019 5639 lterum
1087 5596 1218 5652 rogo
1271 5595 1339 5635 ne
1377 5579 1598 5635 moleste
1646 5580 1790 5635 feras
1864 5581 2006 5651 quod
2045 5581 2112 5636 ad

527 5691 614 5730 me
634 5666 809 5739 venit,
852 5675 996 5744 quod
1054 5690 1140 5729 me
1184 5673 1415 5728 amicum
1460 5684 1629 5729 tuum
1654 5690 1751 5746 pro
1797 5676 2115 5731 necessitate

528 5783 625 5823 sua
656 5767 897 5836 expetiit.

2186 1910 2440 1967 rogamus
2492 1901 2758 1965 quatenus
2813 1908 2937 1948 cum
2981 1893 3188 1947 honore
3248 1905 3375 1945 eum
3426 1890 3657 1960 recipias,
3688 1900 3733 1946 et

2186 1990 2256 2045 de
2299 1998 2497 2044 ctetero
2549 1985 2689 2040 sicut
2738 1983 2847 2039 lilio
2888 1992 2981 2038 tuo
3027 1990 3312 2051 paternam
3354 1979 3405 2035 ei
3453 1979 3735 2034 charitatun

2190 2080 2488 2152 impendas.
2521 2076 2807 2131 Credimus
2846 2074 2991 2128 enim
3035 2087 3133 2143 per
3182 2069 3601 2125 misericordiam
3640 2070 3732 2131 Dei,

2190 2174 2236 2228 si
2265 2171 2527 2228 sollicitus
2560 2168 2634 2224 tui
2662 2166 2870 2224 ordinis
2895 2180 3016 2221 esse
3036 2163 3294 2227 volueris,
3318 2162 3462 2232 quod
3489 2160 3735 2217 consilium

2191 2273 2250 2319 et
2296 2262 2558 2317 auxilium
2610 2268 2721 2314 tam
2770 2259 2822 2313 in
2865 2256 3048 2312 causis
3094 2252 3469 2326 spiritualibus
3510 2266 3653 2321 quam
3695 2251 3734 2304 iu

2193 2354 2540 2411 saecularibus
2594 2366 2690 2422 per
2742 2363 2865 2404 eum
2922 2347 3122 2402 habere
3181 2343 3407 2399 valebis.
3463 2338 3739 2396 Ltetilicavit

2196 2464 2283 2503 tne
2308 2447 2555 2511 multum,
2583 2447 2726 2515 quod
2756 2443 3005 2496 timorem
3044 2437 3136 2493 Dei
3166 2446 3218 2492 te
3255 2435 3479 2499 habere,
3503 2443 3556 2487 et
3575 2432 3736 2486 bonum

2198 2542 2468 2597 hominem
2492 2553 2615 2594 esse
2656 2534 2951 2607 perhibuit,
2978 2530 3073 2587 sed
3102 2539 3281 2585 tamen
3309 2541 3409 2597 pro
3438 2522 3740 2594 simplicitate

2198 2645 2287 2689 tua
2335 2632 2697 2704 negligentem
2760 2642 2881 2684 esse
2942 2622 3113 2680 nostri
3158 2621 3370 2678 ordinis
3424 2630 3614 2690 negare
3654 2630 3741 2670 nou

2197 2727 2390 2799 potuit.

2714 2804 3051 2868 EPISTOLA
3089 2805 3268 2863 LVIII.

2644 2920 2713 2961 ΔΙ)
2751 2917 3011 2959 BEIIGIUI
3049 2913 3341 2955 DILECTUI.

2201 3000 2395 3056 Multos
2436 3000 2502 3053 de
2524 2998 2636 3067 ipso
2665 2998 2805 3067 apud
2835 3011 3005 3067 regem
3052 2992 3191 3067 male
3236 2990 3425 3067 loqui,
3456 2987 3632 3067 quibus
3672 3001 3747 3067 re;

2267 3071 2422 3141 ﬁdem
2454 3060 2557 3124 nou
2584 3060 2847 3141 adhibeat.
2882 3060 3145 3141 Expedire
3194 3072 3250 3115 ut
3281 3060 3349 3115 ad
3397 3076 3452 3114 se
3490 3060 3663 3122 veniat,
3702 3066 3744 3109 ut

2268 3138 2333 3195 ex
2364 3142 2477 3211 ejus
2505 3156 2594 3194 ore
2615 3139 2769 3211 plura
2798 3138 3004 3191 audiat.

2266 3235 2616 3290 Lssrnmcus
2677 3230 2774 3286 Dei
2828 3230 3004 3303 gratia
3059 3224 3540 3297 archiepiscopus,
3585 3218 3748 3277 dilecto

2197 3326 2351 3383 fratri
2383 3335 2439 3382 et
2459 3324 2635 3380 amico
2657 3323 2913 3386 Remoto,
2943 3319 3199 3376 salutem.

2268 3420 2400 3476 Cum
2438 3416 2591 3472 multi
2617 3416 2682 3469 de
2721 3424 2771 3470 te
2810 3413 2977 3468 multa
3018 3424 3275 3481 perversa
3302 3407 3525 3471 dicant,
3565 3412 3616 3458 et
3652 3417 3750 3473 per-

2196 3514 2352 3585 pauci
2383 3513 2495 3567 sint
2546 3510 2637 3580 qui
2676 3508 2855 3564 verbis
2880 3504 3283 3562 detrahentium
3326 3499 3559 3571 ingenita
3589 3496 3751 3552 libera-

2199 3607 2349 3661 litate
2380 3603 2500 3676 [al.,
2524 3598 2796 3672 libertate]
2823 3598 3219 3662 contradicaut,
3240 3594 3382 3650 scias
3405 3601 3581 3647 tamen
3610 3587 3748 3644 donti-

2198 3716 2327 3756 num
2357 3706 2600 3754 nostrum
2622 3710 2803 3767 regem
2827 3692 3024 3748 nullius
3051 3686 3382 3746 detrahentis
3394 3695 3577 3741 contra
3598 3693 3751 3738 tever-

2199 3794 2265 3849 ba
2295 3792 2556 3863 recipere,
2579 3789 2674 3846 sed
2703 3787 2882 3859 potius
2893 3794 3082 3842 contra
3094 3797 3287 3839 onmes
3306 3780 3591 3836 maledicos
3617 3774 3751 3846 regali

2205 3896 2257 3943 te
2304 3874 2632 3940 auctoritate
2712 3878 3021 3935 defendere.
3075 3876 3262 3946 Itaque
3301 3872 3522 3943 expedit
3561 3870 3682 3931 tibi,
3719 3866 3754 3920 si

2203 3990 2371 4047 prOpe
2406 3989 2466 4028 es
2497 3982 2552 4027 et
2596 3970 2801 4026 licitum
2830 3968 3017 4034 habes,
3049 3974 3318 4038 quatenus
3353 3962 3423 4020 ad
3466 3976 3550 4016 me
3574 3957 3753 4018 venias,

2203 4077 2258 4125 et
2286 4081 2351 4122 ea
2400 4080 2519 4136 qua:
2550 4079 2647 4135 pro
2689 4061 2772 4117 sui
2820 4059 3132 4134 prolixitate
3180 4057 3423 4114 breviter
3466 4052 3621 4110 scribi
3664 4064 3750 4104 non

2205 4168 2454 4234 possunt,
2482 4172 2578 4213 ore
2606 4155 2673 4210 ad
2715 4169 2778 4210 os
2817 4153 3027 4208 audias.

2645 4245 2809 4317 329
2849 4240 3178 4299 EPISTOLA
3219 4239 3356 4295 LIX.

2847 4350 2913 4387 AD
2959 4349 3156 4388 BINL...

2211 4431 2519 4500 Gregorium
2549 4444 2736 4498 papam
2763 4425 2826 4479 ab
2855 4442 2914 4479 eo
2942 4422 3245 4500 vituperari,
3270 4430 3316 4500 et
3343 4417 3645 4498 Clementem
3668 4413 3759 4500 hic:

2283 4483 2434 4555 ilibus
2482 4483 2657 4569 e/feri'i
2701 4514 2804 4550 non
2850 4483 3567 4569 probat:ﬁtsi'imperntori
3613 4483 3758 4562 credat

2138 4545 2187 4603 D
2285 4575 2408 4642 facti
2599 4584 2816 4642 causus_
2850 4545 2951 4618 itan
3007 4566 3260 4642 defuisse,
3289 4545 3556 4615 dissuadet
3620 4571 3675 4609 ne
3719 4555 3759 4603 in

2286 4633 2529 4713 'Anglium
2568 4641 2735 4693 veniat
2771 4637 2882 4691 siue
2921 4636 3053 4705 regis
3082 4633 3313 4687 licentia.

2276 4753 2648 4816 LANFBANCUS,
2681 4748 2907 4804 Iluc.....
2937 4746 3116 4818 “orte,
3137 4740 3393 4815 lineam]

2286 4846 2520 4900 Litteras
2565 4856 2703 4909 tuas,
2746 4856 2879 4911 quas
2912 4841 3042 4893 mihi
3080 4855 3176 4909 per
3205 4836 3526 4907 portitorem
3554 4840 3761 4887 mearum

2216 4935 2432 4999 misisti,
2461 4932 2672 5003 suscepi
2716 4941 2770 4987 et
2796 4930 2920 5001 legi,
2964 4938 3019 4985 et
3049 4928 3442 4998 displicuerunt
3488 4922 3611 4979 mihi
3639 4934 3764 4990 qua:-

2221 5031 2343 5085 dam
2396 5043 2514 5097 qute
2564 5028 2616 5081 in
2664 5025 2744 5081 eis
2786 5025 2988 5080 inveni.
3041 5021 3155 5077 Non
3197 5022 3369 5092 probo
3414 5020 3554 5090 quod
3603 5028 3765 5088 papam

2219 5120 2537 5191 Gregorium
2607 5118 2924 5187 vituperas,
2976 5113 3119 5183 quod
3186 5110 3607 5166 IIildebrandmn
3666 5116 3767 5158 eum

2220 5230 2402 5277 vocas,
2426 5212 2567 5281 quod
2614 5210 2817 5281 legatos
2860 5209 2977 5279 cjus
3004 5205 3312 5278 spinosulos
3355 5203 3618 5261 nominas.
3649 5192 3767 5267 quod

2221 5308 2551 5363 Clementem
2608 5315 2687 5362 tot
2742 5313 2799 5359 et
2871 5304 3036 5357 tantis
3088 5299 3377 5371 prmcmtiis
3412 5306 3517 5352 tam
3574 5301 3768 5365 propt‘t‘e

2222 5399 2311 5471 [[2,
2335 5395 2683 5468 praepostere]
2711 5394 2935 5449 cxaltas.
2965 5392 3237 5462 Scriptum
3264 5398 3349 5444 cst
3372 5388 3518 5443 enim
3551 5402 3651 5441 non
3671 5395 3769 5438 esse

2217 5491 2543 5551 laudandum
2575 5490 2759 5544 invita
2798 5502 2894 5541 sua
2926 5486 3196 5541 hominem
3224 5481 3418 5553 (Eccli.
3453 5496 3528 5543 ιι,
3560 5477 3665 5547 30),
3693 5486 3769 5527 nec

2217 5585 2607 5641 detrahendum
2662 5580 2907 5651 proximo
2964 5593 3064 5633 suo
3115 5576 3258 5647 (Jac.
3305 5589 3403 5640 tv,
3459 5572 3568 5642 II).
3611 5566 3770 5623 Adhuc

2219 5678 2549 5747 incognitum
2579 5685 2662 5731 est
2690 5676 2926 5729 humano
2955 5670 3138 5741 generi
3184 5669 3374 5740 quales
3418 5681 3560 5722 nunc
3588 5665 3704 5725 sint,
3728 5667 3771 5712 et

2220 5766 2407 5835 quales
2453 5763 2618 5819 futuri
2650 5762 2758 5821 sint
2809 5763 2863 5817 in
2914 5770 3205 5832 conspectu
3253 5759 3368 5816 Dei.
3418 5757 3590 5813 Credo
3614 5762 3770 5808 tamen
