3864 6304
84 336 172 394 N9

1508 334 1890 393 EPISTOLE.

3231 348 3343 407 550‘

85 451 205 521 quod
233 449 531 520 imperator
550 450 663 506 sine
688 466 881 522 magna
913 449 1123 505 ratione
1149 457 1352 504 tantam
1381 464 1492 503 rem
1527 466 1629 503 non
1664 457 1710 516 Α
1739 466 2076 507 recessurum
2096 451 2387 522 jurassem,
2418 456 2658 511 viderem
2686 467 2867 516 autem
2911 462 3054 529 quod
3084 463 3155 519 ibi
3208 467 3335 522 ani-

85 549 153 594 est
178 552 458 609 aggressus
506 544 736 605 patrare,
770 552 870 592 nec
914 536 1031 591 sine
1078 552 1273 607 magno
1316 535 1518 589 auxilio
1546 534 1640 589 Dei

85 636 259 680 tantam
288 626 461 694 potuit
494 626 773 680 victoriam
806 640 1204 680 consummare.

141 716 244 773 Non
272 716 435 771 laudo
468 725 530 771 ut
585 716 655 771 in'
679 717 958 787 Anglicani
991 728 1190 772 terram
1216 717 1423 781 venias,
1457 716 1561 772 nisi
1610 733 1639 772 a

84 823 186 878 rege
210 806 509 878 Anglorum
558 807 1135 863 licentiamoveniendi
1185 810 1334 877 prius
1382 809 1637 879 accipias.

84 896 298 953 Nondum
349 898 499 951 enim
545 898 716 952 insula
746 908 931 952 nostra
969 899 1203 967 priorem
1238 897 1508 961 refutavit,
1543 914 1640 953 nec

83 999 235 1042 utrmn
272 988 399 1043 huic
426 987 652 1044 obedire
679 989 874 1045 debeat
907 990 1229 1046 sententiam
1260 990 1637 1060 promulgavit.

81 1076 260 1131 Auditis
289 1078 552 1149 utrinque
594 1080 791 1146 causis,
823 1080 868 1133 si
902 1078 975 1134 ita
1020 1080 1330 1149 contigerit,
1360 1079 1638 1149 persuica-

81 1170 177 1227 eius
196 1173 315 1242 quid
347 1172 466 1226 ﬁeri
495 1181 746 1242 oporteat
775 1172 1068 1242 provideri,
1101 1171 1323 1228 valebit.

598 1260 930 1317 EPISTOLA
974 1265 989 1315 l
1014 1262 1081 1318 Χ.

473 1367 545 1406 ΔΙ)
585 1368 901 1409 ιιουυιῐιιιυκ
940 1369 1069 1408 ΔΒΒΔ
1079 1369 1205 1409 τεκ.

79 1443 213 1498 Posse
252 1443 574 1497 monachum
618 1444 707 1513 qui
754 1444 807 1496 iu
846 1461 948 1498 uno
1000 1442 1317 1497 monasterio
1375 1440 1636 1495 stabilita-

134 1526 221 1568 tem
249 1515 584 1583 promiserit,
617 1515 779 1579 justis
802 1514 864 1574 de
888 1514 1060 1571 causis
1100 1515 1153 1567 iu
1196 1513 1339 1566 aliud
1387 1513 1635 1566 (rimami-

133 1601 283 1652 grare.
688 1620 691 1621 ν

133 1675 464 1733 ιλιεςιιλκους
504 1676 812 1732 Cantuariae
865 1676 1325 1748 archiepiscopus,
1374 1675 1630 1731 RonULro

80 1766 228 1820 abbati
257 1768 509 1823 salutem.
1078 1774 1081 1777 ’

1748 557 1888 596 mam
1940 559 2113 598 meam
2187 544 2398 601 salvare
2466 560 2574 602 non
2638 564 2851 618 possem
2883 593 2897 617 ,
2945 554 3182 625 exirem;
3230 574 3334 614 nec

1742 632 1963 704 per-jurii
2010 635 2217 692 crimen
2250 637 2605 695 incurrerem.
2645 644 2745 710 Qui
2777 646 2919 700 enim
2967 648 3075 703 Deo
3109 663 3334 723 prtpter

1744 725 1913 779 Deum
1962 726 2235 796 alligatur,
2281 744 2388 783 non
2434 730 2662 786 solvitur
2700 734 2768 788 ab
2817 735 2954 804 ipso,
3003 739 3104 793 nisi
3141 749 3330 797 contra

1744 814 1919 886 ipsum
1950 818 2211 874 solvatur.
2242 820 2412 876 Porro
2440 825 2507 875 ab
2533 825 2647 894 ipso
2672 836 2861 881 contra
2896 829 3067 898 ipsum
3111 834 3332 892 uinime

1741 909 1987 976 solvitur,
2017 911 2106 981 qui
2156 921 2390 983 propter.
2410 928 2649 972 amorem
2696 918 2835 994 ejus,
2866 929 2922 975 et
2949 930 3006 976 ut
3053 925 3153 978 sibi
3194 926 3332 987 bene

1739 1003 2098 1072 complaceat,
2125 1021 2153 1059 a
2182 1005 2304 1060 ﬁliis
2337 1008 2643 1075 discordire,
2668 1014 2954 1081 superbire,
2989 1014 3328 1085 difﬁdentiae,

1739 1101 1794 1147 et
1845 1102 1903 1147 ut
1948 1096 2126 1165 aptius
2167 1095 2288 1167 [al.,
2331 1100 2591 1172 apertius]
2635 1101 2842 1168 dicam,
2885 1118 2914 1156 a
2964 1104 3088 1161 ﬁliis
3129 1106 3330 1164 diaboli

1739 1182 1935 1253 migrat
1958 1184 2023 1238 ad
2054 1184 2191 1242 ﬁlios
2221 1189 2389 1258 pacis,
2421 1191 2759 1257 humilitatis,
2789 1195 2924 1264 spei,
2956 1196 3066 1250 imo
3095 1199 3160 1251 ad
3188 1199 3331 1255 ﬁlios

1738 1273 1855 1329 Dei.
1886 1275 1985 1343 Qui
2014 1278 2158 1332 enim
2202 1278 2279 1335 sic
2323 1282 2535 1346 transTt,
2580 1299 2758 1339 nonne
2786 1285 2944 1355 plane
2976 1286 3108 1358 fugit
3138 1305 3168 1345 a
3202 1293 3331 1348 sede

1737 1367 1937 1423 diaboli
1965 1370 2030 1423 ad
2061 1371 2243 1425 sedem
2271 1372 2397 1428 Dei?
2421 1374 2552 1440 Quis
2578 1378 2723 1435 enim
2748 1378 2953 1448 judieet
2978 1380 3124 1436 illum
3156 1399 3186 1438 a
3215 1385 3329 1442 Deo

1737 1459 2129 1525 damnandum,
2174 1464 2265 1533 qui
2295 1473 2351 1518 ut
2381 1467 2448 1520 ad
2482 1478 2715 1535 patrem,
2750 1478 2808 1524 ut
2847 1472 2915 1526 ad
2965 1473 3243 1530 dominum
3273 1486 3333 1533 et

1737 1550 1992 1621 amicum,
2019 1552 2153 1623 fugit
2178 1554 2244 1608 ad
2274 1555 2487 1624 ipsum?
2520 1557 2815 1628 Propterea
2861 1563 2954 1632 qui
2994 1563 3073 1618 sic
3110 1568 3323 1633 transit,

1736 1658 1842 1698 non
1884 1643 1951 1698 ab
1983 1644 2239 1707 Ecclesia
2286 1647 2354 1701 ad
2396 1647 2696 1704 Ecclesiam
2739 1653 2966 1719 transit;
3014 1670 3119 1711 non
3179 1659 3326 1713 enim

1733 1734 1916 1803 plures
1943 1743 2070 1789 sunt
2111 1735 2384 1803 Ecclesiae,
2410 1739 2508 1793 sed
2547 1755 2653 1794 una
2683 1750 2766 1796 est
2799 1751 2911 1797 toto
2940 1744 3074 1799 orbe
3103 1745 3324 1812 diffusa,

134 1855 405 1912 Indicam."
451 1867 543 1914 est
569 1857 699 1913 mihi
728 1858 835 1913 τόδ
884 1866 974 1915 tuo
1019 1857 1350 1915 monas‘erio
1381 1858 1635 1913 recedere
1665 1851 1709 1911 Β
1738 1834 1791 1879 et
1832 1844 1852 1877 ι
1889 1826 1979 1879 uni
2008 1827 2120 1880 Deo
2150 1827 2349 1897 ubique
2377 1829 2702 1894 servitur,et
2726 1832 2816 1886 uni
2842 1833 2971 1904 Regi
2998 1835 3276 1892 militatur.
3299 1856 3318 1890 ι

77 1948 164 2011 vis;
192 1950 250 2003 de
274 1951 546 2019 promissa
592 1951 886 2007 stabilitate
916 1951 1177 2007 sollicitus
1212 1967 1298 2016 es,
1334 1951 1529 2006 timens
1565 1965 1634 2005 ne

77 2039 187 2094 unde
215 2039 373 2097 Deum
402 2042 628 2113 placare
666 2044 855 2098 studes
899 2040 1019 2114 [al.,
1045 2042 1258 2115 debes],
1305 2042 1427 2097 inde
1458 2041 1626 2096 eﬁ'en-

78 2132 169 2185 das.
213 2132 283 2187 De
318 2150 426 2205 quo
474 2135 744 2190 rationem
794 2136 953 2190 talem
982 2135 1231 2201 ostendo,
1268 2144 1323 2190 et
1353 2135 1406 2189 in
1449 2145 1628 2190 osten-

78 2222 217 2280 dendo
248 2226 516 2297 meipsum
570 2227 624 2282 in
662 2227 968 2300 exemplum
1000 2228 1079 2284 sic
1124 2226 1212 2282 do.
1262 2225 1318 2282 Si
1348 2240 1447 2296 ego
1490 2225 1627 2279 Lan-

79 2312 257 2374 francus
291 2336 450 2375 manu
496 2320 719 2393 propria
749 2337 837 2378 me
863 2322 929 2377 de
950 2320 1132 2392 aliquo
1162 2302 1492 2375 monasterio
1520 2333 1626 2372 non

1167 2427 1320 2485 Finis
1343 2427 1682 2504 epistularum
1710 2424 1846 2480 beati
1886 2421 2196 2493 Lsnfrauci.

1739 1916 2017 1973 Postremo
2042 1916 2102 1972 Β.
2138 1918 2457 1975 Benedictus
2486 1921 2734 1992 (Regul.,
2781 1939 2902 1993 cap.
2935 1925 3043 1998 6|).
3076 1927 3176 1983 sub
3206 1946 3324 1985 me-

1735 2009 1932 2078 dium),
1954 2010 2045 2080 qui
2076 2011 2425 2067 stabilitatem
2450 2016 2694 2085 praecipit
2724 2015 2962 2083 ﬁrmare,
2995 2021 3319 2077 monachum

1736 2103 1804 2156 ab
1852 2101 1959 2156 alio
1995 2104 2324 2160 monasterio
2360 2106 2428 2158 ad
2466 2105 2614 2160 aliud
2662 2108 3051 2163 monasterium
3104 2112 3325 2173 venien-

1737 2203 1842 2248 tem
1868 2194 2022 2265 jubet
2051 2195 2281 2265 suscipi;
2313 2204 2389 2260 et,
2419 2196 2464 2249 si
2496 2185 2651 2251 bo'nae
2680 2198 2807 2255 vita:
2834 2197 3019 2265 fuerit,
3050 2208 3108 2255 ut
3153 2202 3323 2256 stabio

1730 2286 1938 2340 litatem
1974 2284 2170 2350 ﬁrmet,
2209 2286 2424 2341 suaderi
2455 2286 2715 2357 (ibidem).

3148 2500 3245 2517 ’ἥθ’

1666 2541 1737 2569 n9;

168 2638 469 2719 Epistolas
508 2643 821 2719 sequentes
852 2633 1046 2697 edidit
1081 2636 1153 2695 D'
1187 2634 1368 2698 J.-A.
1407 2634 1665 2706 GllJJSS,
1701 2632 1863 2710 Opp.
1907 2630 1979 2692 Β.
2016 2629 2395 2707 Lanfranci;
2431 2630 2641 2693 Oxon.
2685 2630 2864 2705 181th,
2902 2638 3057 2694 tom.

573 2737 907 2794 EPISTOLA
947 2736 1082 2795 LXI.

308 2847 372 2887 AD
410 2845 782 2887 HABGMIETAH
823 2843 1057 2884 REGINAM
1098 2840 1404 2883 SCOTORUH.

131 2923 470 2994 LANFRLNCUS,
518 2925 770 2996 indignus
819 2934 1024 2981 sancta:
1067 2920 1479 2977 Cantuariensis
1531 2918 1631 2974 Ec-

79 3016 220 3073 clesia:
248 3020 498 3084 antistes,
544 3016 792 3089 gloriosae
838 3014 1129 3070 Scotorum
1170 3013 1371 3085 regina:
1401 3010 1625 3069 Manes-

12 3180 15 3183 _
78 3122 197 3164 seris
222 3110 434 3165 salutem
456 3117 521 3165 et
546 3105 995 3164 benedictionem.

131 3200 377 3271 Explicare
404 3217 520 3257 non
554 3207 733 3270 potest
774 3196 1082 3273 epistolaris
1128 3197 1366 3253 brevitas
1414 3204 1617 3267 quanta

79 3302 145 3343 cor
190 3307 349 3347 meum
379 3291 574 3348 laetitia
621 3288 906 3362 perfudiSti
954 3288 1211 3361 perfectis
1266 3288 1464 3344 litteris
1516 3288 1622 3343 tuis

78 3394 182 3447 quas
205 3382 344 3450 mihi,
372 3383 487 3439 Deo
521 3381 768 3437 amabilis
820 3380 1003 3453 regina
1030 3420 1045 3447 ,
1092 3378 1308 3435 misisti.
1336 3377 1380 3433 Ο
1417 3384 1621 3448 quanta

78 3469 365 3538 iucunditate
420 3474 594 3529 verba
648 3471 922 3543 proﬂuunt
956 3511 971 3537 ,
1030 3486 1152 3541 quae
1202 3470 1384 3525 divino
1430 3466 1621 3538 spiritu

79 3558 291 3631 inspirata
322 3565 662 3635 procedunt!
701 3563 877 3620 Credo
915 3562 1058 3617 enim
1092 3576 1198 3616 non
1234 3575 1265 3614 a
1304 3566 1355 3614 te
1384 3558 1477 3614 sed
1523 3572 1622 3627 pro

80 3652 259 3707 tedieta
296 3669 410 3711 esse
450 3670 580 3725 quae
606 3653 923 3724 scripseras.
970 3648 1177 3705 Revera
1220 3664 1318 3720 per
1362 3663 1424 3703 os
1469 3656 1619 3701 tuum

80 3739 246 3800 locutus
272 3758 351 3802 est
377 3747 499 3813 ille,
530 3745 623 3816 qui
656 3743 933 3815 discipulis
979 3742 1092 3797 suis
1127 3741 1202 3796 ait
1234 3756 1250 3798 :
1285 3759 1304 3791 ι
1351 3739 1553 3795 Discite
1588 3753 1618 3793 a

80 3845 146 3885 me
184 3836 291 3904 quia
336 3837 485 3892 mitis
538 3851 656 3892 sum
703 3843 759 3890 et
807 3832 1028 3889 humilis
1080 3832 1265 3887 corde.
1331 3850 1349 3882 ι
1394 3831 1472 3886 De
1517 3830 1619 3884 hac

81 3919 239 3979 Christi
296 3925 583 3997 disciplina
665 3924 932 3995 processit
990 3922 1156 3992 quod,
1224 3920 1388 3992 regali
1450 3920 1620 3990 stirpe

84 4015 334 4083 progenita,
381 4017 641 4090 regaliter
689 4015 939 4079 educata,
989 4013 1157 4068 nobili
1202 4013 1317 4083 regi
1366 4011 1619 4069 nobiliter

83 4109 300 4177 copulata,
348 4128 434 4167 me
473 4110 752 4166 hominem
799 4116 1145 4172 extraneum,
1176 4105 1362 4173 vilem,
1406 4104 1617 4177 ignobi-

84 4201 424 4271 letn,peecatis
477 4201 801 4265 involutum,
852 4200 905 4254 in
955 4207 1167 4269 patrem
1215 4198 1408 4269 eligis,
1460 4206 1617 4266 teque

84 4286 182 4341 mihi
212 4290 258 4344 in
288 4292 445 4349 ﬁliam
481 4290 840 4364 spiritualiter
865 4290 1173 4345 habendam
1213 4288 1474 4360 precaris.
1500 4286 1615 4342 Non

84 4391 173 4433 sum
196 4386 319 4452 quod
344 4396 545 4457 putas,
591 4384 688 4440 sed
713 4385 815 4438 sim
861 4382 988 4453 quia
1036 4390 1217 4451 putas.
1268 4380 1345 4435 Ne
1393 4380 1616 4448 decepta

86 4484 334 4544 remaneas,
379 4494 478 4534 ora
525 4492 623 4549 pro
670 4490 756 4530 me
795 4485 851 4530 ut
882 4476 985 4531 sim
1035 4475 1226 4546 dignus
1258 4480 1413 4543 pater
1458 4484 1615 4526 orare

86 4559 217 4620 Deum
242 4578 290 4624 et
332 4569 578 4627 exaudiri
608 4585 707 4640 pro
738 4576 809 4623 te.
860 4566 1178 4624 Orationum
1225 4573 1280 4619 et
1307 4562 1613 4619 benefacto-

87 4666 177 4709 rum
216 4659 277 4713 sit
317 4661 453 4716 inter
500 4676 598 4716 nos
643 4673 930 4715 commune
984 4654 1391 4712 commercium.
1442 4652 1612 4706 Parva

87 4748 257 4813 quidem
302 4755 498 4819 tribuo,
536 4753 631 4809 sed
677 4751 846 4807 multo
894 4750 1098 4820 majora
1144 4762 1230 4803 me
1274 4754 1613 4817 recepturum

88 4852 179 4895 esse
207 4844 418 4902 conﬁdo.
453 4846 659 4901 Dehinc
703 4845 869 4915 igitur
910 4842 1012 4898 sim
1061 4848 1216 4912 pater
1267 4848 1409 4904 tuus,
1456 4845 1510 4892 et
1562 4848 1614 4892 tu

90 4944 179 4986 mea
217 4934 313 4991 ﬁlia
351 4928 488 4995 esto.
538 4936 692 4992 Mitto
732 4933 967 5007 glorioso
999 4932 1113 4986 viro
1146 4940 1235 4985 tuo
1267 4940 1321 4985 et
1352 4929 1449 4983 tibi
1490 4928 1617 4983 cha-

91 5021 312 5081 rissimum
338 5027 557 5083 fratrem
600 5036 866 5094 nostrum,
900 5022 1175 5079 dominum
1219 5017 1616 5083 Goldewinum,

89 5116 331 5173 secundum
374 5121 687 5191 petitionem
731 5126 896 5180 tuam,
925 5114 1060 5170 alios
1103 5126 1316 5184 quoque
1346 5111 1480 5167 duos
1509 5108 1619 5163 fra-

92 5209 209 5270 ιτσὶε,
249 5210 367 5278 quia
419 5212 563 5281 quod
618 5210 685 5264 de
753 5207 977 5264 servitio
1024 5205 1117 5260 Dei
1172 5213 1225 5258 et
1274 5212 1455 5259 vestro
1502 5201 1619 5255 ﬁeri

90 5303 278 5364 0Portet,
328 5302 471 5359 solus
518 5302 631 5372 ipse
662 5315 758 5371 per
802 5314 860 5354 se
906 5285 1123 5368 explere
1165 5312 1271 5352 non
1318 5303 1521 5366 posset,
1567 5301 1622 5348 ct

94 5394 193 5453 r030
232 5390 549 5463 multumque
597 5407 726 5462 rogo
772 5398 1039 5461 quatenus
1083 5388 1226 5463 quod
1268 5401 1366 5455 pro
1412 5385 1523 5439 Deo
1568 5392 1623 5437 et

92 5485 167 5537 Pro
195 5462 676 5538 animabusiveslris
725 5479 1002 5551 coepistis,
1040 5462 1305 5533 instanter
1344 5486 1398 5531 et
1438 5473 1620 5531 emea-

97 5563 201 5619 citer
224 5572 466 5639 perlicere
505 5572 790 5637 studeatis,
828 5580 906 5635 et,
931 5571 975 5624 si
1005 5570 1235 5639 possetis
1280 5576 1373 5623 aut
1410 5565 1622 5623 velletis

88 5667 201 5720 νθιιιιε
226 5673 445 5720 vestrum
486 5682 585 5738 per
611 5664 747 5720 alios
796 5663 1114 5736 adimplere,
1148 5660 1319 5718 multo
1353 5658 1623 5715 desiderio

99 5748 312 5811 vellemus
354 5756 446 5814 bos
490 5759 685 5815 fratres
732 5765 950 5815 nostros
1003 5758 1070 5814 ad
1121 5771 1219 5814 nos
1266 5753 1462 5822 redire,
1494 5751 1619 5824 quia

1648 3257 1691 3316 C

1650 4615 1692 4669 D

1731 2730 1888 2787 valde
1936 2732 1988 2787 in
2040 2729 2231 2787 oﬂiciis
2266 2732 2380 2787 suis
2427 2734 2719 2788 necessarii
2767 2744 2920 2789 erant
2951 2732 3194 2789 ecclesia:
3225 2750 3337 2799 noo.

1736 2831 1880 2880 strae.
1918 2824 2038 2879 Fiat
2068 2832 2246 2879 tamen
2294 2823 2542 2880 voluntas
2568 2836 2773 2893 vestra,
2813 2828 2939 2897 quia
2984 2826 3036 2881 in
3066 2828 3321 2883 omnibus

1731 2924 1785 2970 et
1814 2932 1910 2987 per
1954 2917 2137 2970 omnia
2168 2916 2540 2973 desideramus
2590 2918 2813 2985 obedire
2855 2918 3027 2974 vobis.
3063 2918 3321 2989 Omnipo-

1732 3014 1851 3060 tens
1890 3006 2029 3061 Deus
2060 3021 2153 3062 vos
2198 3006 2522 3074 benedicat,
2572 3016 2629 3063 et
2670 3005 2741 3065 ab
2785 3009 3040 3066 omnibus
3083 3012 3320 3069 peccatis

1728 3095 2023 3153 clementer
2050 3097 2319 3153 absolvat.
3139 3088 3145 3095 ’

2432 3189 2573 3247 LXll
2594 3228 2611 3246 .

2076 3340 2144 3378 AD
2182 3341 2600 3383 ARCIIIDIACONOS
2625 3344 2960 3387 BAJOCENSES.

1792 3457 2165 3525 LANFRANCUS,
2200 3460 2452 3531 indignus
2484 3463 2733 3528 antistes,
2778 3473 2978 3519 sanctae
3005 3462 3316 3533 Bajocensis

1725 3549 1983 3605 Ecclesiae
2016 3551 2420 3607 arehidiaconis
2463 3554 2713 3607 salutem.

1794 3641 2053 3697 indicavit
2100 3642 2229 3696 mihi
2262 3642 2459 3699 litteris
2500 3644 2611 3697 suis
2642 3643 3076 3700 Coristantiensis
3108 3644 3319 3716 episco-

1722 3746 1823 3803 pus
1872 3730 2162 3802 quemdam
2191 3731 2569 3802 presbyterum
2615 3730 2754 3787 villze
2783 3749 2913 3797 suas,
2962 3734 3013 3788 in
3054 3736 3315 3804 parochia

1720 3830 1900 3879 vestra
1953 3822 2068 3877 sita:
2100 3861 2115 3888 ,
2161 3820 2410 3878 manibus
2467 3822 2580 3878 suis
2642 3822 2835 3879 fecisse
2912 3825 3259 3881 homicidium
3299 3867 3319 3899 ,-

1721 3931 1843 3971 cum
1890 3924 2079 3972 contra
2128 3917 2454 3971 moriturum
2522 3932 2582 3972 se
2646 3917 2944 3974 defenderit
3008 3928 3064 3975 et
3108 3904 3319 3992 patrem

1720 4025 1897 4065 suum.
1930 4011 2150 4066 Addidit
2181 4026 2396 4082 quoque
2443 4012 2726 4068 consilium
2779 4029 2958 4068 meum
3006 4028 3169 4083 super
3212 4015 3318 4069 hac

1722 4118 1784 4159 re
1809 4119 1902 4161 vos
1926 4104 2066 4160 velle
2091 4105 2315 4172 habere,
2348 4106 2391 4161 si
2419 4105 2501 4161 vel
2531 4122 2829 4176 nunquam,
2874 4106 2955 4160 vel
2986 4115 3111 4176 post
3137 4121 3314 4175 quan-

1722 4201 1833 4249 tum
1884 4195 2141 4264 temporis
2192 4195 2417 4249 missam
2474 4194 2758 4250 homicida:
2810 4194 2967 4247 liceat
3014 4192 3312 4247 celebrare.

1718 4285 2051 4353 Periculose,
2098 4285 2297 4341 fratres
2328 4286 2458 4350 mei,
2490 4300 2519 4338 a
2566 4301 2653 4339 me
2691 4284 2757 4340 de
2798 4284 2900 4339 hac
2930 4299 2987 4337 re
3028 4284 3183 4337 vobis
3225 4296 3314 4335 re-

1720 4378 2017 4447 spondetur
2045 4393 2059 4429 :
2089 4391 2215 4431 cum
2242 4389 2368 4429 reus
2399 4374 2588 4444 reique
2612 4373 2717 4427 vita
2749 4389 2779 4427 a
2812 4389 2899 4427 me
2924 4372 3140 4442 penitus
3169 4371 3315 4442 igno-

1721 4478 1889 4524 retur.
1922 4465 2094 4536 Quam
2126 4467 2172 4523 si
2197 4474 2291 4521 aut
2315 4466 2531 4537 propria
2556 4463 2908 4536 experientia,
2926 4472 3019 4518 aut
3038 4462 3312 4518 veracium

1721 4561 1980 4616 relatione
2013 4561 2283 4633 cognitam
2319 4569 2584 4625 tenerem,
2630 4558 2803 4613 multo
2849 4557 3016 4612 tutius
3059 4554 3315 4611 fraterni-

1725 4656 1823 4712 tati
1874 4664 2068 4711 vestrae
2112 4655 2180 4712 de
2228 4661 2379 4710 tanta
2434 4646 2873 4723 re'respondere
2919 4652 3177 4717 valerem.
3207 4651 3314 4707 Vos

1724 4748 1909 4819 igitur,
1964 4759 2193 4816 quorum
2240 4746 2400 4802 oﬁieii
2441 4745 2493 4801 id
2544 4746 2808 4809 interest,
2842 4744 3009 4800 vitam
3039 4744 3156 4816 ejus
3186 4759 3311 4815 per-

1725 4840 1956 4911 quirite;
1996 4837 2253 4894 videlicet
2286 4836 2557 4906 quomodo
2589 4836 2805 4902 vixerit,
2834 4837 3103 4906 quomodo
3144 4836 3312 4902 vivat,

1724 4931 1766 4988 si
1796 4930 2074 4986 humiliter
2102 4929 2385 5000 pteniteat,
2430 4927 2475 4983 si
2504 4926 2703 4993 doleat,
2754 4928 2799 4982 si
2843 4927 3041 4999 lugeat,
3074 4928 3337 4990 maxime,

1724 5022 1770 5079 si
1832 5022 2140 5079 castitatem
2191 5021 2259 5075 ad
2293 5021 2453 5076 ﬁnem
2500 5020 2623 5075 vitae
2684 5035 2797 5075 suae
2863 5028 3202 5075 servaturum
3250 5033 3311 5073 se

1722 5130 1845 5170 esse
1881 5114 2179 5185 promittat.
2223 5112 2349 5167 Haec
2388 5121 2443 5167 et
2489 5112 2793 5183 bujnsmodi
2846 5114 2951 5169 alia
2998 5112 3309 5182 pmnitentis

1724 5206 1920 5260 indicia
1954 5224 1965 5259 :
1993 5206 2035 5260 si
2066 5206 2120 5259 in
2148 5219 2213 5259 eo
2237 5219 2359 5260 esse
2380 5196 2864 5274 deprehenderitis,
2896 5212 3113 5274 peracta
3139 5203 3309 5270 poeni-

1728 5296 1890 5349 tentia
1917 5295 2191 5350 licentiam
2223 5293 2530 5349 celebrandi
2561 5295 2781 5350 missam
2817 5293 2948 5348 dare
2973 5293 3021 5347 ei
3047 5292 3304 5362 potestis;

1724 5386 1961 5456 alioquin
1991 5385 2352 5457 periculosum
2379 5387 2531 5442 vobis
2572 5395 2625 5441 et
2670 5386 2742 5440 illi
2787 5385 3147 5455 perniciosum
3179 5385 3307 5449 erit,

1726 5479 1769 5534 si
1817 5478 2033 5549 pollutis
2085 5479 2332 5535 manibus
2386 5493 2583 5547 corpus
2642 5476 2852 5553 Christi
2887 5484 2942 5530 et
2991 5476 3308 5545 sanguinem

1722 5568 2067 5624 sanetiﬁeare
2126 5569 2548 5639 prmsumpserit.
2621 5565 2975 5636 Omnipotens
3031 5564 3170 5620 Deus
3211 5580 3328 5634 vos,

1721 5659 2025 5727 benedicat,
2069 5669 2125 5715 et
2167 5662 2233 5717 de
2285 5671 2500 5733 pauore
2530 5667 2713 5716 vestro
2765 5657 3127 5716 desideratam
3154 5658 3309 5714 vobis

1724 5748 1963 5806 lietitiam
1998 5751 2219 5806 tribuat.
