3864 6304
66 331 158 388 55$

1108 328 1176 384 IN
1213 327 1430 385 EPIST.
1480 326 1541 383 Β.
1577 327 1968 384 ιΑΜιιΑΝει
2007 328 2235 385 NOTAE.

3202 334 3310 389 εει

66 451 133 503 ria
159 459 430 502 servorum
454 444 547 500 Dei
584 443 637 499 in
665 456 817 513 pace,
849 451 901 499 et
936 445 1114 514 quiete
1157 445 1371 501 firmata
1398 460 1610 515 perma-
1638 450 1683 509 Α
1718 443 1833 499 Hoc
1883 446 2020 500 idem
2049 445 2393 519 privilegium
2448 446 2543 519 sub
2591 448 2772 502 eadem
2811 447 2983 516 forma
3025 448 3318 519 iisdemque

68 542 207 593 neant
233 552 247 601 ;
275 552 339 591 ne
376 535 576 591 divinis
609 533 801 590 ociis
840 537 1158 606 mancipata:
1186 545 1393 591 mentes
1440 536 1620 605 aliqua

67 626 326 682 occasione
361 640 392 678 a
430 639 531 680 suo
576 625 853 695 proposito
890 625 1274 696 impediantur.
1304 625 1416 679 iiac
1457 625 1626 696 igitur

70 720 265 777 rationis
315 719 679 775 aestimatione
720 733 820 790 ego
869 734 1086 789 quoque
1135 718 1476 784 Willelmus,
1528 718 1622 774 Dei

70 811 214 881 gratia
238 808 754 879 Rethomagensium
775 807 1234 878 archiepiscopus,
1254 806 1445 863 litteris
1468 824 1623 860 man-

75 901 181 952 dare
204 898 436 961 decrevi,
475 906 715 967 tempore
746 897 996 952 videlicet
1025 896 1247 951 Roberti
1290 897 1505 952 comitis
1532 896 1625 951 lilii

80 989 303 1044 Willelmi
347 989 498 1060 regis
534 988 868 1060 Anglorum,
894 988 1037 1058 quod
1082 989 1335 1043 Beccensi
1376 988 1629 1042 Ecclesiae

70 1092 112 1136 et
137 1082 317 1135 donmo
346 1080 608 1135 Anselmo
646 1079 851 1145 abbati,
879 1079 949 1135 ob
993 1080 1350 1135 reverentiam
1389 1080 1629 1149 ejusdem

72 1177 153 1230 loci
173 1185 221 1230 et
248 1176 480 1229 fratrum
506 1173 965 1244 religiosissimum
993 1174 1180 1239 vitam,
1207 1175 1303 1229 sed
1333 1184 1388 1229 et
1413 1182 1633 1250 pgggter

71 1266 264 1319 salutem
316 1265 716 1341 animmii’n‘em,
773 1273 1286 1341 antecessorumque
1348 1278 1631 1327 meorum,

73 1340 813 1418 iiec'noii-e'trsuccessorum,
851 1340 1178 1439 con0@>“‘
1220 1354 1461 1410 Εοθίθδίθ
1497 1354 1633 1423 ipsa’

71 1446 263 1514 ejusque
302 1445 474 1514 ipsius
500 1444 606 1499 loci
653 1444 937 1514 parochia,
978 1456 1101 1498 cum
1134 1443 1496 1499 residentibus
1544 1458 1638 1511 pa-

75 1538 310 1593 rochianis
331 1538 469 1603 suis,
493 1545 757 1606 perpetuo
781 1536 853 1591 sit
873 1535 1044 1591 libera
1074 1537 1143 1591 ab
1170 1536 1318 1591 omni
1344 1534 1638 1605 episc0pali

72 1630 339 1695 exactione,
377 1638 582 1698 prater
612 1643 675 1683 ea
717 1643 837 1698 qua:
885 1628 954 1681 ab
1012 1625 1303 1697 episcopali
1327 1624 1501 1680 cilicio
1543 1625 1639 1679 ad-

81 1721 339 1775 ministrari
388 1736 500 1773 non
545 1730 775 1790 possunt
808 1736 821 1771 :
859 1728 913 1772 ut
950 1730 1035 1787 est
1073 1719 1371 1773 monachos
1403 1714 1487 1771 vel
1532 1715 1641 1771 cie»

1789 531 1919 584 pene
1951 517 2116 570 verbis
2131 518 2206 589 ob
2236 515 2460 589 (lugoue
2476 515 3314 589 Rothomugensiarchiepiscopo,

1796 602 2094 641 successore
2117 585 2387 641 (ἔκειιείἠοὶ
2409 605 2550 642 anno
2593 585 2867 644 milieiimo
2886 585 3164 644 centesimo
3188 585 3321 655 quu-

1795 657 2087 726 dragesimo
2115 657 2285 726 primo
2324 659 2687 723 conﬁrmatur.

1728 724 2071 795 Conﬁrmatio
2101 724 2335 797 ejusdem
2380 728 2519 781 tituli
2556 730 2618 781 ab
2650 728 2948 783 Alexandro
2979 745 3116 798 papa
3144 730 3320 782 tertio.

1798 820 2126 873 Aurunca
2171 819 2458 889 episcopus
2480 862 2494 882 .
2524 836 2714 876 servus
2752 836 3031 875 servorum
3081 820 3209 889 Dci_,
3241 821 3323 874 di-

1730 909 1884 965 lectis
1931 909 2055 965 iiliis
2111 909 2353 964 llocrznio
2395 910 2599 975 abbati,
2638 919 2693 964 et
2741 910 3001 967 fratribus
3036 909 3325 965 Bccceusis

1733 1000 2048 1054 monasterii
2084 1000 2348 1065 salutem,
2388 1010 2442 1054 et
2485 1002 2834 1072 apostolicam
2871 1001 3321 1057 benedictionem.

1807 1090 1881 1143 Ex
1912 1090 2179 1159 rescripto
2203 1092 2563 1160 quarumdam
2597 1079 2902 1148 litterarum
2933 1075 3087 1146 bona:
3119 1106 3324 1146 memo-

1737 1182 1832 1236 ria:
1858 1180 2111 1235 Willehni
2150 1184 2424 1251 quondam
2452 1183 2907 1255 liothomagensis
2937 1182 3327 1251 archiepiscopi

1737 1273 1893 1327 nobis
1918 1272 2174 1339 innotuit,
2202 1282 2305 1328 etc.
2321 1272 2453 1329 Vide
2486 1274 2543 1328 in
2569 1274 2871 1329 Alexandro
2907 1272 2999 1327 III
3052 1273 3189 1326 inter
3217 1271 3327 1324 Pa-

1738 1364 1977 1436 trologiw
2015 1366 2277 1419 volumina
2312 1368 2546 1436 proxime
2583 1367 2807 1421 edenda.

1906 1457 2068 1528 333
2132 1456 2566 1530 Celestinipapw
2616 1460 2752 1513 tertii
2791 1458 3139 1529 privilegium.

1809 1549 2179 1605 Cmacsrmos
2208 1552 2516 1621 episcopus,
2549 1566 2741 1607 servus
2770 1565 3052 1606 servorum
3088 1552 3205 1617 Dei,
3237 1550 3323 1605 di-

1742 1641 1897 1699 lectis
1943 1642 2069 1698 iiliis
2094 1644 2354 1699 Gaurano
2412 1645 2592 1700 abbati
2631 1655 2687 1699 et
2724 1644 3016 1701 convcntui
3070 1644 3326 1700 Beccensi

1745 1733 2002 1800 salutem,
2031 1743 2087 1789 et
2107 1733 2462 1805 apostolicam
2485 1736 2940 1791 benedictionem.

77 1812 193 1867 ricos
220 1814 470 1867 ordinare
497 1853 514 1877 ,
550 1811 819 1867 Ecclesias
853 1810 1235 1872 reconciliare,
1263 1808 1638 1879 pmnitentiam
1671 1794 1716 1855 Β
1813 1794 2176 1880 εαοτοέρηοιξι
2219 1824 2461 1880 ιιοηηηηι
2493 1824 2770 1881 Ecclesia.
2801 1836 2908 1881 ac.
2950 1823 3078 1881 νεάε
3128 1826 3183 1878 δη
3212 1824 3327 1879 σα,

79 1902 305 1971 publicam
337 1902 492 1966 dare,
509 1900 876 1970 ethujusmodi
893 1901 1222 1971 pcenitcutes
1247 1897 1629 1953 reconciliare:

80 2001 153 2046 aut
192 1992 296 2057 illa,
345 1990 730 2062 paenitentiam
763 1991 1052 2055 occultam,
1084 2004 1204 2060 qua:
1245 1990 1363 2045 sine
1409 1989 1635 2045 consilio

83 2082 279 2151 episcopi
328 2082 445 2137 dari
513 2098 619 2137 non
690 2092 901 2153 potest,
946 2079 1336 2143 determinare,
1397 2078 1635 2134 chrisma

79 2187 274 2243 quoque,
303 2184 354 2227 et
379 2173 564 2228 oleum
595 2173 871 2239 tribuere;
910 2182 969 2225 ut
996 2172 1047 2226 in
1081 2170 1231 2226 brevi
1261 2178 1457 2226 cuncta
1484 2186 1636 2226 com-

84 2264 270 2332 plectar,
298 2264 621 2319 monasterii
647 2272 703 2319 et
749 2263 978 2328 abbatis,
1007 2272 1169 2333 prout
1207 2264 1393 2329 decet,
1420 2277 1635 2316 omnem

82 2356 360 2422 pastoralem
408 2369 602 2409 curam
638 2367 829 2425 gerere
878 2355 993 2408 sine
1018 2354 1333 2424 acceptione
1373 2353 1634 2423 pecuniae.

84 2441 126 2496 Si
149 2454 306 2497 autem
347 2443 397 2499 in
430 2445 629 2499 eadem
658 2444 916 2516 parochia
957 2444 1077 2498 talis
1108 2446 1272 2499 causa
1298 2450 1416 2499 orta
1450 2442 1633 2510 fuerit,

85 2548 177 2603 qua:
206 2533 323 2590 ferri
357 2535 571 2604 judicio
600 2534 833 2589 iinieuda
864 2535 957 2600 sit,
1012 2543 1139 2590 tunc
1188 2550 1258 2590 ex
1293 2534 1503 2606 placito
1543 2534 1638 2589 ab-

88 2627 503 2697 batis,aut‘apud
554 2636 783 2681 matrem
832 2626 1132 2681 Ecclesium
1184 2641 1348 2682 causa
1392 2626 1634 2693 ﬁniatur,

87 2714 409 2784 iudiciumque
451 2716 794 2786 perlabitur;
825 2724 919 2769 aut
950 2715 1391 2793 arghigpiscopus
1434 2713 1636 2770 ferrum

87 2802 234 2868 iudicii
262 2808 323 2861 ad
347 2808 531 2862 locum
561 2806 711 2861 illum
735 2823 833 2881 per
854 2806 1136 2881 ministros
1169 2822 1298 2862 suos
1320 2806 1637 2873 destinabit,

94 2896 413 2969 iudiciumque
441 2898 521 2953 ibi
558 2913 743 2953 coram
782 2877 1173 2975 ai'cWOpi
1220 2898 1487 2971 ministris
1516 2912 1641 2967 por-

96 2987 273 3041 tabitur.
295 2989 442 3056 Quod
465 2989 517 3043 si
534 2990 760 3058 pecunia
804 2988 1021 3053 exierit,
1048 2987 1355 3057 ubicunque
1376 2986 1639 3057 judicium

92 3086 308 3143 portatur,
348 3079 583 3134 abbatis»
608 3079 733 3132 erit.
775 3077 832 3131 in
876 3077 1089 3131 caneris
1132 3086 1313 3131 autem
1346 3076 1636 3147 parochiis,

92 3141 185 3232 qua:
208 3169 266 3223 ad
286 3141 469 3226 eadem
511 3169 782 3225 abbatiam
809 3169 1189 3245 pertinent,ct
1217 3141 1429 3223 sunt-de
1452 3141 1637 3225 nostra
1667 3141 1711 3201 Ο

97 3257 294 3325 ᾱξωεεεί,
323 3260 422 3316 hoc
466 3258 647 3315 solum
676 3259 727 3314 ei
762 3256 1239 3325 concessimusbut
1267 3273 1426 3312 manu
1457 3267 1641 3328 pastos

96 3360 195 3401 suos
229 3347 382 3404 laicos
425 3348 648 3419 quietos
687 3348 906 3414 habeat,
940 3342 1060 3402 illos
1108 3350 1503 3412 tantummodo,
1549 3349 1639 3417 qui

99 3447 273 3505 terram,
297 3440 377 3495 vel
420 3442 617 3496 domos
664 3438 815 3494 nullo
859 3439 1019 3494 modo
1046 3438 1346 3510 possident.
1373 3436 1431 3492 Si
1460 3447 1640 3493 autem

99 3527 150 3581 de
187 3529 261 3585 his
299 3533 589 3599 omnibus,
634 3545 771 3602 quos
822 3530 1025 3585 liberos
1068 3544 1191 3585 esse
1232 3529 1601 3584 concessimus
1625 3568 1639 3592 ,

102 3619 258 3690 aliquis
288 3634 471 3680 contra
524 3621 985 3679 Christianitatem
1031 3621 1226 3691 egerit,
1266 3628 1322 3675 et
1363 3618 1526 3673 abbas
1574 3618 1641 3671 ad

104 3711 182 3766 hoc
221 3716 590 3787 corrigendum
634 3712 820 3768 tardus
872 3711 1163 3774 exstiterit,
1204 3710 1644 3780 archiepiscolms

103 3820 200 3861 eum
229 3816 279 3863 ut
301 3811 536 3883 corrigat
558 3807 801 3865 monebit
827 3822 841 3861 :
867 3805 1009 3877 quod
1040 3805 1084 3860 si
1107 3804 1274 3861 abbas
1303 3814 1487 3874 postea
1518 3818 1642 3858 cor-

109 3897 247 3967 rigere
288 3901 537 3965 noluerit,
574 3899 1013 3968 archiepiswpus
1053 3895 1383 3952 emendabit.
1419 3893 1524 3948 Pro
1560 3894 1645 3949 his

109 3914 247 3967 rigere
288 3914 537 3965 noluerit,
574 3914 759 3954 arente
799 3914 1013 3968 iscopus
1053 3914 1383 3952 emenuamt.
1419 3914 1524 3948 rro
1560 3914 1644 3949 ms

108 3990 237 4056 igitur
279 4008 389 4061 qua:
432 3978 841 4056 conccsSinius,
873 3980 1041 4045 abbas
1088 3990 1250 4044 talem
1299 3989 1560 4042 honorem
1591 3995 1644 4040 et

110 4079 190 4151 tale
217 4085 477 4139 servitium
532 4083 777 4139 ecclesiae
831 4092 1029 4137 nostrae
1086 4079 1513 4151 metropolitana:
1559 4092 1647 4132 ex-

98 4143 367 4242 iibcbitut,
397 4179 443 4232 si
495 4176 565 4231 ab
612 4173 1023 4244 archiepiscopo
1072 4143 1335 4227 invitatus
1383 4170 1548 4227 fuerit
1593 4179 1649 4225 et

112 4258 353 4331 legitimam
400 4266 809 4323 excusationem
856 4280 963 4319 non
1013 4264 1286 4329 habuerit,
1334 4263 1403 4317 ad
1449 4262 1646 4338 festum

113 4350 412 4446 dtdiiati‘onis
445 4356 693 4427 ejusdem
740 4355 987 4411 ecclesia:
1031 4354 1232 4418 veniat,
1267 4360 1515 4421 sumptus
1559 4365 1647 4403 ar-

113 4442 382 4519 chiepiscopi
404 4450 709 4513 habiturus,
735 4458 796 4504 ut
820 4448 1231 4517 archiepiscopo
1256 4446 1475 4500 missam
1505 4444 1585 4499 cel

116 4531 265 4590 brante
287 4540 506 4596 chorum
534 4548 751 4607 teneat;
782 4549 876 4595 aut
909 4539 953 4594 si
999 4536 1441 4607 archiepiscopus
1465 4533 1643 4603 aliqua

117 4630 239 4679 causa
263 4630 465 4686 missam
509 4630 785 4687 celebrare
823 4629 1079 4694 noluerit,
1108 4639 1201 4682 aut
1231 4641 1336 4681 non
1384 4625 1645 4695 potuerit,

120 4711 227 4771 idem
253 4721 402 4779 abbas
428 4724 653 4779 missam
700 4723 953 4778 festivam
1000 4737 1100 4792 pro
1128 4733 1195 4775 eo
1235 4716 1491 4774 celebret.
1523 4716 1647 4772 Haec

122 4815 261 4863 autem
289 4812 627 4891 egcousulto
666 4812 991 4868 clericorum
1042 4818 1353 4865 nostrorum
1399 4806 1645 4863 fecimus.

122 4894 174 4949 At
200 4914 309 4957 vero
351 4892 649 4961 ansas—ai
688 4904 933 4961 consulto
989 4902 1379 4957 monachorum
1426 4912 1648 4955 suorum

123 4991 324 5054 Querens
356 4996 613 5066 quasdam
643 5007 697 5052 et
723 4996 1041 5061 calumnias,
1066 5006 1202 5064 quas
1247 4991 1301 5046 in
1328 4989 1651 5062 quibusdam

127 5078 174 5131 (lc
210 5084 423 5151 prmlatis
458 5087 714 5144 Ecclesiis
746 5082 1287 5152 faciebat,'clamavit
1330 5082 1563 5154 quietas,
1596 5091 1653 5135 et

127 5176 375 5243 concessit,
399 5190 457 5234 ut
481 5194 671 5235 omnes
713 5176 1047 5251 episcopales
1088 5173 1510 5232 consuetudines
1559 5172 1656 5226 ha~

128 5259 225 5319 Ῑκῖοι
251 5275 689 5353 archiepiscopus.
727 5285 784 5334 et
825 5275 880 5331 in
930 5273 1036 5330 illis
1065 5270 1339 5336 ecclesiis,
1369 5282 1504 5339 quas
1528 5275 1656 5322 tunc

131 5358 343 5428 “imiteris
374 5368 656 5426 Beecensis
684 5368 929 5427 Ecclesia
954 5368 1008 5422 in
1032 5364 1250 5424 dioecesi
1278 5371 1462 5441 nostra
1484 5358 1656 5432 possi-

131 5442 244 5501 debit
282 5464 422 5512 extra
467 5459 792 5515 Beccensem
838 5458 1191 5530 parochiam,
1228 5465 1287 5510 et
1334 5454 1552 5522 insuper
1601 5450 1656 5505 in

133 5530 214 5635 illis
238 5546 458 5603 omnibus
504 5566 640 5621 quas
689 5550 947 5621 deinceps
976 5549 1030 5603 in
1086 5545 1310 5603 dimcesi
1350 5552 1531 5600 nostra
1568 5554 1657 5596 ac-

134 5628 349 5709 quisimra
369 5650 499 5697 erat.

339 5865 597 5934 PATBOL.
660 5869 780 5930 CL.

1738 1915 1926 1970 testino
1949 1914 2069 1970 HI.

1807 2003 1971 2076 335.
2001 2002 2380 2059 Calamitatum
2418 2020 2581 2060 causa
2644 2007 2846 2072 existis,
2903 2004 3097 2062 Refert
3157 2004 3328 2061 Sancti

1737 2092 2029 2149 Lanlranci
2054 2095 2387 2166 biographus
2409 2094 2964 2166 quemadmodumille
2985 2105 3100 2151 toto
3126 2097 3327 2162 animo,

1739 2185 1868 2239 totis
1897 2184 2108 2240 viribus
2158 2193 2387 2240 conatus
2440 2194 2545 2250 cst,
2600 2194 2766 2255 atque
2807 2185 3073 2241 industria
3126 2196 3326 2257 quanta

1738 2275 1915 2346 potuit
1942 2275 2501 2344 maxima,quatenus
2543 2276 2852 2345 episcopale
2892 2291 3031 2332 onus
3079 2278 3326 2332 humeris

1739 2364 1854 2420 suis
1879 2363 2105 2419 minime
2132 2365 2527 2434 imponeretur,
2556 2365 2630 2420 ita
2660 2374 2719 2420 ut
2747 2365 3329 2437 frustrabor-tacentur

1740 2462 1969 2535 prazlati,
2001 2463 2270 2534 primores
2292 2460 2637 2517 Normanniie
2668 2462 3029 2532 eliiagitarent
3055 2502 3069 2527 ,
3102 2473 3323 2533 rogaret

1741 2558 1948 2628 regina,
1977 2555 2031 2610 ni
2061 2555 2314 2625 jussissct
2337 2553 2399 2608 Β.
2432 2554 2721 2610 Herluinus
2742 2555 2795 2626 (a
2838 2554 2991 2620 cujus
3017 2567 3150 2610 nutu
3201 2571 3331 2626 pen-

1740 2649 1901 2704 debat
1937 2647 2101 2718 totus)
2150 2663 2244 2703 rex
2294 2647 2638 2717 imperasset,
2685 2647 3037 2719 praecepisset
3080 2663 3329 2703 summus

1740 2739 1997 2796 Ecclesia:
2054 2738 2282 2793 antistes
2337 2737 2663 2793 Alexander.
2714 2738 2785 2793 At
2825 2753 2952 2794 vero
3002 2738 3091 2794 ubi
3142 2753 3329 2793 eorum

1740 2835 1967 2889 cessiset
2025 2817 2472 2903 votis;ctquam
2531 2832 2793 2898 arduum,
2846 2833 3332 2903 calamitosumquc

1743 2940 1939 2979 munus
1988 2922 2297 2995 episcopale
2353 2922 2542 2978 fuisset
2615 2933 2894 2992 expertus,
2960 2922 3331 2979 Alexandrum

1742 3026 1954 3081 exorat,
2004 3016 2316 3087 insistitque
2358 3025 2417 3070 ut
2459 3015 2527 3071 ab
2582 3015 2684 3069 hoc
2746 3030 2970 3070 munere
3024 3018 3317 3070 eximatur.

1746 3108 1979 3164 Noverat
2005 3108 2271 3177 siquidem
2322 3123 2481 3162 verus
2512 3108 2591 3161 sui
2636 3108 2929 3177 inspector,
2965 3116 3021 3161 ct
3048 3108 3326 3162 studiosus

1743 3197 2069 3253 humilitatis
2141 3196 2379 3267 Magistri
2429 3196 2487 3249 S.
2535 3190 2733 3249 Bene'd.
2804 3193 3105 3264 discipulus
3167 3211 3331 3264 quam
3390 3232 3397 3239 .

1743 3291 2102 3361 ponderosum
2131 3299 2275 3346 esset
2319 3288 2451 3344 illud
2496 3304 2666 3353 onus,
2710 3297 2935 3344 noverat
2991 3303 3195 3357 «quam
3226 3287 3331 3343 dif-

1742 3384 1937 3440 iicilem
1961 3392 2015 3437 et
2042 3384 2265 3437 arduam
2290 3398 2404 3436 rem
2435 3389 2747 3451 susceperat
2774 3396 2960 3451 regere
2990 3381 3203 3434 animas
3256 3385 3336 3447 (ut

1743 3477 1897 3531 docet
1921 3476 2063 3530 idem
2118 3474 2395 3544 magister,
2422 3489 2538 3542 cap.
2607 3473 2643 3526 2
2667 3458 2920 3543 .lieguiar)
2956 3480 3011 3525 et
3041 3472 3335 3525 multorum

1744 3566 1950 3622 servire
1975 3564 2271 3617 muribus.)
2311 3562 2543 3615 Noverat
2571 3582 2586 3611 ι
2608 3564 2736 3631 quia
2761 3579 2851 3615 ars
2884 3571 2967 3616 est
2996 3562 3194 3615 artium
3243 3577 3331 3615 re-

1744 3654 1922 3726 gimen
1952 3654 2278 3717 animarum,
2318 3672 2334 3703 ι
2362 3661 2497 3706 teste
2526 3651 2715 3722 Magno
2739 3652 3026 3721 Gregorio,
3058 3650 3213 3705 Cura)
3243 3667 3338 3720 pa-

1744 3747 1933 3805 storal.
1965 3746 2059 3802 lib.
2085 3762 2132 3812 l,
2162 3762 2212 3800 c.
2254 3745 2300 3798 l.
2342 3743 2723 3815 Noveralquia
2757 3763 2774 3796 ι
2813 3751 2962 3798 tanto
3010 3744 3229 3813 gravius
3253 3755 3335 3797 est

1746 3834 1957 3909 pondus
2010 3839 2359 3895 sacerdotum
2436 3838 2625 3907 (verba
2677 3845 2804 3892 sunt
2856 3834 3056 3891 Gelasii
3112 3852 3263 3906 papa:
3320 3834 3337 3888 l

1747 3931 1813 3986 ad
1869 3930 2121 3986 Anastas.
2157 3928 2479 4001 Augustum)
2509 3937 2713 3998 quanto
2736 3927 2901 3983 etiam
2927 3943 3026 3998 pro
3075 3927 3208 3997 ipsis
3256 3930 3339 3982 re-

1750 4025 1906 4092 gibus
1961 4022 2241 4078 hominum
2276 4023 2328 4077 in
2380 4021 2566 4076 divino
2616 4020 2877 4075 reddituri
2930 4028 3055 4074 sunt
3085 4019 3337 4073 examine

1755 4117 2048 4170 rationem.
2071 4135 2089 4166 ι
2151 4114 2385 4170 Noverat
2445 4114 2574 4183 quia
2608 4114 2843 4183 seipsum
2875 4112 3066 4166 intime
3094 4123 3340 4165 noverat.

1752 4206 1879 4270 Sed,
1909 4205 2120 4275 inquies
2154 4224 2166 4258 :
2203 4223 2221 4255 ‹
2263 4205 2361 4271 Qui
2391 4204 2759 4273 episcopatum
2785 4201 3085 4263 desiderat,
3138 4200 3338 4255 bonum

1754 4312 1890 4367 OpliS
1919 4286 2191 4351 desiderat
2215 4296 2267 4366 (1
2297 4294 2431 4348 Tim.
2462 4311 2545 4356 Ill,
2578 4293 2680 4365 1).:
2713 4292 2919 4345 Bonum
2954 4305 3089 4359 opus
3122 4290 3337 4357 deside-

1756 4399 1839 4444 rat
1867 4388 1935 4444 do
1970 4403 2182 4451 manus,
2222 4408 2239 4437 l
2286 4388 2331 4440 si
2361 4386 2482 4455 quis
2509 4386 2653 4440 hunc
2706 4384 2910 4438 idcirco
2960 4381 3199 4452 appetit,
3227 4382 3343 4435 iniit

1590 4458 1645 4551 ei
1679 4482 1722 4535 Ι)
1753 4481 1812 4534 D.
1868 4480 2243 4551 Chrysostom.
2276 4477 2330 4532 in
2354 4478 2497 4532 idem
2527 4492 2675 4547 cap.,
2724 4491 2828 4529 non
2874 4474 3211 4546 principatus
3252 4482 3346 4529 aut

1754 4570 2137 4626 dominationis
2166 4569 2327 4635 fastu,
2352 4576 2539 4623 verem
2554 4583 2683 4622 cura
2715 4565 2997 4635 regiminis
3022 4573 3080 4619 et
3108 4564 3316 4619 charila

1754 4661 1822 4714 tis
1863 4658 2076 4723 clTectu,
2121 4674 2225 4713 non
2276 4656 2553 4727 improbo,
2582 4657 2785 4710 bonum
2829 4654 3026 4723 quippe
3070 4652 3347 4709 desiderat

1751 4732 1938 4823 opus.»
1991 4750 2046 4806 Si
2085 4754 2235 4822 prius
2311 4747 2845 4821 irreprehcnsiblilis.
2899 4744 3051 4803 illoc
3107 4756 3190 4804 est
3246 4747 3348 4817 (ait

1754 4843 2189 4919 'l‘he0phylactus
2242 4841 2305 4897 ad
2332 4842 2444 4897 haec
2475 4840 2661 4904 verba)
2712 4838 2863 4895 omni
2894 4839 3092 4915 virtute
3128 4834 3345 4910 censpi-

1752 4955 1907 5005 cuus,
1962 4946 2019 4994 ut
2066 4951 2239 5006 neque
2269 4935 2416 4989 illum
2444 4934 2530 4988 alii
2559 4974 2575 4999 ,
2616 4946 2794 5003 neque
2829 4946 2889 4987 se
2921 4931 3093 5003 ipsum
3152 4938 3342 5000 repre-

1755 5029 1979 5087 hendat.
2011 5028 2165 5084 illum
2200 5027 2349 5105 enim
2392 5024 2484 5097 qui
2512 5016 2633 5079 aliis
2686 5030 2915 5094 pralest,
2944 5020 3103 5076 veluti
3134 5010 3346 5075 stellam

1756 5138 1877 5178 esse
1924 5130 2139 5190 oportet
2178 5118 2246 5173 ad
2303 5131 2493 5173 omnes
2529 5116 2704 5187 ipsum
2731 5116 3005 5168 intuentes
3040 5108 3347 5165 illuminan-

1756 5215 1955 5270 dumet
1989 5210 2383 5281 dirigendum.»
2420 5207 2494 5263 De
2520 5208 2603 5262 his
2631 5196 2922 5262 hactenus.

1829 5304 1872 5357 Α
1914 5302 2159 5369 Principc
2191 5298 2680 5354 Northmanuorum
2720 5294 3005 5350 Willelmo.
3033 5290 3349 5348 Guillelmus

1759 5396 1969 5453 Nothus
1997 5395 2156 5467 vulgo
2182 5394 2399 5457 dictus,
2457 5390 2599 5462 quod
2650 5395 2971 5459 procreatus
3020 5400 3086 5440 ex
3138 5398 3343 5441 concu-

1761 5492 1909 5556 bina,
1942 5505 2103 5561 quam
2129 5498 2315 5559 postea
2361 5486 2652 5557 legitimam
2681 5481 2838 5537 duxit
2891 5479 2944 5533 in
2976 5492 3199 5535 uxorem
3238 5477 3350 5561 Ro-

1759 5584 1942 5638 hertus
1969 5589 2141 5652 pater.
2191 5579 2530 5649 Conqusstor
2558 5588 2688 5629 vero
2719 5572 2907 5639 armis,
2933 5571 3061 5642 quia
3124 5584 3350 5644 regnum

1763 5671 1966 5742 Anglia:
2018 5669 2431 5739 comparaverit.
2496 5662 2712 5719 Guillcl.
2769 5660 3109 5716 Malmcslmr.
3142 5659 3238 5717 lib.
3288 5676 3348 5715 nt

1763 5763 1828 5820 de
1856 5761 2001 5817 Cest.
2035 5761 2166 5832 Reg.
2202 5760 2391 5830 Angit).
2420 5758 2471 5811 in
2505 5753 2793 5811 Guiilcimo
2830 5751 2924 5806 let
2977 5751 3065 5807 alii
3128 5767 3224 5824 pas
3257 5751 3348 5806 im.
