3886 6292
531 266 636 323 355

1760 262 1969 318 DOM'NI
2010 262 2100 318 LU

2207 262 2217 317 ἰ
2251 258 2572 319 οΑειξωιῑ
3650 283 3738 342 553

599 379 914 436 Cadomensi
949 394 1224 449 prtreuem
1291 380 1521 434 coenobio
1554 418 1568 441 ,
1630 386 1735 432 etc.
1781 376 1892 433 Usu
1952 376 2113 447 siqui-
2142 388 2183 444 Α
2214 376 2449 431 ricorum
2506 375 2815 433 meretrices
2878 384 3160 444 ornentur,
3214 376 3482 437 luxuriosa
3531 390 3741 447 convivia

524 475 649 531 dem
680 471 943 527 didicerat
992 486 1244 541 magnum
1294 470 1663 525 Lanfrancum
1708 469 1973 539 sapientia
2026 484 2113 523 su-

526 564 764 626 blimem.
794 562 918 617 vitae
942 576 1156 631 quoque
1207 561 1491 631 splendore
1512 601 1525 624 ,
1556 562 1900 615 scientiarum
1950 560 2112 615 facul-

525 660 652 715 tate,
676 659 731 705 et
760 666 943 705 rerum
987 651 1329 707 saecularium
1382 652 1576 719 peritia
1628 650 1913 716 illustrem;
1949 666 2112 720 quem

520 744 727 800 idcirco
759 745 824 799 ad
856 745 1022 799 totius
1048 744 1236 814 patriae
1270 744 1481 814 negotia
1507 743 1934 798 administranda
1966 731 2111 797 sum;

521 835 1091 907 mum‘consiliarium
1122 843 1487 903 assumpscrat
1527 832 1958 889 Normannornm
2002 834 2110 888 dux

518 924 860 989 Guillelmus,
894 934 1112 981 auctore
1129 924 1323 980 Milone
1345 925 1614 995 CriSpino.
1632 925 1697 979 Et
1717 940 1849 980 sane
1861 927 1928 980 ad
1940 924 2109 993 digni-

521 1028 664 1075 tates
686 1018 1103 1083 ecclesiasticas,
1144 1017 1245 1071 nisi
1273 1016 1560 1087 religione,
1596 1018 1815 1087 pietate,
1849 1016 2104 1082 scientia,

518 1111 808 1182 prudentia
845 1111 991 1165 viros
1029 1109 1300 1180 insignes,
1335 1118 1389 1164 et
1416 1110 1524 1164 dux
1572 1109 2027 1172 Normannornm,
2054 1119 2105 1165 et

519 1204 814 1273 Anglorum
845 1217 939 1257 rex
955 1218 1289 1273 nequaquam
1317 1202 1671 1269 evehebat,ut
1699 1205 1895 1259 asserit
1927 1205 2106 1260 archi-

515 1296 779 1350 diaconus
791 1293 1146 1350 Lexoviorum
1161 1294 1370 1351 Guillel.
1386 1295 1688 1351 Pictavens.
1701 1337 1716 1359 ,
1730 1297 1901 1367 p.195
1918 1297 2102 1353 et208.

520 1388 699 1454 Agens
716 1386 782 1440 de
802 1384 1063 1440 electione
1083 1384 1371 1440 Lanlranci
1400 1386 1452 1441 in
1476 1387 1941 1457 archiepiscopum
1968 1388 2107 1444 Can-

520 1478 854 1533 tuariensem
889 1496 902 1531 :
941 1496 958 1528 ι
982 1478 1040 1532 1η
1069 1479 1195 1533 sede
1223 1479 1637 1549 metropolitana
1688 1480 2102 1555 (Cantuariensi)

518 1566 1278 1639 meditabatur(Guillelmus)
1312 1580 1561 1625 sanctum
1608 1571 1737 1633 vita,
1775 1571 1915 1626 fama
1973 1573 2105 1628 cha-

518 1678 634 1715 rum
666 1662 977 1731 eloquentia
1012 1662 1180 1716 divini
1210 1662 1358 1717 verbi
1405 1671 1704 1733 potentem,
1754 1664 1851 1741 qui
1894 1665 2091 1720 suifra-

2216 475 2604 536 praeparentur,
2632 482 2791 521 canes
2824 476 2879 521 et
2909 482 3053 530 aves,
3086 482 3150 521 ac
3176 468 3299 522 talia
3340 469 3536 527 ludicra
3564 490 3742 548 compa-

2216 558 2435 613 rentur?
2487 558 2600 613 lloc
2650 558 2846 613 milites
2877 558 3132 623 clamant,
3183 560 3333 629 plebs
3363 562 3741 636 submurmumt,

2215 650 2363 703 mimi
2395 657 2637 715 cantant,
2664 660 2718 705 et
2748 650 2965 715 saltant,
2998 660 3051 705 et
3095 666 3186 706 vos
3216 654 3503 722 negligitis,
3527 673 3615 711 vos
3645 676 3742 729 par-

2214 738 2358 803 citis,
2392 754 2487 795 vos
2532 739 2917 795 dissimulatis?
2964 739 3063 795 Ubi
3114 741 3320 811 gladius
3370 742 3493 798 Levi
3530 757 3583 801 et
3627 754 3743 806 ze'us

2214 826 2571 885 Simeonish
2635 840 2742 886 etc.
2781 831 2863 886 Ad
2916 847 3013 886 cor
3065 830 3278 886 tandem
3331 818 3547 889 redeant
3593 836 3673 903 illi,
3703 853 3743 895 et

2213 920 2270 976 S.
2304 921 2627 992 Prosperum
2663 922 2967 978 auscultent
3011 922 3104 979 lib.
3152 939 3188 977 ιι
3219 924 3287 978 de
3317 923 3438 978 Vita
3464 930 3745 999 contempla-

2214 1015 2319 1068 tiva
2357 1015 2535 1071 obiter
2566 1025 2712 1086 gesta
2759 1024 3072 1071 sanctorum
3125 1016 3501 1087 episcoporum
3555 1020 3744 1085 Pattlhi.

2210 1114 2265 1161 et
2303 1106 2493 1163 llilarii
2541 1108 2748 1163 Arelat.
2790 1108 3191 1165 describentem
3224 1127 3238 1163 :
3271 1128 3290 1161 ι
3334 1109 3505 1183 Tales
3550 1126 3608 1165 ac
3642 1117 3744 1169 tanti

2208 1200 2333 1267 viri,
2366 1201 2457 1270 qui
2489 1203 2731 1258 volentes
2758 1218 2877 1258 esse
2924 1203 3124 1257 Christi
3166 1204 3413 1272 discipuli
3452 1206 3747 1262 renuntiave-

2210 1300 2335 1345 runt
2362 1292 2612 1347 omnibus
2653 1308 2773 1364 qua:
2824 1294 3121 1358 habebant,
3170 1308 3275 1347 non
3318 1303 3380 1348 ut
3427 1310 3747 1363 possessores,

2208 1381 2302 1436 sed
2330 1376 2812 1453 ut'procuratores,
2838 1386 3124 1441 facultates
3150 1386 3404 1441 Ecclesia:
3427 1388 3746 1456 possidebant.

2209 1472 2275 1526 Et
2305 1473 2509 1530 idcirco
2534 1476 2766 1531 scientes
2791 1477 2926 1531 nihil
2956 1477 3099 1532 aliud
3127 1492 3247 1533 esse
3278 1493 3366 1533 res
3395 1478 3748 1545 Ecclesia'misi

2205 1575 2331 1620 vota
2385 1566 2623 1621 ﬁdelium
2650 1608 2664 1632 ,
2713 1570 2884 1637 pretia
2927 1581 3319 1638 peccatorum,
3372 1580 3427 1625 et
3472 1572 3747 1640 patrimonii

2212 1669 2531 1725 pauperum,
2580 1672 2686 1711 non
2732 1674 2824 1713 cas
2874 1659 3220 1714 vindicarunt
3274 1659 3326 1714 in
3384 1676 3508 1715 suos
3554 1677 3664 1716 usus
3704 1672 3749 1717 ut

513 1751 701 1819 ganeis
727 1751 995 1821 episcopis
1024 1766 1321 1821 congruam
1340 1751 1568 1807 formam
1596 1754 1862 1823 praebere,
1889 1763 1944 1809 et
1971 1755 2098 1809 ovili
2135 1740 2178 1797 Β
2209 1747 2474 1815 Proprias,
2527 1750 2619 1803 εει]
2670 1758 2729 1803 ut
2774 1751 3181 1807 Commendalas
3228 1752 3555 1822 pauperibus
3591 1753 3750 1808 divise-

518 1843 799 1897 Dominico
816 1857 1048 1912 prteesse
1065 1843 1250 1907 sciret,
1267 1844 1586 1912 cunctisque
1614 1847 1877 1914 prodesse
1888 1855 2109 1916 cuperet

516 1931 695 1986 studio
730 1932 999 2003 vigilanti.
1033 1932 1176 1987 idem
1206 1933 1272 1987 de
1294 1933 1730 1989 ordinationibus
1746 1934 2109 1990 Ecclesiarum

512 2022 952 2091 praecogitabat,»
990 2032 1098 2079 etc.
1137 2023 1421 2080 Mattbaeus
1453 2024 1627 2081 Paris.
1662 2026 1728 2081 ad
1772 2041 1861 2081 an.
1906 2026 2108 2083 Christi

517 2115 671 2169 1067.
690 2102 856 2170 Porro
871 2129 1031 2171 causa
1044 2116 1357 2172 exstrucndi
1372 2116 1516 2173 illius
1528 2116 1757 2172 coenobii
1776 2114 1831 2171 S.
1851 2115 2107 2185 Stephani

514 2207 735 2260 ali‘ertur
762 2206 995 2276 ingestis
1011 2206 1376 2263 B.Lanl‘ranci
1406 2222 1526 2278 cap.
1554 2207 1676 2276 5,p.
1703 2206 1757 2271 5;
1790 2205 2109 2262 Guillelmus

515 2301 851 2357 Malmesb.l.
906 2318 989 2368 ιιι,
1031 2302 1180 2358 Gest.
1208 2302 1556 2374 Angelorutn,
1597 2315 1649 2370 p.
1713 2300 1884 2366 6162,
1919 2317 1973 2355 ιι.
2009 2297 2102 2355 1οἱ
2178 2368 2185 2375 ⁸

505 2394 761 2449 Orderic.
821 2394 1005 2458 Vital.,
1049 2394 1145 2449 lib.
1191 2411 1253 2449 ιιι
1285 2394 1426 2449 llist.
1461 2410 1586 2464 pag.
1618 2392 1754 2459 459;
1792 2392 2107 2448 Guillelmus

504 2489 927 2552 \Gemeticensis,
945 2489 1081 2544 llist.
1114 2488 1610 2545 Nortbmannorum
1637 2486 1732 2541 lib.
1765 2502 1838 2542 vn
1859 2501 2011 2557 ,cap.
2035 2486 2099 2540 21

512 2591 567 2635 et
614 2580 687 2636 26
727 2598 742 2647 ;
795 2581 968 2639 solum
1020 2583 1123 2636 hoc
1160 2582 1279 2636 loco
1328 2580 1544 2637 Guillel.
1607 2580 1913 2635 Pictavens.
1944 2577 2105 2649 335

515 2680 710 2726 testem
760 2672 1034 2728 oculatum
1068 2672 1121 2726 in
1149 2671 1302 2728 Gest.
1350 2670 1563 2727 Guillel.
1615 2684 1738 2740 pag.
1789 2668 1915 2734 2H,
1963 2669 2103 2722 arri-
2160 2726 2165 2737 _

518 2761 611 2815 det
669 2760 914 2829 proferre
952 2779 964 2813 :
1002 2779 1020 2813 ι
1056 2760 1380 2817 Cadomcnsi
1450 2759 1688 2814 basilicae
1756 2759 1917 2813 modo
1983 2773 2108 2829 spe-

514 2852 707 2919 cieque
734 2851 1073 2907 admirabilis
1095 2850 1527 2925 suisimpcndiis
1553 2850 1620 2905 ad
1652 2848 1864 2904 titulum
1896 2849 1951 2904 S.
1987 2849 2104 2903 Ste-

508 2941 682 3009 phani
726 2943 1145 3013 protomartyris
1185 2957 1216 2995 a
1248 2941 1603 2996 fundamento
1635 2948 1947 3004 exstructas,
1992 2949 2100 2994 tum

504 3032 731 3086 diversa
777 3032 999 3088 donaria
1031 3032 1247 3088 advexit
1283 3033 1509 3087 materia
1539 3032 1874 3103 artiﬁcioque
1904 3032 2105 3102 pretio-

515 3114 759 3199 sissima,
780 3140 898 3193 qua:
919 3124 985 3177 ad
1015 3123 1194 3179 sarculi
1228 3123 1515 3178 terminum
1549 3123 1754 3178 honora
1781 3137 2101 3192 permanere

516 3213 754 3268 valeant.
822 3213 1042 3284 Singula
1112 3213 1568 3284 descriptionibus
1634 3223 1730 3267 aut
1793 3212 2103 3267 nominibus

512 3303 800 3371 designare
829 3302 1123 3373 spatiosum
1154 3301 1314 3369 foret,
1335 3321 1355 3356 ι
1381 3310 1484 3357 etc.
1508 3303 1573 3357 Et
1604 3302 1765 3366 infra,
1790 3317 1894 3371 qua
1925 3308 2104 3355 mente

519 3392 571 3443 id
617 3391 920 3459 impleverit
963 3391 1071 3446 dux
1115 3391 1455 3457 Guillelmus,
1487 3392 1725 3447 ostendit
1753 3391 1836 3447 bis
1869 3392 2048 3447 verbis
2084 3408 2097 3445 :

521 3500 536 3529 ι
575 3479 1061 3549 Potentesquidem
1086 3481 1326 3536 nonnulli
1351 3482 1555 3536 sanctis
1581 3482 1761 3550 inique
1778 3480 2100 3550 largiuntur,

506 3574 832 3642 plerumque
866 3574 916 3627 in
951 3574 1142 3628 iisdem
1188 3573 1569 3628 donationibus
1612 3572 1825 3627 laudem
1857 3587 2009 3625 suam
2048 3572 2099 3625 in

516 3662 738 3725 mundo,
767 3661 959 3716 delicta
986 3677 1081 3716 sua
1121 3677 1305 3718 coram
1335 3663 1445 3717 Deo
1468 3662 1797 3731 adaugentcs
1826 3678 1838 3714 :
1872 3658 2101 3729 spoliant

516 3750 793 3813 ecclesias,
825 3760 880 3806 et
906 3752 1111 3821 rapinis
1139 3752 1269 3821 ipsis
1298 3752 1432 3807 alias
1464 3750 1656 3806 ditant.
1700 3770 1719 3804 ι
1747 3751 2102 3806 Animadver-

514 3851 632 3896 tant
660 3842 777 3897 lucc
806 3843 1046 3898 nonnulli
1092 3844 1383 3913 principes,
1430 3842 1660 3913 praelati,
1693 3843 1918 3899 abbates
1948 3858 2098 3897 com-

515 3933 836 3987 tuendatarii
866 3935 973 3989 into
1002 3941 1056 3989 et
1086 3934 1516 4000 concionatores,
1549 3934 1665 4004 qui,
1696 3934 1874 3988 divina
1898 3935 2100 4003 pietate

514 4023 702 4089 alllati,
743 4023 1048 4080 hominibus
1094 4031 1154 4079 ut
1178 4033 1491 4094 appareant,
1524 4039 1689 4078 novas
1727 4024 2099 4096 religiosarum

512 4113 710 4169 aedium
772 4123 1074 4172 structuras
1126 4117 1535 4188 aggrediuntur,
1588 4125 1813 4186 erogant
1867 4117 2099 4174 eleemo-

510 4222 699 4277 synas,
737 4208 955 4263 interim
986 4225 1135 4277 vero,
1165 4210 1269 4263 diei
1300 4211 1584 4280 noctisque
1610 4211 1808 4266 divinis
1852 4212 2097 4269 laudibus

516 4297 888 4366 posthabitis,
940 4300 1271 4355 collabentes
1347 4301 1604 4356 ecclesias
1657 4310 1712 4356 et
1768 4306 2095 4358 monasteria

2216 1845 2361 1890 rtmt.
2394 1856 2413 1890 ι
2449 1837 2524 1893 De
2545 1838 2629 1893 his
2659 1840 2776 1909 plus
2808 1843 2964 1896 satis.

2284 1926 2399 1981 Rea:
2444 1927 2735 1999 Anglorum
2785 1932 2979 2000 factus.
3036 1933 3192 1989 Victo
3240 1933 3498 1988 nimirum
3548 1949 3750 2008 caesoque

2214 2016 2460 2082 llcraldo,
2494 2020 2745 2076 universa
2778 2022 2877 2076 sibi
2924 2022 3203 2095 snbjugata
3235 2025 3431 2090 insula,
3464 2041 3555 2081 rex
3594 2034 3664 2082 est
3697 2030 3750 2084 ab

2212 2110 2463 2165 omnibus
2509 2111 3003 2180 proclamatus,.ac
3059 2114 3276 2167 tandem
3325 2123 3659 2170 consecratus
3697 2118 3749 2170 ab

2212 2204 2617 2275 archiepiscopo
2647 2206 2972 2261 Eboracensi
3019 2206 3276 2273 Aldredo,
3317 2208 3444 2278 quia
3489 2207 3747 2264 Simoniaee

2214 2304 2323 2349 tum
2356 2294 2668 2367 Stigandus,
2705 2299 2859 2369 cujus
2890 2299 2945 2355 id
2972 2300 3213 2355 muneris
3255 2308 3393 2365 erat,
3437 2302 3607 2355 sedem
3642 2300 3746 2354 Can-

2215 2385 2547 2441 tuarienscm
2587 2388 2908 2457 occupabat,
2939 2387 3121 2457 illique
3156 2388 3223 2443 ab
3251 2388 3541 2443 Alexandri
3567 2402 3671 2458 pap.
3696 2387 3747 2451 ll,

2210 2478 2401 2550 legatis
2426 2493 2625 2535 corona
2647 2489 2730 2535 est
2762 2480 3035 2551 imposita.
3064 2480 3139 2535 ita
3167 2478 3439 2537 Guillelm.
3486 2480 3747 2535 Pictavens.

2208 2587 2330 2642 pag.
2394 2572 2536 2638 196;
2592 2572 2891 2628 monachus
2944 2571 3268 2642 Malmesb.,
3317 2573 3384 2628 de
3431 2570 3578 2628 Gest.
3620 2570 3746 2643 Angl.

2207 2678 2329 2732 pag.
2352 2661 2421 2718 56
2436 2671 2491 2716 et
2510 2661 2605 2727 57;
2633 2661 2853 2717 Henric.
2878 2661 3175 2727 lluutindo,
3199 2664 3264 2715 ad
3286 2676 3376 2716 an.
3395 2661 3558 2723 1066;
3584 2662 3746 2732 Roger.

2208 2752 2508 2817 lloveden.,
2536 2760 2678 2821 part.
2711 2751 2895 2821 priore
2925 2750 2979 2805 in
3011 2749 3225 2804 Guillel.
3272 2751 3518 2815 seniore;
3551 2749 3745 2805 Gemcti-

2206 2843 2385 2899 censis
2435 2843 2531 2899 lib.
2563 2859 2639 2898 vn
2694 2842 2858 2907 llist.,
2904 2858 2954 2897 c.
3001 2842 3070 2897 54
3097 2852 3149 2897 et
3187 2857 3340 2912 seq.;
3396 2842 3629 2898 Orderic.
3661 2841 3745 2895 Vit.

2204 2933 2326 2989 libr.
2361 2950 2444 3001 ιιι,
2495 2950 2619 3005 pag.
2670 2934 2796 2989 492.
2854 2933 3025 3000 Quam
3072 2935 3141 2989 ob
3172 2949 3412 2998 causam,
3445 2945 3495 2988 et
3527 2951 3624 3003 quo
3650 2933 3746 3003 juze

2203 3027 2410 3097 Anglice
2464 3041 2690 3095 regnum
2742 3025 2843 3081 sibi
2900 3039 3220 3095 comparare
3258 3037 3557 3096 aggressus
3600 3024 3745 3087 fuerit,

2206 3116 2541 3185 patefaciunt
2568 3125 2818 3170 auctores
2843 3115 3116 3185 praedicti;
3157 3116 3395 3170 maxime
3422 3130 3548 3173 vero
3583 3125 3744 3171 comta-

2206 3198 2340 3261 neus
2364 3214 2551 3259 auctor
2578 3205 2730 3275 llugo
2775 3205 3201 3261 Flaviniacensis
3230 3206 3417 3271 abbas,
3450 3207 3503 3260 in
3551 3205 3745 3260 Historia

2206 3313 2301 3351 sua
2332 3314 2432 3352 ms.
2464 3316 2476 3350 :
2506 3316 2524 3347 ι
2555 3298 2732 3363 Αιιιιο,
2776 3298 2970 3367 inquit,
3018 3298 3174 3364 1065,
3215 3299 3497 3355 Eduardus
3532 3316 3616 3354 rex
3656 3300 3744 3353 An—

2204 3388 2409 3458 glorum
2434 3388 2596 3454 obiit;
2627 3389 2737 3457 qui,
2761 3389 2888 3458 quia
2910 3391 3025 3444 sine
3048 3389 3172 3445 liliis
3195 3390 3745 3462 fuil,consanguineu:u

2205 3497 2361 3536 suum
2411 3479 2716 3536 Villelmum
2764 3480 3196 3535 Normannornm
3253 3484 3506 3537 comitem
3556 3492 3663 3553 post
3700 3497 3743 3535 sc

2205 3583 2383 3638 regem
2427 3568 2680 3623 instituit.
2715 3568 2819 3624 Sed
2851 3568 3115 3625 lleroldns
3143 3586 3225 3623 co:
3252 3579 3331 3624 tra
3386 3581 3745 3626 sacramentum

2203 3659 2344 3728 quod
2395 3659 2643 3715 Villelmo
2687 3660 2908 3724 fecerat,
2954 3677 3176 3731 regnum
3227 3664 3447 3718 in~.asit.
3492 3664 3604 3733 ipso
3630 3679 3745 3717 anno

2204 3748 2481 3804 Villelmus
2508 3765 2603 3804 rex
2625 3764 2773 3804 mare
2806 3752 3039 3816 transiit,
3085 3762 3139 3806 et
3181 3755 3476 3810 commisso
3508 3756 3675 3825 praelio
3704 3771 3743 3807 xi

2202 3841 2278 3897 Id.
2318 3841 2590 3921 octobris,
2626 3841 2733 3896 ruit
2783 3841 3068 3908 lleroldus,
3114 3853 3167 3897 et
3203 3845 3501 3911 Villelmus,
3544 3846 3620 3899 die
3657 3843 3739 3897 ba-

2205 3931 2324 3986 lalis
2354 3932 2750 4002 Domini,apud
2792 3932 3126 3988 Londoniam
3154 3935 3205 3989 in
3235 3952 3416 4006 regem
3454 3936 3673 3991 elevatus
3700 3944 3743 3989 et

2200 4031 2490 4079 coronatus
2520 4035 2623 4079 est.
2669 4042 2687 4076 ›
2716 4024 2863 4079 Alias
2890 4026 3258 4093 superaddidit
3290 4041 3484 4081 causas
3513 4027 3743 4080 Βοιεειιιιε

2200 4112 2498 4167 monachus
2524 4113 2591 4167 de
2617 4112 2818 4179 Monte,
2850 4114 2904 4168 in
2933 4114 3201 4171 Chronico
3237 4131 3337 4170 ms.
3366 4132 3454 4169 an.
3486 4115 3579 4171 Ch.
3608 4115 3743 4178 1065,

2202 4206 2254 4259 1ο
2286 4224 2303 4256 (
2340 4204 2474 4272 Quia
2500 4204 2791 4259 Alvretlum
2815 4216 3102 4276 cognatum
3133 4222 3288 4261 suum
3312 4207 3594 4279 (Guillelmi
3618 4208 3743 4262 dtc's

2199 4297 2469 4364 videlicet)
2505 4296 2781 4352 Godvinus
2831 4307 2886 4353 et
2930 4298 3023 4352 lilii
3076 4299 3158 4353 sui
3196 4298 3670 4355 debonestaverunt
3700 4308 3739 4353 e'

509 4392 766 4478 (quorum
802 4391 1127 4463 perpingues
1178 4392 1417 4447 redditus
1445 4393 1733 4462 quotannis
1772 4396 2093 4467 percipiunt)
2129 4421 2172 4478 ο
2200 4397 2561 4456 peremerunl;
2590 4386 2783 4456 2°quia
2806 4387 3742 4459 Βοὺετιυιηερίεοοριιηι,ειοἀοηειη

509 4476 688 4529 diruta
721 4485 775 4530 et
818 4480 932 4532 solo
981 4482 1262 4550 adthuata
1290 4480 1486 4535 misere
1536 4482 1937 4554 derelinquunt.
1987 4483 2092 4539 Sed

511 4568 646 4620 heu!
680 4568 848 4624 multo
886 4571 950 4623 iis
980 4571 1195 4641 pejores
1239 4574 1590 4642 perditissimi
1639 4574 1713 4629 illi
1742 4576 2093 4645 patrimonio-

510 4673 632 4710 rum
696 4657 898 4715 ChriSti
956 4663 1308 4725 decoctores.
1367 4665 1456 4734 qui
1508 4666 1688 4719 omnia
1746 4667 2091 4735 prandiorum

506 4749 813 4820 gurgitibus
856 4753 1169 4815 absumunt,
1208 4755 1565 4829 obliguriunt,
1609 4755 1747 4811 ludis
1781 4757 2091 4824 absorbent,

502 4832 795 4909 libantque
858 4842 1075 4898 Veneri.
1150 4828 1342 4899 Merito
1405 4844 1665 4913 ejusmodi
1728 4845 2093 4900 insectabatur

504 4926 635 4980 olim
663 4929 940 4998 piissimus
967 4932 1260 5003 Anglorum
1289 4948 1385 4987 rex
1424 4933 1666 5004 Edgarus
1692 4932 2091 5004 elegantissima

500 5018 598 5074 illa
646 5021 895 5077 oratione
923 5037 1087 5091 quam
1143 5021 1335 5077 habuit
1367 5024 1433 5078 ad
1480 5022 1668 5078 Patres
1717 5024 1905 5094 synodi
1948 5025 2091 5081 circa

500 5102 600 5166 Ian.
639 5112 841 5169 Christi
891 5114 996 5169 970
1030 5135 1043 5169 :
1075 5133 1093 5165 ι
1145 5114 1254 5179 Sic,
1288 5117 1387 5179 sic,
1418 5116 1715 5184 inquiebat,
1767 5118 2091 5186 patrimOnia

500 5216 712 5279 regum,
743 5203 1097 5273 eleemosynre
1126 5206 1585 5276 pauperum,(imo
1615 5205 1759 5273 quod
1791 5208 1960 5277 magis
1988 5211 2090 5279 est)

495 5290 653 5347 ‘illius
676 5296 901 5363 pretiosi
937 5295 1215 5364 sanguinis
1243 5298 1474 5365 pretium
1504 5296 1846 5367 proﬂigatur?
1876 5301 1955 5355 Ad
1988 5302 2091 5358 hoc

502 5379 677 5454 igitur
702 5387 1076 5441 exhauserunt
1108 5385 1390 5443 thesauros
1430 5403 1555 5443 suos
1581 5400 1761 5458 patres
1788 5396 1979 5458 nostri,
2025 5394 2091 5448 ad

504 5472 614 5528 hoc
645 5475 807 5529 ﬁscus
853 5475 1033 5544 regius
1081 5474 1357 5532 distractis
1404 5478 1701 5535 redditibus
1749 5481 1950 5547 multis,
1993 5484 2087 5538 de-

501 5565 739 5617 tumuit?
790 5566 856 5618 ad
902 5565 1006 5621 hoc
1041 5566 1285 5623 ecclesiis
1328 5567 1525 5626 Christi
1559 5587 1736 5642 agros,
1789 5583 1841 5628 et
1874 5588 2089 5642 posses.

498 5650 689 5709 siones
739 5654 933 5726 regalis
972 5655 1343 5716 munificentia
1389 5661 1594 5729 detulit,
1630 5673 1683 5717 ut
1733 5664 1939 5719 deliciis
1982 5663 2087 5720 cle-

2199 4478 2675 4548 consanguineum,
2709 4487 2767 4533 et
2795 4492 2984 4534 omnes
3000 4478 3261 4546 Francos,
3290 4480 3563 4535 Godvinus
3580 4490 3628 4534 et
3645 4478 3739 4539 ﬁlii,

2198 4579 2314 4623 arte
2335 4584 2432 4624 sua
2460 4570 2527 4625 ab
2566 4568 2761 4639 Anglia
2795 4569 3227 4635 exsulaverant,»
3250 4580 3355 4626 etc.
3373 4571 3531 4627 Certe
3550 4570 3739 4641 quidem

2204 4659 2494 4714 Victoriam
2525 4673 2631 4715 non
2674 4659 2942 4714 Gnillelmi
2991 4660 3196 4717 viribus
3215 4672 3307 4715 aut
3336 4662 3605 4717 industritc
3627 4702 3640 4723 ,
3664 4660 3739 4715 sed

2197 4751 2293 4804 sili
2317 4750 2425 4805 Deo
2457 4751 2831 4806 ascribendam
2878 4752 3133 4821 praedicat
3190 4753 3516 4818 Eadmerus,
3566 4752 3737 4807 Hister.

2196 4856 2456 4896 novorum
2503 4841 2625 4896 libr.
2684 4858 2722 4910 ι,
2759 4857 2878 4913 pag.
2923 4843 2977 4907 5,
3025 4836 3155 4911 edit.
3186 4843 3359 4899 Lond.
3394 4844 3549 4900 £625.

2269 4932 2679 5003 Hermenfredus
2711 4933 3028 4989 Sedunensis
3071 4937 3358 5005 episcopus.
3392 4935 3516 4992 Sive
3541 4936 3740 4989 Armen-

2195 5024 2399 5089 lredus,
2425 5024 2658 5080 diversis
2707 5034 2792 5079 est
2815 5022 3176 5095 legationibus
3216 5024 3509 5080 Alexandri
3551 5020 3739 5096 papasll

2188 5114 2341 5184 jussu
2419 5114 2635 5185 egregie
2715 5114 2949 5185 Iunctus.
3029 5113 3331 5169 Florentius
3406 5113 3739 5186 Vigorniensis

2194 5222 2406 5262 comvus
2434 5206 2665 5275 scriptor
2694 5207 2760 5260 ad
2794 5221 2882 5260 an.
2932 5204 3068 5259 1062
3109 5222 3121 5258 ;
3169 5222 3186 5254 ι
3223 5204 3499 5276 Contingit
3538 5216 3739 5271 namque

2194 5315 2257 5353 en
2312 5309 2572 5368 tempore,
2624 5307 2682 5351 ut
2728 5305 2783 5352 et
2837 5282 3042 5366 legatos
3097 5295 3405 5367 apostolica:
3458 5295 3594 5351 sedis
3644 5295 3739 5362 ejus

2195 5388 2449 5458 (Ulstani)
2497 5388 2745 5442 electioni
2794 5388 3055 5442 interesse
3102 5384 3516 5440 Armenfredum
3561 5378 3739 5465 scilicet

2192 5482 2560 5555 Seduncnsem
2608 5480 2938 5551 episcopum,
2984 5487 3038 5533 ct
3087 5478 3261 5539 alium,
3299 5478 3394 5548 qui
3448 5494 3477 5531 a
3517 5476 3575 5531 D.
3625 5481 3739 5543 papa

2193 5573 2496 5629 Alexandro
2548 5588 2645 5641 pro
2697 5574 2967 5642 responsis
3019 5571 3405 5627 ecclesiasticis
3459 5570 3521 5623 ad
3582 5579 3739 5636 regem

2191 5664 2482 5735 Anglorum
2508 5662 2811 5718 Eduardum
2839 5662 2988 5719 missi
3016 5662 3162 5732 regio
3186 5670 3455 5732 prxcepto
3479 5654 3739 5728 Wigornia
