3886 6292
186 301 281 364 857

1198 297 1267 362 ΙΝ
1305 300 1517 363 Ei’lST.
1563 310 1619 361 Β.
1657 308 2045 366 lANFllANCl
2078 310 2311 368 NOTAE.

3287 325 3395 387 558

181 435 266 487 per
292 424 439 470 totam
464 416 575 470 fere
613 414 1088 486 Quadragesimam
1134 416 1379 487 degebat,
1419 439 1434 470 ι
1468 428 1575 473 etc.
1609 418 1713 471 Ro-
1742 424 1786 482 Α
1818 421 2105 477 subtilibus
2133 423 2477 491 indumentis,
2505 440 2557 485 et
2588 432 2910 492 indill‘ereuti
2937 455 3133 509 genere
3147 426 3391 501 ciborum

174 522 318 579 geres
362 505 617 569 "oroden,
668 505 733 561 ad
782 521 875 562 an.
929 508 1025 562 Ch.
1078 506 1213 562 l070
1268 555 1280 564 .
1334 528 1355 561 ι
1413 510 1706 566 Prazdictus

176 595 471 653 Sedunensis
515 597 796 667 episcopus
826 600 1087 669 synodum
1131 600 1321 665 tenuit,
1366 603 1418 655 in
1452 619 1557 671 qua
1597 604 1705 657 An-

172 687 375 757 gelricus
399 700 497 738 non
528 687 782 741 canonice
814 688 1225 759 degradabatur,
1261 710 1280 743 ι
1314 700 1419 745 etc.
1449 688 1545 747 llis
1570 695 1705 749 asti-

171 777 361 846 pulatur
381 774 613 830 Orderic.
644 776 736 830 lib.
765 793 840 843 tv,
870 795 991 849 pag.
1022 780 1144 835 516.
1174 781 1341 836 Porro
1374 804 1390 834 ι
1428 783 1702 839 Sedu'nnm

171 867 324 935 (cujus
367 865 598 919 meminit
650 865 758 921 Jul.
797 868 999 936 Caesar,
1052 872 1117 924 de
1165 872 1295 927 Bell.
1329 873 1450 929 Gal.
1500 876 1574 931 lib
1618 892 1699 941 ιιι,

168 973 268 1026 cap.
296 956 364 1024 l,)
384 956 701 1025 praecipuum
731 960 985 1029 Oppidum
1021 960 1358 1018 Sedunorum
1381 975 1483 1031 est,
1515 966 1567 1021 in
1595 982 1703 1037 quo

166 1049 434 1117 episcopum
487 1049 842 1114 constituunt,
872 1052 963 1120 qui
1015 1054 1218 1123 regioni
1272 1066 1329 1109 ut
1358 1057 1607 1128 princeps
1647 1072 1703 1115 et

162 1139 519 1196 ecclesiasticus
549 1142 745 1209 pracsul
780 1142 943 1215 336
986 1145 1232 1214 imperat,
1270 1147 1452 1203 liberis
1496 1157 1696 1215 tamen,

162 1246 250 1287 non
277 1233 455 1296 servis;
490 1232 620 1285 nihil
649 1234 794 1288 enim
825 1236 1035 1304 publice
1062 1237 1172 1306 agit
1211 1239 1413 1309 absque
1455 1241 1695 1296 omnium

158 1326 332 1379 civium
358 1339 632 1378 consensu.
672 1348 690 1379 ι
729 1326 852 1384 Haec
889 1312 1150 1385 Henricus
1173 1331 1439 1388 Glarenus
1466 1336 1515 1388 in
1555 1335 1693 1391 idem

158 1425 294 1483 caput
315 1416 543 1469 Caesaris.
566 1416 632 1469 Et
660 1416 964 1488 Raymhnd.
992 1418 1239 1475 Marlian.
1257 1422 1307 1476 in
1323 1423 1696 1495 DeschPlione

155 1515 365 1560 veterum
405 1505 587 1561 Gallia:
639 1507 882 1563 locorum
940 1528 952 1564 :
1002 1531 1021 1563 ι
1084 1510 1319 1579 Sedusii,
1364 1515 1444 1569 vel
1493 1516 1693 1571 Seduni

152 1598 325 1667 populi,
357 1598 603 1653 Helvetiis
641 1608 697 1654 et
737 1612 834 1669 pro
867 1611 1020 1671 parte
1050 1602 1219 1659 Celtis
1245 1620 1689 1676 annumerantur,

152 1691 218 1746 vel
265 1691 434 1745 saltem
485 1692 565 1746 eis
620 1703 746 1747 sunt
804 1696 1039 1763 tinitimi,
1099 1699 1692 1770 ipsosquethodanus

1813 511 2056 581 regulam
2120 512 2486 573 ludiﬁcabant.
2545 521 2842 592 Optimates
2895 530 3031 600 gula:
3090 543 3147 589 et
3208 538 3391 594 veneri

1809 604 1997 669 dediti,
2027 610 2314 662 ecclesiam
2366 626 2514 665 more
2561 615 2720 671 solito
2769 634 2874 674 non
2924 622 3165 693 adibant,
3194 631 3287 684 sed
3334 630 3390 685 in

1807 696 2054 751 cubiculo
2102 706 2157 752 et
2214 700 2355 756 inter
2403 705 2620 762 uxorios
2674 710 2952 779 amplexus
2982 719 3389 776 'matutinorum

1806 787 2066 842 solemnia
2092 798 2147 843 et
2171 790 2459 849 tuissarum
2491 812 2522 851 a
2554 796 2845 857 festinante
2876 808 3190 878 presbytero
3238 814 3389 870 auri-

1806 878 1907 932 bus
1962 887 2171 935 tantum
2232 881 2492 940 libabant.
2553 888 2756 962 Vulgus
2810 895 2862 949 in
2919 900 3096 953 merio
3154 906 3386 970 positum

1804 968 1983 1037 praeda
2030 980 2151 1026 erat
2194 978 2606 1046 potentioribus,
2654 990 2714 1036 ut
2761 985 2845 1039 vel
2880 1001 3066 1043 eorum
3113 968 3391 1051 eahaustis

1803 1057 2158 1128 substantiis,
2213 1064 2299 1119 vel
2352 1066 2517 1123 etiam
2586 1073 2903 1141 corporibus
2976 1080 3028 1131 in
3100 1079 3385 1152 longinqua

1802 1148 2096 1216 distractis,
2136 1170 2361 1211 acervos
2398 1161 2775 1219 thesaurorum
2826 1184 3203 1239 congererent.
3254 1174 3386 1231 Illud

1800 1249 1919 1293 erat
1948 1255 1979 1296 a
2006 1253 2198 1299 natura
2245 1247 2563 1317 alhorrens,
2596 1256 2739 1322 quod
2775 1257 2931 1312 multi
2978 1262 3207 1318 ancillas
3257 1278 3386 1321 suas

1800 1346 1865 1385 cx
1912 1349 1971 1388 se
2015 1338 2287 1406 gravidas,
2340 1341 2426 1395 ubi
2458 1343 2681 1402 lubidini
2730 1350 3142 1421 satisfecissent,
3174 1366 3273 1411 aut
3316 1361 3384 1413 ad

1797 1423 2070 1491 publicum
2106 1430 2485 1500 prostibulum,
2518 1446 2611 1490 aut
2638 1440 2704 1493 ad
2734 1451 3017 1499 externum
3062 1448 3381 1518 obsequium

1795 1515 2167 1583 venditabant,
2207 1540 2225 1573 ›
2258 1532 2365 1577 etc.
2403 1524 2509 1581 Sed
2536 1536 2713 1585 tamen
2739 1534 3173 1607 archiepiscopus
3201 1515 3385 1595 noster

1796 1606 1850 1660 in
1884 1616 1991 1662 tam
2036 1618 2188 1665 tetra:
2231 1618 2407 1671 noctis
2436 1618 2768 1678 obscuritate
2814 1606 3087 1697 densaque
3126 1631 3213 1685 θαι
3236 1635 3382 1702 ginc.

1798 1697 1941 1753 velut
1990 1699 2381 1761 lttcidissintum
2434 1711 2596 1781 sydus
2642 1714 2865 1781 ell'ulsit,
2913 1734 3023 1788 quo
3071 1723 3381 1779 universam

152 1784 312 1837 ﬂuvius
358 1783 553 1854 irrigat.
604 1786 810 1843 Civitas
844 1799 923 1844 est
975 1793 1317 1862 episcopalis,
1362 1796 1678 1854 Tarentesia

2461 1764 2479 1781 Α
2650 1764 2865 1781 ww--.
2916 1764 3021 1788 νη
3072 1764 3381 1779 υ....ν..,.....

1794 1789 2160 1850 illustraretur
2198 1799 2551 1869 Anglicanqu
2600 1822 2846 1877 regnum,
2881 1810 3197 1880 ignorantia:
3227 1816 3386 1870 vitio-

149 1876 309 1930 Latiue
328 1893 509 1932 nomen
540 1879 796 1935 retinens.
840 1901 858 1934 ι
891 1883 958 1937 At
998 1899 1129 1939 vero
1159 1882 1451 1941 Marliauus
1483 1898 1688 1957 postre-

150 1969 231 2023 mis
274 1968 406 2023 hisce
446 1969 624 2024 verbis
649 1971 1032 2038 hallucinatur,
1062 1991 1185 2029 nam
1234 1976 1550 2034 Tarentesia
1600 1997 1688 2034 ar-

149 2053 537 2128 chiepiscopatus
579 2070 699 2123 est,
748 2078 868 2132 qua:
914 2073 967 2119 et
1015 2064 1397 2123 Monasterium
1447 2072 1682 2141 dicitur,

147 2148 276 2217 vulgo
316 2147 581 2215 Houstier,
613 2152 699 2206 cui
730 2153 913 2208 Subest
961 2154 1291 2213 Seduncnsis
1321 2162 1680 2233 episcopatus.

147 2239 383 2297 Sedunum
405 2240 608 2299 Gallica
661 2246 776 2301 sive
809 2247 1112 2305 Sabaudiea
1162 2252 1342 2321 lingua
1370 2255 1500 2311 Sion
1551 2273 1686 2314 nun-

146 2336 358 2403 cupatur.

203 2424 442 2483 Hebenus
472 2429 529 2485 S.
566 2429 631 2485 Β.
667 2431 735 2487 Ε.
776 2435 1082 2491 cardinalis.
1127 2437 1296 2506 Quem
1329 2439 1384 2496 S.
1420 2441 1683 2500 Laufran-

145 2533 221 2572 cus
255 2519 461 2587 epistola
513 2522 568 2587 9,
614 2525 1005 2582 subdiaconum
1048 2530 1299 2600 appellat.
1352 2533 1684 2607 Subscripsit

146 2606 325 2662 decreto
364 2608 426 2663 de
471 2612 707 2681 primatu
753 2614 1158 2674 Cantuariensis
1211 2620 1467 2680 Ecclesia}
1517 2606 1683 2697 super

147 2695 494 2755 Eboracensem
551 2702 716 2759 facto.
774 2706 896 2760 Vita
952 2707 1011 2761 Β.
1068 2708 1357 2768 Lanfranci
1411 2729 1532 2786 cap.
1587 2695 1679 2785 ll,

144 2805 242 2860 pag.
292 2790 369 2859 l5,
410 2803 463 2848 et
510 2794 672 2851 Guill.
724 2796 1072 2857 Malmesbur.
1124 2803 1192 2859 de
1231 2801 1434 2860 Pontif.
1484 2808 1677 2879 Anglo.

146 2876 218 2936 lib.
243 2898 275 2936 ι.
310 2883 594 2955 Legatione
644 2888 1059 2960 fungitur-idem
1114 2893 1389 2952 Hubertus
1431 2876 1678 2972 Gregorii

142 2986 238 3041 pap.
278 2988 346 3028 vn
424 2977 642 3034 nomine
711 2980 763 3034 in
816 2981 1091 3038 Britannia
1152 2986 1375 3053 minori,
1444 2988 1567 3046 libr.
1626 3010 1676 3061 v,

1791 1896 2019 1951 rumque
2050 1887 2287 1942 tenebrae
2316 1890 2728 1960 dissiparentur.

1872 1971 2145 2045 Vitamque
2185 1980 2517 2036 canobialem
2566 2002 2723 2053 quam
2761 2006 2871 2059 pra:
2906 1994 3144 2051 omnibus
3191 1997 3374 2069 diligo.

1790 2063 1907 2119 Non
1937 2068 2132 2122 mirum
2175 2071 2245 2125 sit
2270 2082 2378 2127 tam
2412 2074 2683 2145 impendio
2712 2096 2965 2152 magnum
3008 2085 3375 2146 Lanfrancum

1789 2155 2020 2212 delectet
2044 2160 2153 2214 vita
2195 2165 2510 2233 mouastica,
2537 2181 2781 2238 quamet
2823 2175 2960 2229 adeo
2988 2178 3243 2247 religiose
3284 2198 3375 2237 ςοι

1788 2244 2024 2312 luerunt,
2057 2249 2262 2319 totique
2293 2267 2412 2310 sese
2451 2256 2785 2315 devovernnt
2812 2266 3078 2331 primores
3097 2244 3379 2328 Ecclesiae

1788 2339 2070 2395 catholica:
2100 2345 2273 2398 sancti
2320 2346 2593 2414 doctores,
2630 2368 2854 2424 rnagnus
2894 2356 3147 2424 Basilius,
3171 2361 3377 2435 Grego-

1789 2430 1902 2486 rius
1934 2433 2233 2505 theologus,
2283 2436 2661 2511 Hieronymus,
2692 2444 3044 2515 Augustinus,
3078 2450 3375 2524 Gregorius

1786 2520 2031 2591 Magnus,
2061 2524 2398 2596 Augustinus
2426 2531 2634 2603 Anglia:
2661 2538 2958 2605 apostolus,
2985 2552 3039 2595 et
3082 2520 3213 2597 illis-
3234 2546 3373 2602 in'e-

1785 2610 1957 2667 riores
2002 2614 2143 2670 Beda
2192 2615 2550 2689 Venerabilis,
2605 2625 2861 2686 [tabanus
2907 2630 3146 2700 Maurus,
3178 2637 3370 2694 Ausci.

1787 2717 1922 2766 mus,
1956 2703 2284 2774 Bernardus,
2316 2720 2367 2764 et
2413 2712 2504 2767 alii
2537 2730 2673 2783 pene
2698 2718 2987 2776 innumeri.
3020 2723 3158 2780 Hinc
3193 2728 3370 2799 Chry-

1784 2803 2077 2862 sostomus,
2108 2796 2294 2853 bomil.
2346 2800 2414 2856 70
2460 2803 2515 2857 in
2564 2820 2683 2875 cap.
2736 2823 2847 2863 χιιι
2898 2810 3087 2868 Matth.
3123 2834 3136 2869 :
3175 2835 3196 2868 ι
3253 2796 3369 2874 Non

1785 2884 1924 2941 (celo
1974 2887 2293 2945 diverticula
2347 2895 2734 2953 monachorum
2791 2901 2999 2957 minora
3055 2909 3370 2964 arstituanda

1784 2989 1936 3041 sunt;
1979 2981 2154 3050 angeli
2198 2998 2407 3054 nempe,
2437 2986 2547 3042 imo
2572 3004 2701 3045 vero
2741 2991 2856 3061 ipse
2896 3010 3111 3066 quoque
3150 3002 3368 3071 angelo.

143 3066 268 3135 epist.
318 3070 383 3124 εξ
431 3072 671 3142 ejusdem
723 3074 989 3146 Gregorii.
1024 3078 1215 3136 Missus
1263 3082 1428 3138 etiam
1475 3098 1559 3141 ρει
1611 3091 1676 3144 ad
1706 3108 1750 3167 ϐ
1784 3083 1902 3122 rum
1932 3072 2209 3139 Dominus,
2236 3076 2304 3129 ad
2331 3091 2425 3131 eos
2444 3092 2570 3148 sepe
2595 3097 2819 3140 numero
2840 3085 3199 3158 divertuntur,
3224 3104 3368 3150 sele.

142 3155 269 3210 Cum.
300 3159 494 3228 Anglia:
524 3177 730 3234 regem.
758 3166 1039 3238 episcopﬂs
1080 3187 1145 3224 nc
1176 3170 1401 3228 Romam
1434 3189 1677 3245 peterem
1708 3150 1749 3167 “⁴
1780 3160 1849 3214 Et
1874 3161 2058 3216 homil.
2091 3163 2159 3218 59
2190 3165 2256 3217 ad
2287 3168 2538 3236 populum
2567 3170 2966 3231 Antiochenam
2997 3194 3010 3232 :
3045 3197 3063 3230 ι
3113 3180 3364 3239 Monachi

141 3248 500 3318 prohibentem;
536 3268 696 3324 quem
742 3258 1137 3315 admonendum
1198 3262 1367 3319 voluit
1433 3281 1677 3327 summus

140 3340 332 3407 perutiles
362 3358 454 3412 per
482 3344 801 3403 Hubertum.
834 3348 927 3404 lib.
974 3367 1071 3418 vn,
1111 3368 1195 3423 ep.
1232 3355 1288 3421 l;
1327 3372 1506 3428 regem
1549 3376 1676 3417 vero

141 3431 335 3496 pontiﬁci
358 3430 691 3504 acquievisse
711 3439 927 3509 epistol.
952 3440 1023 3497 25
1046 3442 1284 3513 ejusdem
1313 3446 1404 3502 lib.
1429 3450 1496 3529 ad
1526 3450 1672 3507 illum

138 3520 358 3579 destinata
388 3526 544 3582 fidem
575 3528 721 3583 facit.

193 3608 421 3682 Ερὶεεομὶ,
446 3616 676 3683 abbates,
709 3629 813 3674 etc.
843 3616 918 3676 De
951 3622 1114 3679 hocce
1136 3631 1425 3696 conventu,
1454 3632 1673 3688 consule

138 3701 396 3765 pmdictam
429 3705 601 3760 Vitam
618 3706 736 3763 loco
761 3710 927 3766 citato
950 3697 1072 3782 pag.
1096 3716 1175 3769 l2.

192 3789 259 3845 Ex
282 3797 573 3863 nfesta/iere
607 3801 743 3854 sedis
772 3806 1098 3861 auctoritate.
1136 3807 1222 3863 Uti
1252 3813 1419 3868 refert
1443 3814 1674 3873 Eadme-

138 3899 207 3937 rus
248 3885 533 3944 Laul‘ranco
581 3893 821 3962 aequalis,
878 3895 1079 3953 llistor.
1130 3917 1394 3959 novorum
1446 3906 1570 3963 libr.
1627 3926 1666 3977 ι,

136 3985 229 4042 pag.
257 3973 285 4028 6
319 3993 330 4029 :
366 3995 382 4027 ι
434 3977 489 4031 In
524 3979 683 4048 hujus
712 3981 1028 4056 (Guillclmi)
1076 3990 1224 4059 regni
1270 4005 1412 4047 anno
1446 3994 1497 4060 5,
1530 3973 1670 4052 Lam

138 4058 310 4119 francus
336 4067 681 4125 Cadomensis
724 4074 951 4128 C(Bllobii
990 4078 1176 4144 abbas,
1211 4082 1294 4135 vir
1326 4093 1578 4142 strenuus
1615 4099 1670 4145 et

136 4148 176 4200 in
199 4152 365 4209 divinis
410 4167 573 4227 atque
604 4159 854 4217 humanis
898 4166 1059 4222 rebus
1106 4169 1388 4226 excellenti
1441 4175 1665 4232 scientii

136 4243 360 4311 praditus,
388 4249 634 4320 Angliam
683 4268 750 4306 ex
801 4264 1070 4325 praecepto
1102 4256 1313 4315 Domini
1359 4278 1511 4334 papa:
1538 4267 1664 4322 Ale-

136 4334 301 4401 xandri,
346 4348 397 4393 et
440 4342 682 4410 praedicti
733 4345 895 4415 regis,
933 4347 1179 4415 advenit;
1217 4361 1271 4407 et
1321 4368 1493 4422 pauco
1543 4369 1665 4427 post

1781 3259 1906 3303 sunt
1934 3254 2368 3322 tanquamtt‘aces
2419 3258 2489 3313 ab
2515 3261 2730 3318 excelso
2778 3264 2899 3322 loco
2941 3270 3281 3327 venientibus
3311 3275 3364 3328 in

1779 3350 1937 3409 portu
1980 3345 2252 3409 sedentes,
2284 3356 2337 3403 et
2364 3363 2553 3406 omnes
2600 3354 2665 3408 ad
2708 3370 2859 3410 suam
2900 3360 3175 3418 trahentes
3218 3376 3356 3420 tran-

1777 3431 2124 3499 quillitatem,
2174 3451 2350 3505 neque
2402 3442 2640 3498 sitientes
2688 3444 2804 3499 tieri
2859 3448 3137 3521 naufragia
3186 3456 3253 3509 ad
3302 3470 3363 3511 se

1778 3522 2149 3591 respicientes,
2175 3542 2240 3582 eo
2267 3537 2584 3586 contuentes
2625 3533 2679 3588 in
2709 3537 2944 3593 tenebris
2987 3556 3092 3596 non
3131 3545 3357 3612 permit-

1778 3619 1952 3668 tentes
1984 3617 2207 3671 vcrsari.
2247 3635 2265 3668 ι

1849 3702 1913 3759 Ut
1946 3714 2144 3762 taceant
2174 3710 2361 3767 multa.
2412 3714 2488 3769 lla
2542 3717 2768 3775 forsitan
2817 3738 2939 3792 qua:
2983 3726 3183 3793 profert
3236 3727 3361 3786 Milo

1774 3797 2054 3865 Crispinus
2089 3802 2142 3856 in
2196 3800 2312 3858 Vita
2358 3822 2476 3876 cap.
2518 3810 2605 3875 ll,
2642 3826 2763 3881 pag.
2813 3827 2873 3867 ιι.
2919 3812 3359 3883 IpsumtnctAle-

1776 3887 2061 3954 xandrum,
2094 3891 2342 3947 videlicet
2374 3894 2431 3949 S.
2461 3896 2771 3965 Lant‘ranei,
2801 3902 3012 3958 scholas
3040 3904 3197 3962 Becci
3235 3923 3359 3964 cum

1774 3977 1951 4031 adhuc
2003 3989 2239 4047 teneret,
2292 3986 2594 4042 auditorem
2652 3992 2945 4047 exstitisse.
2998 3994 3358 4069 Posteaquam

1772 4067 1916 4121 etiim
1960 4067 2266 4129 Laniranco
2294 4090 2489 4145 papam
2520 4084 2884 4139 assurrexisse
2911 4085 3131 4143 honoris
3159 4091 3355 4159 gratia,

1773 4157 1955 4213 Romae
1999 4164 2235 4233 degenti,
2282 4170 2576 4233 enarravit,
2639 4174 2771 4227 tanti
2821 4175 3041 4231 honoris
3090 4179 3355 4234 rationem

1770 4248 1946 4305 adfert
1974 4252 2060 4307 his
2094 4256 2274 4310 verbis
2309 4276 2320 4309 :
2360 4276 2379 4309 ι
2416 4256 2549 4314 Τυῑιι
2584 4276 2683 4330 pro
2708 4279 2804 4317 sua
2843 4281 3038 4336 magna
3072 4267 3354 4340 religione,

1769 4353 1823 4396 et
1865 4345 2121 4399 etnlnenti
2169 4348 2415 4416 scientia,
2457 4362 2569 4407 tum
2598 4355 2725 4424 quia
2772 4371 2895 4410 cum
2926 4367 3071 4414 esset
3116 4361 3169 4414 in
3218 4361 3361 4419 Nor-.

136 4431 327 4496 tempore
352 4432 874 4506 archiepiscopatum
900 4436 1343 4498 Cantuariensem
1370 4449 1662 4515 regendum
1700 4451 1741 4504 ι)
1770 4436 2007 4499 mannia,
2058 4438 2337 4494 venientes
2382 4441 2635 4499 Ecclesia:
2678 4446 2960 4503 ministros
3004 4451 3352 4520 suscipiebat,

134 4521 337 4588 suscepit.
371 4540 387 4572 ι

190 4605 475 4684 Tantumque
505 4628 703 4671 sancta:
750 4608 998 4674 Ecclesia:
1036 4639 1235 4677 rasum.
1269 4624 1357 4679 Sic
1389 4626 1658 4695 nimirum,

137 4692 175 4744 in
199 4695 296 4751 aliis
322 4711 566 4759 constans
594 4716 756 4776 atque
800 4707 1078 4773 infractus,
1114 4715 1474 4781 prmmebatur
1517 4717 1663 4787 ﬂagi-

137 4785 204 4838 tiis
242 4806 345 4860 quae
385 4794 435 4849 in
464 4795 630 4851 Deum
659 4808 714 4853 et
757 4799 1053 4857 Ecclesiam
1083 4806 1554 4877 perpetrabantur,
1606 4821 1664 4866 ut

138 4878 236 4933 nihil
262 4884 404 4951 plane
446 4898 591 4944 esset
622 4891 763 4962 quod
817 4894 933 4964 ejus
973 4896 1211 4950 dolorem
1244 4897 1496 4968 allevarc,
1529 4903 1661 4958 nihil

135 4974 243 5037 quod
282 4977 387 5046 ejus
429 4979 480 5035 in
532 4981 700 5037 Deum
753 4984 927 5040 zelum
979 4996 1278 5057 temperare
1324 5001 1522 5059 posset.
1578 4992 1661 5050 Ad

136 5058 275 5118 vivum
319 5069 538 5125 nefanda
587 5074 813 5128 crimina
865 5077 1019 5145 queis
1066 5087 1221 5132 erant
1268 5080 1509 5136 obvoluti
1558 5083 1661 5138 illis

136 5154 412 5223 temporibus
441 5162 773 5233 Angligenae,
805 5166 1057 5235 exprimit
1103 5167 1159 5221 S.
1193 5169 1349 5223 Beda:
1378 5172 1660 5227 continua-

138 5251 216 5309 tor,
233 5246 313 5303 lib.
338 5267 394 5319 ιι,
420 5269 538 5325 cap.
584 5255 694 5309 l2:
729 5276 747 5308 ι
785 5258 1188 5325 Verumtamen,
1232 5262 1425 5331 inquit,
1455 5263 1659 5319 litteras

137 5348 244 5406 rum,
270 5351 317 5396 et
348 5345 617 5418 religionis
642 5349 819 5403 studia
848 5359 1005 5408 aetate
1032 5353 1353 5420 procedente
1377 5353 1656 5410 obSoleve-

136 5435 247 5492 runt,
280 5449 375 5489 non
420 5440 608 5508 paucis
651 5449 777 5496 ante
825 5442 1114 5497 adventum
1163 5443 1658 5502 Northmannorum

137 5520 277 5575 annis.
313 5523 494 5584 Clerici
544 5530 847 5586 litteratura
898 5534 1243 5589 tumultuaria
1280 5538 1541 5603 contenti,
1570 5538 1659 5591 vix

138 5620 539 5675 sacramentorum
574 5623 736 5677 verba
765 5623 1134 5679 balbutiebant
1165 5645 1177 5679 :
1210 5629 1415 5698 stupori
1458 5637 1577 5683 erat
1608 5639 1662 5683 et

140 5700 352 5762 miraculo
383 5713 590 5767 caneris
613 5714 704 5783 qui
735 5716 1149 5783 grammaticam
1179 5729 1379 5774 nosset.
1415 5718 1659 5773 Monaehi

1768 4533 1821 4578 et
1850 4528 2108 4592 quosdam
2139 4544 2288 4599 papa:
2323 4534 2754 4604 consanguineos
2784 4539 3025 4595 studiose
3072 4541 3349 4597 docuerat.

1770 4614 1962 4668 Fertur
1994 4619 2155 4672 etiam
2197 4635 2333 4691 papa
2364 4622 2565 4679 dixisse
2599 4642 2610 4677 :
2653 4624 2769 4681 Non
2816 4628 2938 4683 ideo
2970 4632 3244 4685 assurreti
3279 4632 3349 4714 ei,

1766 4706 1892 4773 quia
1933 4708 2375 4780 archiepiscopus
2399 4721 2503 4780 cst,
2534 4716 2628 4770 sed
2654 4718 2780 4785 quia
2824 4716 2978 4774 Bccei
3011 4720 3076 4775 ad
3110 4706 3349 4777 scholam

1765 4793 1880 4862 ejus
1910 4795 2003 4863 fui,
2033 4807 2086 4852 et
2110 4800 2174 4853 ad
2190 4801 2357 4871 pedes
2378 4802 2495 4872 ejus
2516 4820 2638 4860 cum
2662 4807 2782 4863 aliis
2802 4809 3015 4865 auditor
3043 4813 3284 4868 consedi.
3323 4832 3343 4865 ι

1768 4887 1871 4941 Sed
1907 4888 2190 4945 audiamus
2230 4900 2419 4948 testem
2451 4893 2771 4964 locupletem
2815 4897 3159 4966 Eadmerum,
3209 4900 3347 4956 llist.

1767 4976 1860 5031 lib.
1887 4995 1923 5042 ι,
1958 4995 2079 5051 pag.
2114 4981 2145 5034 6
2175 5000 2188 5035 :
2225 5002 2241 5032 ι
2288 4982 2504 5040 Statuto
2552 4986 2639 5041 die
2681 4986 2841 5043 Pater
2883 4988 3239 5054 Lanl‘rancus,
3274 4992 3347 5044 ait

1764 5069 1873 5136 ille,
1905 5072 2208 5141 apostolica:
2242 5074 2403 5145 337
2430 5077 2573 5133 sedis
2598 5076 2836 5149 pentiiici
2867 5081 3174 5137 Alexandro
3207 5096 3345 5150 pra:—

1765 5170 2044 5228 sentatur;
2076 5165 2163 5219 cui
2206 5169 2350 5234 quod
2394 5167 2693 5225 Romanam
2723 5172 3020 5227 scientibus
3064 5181 3344 5228 consuetu-

1764 5254 1943 5310 dinem
1969 5254 2109 5310 l'orte
2139 5256 2336 5311 mirum
2358 5258 2621 5323 videatur,
2652 5262 2769 5332 ipse
2790 5278 2927 5333 papa
2950 5265 3015 5318 ad
3037 5278 3096 5318 se
3120 5263 3342 5318 intranti

1764 5360 2071 5415 assurgens,
2097 5362 2240 5413 eum,
2265 5358 2323 5402 ut
2340 5364 2588 5420 gressum
2612 5351 2821 5422 ﬁgeret,
2852 5353 3081 5408 dulciter
3100 5353 3339 5409 hortatur

1763 5447 1875 5501 cst;
1905 5450 1968 5489 ac
2018 5437 2209 5494 deinde
2259 5440 2518 5507 subdens,
2564 5443 2842 5508 honorem,
2877 5443 3070 5512 inquit,
3099 5444 3343 5499 exhibui.

1764 5548 1885 5587 mus
1913 5548 2019 5588 non
2049 5549 2207 5603 quem
2256 5536 2738 5607 archicpiscopatui
2768 5545 2883 5603 tuo,
2909 5540 3003 5593 sed
3032 5554 3190 5609 quem
3232 5553 3341 5593 ma-

1764 5626 1933 5692 gistro
1956 5625 2129 5695 (cujus
2154 5627 2331 5681 studio
2355 5642 2540 5682 sumus
2566 5628 2618 5681 iu
2648 5625 2752 5681 illis
2771 5641 2890 5696 quae
2909 5631 3108 5685 scimus
3132 5629 3344 5701 imbuti)

1766 5714 2080 5779 debuimus;
2109 5716 2233 5771 hinc
2271 5717 2411 5784 quod
2454 5717 2517 5771 ad
2552 5731 2600 5772 te
2629 5717 2861 5785 pertinet
2888 5720 2955 5776 ob
2986 5720 3343 5777 reverentiam
