  <div class='ocr_page' id='page_1' title='image "/cluster/home/n/w/nwhite01/storage/ocr_20150623/150/hvd.32044015473788/283.png"; bbox 0 0 3864 6304; ppageno 0'>
   <div class='ocr_carea' id='block_1_1' title="bbox 420 403 524 460">
    <p class='ocr_par' dir='ltr' id='par_1_1' title="bbox 420 403 524 460">
     <span class='ocr_line' id='line_1_1' title="bbox 420 403 524 460; baseline -0.048 1"><span class='ocrx_word' id='word_1_1' title='bbox 420 403 524 460; x_wconf 80' lang='lat'><strong>559</strong></span> 
     </span>
    </p>
   </div>
   <div class='ocr_carea' id='block_1_2' title="bbox 1640 333 2499 430">
    <p class='ocr_par' dir='ltr' id='par_1_2' title="bbox 1640 333 2499 430">
     <span class='ocr_line' id='line_1_2' title="bbox 1640 333 2499 430; baseline -0.015 0"><span class='ocrx_word' id='word_1_2' title='bbox 1640 369 1846 430; x_wconf 61' lang='lat' dir='ltr'><strong>003th</strong></span> <span class='ocrx_word' id='word_1_3' title='bbox 1883 366 2091 427; x_wconf 48' lang='grc' dir='ltr'><strong>ιιι]εῶ</strong></span> <span class='ocrx_word' id='word_1_4' title='bbox 2132 364 2455 423; x_wconf 65' lang='grc' dir='ltr'><strong>υΑριιωιιι</strong></span> <span class='ocrx_word' id='word_1_5' title='bbox 2490 333 2499 343; x_wconf 80' lang='grc'><em>’</em></span> 
     </span>
    </p>
   </div>
   <div class='ocr_carea' id='block_1_3' title="bbox 3603 365 3709 416">
    <p class='ocr_par' dir='ltr' id='par_1_3' title="bbox 3603 365 3709 416">
     <span class='ocr_line' id='line_1_3' title="bbox 3603 365 3709 416; baseline 0 0"><span class='ocrx_word' id='word_1_6' title='bbox 3603 365 3709 416; x_wconf 68' lang='lat' dir='ltr'><strong>5M:</strong></span> 
     </span>
    </p>
   </div>
   <div class='ocr_carea' id='block_1_4' title="bbox 418 471 3711 576">
    <p class='ocr_par' dir='ltr' id='par_1_4' title="bbox 418 471 3711 576">
     <span class='ocr_line' id='line_1_4' title="bbox 418 471 3711 576; baseline -0.014 -2"><span class='ocrx_word' id='word_1_7' title='bbox 418 519 483 574; x_wconf 85' lang='grc' dir='ltr'><strong>Β.</strong></span> <span class='ocrx_word' id='word_1_8' title='bbox 515 515 658 572; x_wconf 76' lang='lat' dir='ltr'><strong>Petri</strong></span> <span class='ocrx_word' id='word_1_9' title='bbox 689 519 741 566; x_wconf 86' lang='lat' dir='ltr'><strong>te</strong></span> <span class='ocrx_word' id='word_1_10' title='bbox 777 504 1000 576; x_wconf 77' lang='lat' dir='ltr'><strong>exsequi</strong></span> <span class='ocrx_word' id='word_1_11' title='bbox 1042 516 1139 573; x_wconf 86' lang='lat' dir='ltr'><strong>par</strong></span> <span class='ocrx_word' id='word_1_12' title='bbox 1169 509 1274 555; x_wconf 85' lang='lat' dir='ltr'><strong>est.</strong></span> <span class='ocrx_word' id='word_1_13' title='bbox 1312 516 1327 551; x_wconf 75' lang='grc' dir='ltr'><strong>ι</strong></span> <span class='ocrx_word' id='word_1_14' title='bbox 1384 494 1509 550; x_wconf 67' lang='lat' dir='ltr'><strong>llaec</strong></span> <span class='ocrx_word' id='word_1_15' title='bbox 1552 491 1870 548; x_wconf 84' lang='lat' dir='ltr'><strong>Eadmerus.</strong></span> <span class='ocrx_word' id='word_1_16' title='bbox 1910 486 1997 551; x_wconf 89' lang='lat' dir='ltr'><strong>cui</strong></span> <span class='ocrx_word' id='word_1_17' title='bbox 2026 488 2075 547; x_wconf 82' lang='grc' dir='ltr'>Λ</span> <span class='ocrx_word' id='word_1_18' title='bbox 2104 482 2237 535; x_wconf 80' lang='lat' dir='ltr'><strong>Ven.</strong></span> <span class='ocrx_word' id='word_1_19' title='bbox 2270 480 2423 534; x_wconf 74' lang='lat' dir='ltr'><strong>Bedae</strong></span> <span class='ocrx_word' id='word_1_20' title='bbox 2448 476 2830 542; x_wconf 88' lang='lat' dir='ltr'><strong>Continuator,</strong></span> <span class='ocrx_word' id='word_1_21' title='bbox 2863 473 2987 529; x_wconf 74' lang='lat' dir='ltr'><strong>libr.</strong></span> <span class='ocrx_word' id='word_1_22' title='bbox 3025 490 3109 540; x_wconf 87' lang='lat' dir='ltr'><strong>Ill,</strong></span> <span class='ocrx_word' id='word_1_23' title='bbox 3138 489 3260 546; x_wconf 88' lang='lat' dir='ltr'><strong>cap.</strong></span> <span class='ocrx_word' id='word_1_24' title='bbox 3292 472 3407 541; x_wconf 70' lang='lat'><strong>29;</strong></span> <span class='ocrx_word' id='word_1_25' title='bbox 3445 471 3711 533; x_wconf 81' lang='lat' dir='ltr'><strong>0rderic.</strong></span> 
     </span>
    </p>
   </div>
   <div class='ocr_carea' id='block_1_5' title="bbox 418 578 1996 669">
    <p class='ocr_par' dir='ltr' id='par_1_5' title="bbox 418 578 1996 669">
     <span class='ocr_line' id='line_1_5' title="bbox 418 578 1996 669; baseline -0.022 -4"><span class='ocrx_word' id='word_1_26' title='bbox 418 608 565 666; x_wconf 88' lang='lat' dir='ltr'><strong>haud</strong></span> <span class='ocrx_word' id='word_1_27' title='bbox 614 602 958 669; x_wconf 86' lang='lat' dir='ltr'><strong>refragantur</strong></span> <span class='ocrx_word' id='word_1_28' title='bbox 1003 591 1272 655; x_wconf 88' lang='lat' dir='ltr'><strong>Guillelm.</strong></span> <span class='ocrx_word' id='word_1_29' title='bbox 1326 585 1672 643; x_wconf 80' lang='lat' dir='ltr'><strong>Malmcsbur.</strong></span> <span class='ocrx_word' id='word_1_30' title='bbox 1731 581 1798 635; x_wconf 93' lang='lat' dir='ltr'><strong>de</strong></span> <span class='ocrx_word' id='word_1_31' title='bbox 1845 578 1996 633; x_wconf 85' lang='lat' dir='ltr'><strong>Gest.</strong></span> 
     </span>
    </p>
   </div>
   <div class='ocr_carea' id='block_1_6' title="bbox 417 673 1996 775">
    <p class='ocr_par' dir='ltr' id='par_1_6' title="bbox 417 673 1996 775">
     <span class='ocr_line' id='line_1_6' title="bbox 417 673 1996 775; baseline -0.025 -14"><span class='ocrx_word' id='word_1_32' title='bbox 417 703 641 775; x_wconf 81' lang='lat' dir='ltr'><strong>Anglor.</strong></span> <span class='ocrx_word' id='word_1_33' title='bbox 673 700 769 755; x_wconf 89' lang='lat' dir='ltr'><strong>lib.</strong></span> <span class='ocrx_word' id='word_1_34' title='bbox 797 708 1027 764; x_wconf 61' lang='lat' dir='ltr'><strong>tu,~pag.</strong></span> <span class='ocrx_word' id='word_1_35' title='bbox 1051 688 1141 754; x_wconf 80' lang='lat'><strong>66,</strong></span> <span class='ocrx_word' id='word_1_36' title='bbox 1173 702 1228 740; x_wconf 92' lang='lat' dir='ltr'><strong>n.</strong></span> <span class='ocrx_word' id='word_1_37' title='bbox 1250 682 1342 739; x_wconf 67' lang='grc' dir='ltr'><strong>ΞΟ.</strong></span> <span class='ocrx_word' id='word_1_38' title='bbox 1366 680 1604 736; x_wconf 81' lang='lat' dir='ltr'><strong>Thomas</strong></span> <span class='ocrx_word' id='word_1_39' title='bbox 1627 673 1996 742; x_wconf 79' lang='lat' dir='ltr'><strong>Valsiegham,</strong></span> 
     </span>
    </p>
   </div>
   <div class='ocr_carea' id='block_1_7' title="bbox 419 773 1413 867">
    <p class='ocr_par' dir='ltr' id='par_1_7' title="bbox 419 773 1413 867">
     <span class='ocr_line' id='line_1_7' title="bbox 419 773 1413 867; baseline -0.02 -19"><span class='ocrx_word' id='word_1_40' title='bbox 419 773 647 867; x_wconf 78' lang='lat' dir='ltr'><strong>Ypodig.</strong></span> <span class='ocrx_word' id='word_1_41' title='bbox 681 790 892 851; x_wconf 83' lang='lat' dir='ltr'><strong>Neust.,</strong></span> <span class='ocrx_word' id='word_1_42' title='bbox 916 801 1007 840; x_wconf 90' lang='lat' dir='ltr'><strong>an.</strong></span> <span class='ocrx_word' id='word_1_43' title='bbox 1033 780 1192 845; x_wconf 76' lang='lat'><strong>1070,</strong></span> <span class='ocrx_word' id='word_1_44' title='bbox 1222 787 1277 832; x_wconf 90' lang='lat' dir='ltr'><strong>et</strong></span> <span class='ocrx_word' id='word_1_45' title='bbox 1305 773 1413 830; x_wconf 81' lang='lat' dir='ltr'><strong>alii.</strong></span> 
     </span>
    </p>
   </div>
   <div class='ocr_carea' id='block_1_8' title="bbox 460 856 2000 945">
    <p class='ocr_par' dir='ltr' id='par_1_8' title="bbox 460 856 2000 945">
     <span class='ocr_line' id='line_1_8' title="bbox 460 856 2000 945; baseline -0.023 -1"><span class='ocrx_word' id='word_1_46' title='bbox 460 856 572 945; x_wconf 28' lang='grc' dir='ltr'><strong>ΓηΑά</strong></span> <span class='ocrx_word' id='word_1_47' title='bbox 596 856 688 941; x_wconf 59' lang='lat' dir='ltr'><strong>uos</strong></span> <span class='ocrx_word' id='word_1_48' title='bbox 727 882 951 938; x_wconf 83' lang='lat' dir='ltr'><strong>uenirent</strong></span> <span class='ocrx_word' id='word_1_49' title='bbox 995 876 1257 932; x_wconf 74' lang='lat' dir='ltr'><strong>uobiscum</strong></span> <span class='ocrx_word' id='word_1_50' title='bbox 1289 871 1342 924; x_wconf 81' lang='lat' dir='ltr'><strong>in</strong></span> <span class='ocrx_word' id='word_1_51' title='bbox 1387 864 1608 937; x_wconf 69' lang='lat' dir='ltr'><strong>palatio,</strong></span> <span class='ocrx_word' id='word_1_52' title='bbox 1638 869 1745 915; x_wconf 90' lang='lat' dir='ltr'><strong>etc.</strong></span> <span class='ocrx_word' id='word_1_53' title='bbox 1775 856 2000 927; x_wconf 86' lang='lat' dir='ltr'><strong>Sapien-</strong></span> 
     </span>
    </p>
   </div>
   <div class='ocr_carea' id='block_1_9' title="bbox 419 949 2001 1045">
    <p class='ocr_par' dir='ltr' id='par_1_9' title="bbox 419 949 2001 1045">
     <span class='ocr_line' id='line_1_9' title="bbox 419 949 2001 1045; baseline -0.023 -6"><span class='ocrx_word' id='word_1_54' title='bbox 419 982 686 1038; x_wconf 80' lang='lat' dir='ltr'><strong>tissimum</strong></span> <span class='ocrx_word' id='word_1_55' title='bbox 718 975 871 1045; x_wconf 80' lang='lat' dir='ltr'><strong>juxta</strong></span> <span class='ocrx_word' id='word_1_56' title='bbox 900 987 965 1026; x_wconf 89' lang='lat' dir='ltr'><strong>ac</strong></span> <span class='ocrx_word' id='word_1_57' title='bbox 987 966 1358 1025; x_wconf 76' lang='lat' dir='ltr'><strong>doctissimum</strong></span> <span class='ocrx_word' id='word_1_58' title='bbox 1411 956 1778 1013; x_wconf 77' lang='lat' dir='ltr'><strong>Lanl‘rancum</strong></span> <span class='ocrx_word' id='word_1_59' title='bbox 1806 949 2001 1018; x_wconf 78' lang='lat' dir='ltr'><strong>volupe</strong></span> 
     </span>
    </p>
   </div>
   <div class='ocr_carea' id='block_1_10' title="bbox 419 1043 2002 1130">
    <p class='ocr_par' dir='ltr' id='par_1_10' title="bbox 419 1043 2002 1130">
     <span class='ocr_line' id='line_1_10' title="bbox 419 1043 2002 1130; baseline -0.025 1"><span class='ocrx_word' id='word_1_60' title='bbox 419 1087 611 1130; x_wconf 90' lang='lat' dir='ltr'><strong>omnes</strong></span> <span class='ocrx_word' id='word_1_61' title='bbox 636 1043 1109 1125; x_wconf 83' lang='lat' dir='ltr'><strong>auscultabantur,</strong></span> <span class='ocrx_word' id='word_1_62' title='bbox 1142 1065 1199 1111; x_wconf 91' lang='lat' dir='ltr'><strong>et</strong></span> <span class='ocrx_word' id='word_1_63' title='bbox 1233 1049 1515 1125; x_wconf 76' lang='lat' dir='ltr'><strong>przesules,</strong></span> <span class='ocrx_word' id='word_1_64' title='bbox 1553 1054 1610 1101; x_wconf 90' lang='lat' dir='ltr'><strong>et</strong></span> <span class='ocrx_word' id='word_1_65' title='bbox 1648 1043 1892 1103; x_wconf 67' lang='lat' dir='ltr'><strong>abbatrs,</strong></span> <span class='ocrx_word' id='word_1_66' title='bbox 1946 1046 2002 1092; x_wconf 88' lang='lat' dir='ltr'><strong>et</strong></span> 
     </span>
    </p>
   </div>
   <div class='ocr_carea' id='block_1_11' title="bbox 418 1130 2000 1238">
    <p class='ocr_par' dir='ltr' id='par_1_11' title="bbox 418 1130 2000 1238">
     <span class='ocr_line' id='line_1_11' title="bbox 418 1130 2000 1238; baseline -0.025 -17"><span class='ocrx_word' id='word_1_67' title='bbox 418 1163 715 1238; x_wconf 60' lang='lat' dir='ltr'><strong>principes,</strong></span> <span class='ocrx_word' id='word_1_68' title='bbox 745 1166 802 1213; x_wconf 89' lang='lat' dir='ltr'><strong>et</strong></span> <span class='ocrx_word' id='word_1_69' title='bbox 825 1162 1075 1227; x_wconf 85' lang='lat' dir='ltr'><strong>potentes</strong></span> <span class='ocrx_word' id='word_1_70' title='bbox 1092 1145 1455 1211; x_wconf 64' lang='lat' dir='ltr'><strong>smeuli,.eum</strong></span> <span class='ocrx_word' id='word_1_71' title='bbox 1476 1137 1676 1238; x_wconf 76' lang='lat' dir='ltr'><strong>verbis,</strong></span> <span class='ocrx_word' id='word_1_72' title='bbox 1707 1142 1828 1238; x_wconf 48' lang='lat' dir='ltr'><strong>tum.</strong></span> <span class='ocrx_word' id='word_1_73' title='bbox 1852 1130 2000 1184; x_wconf 78' lang='lat' dir='ltr'><strong>litte-</strong></span> 
     </span>
    </p>
   </div>
   <div class='ocr_carea' id='block_1_12' title="bbox 419 1222 2001 1314">
    <p class='ocr_par' dir='ltr' id='par_1_12' title="bbox 419 1222 2001 1314">
     <span class='ocr_line' id='line_1_12' title="bbox 419 1222 2001 1314; baseline -0.026 0"><span class='ocrx_word' id='word_1_74' title='bbox 419 1222 499 1314; x_wconf 65' lang='lat' dir='ltr'><strong>ris</strong></span> <span class='ocrx_word' id='word_1_75' title='bbox 524 1222 677 1312; x_wconf 73' lang='lat' dir='ltr'><strong>illum</strong></span> <span class='ocrx_word' id='word_1_76' title='bbox 703 1222 782 1305; x_wconf 78' lang='lat' dir='ltr'><strong>ad</strong></span> <span class='ocrx_word' id='word_1_77' title='bbox 809 1222 929 1304; x_wconf 75' lang='lat' dir='ltr'><strong>sese</strong></span> <span class='ocrx_word' id='word_1_78' title='bbox 955 1286 971 1313; x_wconf 96' lang='lat'><strong>,</strong></span> <span class='ocrx_word' id='word_1_79' title='bbox 1013 1256 1121 1313; x_wconf 91' lang='lat' dir='ltr'><strong>quo</strong></span> <span class='ocrx_word' id='word_1_80' title='bbox 1140 1239 1267 1311; x_wconf 80' lang='lat' dir='ltr'><strong>ejus</strong></span> <span class='ocrx_word' id='word_1_81' title='bbox 1295 1228 1689 1292; x_wconf 75' lang='lat' dir='ltr'><strong>consuetudine</strong></span> <span class='ocrx_word' id='word_1_82' title='bbox 1720 1222 1868 1279; x_wconf 90' lang='lat' dir='ltr'><strong>nullo</strong></span> <span class='ocrx_word' id='word_1_83' title='bbox 1894 1235 2001 1275; x_wconf 87' lang='lat' dir='ltr'><strong>non</strong></span> 
     </span>
    </p>
   </div>
   <div class='ocr_carea' id='block_1_13' title="bbox 420 1313 2003 1423">
    <p class='ocr_par' dir='ltr' id='par_1_13' title="bbox 420 1313 2003 1423">
     <span class='ocr_line' id='line_1_13' title="bbox 420 1313 2003 1423; baseline -0.026 -13"><span class='ocrx_word' id='word_1_84' title='bbox 420 1362 667 1423; x_wconf 87' lang='lat' dir='ltr'><strong>tempore</strong></span> <span class='ocrx_word' id='word_1_85' title='bbox 689 1351 991 1405; x_wconf 71' lang='lat' dir='ltr'><strong>uterentur,</strong></span> <span class='ocrx_word' id='word_1_86' title='bbox 1026 1336 1245 1392; x_wconf 82' lang='lat' dir='ltr'><strong>allicere</strong></span> <span class='ocrx_word' id='word_1_87' title='bbox 1286 1326 1643 1385; x_wconf 80' lang='lat' dir='ltr'><strong>conabantur.</strong></span> <span class='ocrx_word' id='word_1_88' title='bbox 1689 1318 1744 1374; x_wconf 91' lang='lat' dir='ltr'><strong>ld</strong></span> <span class='ocrx_word' id='word_1_89' title='bbox 1790 1313 2003 1423; x_wconf 54' lang='lat' dir='ltr'><strong>abncjus</strong></span> 
     </span>
    </p>
   </div>
   <div class='ocr_carea' id='block_1_14' title="bbox 418 1411 2005 1518">
    <p class='ocr_par' dir='ltr' id='par_1_14' title="bbox 418 1411 2005 1518">
     <span class='ocr_line' id='line_1_14' title="bbox 418 1411 2005 1518; baseline -0.024 -14"><span class='ocrx_word' id='word_1_90' title='bbox 418 1411 720 1518; x_wconf 76' lang='lat' dir='ltr'><strong>biographo</strong></span> <span class='ocrx_word' id='word_1_91' title='bbox 746 1440 942 1495; x_wconf 85' lang='lat' dir='ltr'><strong>Milone</strong></span> <span class='ocrx_word' id='word_1_92' title='bbox 977 1431 1238 1489; x_wconf 86' lang='lat' dir='ltr'><strong>asseritur</strong></span> <span class='ocrx_word' id='word_1_93' title='bbox 1264 1441 1428 1518; x_wconf 81' lang='lat' dir='ltr'><strong>supra</strong></span> <span class='ocrx_word' id='word_1_94' title='bbox 1456 1435 1578 1518; x_wconf 78' lang='lat' dir='ltr'><strong>cap.</strong></span> <span class='ocrx_word' id='word_1_95' title='bbox 1608 1417 1661 1484; x_wconf 85' lang='lat'><strong>5,</strong></span> <span class='ocrx_word' id='word_1_96' title='bbox 1848 1411 1932 1518; x_wconf 37' lang='lat' dir='ltr'><strong>6B,.</strong></span> <span class='ocrx_word' id='word_1_97' title='bbox 1948 1419 2005 1466; x_wconf 90' lang='lat' dir='ltr'><strong>et</strong></span> 
     </span>
    </p>
   </div>
   <div class='ocr_carea' id='block_1_15' title="bbox 418 1503 1993 1611">
    <p class='ocr_par' dir='ltr' id='par_1_15' title="bbox 418 1503 1993 1611">
     <span class='ocr_line' id='line_1_15' title="bbox 418 1503 1993 1611; baseline -0.027 -14"><span class='ocrx_word' id='word_1_98' title='bbox 418 1503 544 1611; x_wconf 37' lang='lat' dir='ltr'><strong>capi</strong></span> <span class='ocrx_word' id='word_1_99' title='bbox 569 1503 627 1604; x_wconf 55' lang='grc' dir='ltr'><strong>ϐξ</strong></span> <span class='ocrx_word' id='word_1_100' title='bbox 657 1550 779 1607; x_wconf 87' lang='lat' dir='ltr'><strong>pag.</strong></span> <span class='ocrx_word' id='word_1_101' title='bbox 819 1532 851 1585; x_wconf 86' lang='lat'><strong>7</strong></span> <span class='ocrx_word' id='word_1_102' title='bbox 877 1548 893 1597; x_wconf 85' lang='lat'><strong>;</strong></span> <span class='ocrx_word' id='word_1_103' title='bbox 924 1531 1033 1583; x_wconf 89' lang='lat' dir='ltr'><strong>imo</strong></span> <span class='ocrx_word' id='word_1_104' title='bbox 1061 1533 1116 1580; x_wconf 89' lang='lat' dir='ltr'><strong>et</strong></span> <span class='ocrx_word' id='word_1_105' title='bbox 1136 1516 1443 1577; x_wconf 76' lang='lat' dir='ltr'><strong>Alexander</strong></span> <span class='ocrx_word' id='word_1_106' title='bbox 1474 1506 1588 1584; x_wconf 80' lang='lat' dir='ltr'><strong>ipse</strong></span> <span class='ocrx_word' id='word_1_107' title='bbox 1605 1503 1993 1611; x_wconf 43' lang='lat' dir='ltr'><strong>prrzefat&#39;a‘dilu-</strong></span> 
     </span>
    </p>
   </div>
   <div class='ocr_carea' id='block_1_16' title="bbox 419 1593 2003 1685">
    <p class='ocr_par' dir='ltr' id='par_1_16' title="bbox 419 1593 2003 1685">
     <span class='ocr_line' id='line_1_16' title="bbox 419 1593 2003 1685; baseline -0.028 1"><span class='ocrx_word' id='word_1_108' title='bbox 419 1593 566 1685; x_wconf 74' lang='lat' dir='ltr'><strong>cidat</strong></span> <span class='ocrx_word' id='word_1_109' title='bbox 604 1593 802 1681; x_wconf 72' lang='lat' dir='ltr'><strong>mirum</strong></span> <span class='ocrx_word' id='word_1_110' title='bbox 835 1593 889 1675; x_wconf 88' lang='lat' dir='ltr'><strong>in</strong></span> <span class='ocrx_word' id='word_1_111' title='bbox 920 1616 1139 1673; x_wconf 88' lang='lat' dir='ltr'><strong>modum</strong></span> <span class='ocrx_word' id='word_1_112' title='bbox 1169 1606 1399 1682; x_wconf 84' lang='lat' dir='ltr'><strong>epistola</strong></span> <span class='ocrx_word' id='word_1_113' title='bbox 1428 1619 1523 1659; x_wconf 86' lang='lat' dir='ltr'><strong>sua</strong></span> <span class='ocrx_word' id='word_1_114' title='bbox 1555 1600 1623 1655; x_wconf 88' lang='lat' dir='ltr'><strong>ad</strong></span> <span class='ocrx_word' id='word_1_115' title='bbox 1660 1593 2003 1685; x_wconf 84' lang='lat' dir='ltr'><strong>Gnillelmum</strong></span> 
     </span>
    </p>
   </div>
   <div class='ocr_carea' id='block_1_17' title="bbox 419 1682 2006 1787">
    <p class='ocr_par' dir='ltr' id='par_1_17' title="bbox 419 1682 2006 1787">
     <span class='ocr_line' id='line_1_17' title="bbox 419 1682 2006 1787; baseline -0.025 -16"><span class='ocrx_word' id='word_1_116' title='bbox 419 1682 847 1787; x_wconf 54' lang='lat' dir='ltr'><strong>tionquestorem</strong></span> <span class='ocrx_word' id='word_1_117' title='bbox 871 1726 886 1773; x_wconf 89' lang='lat'><strong>;</strong></span> <span class='ocrx_word' id='word_1_118' title='bbox 918 1723 983 1763; x_wconf 91' lang='lat' dir='ltr'><strong>eo</strong></span> <span class='ocrx_word' id='word_1_119' title='bbox 1010 1715 1245 1773; x_wconf 86' lang='lat' dir='ltr'><strong>namque</strong></span> <span class='ocrx_word' id='word_1_120' title='bbox 1271 1693 1568 1757; x_wconf 87' lang='lat' dir='ltr'><strong>admonito,</strong></span> <span class='ocrx_word' id='word_1_121' title='bbox 1597 1698 1658 1745; x_wconf 93' lang='lat' dir='ltr'><strong>ut</strong></span> <span class='ocrx_word' id='word_1_122' title='bbox 1683 1682 2006 1787; x_wconf 57' lang='lat' dir='ltr'><strong>Christianae</strong></span> 
     </span>
    </p>
   </div>
   <div class='ocr_carea' id='block_1_18' title="bbox 420 1774 2078 1893">
    <p class='ocr_par' dir='ltr' id='par_1_18' title="bbox 420 1774 2078 1893">
     <span class='ocr_line' id='line_1_18' title="bbox 420 1774 2078 1893; baseline -0.026 -27"><span class='ocrx_word' id='word_1_123' title='bbox 420 1774 643 1881; x_wconf 70' lang='lat' dir='ltr'><strong>pictatis</strong></span> <span class='ocrx_word' id='word_1_124' title='bbox 668 1803 856 1861; x_wconf 74' lang='lat' dir='ltr'><strong>ofﬁciis</strong></span> <span class='ocrx_word' id='word_1_125' title='bbox 886 1811 1100 1855; x_wconf 86' lang='lat' dir='ltr'><strong>omnem</strong></span> <span class='ocrx_word' id='word_1_126' title='bbox 1129 1805 1350 1864; x_wconf 80' lang='lat' dir='ltr'><strong>operam</strong></span> <span class='ocrx_word' id='word_1_127' title='bbox 1394 1782 1694 1855; x_wconf 85' lang='lat' dir='ltr'><strong>impendat,</strong></span> <span class='ocrx_word' id='word_1_128' title='bbox 1734 1774 2006 1893; x_wconf 56' lang='lat' dir='ltr'><strong>Ecclesiae.</strong></span> <span class='ocrx_word' id='word_1_129' title='bbox 2038 1836 2078 1893; x_wconf 63' lang='grc' dir='ltr'><strong>Β</strong></span> 
     </span>
    </p>
   </div>
   <div class='ocr_carea' id='block_1_19' title="bbox 418 1870 1976 1971">
    <p class='ocr_par' dir='ltr' id='par_1_19' title="bbox 418 1870 1976 1971">
     <span class='ocr_line' id='line_1_19' title="bbox 418 1870 1976 1971; baseline -0.026 -12"><span class='ocrx_word' id='word_1_130' title='bbox 418 1870 717 1971; x_wconf 71' lang='lat' dir='ltr'><strong>earumque</strong></span> <span class='ocrx_word' id='word_1_131' title='bbox 752 1905 1011 1967; x_wconf 85' lang='lat' dir='ltr'><strong>personas</strong></span> <span class='ocrx_word' id='word_1_132' title='bbox 1039 1886 1293 1943; x_wconf 81' lang='lat' dir='ltr'><strong>defendat</strong></span> <span class='ocrx_word' id='word_1_133' title='bbox 1318 1899 1333 1947; x_wconf 87' lang='lat'><strong>;</strong></span> <span class='ocrx_word' id='word_1_134' title='bbox 1366 1880 1444 1936; x_wconf 90' lang='lat' dir='ltr'><strong>sic</strong></span> <span class='ocrx_word' id='word_1_135' title='bbox 1472 1879 1539 1933; x_wconf 88' lang='lat' dir='ltr'><strong>de</strong></span> <span class='ocrx_word' id='word_1_136' title='bbox 1579 1876 1743 1931; x_wconf 88' lang='lat' dir='ltr'><strong>beato</strong></span> <span class='ocrx_word' id='word_1_137' title='bbox 1771 1870 1976 1971; x_wconf 68' lang='lat' dir='ltr'><strong>Cantua</strong></span> 
     </span>
    </p>
   </div>
   <div class='ocr_carea' id='block_1_20' title="bbox 421 1958 2004 2057">
    <p class='ocr_par' dir='ltr' id='par_1_20' title="bbox 421 1958 2004 2057">
     <span class='ocr_line' id='line_1_20' title="bbox 421 1958 2004 2057; baseline -0.027 -4"><span class='ocrx_word' id='word_1_138' title='bbox 421 1958 982 2057; x_wconf 47' lang='lat' dir='ltr'><strong>riorum.arc-hiepisc.</strong></span> <span class='ocrx_word' id='word_1_139' title='bbox 1031 1979 1262 2035; x_wconf 79' lang='lat' dir='ltr'><strong>ell‘atur:</strong></span> <span class='ocrx_word' id='word_1_140' title='bbox 1294 1994 1312 2028; x_wconf 76' lang='grc' dir='ltr'>ι</span> <span class='ocrx_word' id='word_1_141' title='bbox 1348 1971 1429 2028; x_wconf 86' lang='lat' dir='ltr'><strong>Ad</strong></span> <span class='ocrx_word' id='word_1_142' title='bbox 1474 1970 1589 2024; x_wconf 68' lang='lat' dir='ltr'><strong>hazc</strong></span> <span class='ocrx_word' id='word_1_143' title='bbox 1637 1965 1803 2057; x_wconf 80' lang='lat' dir='ltr'><strong>igitur</strong></span> <span class='ocrx_word' id='word_1_144' title='bbox 1828 1958 2004 2057; x_wconf 35' lang='lat' dir='ltr'><strong>per-li-</strong></span> 
     </span>
    </p>
   </div>
   <div class='ocr_carea' id='block_1_21' title="bbox 420 2052 2002 2149">
    <p class='ocr_par' dir='ltr' id='par_1_21' title="bbox 420 2052 2002 2149">
     <span class='ocr_line' id='line_1_21' title="bbox 420 2052 2002 2149; baseline -0.027 -5"><span class='ocrx_word' id='word_1_145' title='bbox 420 2086 633 2149; x_wconf 90' lang='lat' dir='ltr'><strong>cienda,</strong></span> <span class='ocrx_word' id='word_1_146' title='bbox 656 2090 713 2139; x_wconf 89' lang='lat' dir='ltr'><strong>et</strong></span> <span class='ocrx_word' id='word_1_147' title='bbox 733 2052 961 2135; x_wconf 73' lang='lat' dir='ltr'><strong>aliarum</strong></span> <span class='ocrx_word' id='word_1_148' title='bbox 983 2072 1246 2128; x_wconf 76' lang='lat' dir='ltr'><strong>virtutum</strong></span> <span class='ocrx_word' id='word_1_149' title='bbox 1277 2066 1611 2120; x_wconf 89' lang='lat' dir='ltr'><strong>incrementa</strong></span> <span class='ocrx_word' id='word_1_150' title='bbox 1639 2052 2002 2149; x_wconf 72' lang='lat' dir='ltr'><strong>percipienda,</strong></span> 
     </span>
    </p>
   </div>
   <div class='ocr_carea' id='block_1_22' title="bbox 421 2140 2004 2235">
    <p class='ocr_par' dir='ltr' id='par_1_22' title="bbox 421 2140 2004 2235">
     <span class='ocr_line' id='line_1_22' title="bbox 421 2140 2004 2235; baseline -0.027 2"><span class='ocrx_word' id='word_1_151' title='bbox 421 2179 608 2235; x_wconf 80' lang='lat' dir='ltr'><strong>fratris</strong></span> <span class='ocrx_word' id='word_1_152' title='bbox 640 2173 814 2231; x_wconf 81' lang='lat' dir='ltr'><strong>nostri</strong></span> <span class='ocrx_word' id='word_1_153' title='bbox 843 2164 1137 2224; x_wconf 83' lang='lat' dir='ltr'><strong>Lanfrauci</strong></span> <span class='ocrx_word' id='word_1_154' title='bbox 1163 2153 1573 2216; x_wconf 86' lang='lat' dir='ltr'><strong>Cantuariensis</strong></span> <span class='ocrx_word' id='word_1_155' title='bbox 1613 2140 2004 2214; x_wconf 82' lang='lat' dir='ltr'><strong>archiepiscopi</strong></span> 
     </span>
    </p>
   </div>
   <div class='ocr_carea' id='block_1_23' title="bbox 420 2244 2007 2328">
    <p class='ocr_par' dir='ltr' id='par_1_23' title="bbox 420 2244 2007 2328">
     <span class='ocr_line' id='line_1_23' title="bbox 420 2244 2007 2328; baseline -0.026 1"><span class='ocrx_word' id='word_1_156' title='bbox 420 2268 644 2328; x_wconf 88' lang='lat' dir='ltr'><strong>monitis</strong></span> <span class='ocrx_word' id='word_1_157' title='bbox 668 2276 726 2321; x_wconf 89' lang='lat' dir='ltr'><strong>et</strong></span> <span class='ocrx_word' id='word_1_158' title='bbox 748 2260 1006 2321; x_wconf 85' lang='lat' dir='ltr'><strong>consiliis,</strong></span> <span class='ocrx_word' id='word_1_159' title='bbox 1040 2255 1263 2327; x_wconf 81' lang='lat' dir='ltr'><strong>gloriam</strong></span> <span class='ocrx_word' id='word_1_160' title='bbox 1311 2256 1549 2305; x_wconf 83' lang='lat' dir='ltr'><strong>vestram</strong></span> <span class='ocrx_word' id='word_1_161' title='bbox 1587 2244 1874 2297; x_wconf 86' lang='lat' dir='ltr'><strong>hortamur</strong></span> <span class='ocrx_word' id='word_1_162' title='bbox 1922 2249 2007 2289; x_wconf 55' lang='lat' dir='ltr'><strong>ac.</strong></span> 
     </span>
    </p>
   </div>
   <div class='ocr_carea' id='block_1_24' title="bbox 420 2334 2008 2431">
    <p class='ocr_par' dir='ltr' id='par_1_24' title="bbox 420 2334 2008 2431">
     <span class='ocr_line' id='line_1_24' title="bbox 420 2334 2008 2431; baseline -0.027 -13"><span class='ocrx_word' id='word_1_163' title='bbox 420 2361 724 2431; x_wconf 78' lang='lat' dir='ltr'><strong>quiescere,</strong></span> <span class='ocrx_word' id='word_1_164' title='bbox 768 2366 929 2424; x_wconf 90' lang='lat' dir='ltr'><strong>quem</strong></span> <span class='ocrx_word' id='word_1_165' title='bbox 956 2343 1338 2403; x_wconf 89' lang='lat' dir='ltr'><strong>charissimum</strong></span> <span class='ocrx_word' id='word_1_166' title='bbox 1384 2334 1709 2395; x_wconf 86' lang='lat' dir='ltr'><strong>membrum,</strong></span> <span class='ocrx_word' id='word_1_167' title='bbox 1739 2336 1796 2383; x_wconf 92' lang='lat' dir='ltr'><strong>et</strong></span> <span class='ocrx_word' id='word_1_168' title='bbox 1838 2338 2008 2427; x_wconf 75' lang='lat' dir='ltr'><strong>unum</strong></span> 
     </span>
    </p>
   </div>
   <div class='ocr_carea' id='block_1_25' title="bbox 420 2417 2007 2523">
    <p class='ocr_par' dir='ltr' id='par_1_25' title="bbox 420 2417 2007 2523">
     <span class='ocr_line' id='line_1_25' title="bbox 420 2417 2007 2523; baseline -0.025 -14"><span class='ocrx_word' id='word_1_169' title='bbox 420 2417 489 2509; x_wconf 70' lang='lat' dir='ltr'><strong>ex</strong></span> <span class='ocrx_word' id='word_1_170' title='bbox 521 2417 720 2523; x_wconf 83' lang='lat' dir='ltr'><strong>primis</strong></span> <span class='ocrx_word' id='word_1_171' title='bbox 736 2417 995 2500; x_wconf 72' lang='lat' dir='ltr'><strong>Romana:</strong></span> <span class='ocrx_word' id='word_1_172' title='bbox 1032 2435 1288 2493; x_wconf 73' lang='lat' dir='ltr'><strong>Ecclesia:</strong></span> <span class='ocrx_word' id='word_1_173' title='bbox 1323 2430 1445 2485; x_wconf 81' lang='lat' dir='ltr'><strong>filiis</strong></span> <span class='ocrx_word' id='word_1_174' title='bbox 1471 2424 1625 2481; x_wconf 81' lang='lat' dir='ltr'><strong>lateri</strong></span> <span class='ocrx_word' id='word_1_175' title='bbox 1657 2430 1849 2523; x_wconf 68' lang='lat' dir='ltr'><strong>nostro</strong></span> <span class='ocrx_word' id='word_1_176' title='bbox 1872 2417 2007 2472; x_wconf 68' lang='grc' dir='ltr'><strong>ιιδείτ</strong></span> 
     </span>
    </p>
   </div>
   <div class='ocr_carea' id='block_1_26' title="bbox 421 2509 2004 2606">
    <p class='ocr_par' dir='ltr' id='par_1_26' title="bbox 421 2509 2004 2606">
     <span class='ocr_line' id='line_1_26' title="bbox 421 2509 2004 2606; baseline -0.027 -5"><span class='ocrx_word' id='word_1_177' title='bbox 421 2509 537 2601; x_wconf 69' lang='lat' dir='ltr'><strong>due</strong></span> <span class='ocrx_word' id='word_1_178' title='bbox 565 2554 670 2597; x_wconf 90' lang='lat' dir='ltr'><strong>non</strong></span> <span class='ocrx_word' id='word_1_179' title='bbox 717 2537 1026 2606; x_wconf 73' lang='lat' dir='ltr'><strong>adiunctum</strong></span> <span class='ocrx_word' id='word_1_180' title='bbox 1074 2541 1194 2583; x_wconf 89' lang='lat' dir='ltr'><strong>esse</strong></span> <span class='ocrx_word' id='word_1_181' title='bbox 1244 2522 1530 2583; x_wconf 83' lang='lat' dir='ltr'><strong>dolemus;</strong></span> <span class='ocrx_word' id='word_1_182' title='bbox 1580 2514 1674 2569; x_wconf 88' lang='lat' dir='ltr'><strong>sed</strong></span> <span class='ocrx_word' id='word_1_183' title='bbox 1707 2526 1772 2565; x_wconf 85' lang='lat' dir='ltr'><strong>ex</strong></span> <span class='ocrx_word' id='word_1_184' title='bbox 1824 2509 2004 2606; x_wconf 78' lang='lat' dir='ltr'><strong>fructu</strong></span> 
     </span>
    </p>
   </div>
   <div class='ocr_carea' id='block_1_27' title="bbox 422 2599 2006 2705">
    <p class='ocr_par' dir='ltr' id='par_1_27' title="bbox 422 2599 2006 2705">
     <span class='ocr_line' id='line_1_27' title="bbox 422 2599 2006 2705; baseline -0.025 -15"><span class='ocrx_word' id='word_1_185' title='bbox 422 2599 584 2705; x_wconf 82' lang='lat' dir='ltr'><strong>quem</strong></span> <span class='ocrx_word' id='word_1_186' title='bbox 611 2599 864 2685; x_wconf 70' lang='lat' dir='ltr'><strong>Ecclesiae</strong></span> <span class='ocrx_word' id='word_1_187' title='bbox 894 2624 948 2678; x_wconf 92' lang='lat' dir='ltr'><strong>in</strong></span> <span class='ocrx_word' id='word_1_188' title='bbox 984 2635 1150 2691; x_wconf 88' lang='lat' dir='ltr'><strong>regno</strong></span> <span class='ocrx_word' id='word_1_189' title='bbox 1180 2625 1361 2670; x_wconf 85' lang='lat' dir='ltr'><strong>vestro</strong></span> <span class='ocrx_word' id='word_1_190' title='bbox 1406 2606 1632 2671; x_wconf 91' lang='lat' dir='ltr'><strong>tribuit,</strong></span> <span class='ocrx_word' id='word_1_191' title='bbox 1678 2599 2006 2659; x_wconf 87' lang='lat' dir='ltr'><strong>consolatio-</strong></span> 
     </span>
    </p>
   </div>
   <div class='ocr_carea' id='block_1_28' title="bbox 423 2709 1356 2793">
    <p class='ocr_par' dir='ltr' id='par_1_28' title="bbox 423 2709 1356 2793">
     <span class='ocr_line' id='line_1_28' title="bbox 423 2709 1356 2793; baseline -0.027 -14"><span class='ocrx_word' id='word_1_192' title='bbox 423 2738 547 2780; x_wconf 88' lang='lat' dir='ltr'><strong>nem</strong></span> <span class='ocrx_word' id='word_1_193' title='bbox 577 2721 696 2793; x_wconf 85' lang='lat' dir='ltr'><strong>ejus</strong></span> <span class='ocrx_word' id='word_1_194' title='bbox 724 2714 987 2772; x_wconf 74' lang='lat' dir='ltr'><strong>absentia:</strong></span> <span class='ocrx_word' id='word_1_195' title='bbox 1016 2709 1300 2766; x_wconf 85' lang='lat' dir='ltr'><strong>sumimus.</strong></span> <span class='ocrx_word' id='word_1_196' title='bbox 1338 2722 1356 2754; x_wconf 71' lang='grc' dir='ltr'><strong><em>ι</em></strong></span> 
     </span>
    </p>
   </div>
   <div class='ocr_carea' id='block_1_29' title="bbox 495 2781 2008 2870">
    <p class='ocr_par' dir='ltr' id='par_1_29' title="bbox 495 2781 2008 2870">
     <span class='ocr_line' id='line_1_29' title="bbox 495 2781 2008 2870; baseline -0.023 -3"><span class='ocrx_word' id='word_1_197' title='bbox 495 2781 625 2867; x_wconf 64' lang='lat' dir='ltr'><strong>Pori</strong></span> <span class='ocrx_word' id='word_1_198' title='bbox 661 2818 877 2863; x_wconf 78' lang='lat' dir='ltr'><strong>mortem</strong></span> <span class='ocrx_word' id='word_1_199' title='bbox 905 2819 1020 2858; x_wconf 78' lang='lat' dir='ltr'><strong>vero</strong></span> <span class='ocrx_word' id='word_1_200' title='bbox 1043 2801 1158 2870; x_wconf 77' lang='lat' dir='ltr'><strong>ejus</strong></span> <span class='ocrx_word' id='word_1_201' title='bbox 1200 2812 1291 2851; x_wconf 85' lang='lat' dir='ltr'><strong>nec</strong></span> <span class='ocrx_word' id='word_1_202' title='bbox 1332 2807 1536 2864; x_wconf 83' lang='lat' dir='ltr'><strong>pacem,</strong></span> <span class='ocrx_word' id='word_1_203' title='bbox 1572 2803 1664 2841; x_wconf 82' lang='lat' dir='ltr'><strong>nec</strong></span> <span class='ocrx_word' id='word_1_204' title='bbox 1690 2781 1891 2854; x_wconf 78' lang='lat' dir='ltr'><strong>aliquid</strong></span> <span class='ocrx_word' id='word_1_205' title='bbox 1918 2790 2008 2833; x_wconf 82' lang='lat' dir='ltr'><strong>bo-</strong></span> 
     </span>
    </p>
   </div>
   <div class='ocr_carea' id='block_1_30' title="bbox 422 2870 2007 2961">
    <p class='ocr_par' dir='ltr' id='par_1_30' title="bbox 422 2870 2007 2961">
     <span class='ocr_line' id='line_1_30' title="bbox 422 2870 2007 2961; baseline -0.022 0"><span class='ocrx_word' id='word_1_206' title='bbox 422 2921 570 2961; x_wconf 83' lang='lat' dir='ltr'><strong>num.</strong></span> <span class='ocrx_word' id='word_1_207' title='bbox 603 2898 856 2955; x_wconf 68' lang='lat' dir='ltr'><strong>Pra‘dicit</strong></span> <span class='ocrx_word' id='word_1_208' title='bbox 910 2895 993 2948; x_wconf 84' lang='lat' dir='ltr'><strong>vir</strong></span> <span class='ocrx_word' id='word_1_209' title='bbox 1028 2899 1250 2946; x_wconf 86' lang='lat' dir='ltr'><strong>sanctus</strong></span> <span class='ocrx_word' id='word_1_210' title='bbox 1289 2900 1409 2955; x_wconf 83' lang='lat' dir='ltr'><strong>quae</strong></span> <span class='ocrx_word' id='word_1_211' title='bbox 1459 2890 1675 2936; x_wconf 90' lang='lat' dir='ltr'><strong>mortuo</strong></span> <span class='ocrx_word' id='word_1_212' title='bbox 1720 2870 2007 2930; x_wconf 86' lang='lat' dir='ltr'><strong>Guillelmo</strong></span> 
     </span>
    </p>
   </div>
   <div class='ocr_carea' id='block_1_31' title="bbox 425 2964 2007 3065">
    <p class='ocr_par' dir='ltr' id='par_1_31' title="bbox 425 2964 2007 3065">
     <span class='ocr_line' id='line_1_31' title="bbox 425 2964 2007 3065; baseline -0.024 -12"><span class='ocrx_word' id='word_1_213' title='bbox 425 3000 814 3065; x_wconf 81' lang='lat' dir='ltr'><strong>Conquestore,</strong></span> <span class='ocrx_word' id='word_1_214' title='bbox 843 2999 895 3044; x_wconf 91' lang='lat' dir='ltr'><strong>et</strong></span> <span class='ocrx_word' id='word_1_215' title='bbox 926 2991 1184 3055; x_wconf 89' lang='lat' dir='ltr'><strong>regnante</strong></span> <span class='ocrx_word' id='word_1_216' title='bbox 1234 2978 1375 3033; x_wconf 75' lang='lat' dir='ltr'><strong>Rufo</strong></span> <span class='ocrx_word' id='word_1_217' title='bbox 1424 2972 1541 3041; x_wconf 88' lang='lat' dir='ltr'><strong>ejus</strong></span> <span class='ocrx_word' id='word_1_218' title='bbox 1585 2969 1695 3025; x_wconf 82' lang='lat' dir='ltr'><strong>lilio</strong></span> <span class='ocrx_word' id='word_1_219' title='bbox 1743 2964 2007 3065; x_wconf 71' lang='lat' dir='ltr'><strong>pullulare</strong></span> 
     </span>
    </p>
   </div>
   <div class='ocr_carea' id='block_1_32' title="bbox 426 3056 2007 3153">
    <p class='ocr_par' dir='ltr' id='par_1_32' title="bbox 426 3056 2007 3153">
     <span class='ocr_line' id='line_1_32' title="bbox 426 3056 2007 3153; baseline -0.024 -8"><span class='ocrx_word' id='word_1_220' title='bbox 426 3056 621 3146; x_wconf 71' lang='lat' dir='ltr'><strong>iterum</strong></span> <span class='ocrx_word' id='word_1_221' title='bbox 651 3095 865 3153; x_wconf 70' lang='lat' dir='ltr'><strong>erepere</strong></span> <span class='ocrx_word' id='word_1_222' title='bbox 893 3077 1055 3138; x_wconf 88' lang='lat' dir='ltr'><strong>mala,</strong></span> <span class='ocrx_word' id='word_1_223' title='bbox 1088 3073 1247 3128; x_wconf 89' lang='lat' dir='ltr'><strong>citius</strong></span> <span class='ocrx_word' id='word_1_224' title='bbox 1272 3067 1502 3126; x_wconf 82' lang='lat' dir='ltr'><strong>dixerim</strong></span> <span class='ocrx_word' id='word_1_225' title='bbox 1544 3071 1599 3118; x_wconf 89' lang='lat' dir='ltr'><strong>et</strong></span> <span class='ocrx_word' id='word_1_226' title='bbox 1642 3056 1881 3131; x_wconf 88' lang='lat' dir='ltr'><strong>grassari</strong></span> <span class='ocrx_word' id='word_1_227' title='bbox 1912 3070 2007 3124; x_wconf 88' lang='lat' dir='ltr'><strong>per</strong></span> 
     </span>
    </p>
   </div>
   <div class='ocr_carea' id='block_1_33' title="bbox 427 3149 2007 3255">
    <p class='ocr_par' dir='ltr' id='par_1_33' title="bbox 427 3149 2007 3255">
     <span class='ocr_line' id='line_1_33' title="bbox 427 3149 2007 3255; baseline -0.025 -16"><span class='ocrx_word' id='word_1_228' title='bbox 427 3182 675 3255; x_wconf 79' lang='lat' dir='ltr'><strong>Angliam</strong></span> <span class='ocrx_word' id='word_1_229' title='bbox 710 3149 1018 3232; x_wconf 79' lang='lat' dir='ltr'><strong>universam</strong></span> <span class='ocrx_word' id='word_1_230' title='bbox 1075 3176 1237 3236; x_wconf 87' lang='lat' dir='ltr'><strong>atque</strong></span> <span class='ocrx_word' id='word_1_231' title='bbox 1289 3155 1777 3218; x_wconf 77' lang='lat' dir='ltr'><strong>Nortbmanniam;</strong></span> <span class='ocrx_word' id='word_1_232' title='bbox 1822 3149 2007 3204; x_wconf 65' lang='lat' dir='ltr'><strong>isthmc</strong></span> 
     </span>
    </p>
   </div>
   <div class='ocr_carea' id='block_1_34' title="bbox 426 3246 2011 3351">
    <p class='ocr_par' dir='ltr' id='par_1_34' title="bbox 426 3246 2011 3351">
     <span class='ocr_line' id='line_1_34' title="bbox 426 3246 2011 3351; baseline -0.025 -16"><span class='ocrx_word' id='word_1_233' title='bbox 426 3246 684 3351; x_wconf 69' lang='lat' dir='ltr'><strong>graphice</strong></span> <span class='ocrx_word' id='word_1_234' title='bbox 706 3287 855 3329; x_wconf 89' lang='lat' dir='ltr'><strong>more</strong></span> <span class='ocrx_word' id='word_1_235' title='bbox 886 3282 983 3323; x_wconf 88' lang='lat' dir='ltr'><strong>suo</strong></span> <span class='ocrx_word' id='word_1_236' title='bbox 1004 3257 1459 3320; x_wconf 85' lang='lat' dir='ltr'><strong>Bibliothecarius</strong></span> <span class='ocrx_word' id='word_1_237' title='bbox 1481 3246 2011 3351; x_wconf 55' lang='lat' dir='ltr'><strong>blahnes.perftrin-</strong></span> 
     </span>
    </p>
   </div>
   <div class='ocr_carea' id='block_1_35' title="bbox 332 3336 2010 3445">
    <p class='ocr_par' dir='ltr' id='par_1_35' title="bbox 332 3336 2010 3445">
     <span class='ocr_line' id='line_1_35' title="bbox 332 3336 2010 3445; baseline -0.027 -13"><span class='ocrx_word' id='word_1_238' title='bbox 332 3385 343 3400; x_wconf 85' lang='lat'><em>&#39;</em></span> <span class='ocrx_word' id='word_1_239' title='bbox 425 3336 541 3445; x_wconf 47' lang='lat' dir='ltr'><strong>ait:</strong></span> <span class='ocrx_word' id='word_1_240' title='bbox 562 3389 581 3422; x_wconf 75' lang='grc' dir='ltr'>ι</span> <span class='ocrx_word' id='word_1_241' title='bbox 622 3368 736 3424; x_wconf 78' lang='lat' dir='ltr'><strong>Hoc</strong></span> <span class='ocrx_word' id='word_1_242' title='bbox 764 3371 982 3420; x_wconf 80' lang='lat' dir='ltr'><strong>auctore</strong></span> <span class='ocrx_word' id='word_1_243' title='bbox 1009 3353 1309 3431; x_wconf 81' lang='lat' dir='ltr'><strong>(Guillelmo</strong></span> <span class='ocrx_word' id='word_1_244' title='bbox 1338 3345 1586 3415; x_wconf 75' lang='lat' dir='ltr'><strong>secundo)</strong></span> <span class='ocrx_word' id='word_1_245' title='bbox 1632 3341 1774 3399; x_wconf 86' lang='lat' dir='ltr'><strong>sacri</strong></span> <span class='ocrx_word' id='word_1_246' title='bbox 1808 3336 2010 3445; x_wconf 51' lang='lat' dir='ltr'><strong>&#39;Eccle-</strong></span> 
     </span>
    </p>
   </div>
   <div class='ocr_carea' id='block_1_36' title="bbox 423 3425 2005 3518">
    <p class='ocr_par' dir='ltr' id='par_1_36' title="bbox 423 3425 2005 3518">
     <span class='ocr_line' id='line_1_36' title="bbox 423 3425 2005 3518; baseline -0.025 0"><span class='ocrx_word' id='word_1_247' title='bbox 423 3425 630 3518; x_wconf 54' lang='lat' dir='ltr'><strong>Eiarum</strong></span> <span class='ocrx_word' id='word_1_248' title='bbox 676 3458 909 3513; x_wconf 89' lang='lat' dir='ltr'><strong>honores</strong></span> <span class='ocrx_word' id='word_1_249' title='bbox 948 3446 1176 3506; x_wconf 89' lang='lat' dir='ltr'><strong>mortuis</strong></span> <span class='ocrx_word' id='word_1_250' title='bbox 1212 3440 1521 3515; x_wconf 87' lang='lat' dir='ltr'><strong>pastoribus</strong></span> <span class='ocrx_word' id='word_1_251' title='bbox 1558 3445 1768 3489; x_wconf 56' lang='lat' dir='ltr'><strong>vanum</strong></span> <span class='ocrx_word' id='word_1_252' title='bbox 1808 3425 2005 3482; x_wconf 87' lang='lat' dir='ltr'><strong>locati:</strong></span> 
     </span>
    </p>
   </div>
   <div class='ocr_carea' id='block_1_37' title="bbox 422 3519 2008 3618">
    <p class='ocr_par' dir='ltr' id='par_1_37' title="bbox 422 3519 2008 3618">
     <span class='ocr_line' id='line_1_37' title="bbox 422 3519 2008 3618; baseline -0.025 -8"><span class='ocrx_word' id='word_1_253' title='bbox 422 3552 605 3610; x_wconf 88' lang='lat' dir='ltr'><strong>audita</strong></span> <span class='ocrx_word' id='word_1_254' title='bbox 633 3561 865 3616; x_wconf 85' lang='lat' dir='ltr'><strong>namque</strong></span> <span class='ocrx_word' id='word_1_255' title='bbox 895 3550 1070 3618; x_wconf 82' lang='lat' dir='ltr'><strong>morte</strong></span> <span class='ocrx_word' id='word_1_256' title='bbox 1095 3535 1379 3605; x_wconf 85' lang='lat' dir='ltr'><strong>cujuslibet</strong></span> <span class='ocrx_word' id='word_1_257' title='bbox 1403 3526 1638 3602; x_wconf 89' lang='lat' dir='ltr'><strong>episcopi</strong></span> <span class='ocrx_word' id='word_1_258' title='bbox 1670 3522 1756 3579; x_wconf 82' lang='lat' dir='ltr'><strong>vel</strong></span> <span class='ocrx_word' id='word_1_259' title='bbox 1776 3519 2008 3582; x_wconf 83' lang='lat' dir='ltr'><strong>abbatis,</strong></span> 
     </span>
    </p>
   </div>
   <div class='ocr_carea' id='block_1_38' title="bbox 424 3613 2007 3701">
    <p class='ocr_par' dir='ltr' id='par_1_38' title="bbox 424 3613 2007 3701">
     <span class='ocr_line' id='line_1_38' title="bbox 424 3613 2007 3701; baseline -0.023 -1"><span class='ocrx_word' id='word_1_260' title='bbox 424 3640 710 3700; x_wconf 85' lang='lat' dir='ltr'><strong>confestim</strong></span> <span class='ocrx_word' id='word_1_261' title='bbox 758 3613 987 3693; x_wconf 76' lang='lat' dir='ltr'><strong>clericus</strong></span> <span class='ocrx_word' id='word_1_262' title='bbox 1040 3613 1185 3701; x_wconf 80' lang='lat' dir='ltr'><strong>regis</strong></span> <span class='ocrx_word' id='word_1_263' title='bbox 1237 3624 1654 3685; x_wconf 90' lang='lat' dir='ltr'><strong>admittebatur,</strong></span> <span class='ocrx_word' id='word_1_264' title='bbox 1700 3615 1791 3687; x_wconf 91' lang='lat' dir='ltr'><strong>qui</strong></span> <span class='ocrx_word' id='word_1_265' title='bbox 1826 3613 2007 3670; x_wconf 83' lang='lat' dir='ltr'><strong>omnia</strong></span> 
     </span>
    </p>
   </div>
   <div class='ocr_carea' id='block_1_39' title="bbox 426 3708 2008 3793">
    <p class='ocr_par' dir='ltr' id='par_1_39' title="bbox 426 3708 2008 3793">
     <span class='ocr_line' id='line_1_39' title="bbox 426 3708 2008 3793; baseline -0.021 -7"><span class='ocrx_word' id='word_1_266' title='bbox 426 3735 646 3786; x_wconf 82' lang='lat' dir='ltr'><strong>inventa</strong></span> <span class='ocrx_word' id='word_1_267' title='bbox 699 3725 901 3793; x_wconf 89' lang='lat' dir='ltr'><strong>scripto</strong></span> <span class='ocrx_word' id='word_1_268' title='bbox 939 3720 1253 3789; x_wconf 82' lang='lat' dir='ltr'><strong>exciperet,</strong></span> <span class='ocrx_word' id='word_1_269' title='bbox 1300 3724 1597 3780; x_wconf 88' lang='lat' dir='ltr'><strong>omnesque</strong></span> <span class='ocrx_word' id='word_1_270' title='bbox 1635 3708 1689 3762; x_wconf 92' lang='lat' dir='ltr'><strong>in</strong></span> <span class='ocrx_word' id='word_1_271' title='bbox 1732 3713 2008 3775; x_wconf 88' lang='lat' dir='ltr'><strong>posterum</strong></span> 
     </span>
    </p>
   </div>
   <div class='ocr_carea' id='block_1_40' title="bbox 428 3795 2011 3883">
    <p class='ocr_par' dir='ltr' id='par_1_40' title="bbox 428 3795 2011 3883">
     <span class='ocr_line' id='line_1_40' title="bbox 428 3795 2011 3883; baseline -0.02 -5"><span class='ocrx_word' id='word_1_272' title='bbox 428 3820 675 3877; x_wconf 86' lang='lat' dir='ltr'><strong>redditus</strong></span> <span class='ocrx_word' id='word_1_273' title='bbox 699 3816 827 3872; x_wconf 85' lang='lat' dir='ltr'><strong>lisco</strong></span> <span class='ocrx_word' id='word_1_274' title='bbox 849 3813 998 3883; x_wconf 90' lang='lat' dir='ltr'><strong>regio</strong></span> <span class='ocrx_word' id='word_1_275' title='bbox 1025 3809 1269 3864; x_wconf 85' lang='lat' dir='ltr'><strong>inferret.</strong></span> <span class='ocrx_word' id='word_1_276' title='bbox 1293 3806 1501 3860; x_wconf 86' lang='lat' dir='ltr'><strong>Interea</strong></span> <span class='ocrx_word' id='word_1_277' title='bbox 1522 3798 1867 3871; x_wconf 80' lang='lat' dir='ltr'><strong>quaerebatur</strong></span> <span class='ocrx_word' id='word_1_278' title='bbox 1890 3795 2011 3864; x_wconf 90' lang='lat' dir='ltr'><strong>quis</strong></span> 
     </span>
    </p>
   </div>
   <div class='ocr_carea' id='block_1_41' title="bbox 428 3898 2010 3968">
    <p class='ocr_par' dir='ltr' id='par_1_41' title="bbox 428 3898 2010 3968">
     <span class='ocr_line' id='line_1_41' title="bbox 428 3898 2010 3968; baseline -0.019 0"><span class='ocrx_word' id='word_1_279' title='bbox 428 3912 656 3968; x_wconf 91' lang='lat' dir='ltr'><strong>idoneus</strong></span> <span class='ocrx_word' id='word_1_280' title='bbox 694 3905 813 3962; x_wconf 90' lang='lat' dir='ltr'><strong>loco</strong></span> <span class='ocrx_word' id='word_1_281' title='bbox 842 3900 1082 3960; x_wconf 80' lang='lat' dir='ltr'><strong>defuncti</strong></span> <span class='ocrx_word' id='word_1_282' title='bbox 1130 3898 1567 3957; x_wconf 89' lang='lat' dir='ltr'><strong>substitueretur,</strong></span> <span class='ocrx_word' id='word_1_283' title='bbox 1604 3905 1734 3946; x_wconf 69' lang='lat' dir='ltr'><strong>non~</strong></span> <span class='ocrx_word' id='word_1_284' title='bbox 1758 3903 1860 3957; x_wconf 90' lang='lat' dir='ltr'><strong>pro</strong></span> <span class='ocrx_word' id='word_1_285' title='bbox 1893 3901 2010 3940; x_wconf 82' lang='lat' dir='ltr'><strong>mo-</strong></span> 
     </span>
    </p>
   </div>
   <div class='ocr_carea' id='block_1_42' title="bbox 430 3982 2011 4069">
    <p class='ocr_par' dir='ltr' id='par_1_42' title="bbox 430 3982 2011 4069">
     <span class='ocr_line' id='line_1_42' title="bbox 430 3982 2011 4069; baseline -0.016 -11"><span class='ocrx_word' id='word_1_286' title='bbox 430 4017 574 4067; x_wconf 87' lang='lat' dir='ltr'><strong>rum,</strong></span> <span class='ocrx_word' id='word_1_287' title='bbox 611 3998 704 4055; x_wconf 82' lang='lat' dir='ltr'><strong>sed</strong></span> <span class='ocrx_word' id='word_1_288' title='bbox 735 4012 834 4069; x_wconf 89' lang='lat' dir='ltr'><strong>pro</strong></span> <span class='ocrx_word' id='word_1_289' title='bbox 867 4005 1211 4050; x_wconf 90' lang='lat' dir='ltr'><strong>nummorum</strong></span> <span class='ocrx_word' id='word_1_290' title='bbox 1233 3987 1626 4059; x_wconf 78' lang='lat' dir='ltr'><strong>experimento.</strong></span> <span class='ocrx_word' id='word_1_291' title='bbox 1667 3982 2011 4048; x_wconf 86' lang='lat' dir='ltr'><strong>Dabaturque</strong></span> 
     </span>
    </p>
   </div>
   <div class='ocr_carea' id='block_1_43' title="bbox 432 4076 2008 4153">
    <p class='ocr_par' dir='ltr' id='par_1_43' title="bbox 432 4076 2008 4153">
     <span class='ocr_line' id='line_1_43' title="bbox 432 4076 2008 4153; baseline -0.016 -5"><span class='ocrx_word' id='word_1_292' title='bbox 432 4092 649 4147; x_wconf 89' lang='lat' dir='ltr'><strong>tandem</strong></span> <span class='ocrx_word' id='word_1_293' title='bbox 678 4089 872 4153; x_wconf 89' lang='lat' dir='ltr'><strong>honor,</strong></span> <span class='ocrx_word' id='word_1_294' title='bbox 907 4093 967 4139; x_wconf 92' lang='lat' dir='ltr'><strong>ut</strong></span> <span class='ocrx_word' id='word_1_295' title='bbox 992 4084 1064 4138; x_wconf 90' lang='lat' dir='ltr'><strong>ita</strong></span> <span class='ocrx_word' id='word_1_296' title='bbox 1105 4081 1312 4144; x_wconf 83' lang='lat' dir='ltr'><strong>dicam,</strong></span> <span class='ocrx_word' id='word_1_297' title='bbox 1365 4076 1558 4137; x_wconf 90' lang='lat' dir='ltr'><strong>nudus,</strong></span> <span class='ocrx_word' id='word_1_298' title='bbox 1602 4086 1803 4141; x_wconf 83' lang='lat' dir='ltr'><strong>magno</strong></span> <span class='ocrx_word' id='word_1_299' title='bbox 1832 4079 2008 4124; x_wconf 87' lang='lat' dir='ltr'><strong>tamen</strong></span> 
     </span>
    </p>
   </div>
   <div class='ocr_carea' id='block_1_44' title="bbox 430 4162 2012 4252">
    <p class='ocr_par' dir='ltr' id='par_1_44' title="bbox 430 4162 2012 4252">
     <span class='ocr_line' id='line_1_44' title="bbox 430 4162 2012 4252; baseline -0.016 -14"><span class='ocrx_word' id='word_1_300' title='bbox 430 4190 667 4252; x_wconf 87' lang='lat' dir='ltr'><strong>emptus.</strong></span> <span class='ocrx_word' id='word_1_301' title='bbox 697 4178 825 4234; x_wconf 81' lang='lat' dir='ltr'><strong>llaec</strong></span> <span class='ocrx_word' id='word_1_302' title='bbox 867 4190 935 4231; x_wconf 89' lang='lat' dir='ltr'><strong>eo</strong></span> <span class='ocrx_word' id='word_1_303' title='bbox 965 4170 1270 4242; x_wconf 77' lang='lat' dir='ltr'><strong>indigniora</strong></span> <span class='ocrx_word' id='word_1_304' title='bbox 1314 4167 1652 4227; x_wconf 87' lang='lat' dir='ltr'><strong>videbantur,</strong></span> <span class='ocrx_word' id='word_1_305' title='bbox 1698 4162 1841 4232; x_wconf 89' lang='lat' dir='ltr'><strong>quod</strong></span> <span class='ocrx_word' id='word_1_306' title='bbox 1880 4169 2012 4214; x_wconf 80' lang='lat' dir='ltr'><strong>tein-</strong></span> 
     </span>
    </p>
   </div>
   <div class='ocr_carea' id='block_1_45' title="bbox 431 4253 2010 4344">
    <p class='ocr_par' dir='ltr' id='par_1_45' title="bbox 431 4253 2010 4344">
     <span class='ocr_line' id='line_1_45' title="bbox 431 4253 2010 4344; baseline -0.016 -15"><span class='ocrx_word' id='word_1_307' title='bbox 431 4280 563 4344; x_wconf 87' lang='lat' dir='ltr'><strong>pore</strong></span> <span class='ocrx_word' id='word_1_308' title='bbox 587 4270 759 4342; x_wconf 85' lang='lat' dir='ltr'><strong>patris</strong></span> <span class='ocrx_word' id='word_1_309' title='bbox 788 4275 909 4339; x_wconf 91' lang='lat' dir='ltr'><strong>post</strong></span> <span class='ocrx_word' id='word_1_310' title='bbox 933 4265 1213 4320; x_wconf 82' lang='lat' dir='ltr'><strong>decessum</strong></span> <span class='ocrx_word' id='word_1_311' title='bbox 1237 4257 1477 4331; x_wconf 77' lang='lat' dir='ltr'><strong>episcOpi&#39;</strong></span> <span class='ocrx_word' id='word_1_312' title='bbox 1503 4256 1585 4311; x_wconf 89' lang='lat' dir='ltr'><strong>vel</strong></span> <span class='ocrx_word' id='word_1_313' title='bbox 1621 4253 1853 4315; x_wconf 87' lang='lat' dir='ltr'><strong>abbatis,</strong></span> <span class='ocrx_word' id='word_1_314' title='bbox 1898 4266 2010 4307; x_wconf 90' lang='lat' dir='ltr'><strong>om-</strong></span> 
     </span>
    </p>
   </div>
   <div class='ocr_carea' id='block_1_46' title="bbox 430 4343 2013 4426">
    <p class='ocr_par' dir='ltr' id='par_1_46' title="bbox 430 4343 2013 4426">
     <span class='ocr_line' id='line_1_46' title="bbox 430 4343 2013 4426; baseline -0.014 -7"><span class='ocrx_word' id='word_1_315' title='bbox 430 4343 529 4420; x_wconf 86' lang='lat' dir='ltr'><strong>nes</strong></span> <span class='ocrx_word' id='word_1_316' title='bbox 569 4362 809 4416; x_wconf 88' lang='lat' dir='ltr'><strong>redditus</strong></span> <span class='ocrx_word' id='word_1_317' title='bbox 859 4357 1067 4426; x_wconf 79' lang='lat' dir='ltr'><strong>integre</strong></span> <span class='ocrx_word' id='word_1_318' title='bbox 1109 4351 1584 4413; x_wconf 87' lang='lat' dir='ltr'><strong>custodiebantur,</strong></span> <span class='ocrx_word' id='word_1_319' title='bbox 1639 4343 2013 4403; x_wconf 89' lang='lat' dir='ltr'><strong>substituendo</strong></span> 
     </span>
    </p>
   </div>
   <div class='ocr_carea' id='block_1_47' title="bbox 432 4436 2012 4530">
    <p class='ocr_par' dir='ltr' id='par_1_47' title="bbox 432 4436 2012 4530">
     <span class='ocr_line' id='line_1_47' title="bbox 432 4436 2012 4530; baseline -0.014 -18"><span class='ocrx_word' id='word_1_320' title='bbox 432 4454 638 4530; x_wconf 86' lang='lat' dir='ltr'><strong>pastori</strong></span> <span class='ocrx_word' id='word_1_321' title='bbox 661 4449 993 4521; x_wconf 89' lang='lat' dir='ltr'><strong>resignandi,</strong></span> <span class='ocrx_word' id='word_1_322' title='bbox 1011 4446 1453 4517; x_wconf 87' lang='lat' dir='ltr'><strong>eligebanturquc</strong></span> <span class='ocrx_word' id='word_1_323' title='bbox 1469 4453 1713 4513; x_wconf 73' lang='lat' dir='ltr'><strong>persona:</strong></span> <span class='ocrx_word' id='word_1_324' title='bbox 1734 4436 2012 4508; x_wconf 77' lang='lat' dir='ltr'><strong>religionis</strong></span> 
     </span>
    </p>
   </div>
   <div class='ocr_carea' id='block_1_48' title="bbox 430 4525 2086 4604">
    <p class='ocr_par' dir='ltr' id='par_1_48' title="bbox 430 4525 2086 4604">
     <span class='ocr_line' id='line_1_48' title="bbox 430 4525 2086 4604; baseline -0.014 0"><span class='ocrx_word' id='word_1_325' title='bbox 430 4525 630 4604; x_wconf 72' lang='lat' dir='ltr'><strong>merito</strong></span> <span class='ocrx_word' id='word_1_326' title='bbox 677 4530 991 4599; x_wconf 84' lang='lat' dir='ltr'><strong>laudabiles.</strong></span> <span class='ocrx_word' id='word_1_327' title='bbox 1041 4537 1231 4593; x_wconf 82' lang='lat' dir='ltr'><strong>Nullus</strong></span> <span class='ocrx_word' id='word_1_328' title='bbox 1268 4536 1420 4591; x_wconf 85' lang='lat' dir='ltr'><strong>dives</strong></span> <span class='ocrx_word' id='word_1_329' title='bbox 1448 4534 1549 4588; x_wconf 91' lang='lat' dir='ltr'><strong>nisi</strong></span> <span class='ocrx_word' id='word_1_330' title='bbox 1590 4529 2007 4591; x_wconf 82' lang='lat' dir='ltr'><strong>nummularius,</strong></span> <span class='ocrx_word' id='word_1_331' title='bbox 2042 4525 2086 4583; x_wconf 85' lang='grc' dir='ltr'><strong>ι)</strong></span> 
     </span>
    </p>
   </div>
   <div class='ocr_carea' id='block_1_49' title="bbox 429 4620 2013 4695">
    <p class='ocr_par' dir='ltr' id='par_1_49' title="bbox 429 4620 2013 4695">
     <span class='ocr_line' id='line_1_49' title="bbox 429 4620 2013 4695; baseline -0.013 -2"><span class='ocrx_word' id='word_1_332' title='bbox 429 4638 611 4693; x_wconf 87' lang='lat' dir='ltr'><strong>nullus</strong></span> <span class='ocrx_word' id='word_1_333' title='bbox 646 4634 876 4691; x_wconf 78' lang='lat' dir='ltr'><strong>clericus</strong></span> <span class='ocrx_word' id='word_1_334' title='bbox 901 4631 1004 4687; x_wconf 80' lang='lat' dir='ltr'><strong>nisi</strong></span> <span class='ocrx_word' id='word_1_335' title='bbox 1032 4628 1364 4695; x_wconf 86' lang='lat' dir='ltr'><strong>causidicus,</strong></span> <span class='ocrx_word' id='word_1_336' title='bbox 1393 4624 1570 4680; x_wconf 90' lang='lat' dir='ltr'><strong>nullus</strong></span> <span class='ocrx_word' id='word_1_337' title='bbox 1594 4620 1877 4693; x_wconf 80' lang='lat' dir='ltr'><strong>presbyter</strong></span> <span class='ocrx_word' id='word_1_338' title='bbox 1908 4620 2013 4674; x_wconf 88' lang='lat' dir='ltr'><strong>nisi</strong></span> 
     </span>
    </p>
   </div>
   <div class='ocr_carea' id='block_1_50' title="bbox 434 4711 2013 4797">
    <p class='ocr_par' dir='ltr' id='par_1_50' title="bbox 434 4711 2013 4797">
     <span class='ocr_line' id='line_1_50' title="bbox 434 4711 2013 4797; baseline -0.011 -16"><span class='ocrx_word' id='word_1_339' title='bbox 434 4730 517 4797; x_wconf 88' lang='lat' dir='ltr'><strong>(ut</strong></span> <span class='ocrx_word' id='word_1_340' title='bbox 545 4725 708 4783; x_wconf 79' lang='lat' dir='ltr'><strong>verbo</strong></span> <span class='ocrx_word' id='word_1_341' title='bbox 736 4738 927 4795; x_wconf 89' lang='lat' dir='ltr'><strong>parum</strong></span> <span class='ocrx_word' id='word_1_342' title='bbox 964 4720 1158 4777; x_wconf 87' lang='lat' dir='ltr'><strong>Latino</strong></span> <span class='ocrx_word' id='word_1_343' title='bbox 1200 4716 1347 4786; x_wconf 87' lang='lat' dir='ltr'><strong>utar)</strong></span> <span class='ocrx_word' id='word_1_344' title='bbox 1390 4714 1682 4769; x_wconf 83' lang='lat' dir='ltr'><strong>firmarius.</strong></span> <span class='ocrx_word' id='word_1_345' title='bbox 1715 4711 2013 4783; x_wconf 85' lang='lat' dir='ltr'><strong>Cujuscnn-</strong></span> 
     </span>
    </p>
   </div>
   <div class='ocr_carea' id='block_1_51' title="bbox 434 4804 2013 4892">
    <p class='ocr_par' dir='ltr' id='par_1_51' title="bbox 434 4804 2013 4892">
     <span class='ocr_line' id='line_1_51' title="bbox 434 4804 2013 4892; baseline -0.009 -18"><span class='ocrx_word' id='word_1_346' title='bbox 434 4832 558 4892; x_wconf 87' lang='lat' dir='ltr'><strong>que</strong></span> <span class='ocrx_word' id='word_1_347' title='bbox 582 4816 908 4873; x_wconf 87' lang='lat' dir='ltr'><strong>conditionis</strong></span> <span class='ocrx_word' id='word_1_348' title='bbox 955 4811 1329 4873; x_wconf 89' lang='lat' dir='ltr'><strong>homunculus,</strong></span> <span class='ocrx_word' id='word_1_349' title='bbox 1376 4807 1753 4877; x_wconf 76' lang='lat' dir='ltr'><strong>cujuscunque</strong></span> <span class='ocrx_word' id='word_1_350' title='bbox 1770 4804 2013 4861; x_wconf 87' lang='lat' dir='ltr'><strong>criminis</strong></span> 
     </span>
    </p>
   </div>
   <div class='ocr_carea' id='block_1_52' title="bbox 435 4898 2009 4976">
    <p class='ocr_par' dir='ltr' id='par_1_52' title="bbox 435 4898 2009 4976">
     <span class='ocr_line' id='line_1_52' title="bbox 435 4898 2009 4976; baseline -0.012 -8"><span class='ocrx_word' id='word_1_351' title='bbox 435 4926 561 4968; x_wconf 85' lang='lat' dir='ltr'><strong>rcus</strong></span> <span class='ocrx_word' id='word_1_352' title='bbox 583 4909 765 4965; x_wconf 81' lang='lat' dir='ltr'><strong>statim</strong></span> <span class='ocrx_word' id='word_1_353' title='bbox 793 4916 852 4962; x_wconf 90' lang='lat' dir='ltr'><strong>ut</strong></span> <span class='ocrx_word' id='word_1_354' title='bbox 871 4907 937 4965; x_wconf 89' lang='lat' dir='ltr'><strong>de</strong></span> <span class='ocrx_word' id='word_1_355' title='bbox 956 4906 1107 4961; x_wconf 90' lang='lat' dir='ltr'><strong>lucro</strong></span> <span class='ocrx_word' id='word_1_356' title='bbox 1127 4905 1271 4976; x_wconf 87' lang='lat' dir='ltr'><strong>regis</strong></span> <span class='ocrx_word' id='word_1_357' title='bbox 1293 4900 1634 4973; x_wconf 67' lang='lat' dir='ltr'><strong>appellassizt,</strong></span> <span class='ocrx_word' id='word_1_358' title='bbox 1661 4898 2009 4963; x_wconf 88' lang='lat' dir='ltr'><strong>audiebatur;</strong></span> 
     </span>
    </p>
   </div>
   <div class='ocr_carea' id='block_1_53' title="bbox 436 4988 2012 5070">
    <p class='ocr_par' dir='ltr' id='par_1_53' title="bbox 436 4988 2012 5070">
     <span class='ocr_line' id='line_1_53' title="bbox 436 4988 2012 5070; baseline -0.009 -13"><span class='ocrx_word' id='word_1_359' title='bbox 436 5002 505 5057; x_wconf 86' lang='lat' dir='ltr'><strong>ab</strong></span> <span class='ocrx_word' id='word_1_360' title='bbox 533 4998 666 5070; x_wconf 80' lang='lat' dir='ltr'><strong>ipsis</strong></span> <span class='ocrx_word' id='word_1_361' title='bbox 712 4997 939 5052; x_wconf 86' lang='lat' dir='ltr'><strong>latronis</strong></span> <span class='ocrx_word' id='word_1_362' title='bbox 985 4993 1230 5051; x_wconf 83' lang='lat' dir='ltr'><strong>faucibus</strong></span> <span class='ocrx_word' id='word_1_363' title='bbox 1270 4991 1642 5049; x_wconf 73' lang='lat' dir='ltr'><strong>resolvebatur</strong></span> <span class='ocrx_word' id='word_1_364' title='bbox 1690 4988 1939 5058; x_wconf 76' lang='lat' dir='ltr'><strong>laqueus,</strong></span> <span class='ocrx_word' id='word_1_365' title='bbox 1968 4990 2012 5043; x_wconf 91' lang='lat' dir='ltr'><strong>si</strong></span> 
     </span>
    </p>
   </div>
   <div class='ocr_carea' id='block_1_54' title="bbox 431 5081 2010 5163">
    <p class='ocr_par' dir='ltr' id='par_1_54' title="bbox 431 5081 2010 5163">
     <span class='ocr_line' id='line_1_54' title="bbox 431 5081 2010 5163; baseline -0.009 -15"><span class='ocrx_word' id='word_1_366' title='bbox 431 5091 615 5163; x_wconf 87' lang='lat' dir='ltr'><strong>regale</strong></span> <span class='ocrx_word' id='word_1_367' title='bbox 639 5088 979 5146; x_wconf 90' lang='lat' dir='ltr'><strong>commodum</strong></span> <span class='ocrx_word' id='word_1_368' title='bbox 1004 5086 1360 5158; x_wconf 87' lang='lat' dir='ltr'><strong>promisisset.</strong></span> <span class='ocrx_word' id='word_1_369' title='bbox 1391 5084 1545 5140; x_wconf 86' lang='lat' dir='ltr'><strong>Tunc</strong></span> <span class='ocrx_word' id='word_1_370' title='bbox 1566 5081 1742 5138; x_wconf 75' lang='lat' dir='ltr'><strong>ﬂuxus</strong></span> <span class='ocrx_word' id='word_1_371' title='bbox 1761 5081 2010 5149; x_wconf 87' lang='lat' dir='ltr'><strong>crinium,</strong></span> 
     </span>
    </p>
   </div>
   <div class='ocr_carea' id='block_1_55' title="bbox 436 5175 2013 5245">
    <p class='ocr_par' dir='ltr' id='par_1_55' title="bbox 436 5175 2013 5245">
     <span class='ocr_line' id='line_1_55' title="bbox 436 5175 2013 5245; baseline -0.008 -7"><span class='ocrx_word' id='word_1_372' title='bbox 436 5195 568 5239; x_wconf 82' lang='lat' dir='ltr'><strong>tunc</strong></span> <span class='ocrx_word' id='word_1_373' title='bbox 594 5182 754 5236; x_wconf 76' lang='lat' dir='ltr'><strong>luxus</strong></span> <span class='ocrx_word' id='word_1_374' title='bbox 780 5179 1034 5245; x_wconf 86' lang='lat' dir='ltr'><strong>vestium,</strong></span> <span class='ocrx_word' id='word_1_375' title='bbox 1064 5187 1192 5234; x_wconf 89' lang='lat' dir='ltr'><strong>tunc</strong></span> <span class='ocrx_word' id='word_1_376' title='bbox 1220 5191 1351 5233; x_wconf 89' lang='lat' dir='ltr'><strong>usus</strong></span> <span class='ocrx_word' id='word_1_377' title='bbox 1374 5175 1677 5232; x_wconf 86' lang='lat' dir='ltr'><strong>calceorum</strong></span> <span class='ocrx_word' id='word_1_378' title='bbox 1724 5189 1846 5231; x_wconf 90' lang='lat' dir='ltr'><strong>cum</strong></span> <span class='ocrx_word' id='word_1_379' title='bbox 1889 5189 2013 5229; x_wconf 83' lang='lat' dir='ltr'><strong>acu-</strong></span> 
     </span>
    </p>
   </div>
   <div class='ocr_carea' id='block_1_56' title="bbox 435 5268 2011 5339">
    <p class='ocr_par' dir='ltr' id='par_1_56' title="bbox 435 5268 2011 5339">
     <span class='ocr_line' id='line_1_56' title="bbox 435 5268 2011 5339; baseline -0.005 -11"><span class='ocrx_word' id='word_1_380' title='bbox 435 5273 583 5330; x_wconf 83' lang='lat' dir='ltr'><strong>natis</strong></span> <span class='ocrx_word' id='word_1_381' title='bbox 611 5273 812 5328; x_wconf 85' lang='lat' dir='ltr'><strong>aculeis</strong></span> <span class='ocrx_word' id='word_1_382' title='bbox 834 5272 1106 5335; x_wconf 86' lang='lat' dir='ltr'><strong>inventus,</strong></span> <span class='ocrx_word' id='word_1_383' title='bbox 1133 5269 1356 5326; x_wconf 90' lang='lat' dir='ltr'><strong>mollitie</strong></span> <span class='ocrx_word' id='word_1_384' title='bbox 1381 5268 1624 5339; x_wconf 88' lang='lat' dir='ltr'><strong>corporis</strong></span> <span class='ocrx_word' id='word_1_385' title='bbox 1653 5275 1864 5323; x_wconf 85' lang='lat' dir='ltr'><strong>certare</strong></span> <span class='ocrx_word' id='word_1_386' title='bbox 1888 5281 2011 5321; x_wconf 88' lang='lat' dir='ltr'><strong>cum</strong></span> 
     </span>
    </p>
   </div>
   <div class='ocr_carea' id='block_1_57' title="bbox 435 5352 2014 5435">
    <p class='ocr_par' dir='ltr' id='par_1_57' title="bbox 435 5352 2014 5435">
     <span class='ocr_line' id='line_1_57' title="bbox 435 5352 2014 5435; baseline -0.002 -18"><span class='ocrx_word' id='word_1_387' title='bbox 435 5362 675 5431; x_wconf 79' lang='lat' dir='ltr'><strong>feminis,</strong></span> <span class='ocrx_word' id='word_1_388' title='bbox 717 5377 964 5435; x_wconf 83' lang='lat' dir='ltr'><strong>gressum</strong></span> <span class='ocrx_word' id='word_1_389' title='bbox 1017 5352 1308 5433; x_wconf 67' lang='lat' dir='ltr'><strong>frangere,</strong></span> <span class='ocrx_word' id='word_1_390' title='bbox 1336 5370 1489 5432; x_wconf 84' lang='lat' dir='ltr'><strong>gestu</strong></span> <span class='ocrx_word' id='word_1_391' title='bbox 1532 5358 1708 5415; x_wconf 87' lang='lat' dir='ltr'><strong>soluto</strong></span> <span class='ocrx_word' id='word_1_392' title='bbox 1746 5368 1801 5415; x_wconf 92' lang='lat' dir='ltr'><strong>et</strong></span> <span class='ocrx_word' id='word_1_393' title='bbox 1844 5358 2014 5414; x_wconf 88' lang='lat' dir='ltr'><strong>latere</strong></span> 
     </span>
    </p>
   </div>
   <div class='ocr_carea' id='block_1_58' title="bbox 434 5450 2009 5525">
    <p class='ocr_par' dir='ltr' id='par_1_58' title="bbox 434 5450 2009 5525">
     <span class='ocr_line' id='line_1_58' title="bbox 434 5450 2009 5525; baseline -0.001 -13"><span class='ocrx_word' id='word_1_394' title='bbox 434 5457 583 5512; x_wconf 87' lang='lat' dir='ltr'><strong>nudo</strong></span> <span class='ocrx_word' id='word_1_395' title='bbox 609 5457 858 5514; x_wconf 89' lang='lat' dir='ltr'><strong>incedere</strong></span> <span class='ocrx_word' id='word_1_396' title='bbox 870 5456 1293 5514; x_wconf 81' lang='lat' dir='ltr'><strong>adolescentium</strong></span> <span class='ocrx_word' id='word_1_397' title='bbox 1307 5455 1579 5525; x_wconf 90' lang='lat' dir='ltr'><strong>specimen</strong></span> <span class='ocrx_word' id='word_1_398' title='bbox 1595 5457 1731 5510; x_wconf 86' lang='lat' dir='ltr'><strong>erat.</strong></span> <span class='ocrx_word' id='word_1_399' title='bbox 1748 5450 2009 5521; x_wconf 79' lang='lat' dir='ltr'><strong>Enerres,</strong></span> 
     </span>
    </p>
   </div>
   <div class='ocr_carea' id='block_1_59' title="bbox 434 5545 2010 5617">
    <p class='ocr_par' dir='ltr' id='par_1_59' title="bbox 434 5545 2010 5617">
     <span class='ocr_line' id='line_1_59' title="bbox 434 5545 2010 5617; baseline 0.001 -17"><span class='ocrx_word' id='word_1_400' title='bbox 434 5545 680 5612; x_wconf 87' lang='lat' dir='ltr'><strong>emolliti,</strong></span> <span class='ocrx_word' id='word_1_401' title='bbox 703 5548 845 5617; x_wconf 87' lang='lat' dir='ltr'><strong>quod</strong></span> <span class='ocrx_word' id='word_1_402' title='bbox 872 5547 982 5602; x_wconf 87' lang='lat' dir='ltr'><strong>nati</strong></span> <span class='ocrx_word' id='word_1_403' title='bbox 1008 5547 1224 5602; x_wconf 83' lang='lat' dir='ltr'><strong>fuerant</strong></span> <span class='ocrx_word' id='word_1_404' title='bbox 1247 5545 1399 5603; x_wconf 84' lang='lat' dir='ltr'><strong>inviti</strong></span> <span class='ocrx_word' id='word_1_405' title='bbox 1414 5545 1721 5611; x_wconf 88' lang='lat' dir='ltr'><strong>manebant,</strong></span> <span class='ocrx_word' id='word_1_406' title='bbox 1737 5559 2010 5616; x_wconf 73' lang='lat' dir='ltr'><strong>expugna-</strong></span> 
     </span>
    </p>
   </div>
   <div class='ocr_carea' id='block_1_60' title="bbox 433 5630 2012 5709">
    <p class='ocr_par' dir='ltr' id='par_1_60' title="bbox 433 5630 2012 5709">
     <span class='ocr_line' id='line_1_60' title="bbox 433 5630 2012 5709; baseline 0.002 -19"><span class='ocrx_word' id='word_1_407' title='bbox 433 5647 582 5692; x_wconf 84' lang='lat' dir='ltr'><strong>tores</strong></span> <span class='ocrx_word' id='word_1_408' title='bbox 613 5637 801 5692; x_wconf 76' lang='lat' dir='ltr'><strong>alienre</strong></span> <span class='ocrx_word' id='word_1_409' title='bbox 830 5630 1359 5709; x_wconf 20' lang='lat' dir='ltr'><strong>pudicitize,iprodigi</strong></span> <span class='ocrx_word' id='word_1_410' title='bbox 1387 5652 1515 5702; x_wconf 72' lang='lat' dir='ltr'><strong>suae,</strong></span> <span class='ocrx_word' id='word_1_411' title='bbox 1549 5645 1656 5693; x_wconf 85' lang='lat' dir='ltr'><strong>etc.</strong></span> <span class='ocrx_word' id='word_1_412' title='bbox 1688 5655 1707 5688; x_wconf 72' lang='grc' dir='ltr'><strong><em>ι</em></strong></span> <span class='ocrx_word' id='word_1_413' title='bbox 1737 5635 2012 5693; x_wconf 82' lang='lat' dir='ltr'><strong>Hactenus</strong></span> 
     </span>
    </p>
   </div>
   <div class='ocr_carea' id='block_1_61' title="bbox 434 5728 2006 5803">
    <p class='ocr_par' dir='ltr' id='par_1_61' title="bbox 434 5728 2006 5803">
     <span class='ocr_line' id='line_1_61' title="bbox 434 5728 2006 5803; baseline 0.002 -20"><span class='ocrx_word' id='word_1_414' title='bbox 434 5728 855 5801; x_wconf 71' lang='lat' dir='ltr'><strong>llalmesburg.,</strong></span> <span class='ocrx_word' id='word_1_415' title='bbox 911 5733 976 5786; x_wconf 92' lang='lat' dir='ltr'><strong>de</strong></span> <span class='ocrx_word' id='word_1_416' title='bbox 1018 5730 1168 5787; x_wconf 89' lang='lat' dir='ltr'><strong>Gest.</strong></span> <span class='ocrx_word' id='word_1_417' title='bbox 1216 5731 1436 5801; x_wconf 87' lang='lat' dir='ltr'><strong>Anglor.</strong></span> <span class='ocrx_word' id='word_1_418' title='bbox 1463 5730 1584 5785; x_wconf 92' lang='lat' dir='ltr'><strong>libr.</strong></span> <span class='ocrx_word' id='word_1_419' title='bbox 1618 5746 1710 5797; x_wconf 84' lang='lat' dir='ltr'><strong>tv,</strong></span> <span class='ocrx_word' id='word_1_420' title='bbox 1765 5746 1882 5803; x_wconf 90' lang='lat' dir='ltr'><strong>cap.</strong></span> <span class='ocrx_word' id='word_1_421' title='bbox 1934 5734 1955 5786; x_wconf 93' lang='lat'><strong>1</strong></span> <span class='ocrx_word' id='word_1_422' title='bbox 1993 5750 2006 5797; x_wconf 91' lang='lat'><strong>;</strong></span> 
     </span>
    </p>
   </div>
   <div class='ocr_carea' id='block_1_62' title="bbox 434 5818 2003 5894">
    <p class='ocr_par' dir='ltr' id='par_1_62' title="bbox 434 5818 2003 5894">
     <span class='ocr_line' id='line_1_62' title="bbox 434 5818 2003 5894; baseline 0.001 -20"><span class='ocrx_word' id='word_1_423' title='bbox 434 5818 752 5888; x_wconf 77' lang='lat' dir='ltr'><strong>Eadmerus,</strong></span> <span class='ocrx_word' id='word_1_424' title='bbox 786 5820 925 5877; x_wconf 79' lang='lat' dir='ltr'><strong>lfist.</strong></span> <span class='ocrx_word' id='word_1_425' title='bbox 957 5820 1049 5876; x_wconf 88' lang='lat' dir='ltr'><strong>lib.</strong></span> <span class='ocrx_word' id='word_1_426' title='bbox 1086 5838 1126 5889; x_wconf 85' lang='grc' dir='ltr'><strong>ι,</strong></span> <span class='ocrx_word' id='word_1_427' title='bbox 1157 5836 1279 5891; x_wconf 86' lang='lat' dir='ltr'><strong>pag.</strong></span> <span class='ocrx_word' id='word_1_428' title='bbox 1317 5820 1402 5889; x_wconf 64' lang='lat'><strong>14,</strong></span> <span class='ocrx_word' id='word_1_429' title='bbox 1434 5830 1485 5875; x_wconf 89' lang='lat' dir='ltr'><strong>et</strong></span> <span class='ocrx_word' id='word_1_430' title='bbox 1513 5821 1604 5877; x_wconf 88' lang='lat' dir='ltr'><strong>lib.</strong></span> <span class='ocrx_word' id='word_1_431' title='bbox 1636 5838 1710 5891; x_wconf 66' lang='grc' dir='ltr'><strong>ιτ,</strong></span> <span class='ocrx_word' id='word_1_432' title='bbox 1742 5838 1860 5894; x_wconf 81' lang='lat' dir='ltr'><strong>pag.</strong></span> <span class='ocrx_word' id='word_1_433' title='bbox 1899 5823 2003 5893; x_wconf 81' lang='lat'><strong>77;</strong></span> 
     </span>
    </p>
   </div>
   <div class='ocr_carea' id='block_1_63' title="bbox 2106 564 3711 640">
    <p class='ocr_par' dir='ltr' id='par_1_63' title="bbox 2106 564 3711 640">
     <span class='ocr_line' id='line_1_63' title="bbox 2106 564 3711 640; baseline -0.005 -13"><span class='ocrx_word' id='word_1_434' title='bbox 2106 571 2288 637; x_wconf 74' lang='lat' dir='ltr'><strong>Vital.,</strong></span> <span class='ocrx_word' id='word_1_435' title='bbox 2321 571 2413 626; x_wconf 89' lang='lat' dir='ltr'><strong>lib.</strong></span> <span class='ocrx_word' id='word_1_436' title='bbox 2448 584 2563 632; x_wconf 83' lang='lat' dir='ltr'><strong>vm,</strong></span> <span class='ocrx_word' id='word_1_437' title='bbox 2597 585 2718 640; x_wconf 88' lang='lat' dir='ltr'><strong>pag.</strong></span> <span class='ocrx_word' id='word_1_438' title='bbox 2754 567 2855 623; x_wconf 71' lang='lat'><strong>682</strong></span> <span class='ocrx_word' id='word_1_439' title='bbox 2898 576 2954 621; x_wconf 90' lang='lat' dir='ltr'><strong>et</strong></span> <span class='ocrx_word' id='word_1_440' title='bbox 2978 564 3103 622; x_wconf 74' lang='lat'><strong>635.</strong></span> <span class='ocrx_word' id='word_1_441' title='bbox 3140 564 3425 632; x_wconf 82' lang='lat' dir='ltr'><strong>Ejusmodi</strong></span> <span class='ocrx_word' id='word_1_442' title='bbox 3474 564 3711 621; x_wconf 76' lang='lat' dir='ltr'><strong>calami-</strong></span> 
     </span>
    </p>
   </div>
   <div class='ocr_carea' id='block_1_64' title="bbox 2104 653 3693 725">
    <p class='ocr_par' dir='ltr' id='par_1_64' title="bbox 2104 653 3693 725">
     <span class='ocr_line' id='line_1_64' title="bbox 2104 653 3693 725; baseline -0.004 -11"><span class='ocrx_word' id='word_1_443' title='bbox 2104 660 2304 714; x_wconf 81' lang='lat' dir='ltr'><strong>tatibus</strong></span> <span class='ocrx_word' id='word_1_444' title='bbox 2329 657 2615 715; x_wconf 90' lang='lat' dir='ltr'><strong>consulere</strong></span> <span class='ocrx_word' id='word_1_445' title='bbox 2639 657 2752 725; x_wconf 85' lang='lat' dir='ltr'><strong>jam</strong></span> <span class='ocrx_word' id='word_1_446' title='bbox 2783 673 2813 712; x_wconf 92' lang='lat' dir='ltr'><strong>e</strong></span> <span class='ocrx_word' id='word_1_447' title='bbox 2850 654 2989 711; x_wconf 79' lang='lat' dir='ltr'><strong>vivis</strong></span> <span class='ocrx_word' id='word_1_448' title='bbox 3029 655 3243 710; x_wconf 89' lang='lat' dir='ltr'><strong>sublato</strong></span> <span class='ocrx_word' id='word_1_449' title='bbox 3274 653 3335 708; x_wconf 88' lang='grc' dir='ltr'><strong>Β.</strong></span> <span class='ocrx_word' id='word_1_450' title='bbox 3371 654 3693 708; x_wconf 82' lang='lat' dir='ltr'><strong>Lanl’raneo</strong></span> 
     </span>
    </p>
   </div>
   <div class='ocr_carea' id='block_1_65' title="bbox 2101 743 3709 823">
    <p class='ocr_par' dir='ltr' id='par_1_65' title="bbox 2101 743 3709 823">
     <span class='ocr_line' id='line_1_65' title="bbox 2101 743 3709 823; baseline -0.005 -18"><span class='ocrx_word' id='word_1_451' title='bbox 2101 765 2381 823; x_wconf 88' lang='lat' dir='ltr'><strong>perperam</strong></span> <span class='ocrx_word' id='word_1_452' title='bbox 2428 757 2652 805; x_wconf 92' lang='lat' dir='ltr'><strong>conatus</strong></span> <span class='ocrx_word' id='word_1_453' title='bbox 2698 748 2758 802; x_wconf 90' lang='lat' dir='ltr'><strong>D.</strong></span> <span class='ocrx_word' id='word_1_454' title='bbox 2806 746 3097 802; x_wconf 72' lang='lat' dir='ltr'><strong>Anselanus</strong></span> <span class='ocrx_word' id='word_1_455' title='bbox 3142 754 3340 815; x_wconf 85' lang='lat' dir='ltr'><strong>sponte</strong></span> <span class='ocrx_word' id='word_1_456' title='bbox 3391 744 3465 799; x_wconf 88' lang='lat' dir='ltr'><strong>ab</strong></span> <span class='ocrx_word' id='word_1_457' title='bbox 3512 743 3709 814; x_wconf 73' lang='lat' dir='ltr'><strong>Anglia</strong></span> 
     </span>
    </p>
   </div>
   <div class='ocr_carea' id='block_1_66' title="bbox 2103 831 3709 917">
    <p class='ocr_par' dir='ltr' id='par_1_66' title="bbox 2103 831 3709 917">
     <span class='ocr_line' id='line_1_66' title="bbox 2103 831 3709 917; baseline -0.006 -22"><span class='ocrx_word' id='word_1_458' title='bbox 2103 839 2375 917; x_wconf 84' lang='lat' dir='ltr'><strong>discessit,</strong></span> <span class='ocrx_word' id='word_1_459' title='bbox 2402 838 2659 907; x_wconf 83' lang='lat' dir='ltr'><strong>nequitla:</strong></span> <span class='ocrx_word' id='word_1_460' title='bbox 2686 837 2945 905; x_wconf 88' lang='lat' dir='ltr'><strong>temporis</strong></span> <span class='ocrx_word' id='word_1_461' title='bbox 2963 834 3185 897; x_wconf 87' lang='lat' dir='ltr'><strong>cedens,</strong></span> <span class='ocrx_word' id='word_1_462' title='bbox 3211 845 3446 887; x_wconf 86' lang='lat' dir='ltr'><strong>auctore</strong></span> <span class='ocrx_word' id='word_1_463' title='bbox 3462 831 3709 886; x_wconf 79' lang='lat' dir='ltr'><strong>Roberte</strong></span> 
     </span>
    </p>
   </div>
   <div class='ocr_carea' id='block_1_67' title="bbox 2109 922 3717 995">
    <p class='ocr_par' dir='ltr' id='par_1_67' title="bbox 2109 922 3717 995">
     <span class='ocr_line' id='line_1_67' title="bbox 2109 922 3717 995; baseline -0.005 -10"><span class='ocrx_word' id='word_1_464' title='bbox 2109 930 2397 995; x_wconf 81' lang='lat' dir='ltr'><strong>Monteusi,</strong></span> <span class='ocrx_word' id='word_1_465' title='bbox 2431 929 2484 984; x_wconf 90' lang='lat' dir='ltr'><strong>in</strong></span> <span class='ocrx_word' id='word_1_466' title='bbox 2519 928 2788 984; x_wconf 87' lang='lat' dir='ltr'><strong>Chronico</strong></span> <span class='ocrx_word' id='word_1_467' title='bbox 2822 942 2924 982; x_wconf 90' lang='lat' dir='ltr'><strong>ms.</strong></span> <span class='ocrx_word' id='word_1_468' title='bbox 2980 942 3107 980; x_wconf 77' lang='lat' dir='ltr'><strong>ann.</strong></span> <span class='ocrx_word' id='word_1_469' title='bbox 3140 925 3319 980; x_wconf 75' lang='lat'><strong>1038:</strong></span> <span class='ocrx_word' id='word_1_470' title='bbox 3360 942 3381 976; x_wconf 74' lang='grc' dir='ltr'>ι</span> <span class='ocrx_word' id='word_1_471' title='bbox 3416 922 3717 978; x_wconf 78' lang='lat' dir='ltr'><strong>Anselinus</strong></span> 
     </span>
    </p>
   </div>
   <div class='ocr_carea' id='block_1_68' title="bbox 2103 1014 3718 1090">
    <p class='ocr_par' dir='ltr' id='par_1_68' title="bbox 2103 1014 3718 1090">
     <span class='ocr_line' id='line_1_68' title="bbox 2103 1014 3718 1090; baseline -0.006 -15"><span class='ocrx_word' id='word_1_472' title='bbox 2103 1036 2234 1077; x_wconf 89' lang='lat' dir='ltr'><strong>vero</strong></span> <span class='ocrx_word' id='word_1_473' title='bbox 2272 1020 2712 1090; x_wconf 81' lang='lat' dir='ltr'><strong>archiepiscOpus</strong></span> <span class='ocrx_word' id='word_1_474' title='bbox 2738 1016 2969 1074; x_wconf 87' lang='lat' dir='ltr'><strong>recessit</strong></span> <span class='ocrx_word' id='word_1_475' title='bbox 3005 1015 3071 1071; x_wconf 88' lang='lat' dir='ltr'><strong>ab</strong></span> <span class='ocrx_word' id='word_1_476' title='bbox 3118 1015 3339 1084; x_wconf 83' lang='lat' dir='ltr'><strong>Anglia,</strong></span> <span class='ocrx_word' id='word_1_477' title='bbox 3394 1014 3529 1083; x_wconf 87' lang='lat' dir='ltr'><strong>quia</strong></span> <span class='ocrx_word' id='word_1_478' title='bbox 3580 1014 3718 1068; x_wconf 82' lang='lat' dir='ltr'><strong>nihil</strong></span> 
     </span>
    </p>
   </div>
   <div class='ocr_carea' id='block_1_69' title="bbox 2104 1104 3715 1191">
    <p class='ocr_par' dir='ltr' id='par_1_69' title="bbox 2104 1104 3715 1191">
     <span class='ocr_line' id='line_1_69' title="bbox 2104 1104 3715 1191; baseline -0.006 -24"><span class='ocrx_word' id='word_1_479' title='bbox 2104 1113 2238 1169; x_wconf 87' lang='lat' dir='ltr'><strong>recti</strong></span> <span class='ocrx_word' id='word_1_480' title='bbox 2278 1126 2372 1191; x_wconf 59' lang='lat' dir='ltr'><strong>re;</strong></span> <span class='ocrx_word' id='word_1_481' title='bbox 2403 1125 2607 1181; x_wconf 85' lang='lat' dir='ltr'><strong>pravus</strong></span> <span class='ocrx_word' id='word_1_482' title='bbox 2634 1107 2991 1179; x_wconf 76' lang='lat' dir='ltr'><strong>(Cuillefmus)</strong></span> <span class='ocrx_word' id='word_1_483' title='bbox 3021 1108 3073 1162; x_wconf 91' lang='lat' dir='ltr'><strong>in</strong></span> <span class='ocrx_word' id='word_1_484' title='bbox 3106 1121 3278 1177; x_wconf 88' lang='lat' dir='ltr'><strong>regno</strong></span> <span class='ocrx_word' id='word_1_485' title='bbox 3299 1120 3406 1161; x_wconf 88' lang='lat' dir='ltr'><strong>suo</strong></span> <span class='ocrx_word' id='word_1_486' title='bbox 3438 1104 3561 1160; x_wconf 81' lang='lat' dir='ltr'><strong>fieri</strong></span> <span class='ocrx_word' id='word_1_487' title='bbox 3594 1120 3715 1175; x_wconf 86' lang='lat' dir='ltr'><strong>per-</strong></span> 
     </span>
    </p>
   </div>
   <div class='ocr_carea' id='block_1_70' title="bbox 2104 1193 3717 1267">
    <p class='ocr_par' dir='ltr' id='par_1_70' title="bbox 2104 1193 3717 1267">
     <span class='ocr_line' id='line_1_70' title="bbox 2104 1193 3717 1267; baseline -0.004 -11"><span class='ocrx_word' id='word_1_488' title='bbox 2104 1203 2372 1267; x_wconf 88' lang='lat' dir='ltr'><strong>mittebat,</strong></span> <span class='ocrx_word' id='word_1_489' title='bbox 2437 1220 2458 1254; x_wconf 86' lang='grc'><strong>›</strong></span> <span class='ocrx_word' id='word_1_490' title='bbox 2508 1209 2615 1255; x_wconf 91' lang='lat' dir='ltr'><strong>etc.</strong></span> <span class='ocrx_word' id='word_1_491' title='bbox 2657 1199 2964 1256; x_wconf 78' lang='lat' dir='ltr'><strong>Chronicon</strong></span> <span class='ocrx_word' id='word_1_492' title='bbox 3016 1197 3332 1264; x_wconf 83' lang='lat' dir='ltr'><strong>Beceense,</strong></span> <span class='ocrx_word' id='word_1_493' title='bbox 3384 1195 3459 1251; x_wconf 90' lang='lat' dir='ltr'><strong>ad</strong></span> <span class='ocrx_word' id='word_1_494' title='bbox 3507 1193 3717 1252; x_wconf 79' lang='lat' dir='ltr'><strong>calcem</strong></span> 
     </span>
    </p>
   </div>
   <div class='ocr_carea' id='block_1_71' title="bbox 2104 1288 3088 1364">
    <p class='ocr_par' dir='ltr' id='par_1_71' title="bbox 2104 1288 3088 1364">
     <span class='ocr_line' id='line_1_71' title="bbox 2104 1288 3088 1364; baseline -0.003 -17"><span class='ocrx_word' id='word_1_495' title='bbox 2104 1308 2326 1364; x_wconf 89' lang='lat' dir='ltr'><strong>operum</strong></span> <span class='ocrx_word' id='word_1_496' title='bbox 2358 1292 2417 1347; x_wconf 88' lang='lat' dir='ltr'><strong>S.</strong></span> <span class='ocrx_word' id='word_1_497' title='bbox 2445 1290 2764 1355; x_wconf 81' lang='lat' dir='ltr'><strong>Lanfranci,</strong></span> <span class='ocrx_word' id='word_1_498' title='bbox 2796 1306 2885 1345; x_wconf 90' lang='lat' dir='ltr'><strong>an.</strong></span> <span class='ocrx_word' id='word_1_499' title='bbox 2931 1288 3088 1344; x_wconf 84' lang='lat'><strong>1098.</strong></span> 
     </span>
    </p>
   </div>
   <div class='ocr_carea' id='block_1_72' title="bbox 2651 1393 3145 1435">
    <p class='ocr_par' dir='ltr' id='par_1_72' title="bbox 2651 1393 3145 1435">
     <span class='ocr_line' id='line_1_72' title="bbox 2651 1393 3145 1435; baseline 0.002 -2"><span class='ocrx_word' id='word_1_500' title='bbox 2651 1395 2718 1433; x_wconf 76' lang='lat' dir='ltr'><strong>AD</strong></span> <span class='ocrx_word' id='word_1_501' title='bbox 2757 1393 3053 1435; x_wconf 70' lang='lat' dir='ltr'><strong>EPISTOLAH</strong></span> <span class='ocrx_word' id='word_1_502' title='bbox 3082 1394 3145 1434; x_wconf 87' lang='grc' dir='ltr'><strong>ιι.</strong></span> 
     </span>
    </p>
   </div>
   <div class='ocr_carea' id='block_1_73' title="bbox 2178 1467 3716 1541">
    <p class='ocr_par' dir='ltr' id='par_1_73' title="bbox 2178 1467 3716 1541">
     <span class='ocr_line' id='line_1_73' title="bbox 2178 1467 3716 1541; baseline -0.002 -15"><span class='ocrx_word' id='word_1_503' title='bbox 2178 1472 2515 1529; x_wconf 82' lang='lat' dir='ltr'><strong>Hermaunus</strong></span> <span class='ocrx_word' id='word_1_504' title='bbox 2558 1470 2859 1541; x_wconf 78' lang='lat' dir='ltr'><strong>siquidem._</strong></span> <span class='ocrx_word' id='word_1_505' title='bbox 2888 1468 3259 1525; x_wconf 82' lang='lat' dir='ltr'><strong>Vintoniensis</strong></span> <span class='ocrx_word' id='word_1_506' title='bbox 3300 1467 3636 1540; x_wconf 75' lang='lat' dir='ltr'><strong>episcopus,</strong></span> <span class='ocrx_word' id='word_1_507' title='bbox 3684 1481 3716 1523; x_wconf 85' lang='lat' dir='ltr'><strong>e</strong></span> 
     </span>
    </p>
   </div>
   <div class='ocr_carea' id='block_1_74' title="bbox 2108 1561 3711 1634">
    <p class='ocr_par' dir='ltr' id='par_1_74' title="bbox 2108 1561 3711 1634">
     <span class='ocr_line' id='line_1_74' title="bbox 2108 1561 3711 1634; baseline -0.004 -13"><span class='ocrx_word' id='word_1_508' title='bbox 2108 1566 2359 1622; x_wconf 79' lang='lat' dir='ltr'><strong>Flandria</strong></span> <span class='ocrx_word' id='word_1_509' title='bbox 2397 1563 2682 1628; x_wconf 87' lang='lat' dir='ltr'><strong>oriundus,</strong></span> <span class='ocrx_word' id='word_1_510' title='bbox 2712 1563 2823 1634; x_wconf 89' lang='lat' dir='ltr'><strong>regi</strong></span> <span class='ocrx_word' id='word_1_511' title='bbox 2855 1562 3107 1617; x_wconf 79' lang='lat' dir='ltr'><strong>Eduardo</strong></span> <span class='ocrx_word' id='word_1_512' title='bbox 3139 1561 3503 1617; x_wconf 88' lang='lat' dir='ltr'><strong>sanctissimo</strong></span> <span class='ocrx_word' id='word_1_513' title='bbox 3552 1576 3584 1614; x_wconf 92' lang='lat' dir='ltr'><strong>a</strong></span> <span class='ocrx_word' id='word_1_514' title='bbox 3635 1576 3711 1615; x_wconf 81' lang='lat' dir='ltr'><strong>sa-</strong></span> 
     </span>
    </p>
   </div>
   <div class='ocr_carea' id='block_1_75' title="bbox 2108 1650 3713 1713">
    <p class='ocr_par' dir='ltr' id='par_1_75' title="bbox 2108 1650 3713 1713">
     <span class='ocr_line' id='line_1_75' title="bbox 2108 1650 3713 1713; baseline -0.006 -1"><span class='ocrx_word' id='word_1_515' title='bbox 2108 1658 2216 1713; x_wconf 87' lang='lat' dir='ltr'><strong>cris</strong></span> <span class='ocrx_word' id='word_1_516' title='bbox 2258 1655 2357 1710; x_wconf 79' lang='lat' dir='ltr'><strong>fuit</strong></span> <span class='ocrx_word' id='word_1_517' title='bbox 2383 1674 2396 1709; x_wconf 91' lang='lat'><strong>:</strong></span> <span class='ocrx_word' id='word_1_518' title='bbox 2426 1652 2686 1709; x_wconf 69' lang='lat' dir='ltr'><strong>suffectus</strong></span> <span class='ocrx_word' id='word_1_519' title='bbox 2713 1660 2893 1707; x_wconf 88' lang='lat' dir='ltr'><strong>autem</strong></span> <span class='ocrx_word' id='word_1_520' title='bbox 2925 1653 2979 1706; x_wconf 90' lang='lat' dir='ltr'><strong>in</strong></span> <span class='ocrx_word' id='word_1_521' title='bbox 3023 1651 3200 1707; x_wconf 89' lang='lat' dir='ltr'><strong>locum</strong></span> <span class='ocrx_word' id='word_1_522' title='bbox 3251 1650 3600 1704; x_wconf 80' lang='lat' dir='ltr'><strong>Brithuoldi.</strong></span> <span class='ocrx_word' id='word_1_523' title='bbox 3652 1651 3713 1703; x_wconf 85' lang='lat' dir='ltr'><strong>Et</strong></span> 
     </span>
    </p>
   </div>
   <div class='ocr_carea' id='block_1_76' title="bbox 2111 1741 3713 1816">
    <p class='ocr_par' dir='ltr' id='par_1_76' title="bbox 2111 1741 3713 1816">
     <span class='ocr_line' id='line_1_76' title="bbox 2111 1741 3713 1816; baseline -0.007 -13"><span class='ocrx_word' id='word_1_524' title='bbox 2111 1750 2327 1804; x_wconf 83' lang='lat' dir='ltr'><strong>tandem</strong></span> <span class='ocrx_word' id='word_1_525' title='bbox 2352 1747 2517 1803; x_wconf 87' lang='lat' dir='ltr'><strong>animi</strong></span> <span class='ocrx_word' id='word_1_526' title='bbox 2548 1747 2844 1816; x_wconf 91' lang='lat' dir='ltr'><strong>cupiditate</strong></span> <span class='ocrx_word' id='word_1_527' title='bbox 2880 1753 3057 1800; x_wconf 86' lang='lat' dir='ltr'><strong>motus</strong></span> <span class='ocrx_word' id='word_1_528' title='bbox 3090 1744 3158 1799; x_wconf 84' lang='lat' dir='ltr'><strong>ab</strong></span> <span class='ocrx_word' id='word_1_529' title='bbox 3184 1742 3445 1798; x_wconf 84' lang='lat' dir='ltr'><strong>Eduardo</strong></span> <span class='ocrx_word' id='word_1_530' title='bbox 3471 1741 3641 1809; x_wconf 85' lang='lat' dir='ltr'><strong>petiit</strong></span> <span class='ocrx_word' id='word_1_531' title='bbox 3663 1750 3713 1794; x_wconf 86' lang='lat' dir='ltr'><strong>ut</strong></span> 
     </span>
    </p>
   </div>
   <div class='ocr_carea' id='block_1_77' title="bbox 2112 1829 3715 1893">
    <p class='ocr_par' dir='ltr' id='par_1_77' title="bbox 2112 1829 3715 1893">
     <span class='ocr_line' id='line_1_77' title="bbox 2112 1829 3715 1893; baseline -0.007 0"><span class='ocrx_word' id='word_1_532' title='bbox 2112 1839 2457 1893; x_wconf 75' lang='lat' dir='ltr'><strong>Mcldunense</strong></span> <span class='ocrx_word' id='word_1_533' title='bbox 2480 1834 2785 1892; x_wconf 64' lang='lat' dir='ltr'><strong>coenobium</strong></span> <span class='ocrx_word' id='word_1_534' title='bbox 2832 1833 2936 1889; x_wconf 88' lang='lat' dir='ltr'><strong>sibi</strong></span> <span class='ocrx_word' id='word_1_535' title='bbox 2962 1833 3028 1887; x_wconf 91' lang='lat' dir='ltr'><strong>ad</strong></span> <span class='ocrx_word' id='word_1_536' title='bbox 3051 1831 3502 1887; x_wconf 87' lang='lat' dir='ltr'><strong>constituendam</strong></span> <span class='ocrx_word' id='word_1_537' title='bbox 3532 1829 3715 1885; x_wconf 75' lang='lat' dir='ltr'><strong>sedem</strong></span> 
     </span>
    </p>
   </div>
   <div class='ocr_carea' id='block_1_78' title="bbox 2109 1920 3706 1997">
    <p class='ocr_par' dir='ltr' id='par_1_78' title="bbox 2109 1920 3706 1997">
     <span class='ocr_line' id='line_1_78' title="bbox 2109 1920 3706 1997; baseline -0.008 -10"><span class='ocrx_word' id='word_1_538' title='bbox 2109 1932 2453 1997; x_wconf 81' lang='lat' dir='ltr'><strong>concederet,</strong></span> <span class='ocrx_word' id='word_1_539' title='bbox 2487 1928 2581 1985; x_wconf 88' lang='lat' dir='ltr'><strong>sed</strong></span> <span class='ocrx_word' id='word_1_540' title='bbox 2611 1943 2735 1984; x_wconf 91' lang='lat' dir='ltr'><strong>cum</strong></span> <span class='ocrx_word' id='word_1_541' title='bbox 2786 1927 2837 1981; x_wconf 90' lang='lat' dir='ltr'><strong>id</strong></span> <span class='ocrx_word' id='word_1_542' title='bbox 2868 1926 3126 1996; x_wconf 87' lang='lat' dir='ltr'><strong>consequi</strong></span> <span class='ocrx_word' id='word_1_543' title='bbox 3177 1924 3527 1994; x_wconf 85' lang='lat' dir='ltr'><strong>desperaret,</strong></span> <span class='ocrx_word' id='word_1_544' title='bbox 3567 1920 3706 1976; x_wconf 77' lang='lat' dir='ltr'><strong>abdi</strong></span> 
     </span>
    </p>
   </div>
   <div class='ocr_carea' id='block_1_79' title="bbox 2108 2011 3709 2090">
    <p class='ocr_par' dir='ltr' id='par_1_79' title="bbox 2108 2011 3709 2090">
     <span class='ocr_line' id='line_1_79' title="bbox 2108 2011 3709 2090; baseline -0.007 -15"><span class='ocrx_word' id='word_1_545' title='bbox 2108 2030 2230 2075; x_wconf 77' lang='lat' dir='ltr'><strong>cato</strong></span> <span class='ocrx_word' id='word_1_546' title='bbox 2260 2019 2596 2090; x_wconf 87' lang='lat' dir='ltr'><strong>episcopatu,</strong></span> <span class='ocrx_word' id='word_1_547' title='bbox 2641 2016 2958 2071; x_wconf 75' lang='lat' dir='ltr'><strong>monasticze</strong></span> <span class='ocrx_word' id='word_1_548' title='bbox 3007 2016 3137 2070; x_wconf 64' lang='lat' dir='ltr'><strong>vitae</strong></span> <span class='ocrx_word' id='word_1_549' title='bbox 3190 2029 3312 2069; x_wconf 88' lang='lat' dir='ltr'><strong>sese</strong></span> <span class='ocrx_word' id='word_1_550' title='bbox 3344 2011 3709 2083; x_wconf 72' lang='lat' dir='ltr'><strong>tuaneiparit.</strong></span> 
     </span>
    </p>
   </div>
   <div class='ocr_carea' id='block_1_80' title="bbox 2109 2103 3708 2184">
    <p class='ocr_par' dir='ltr' id='par_1_80' title="bbox 2109 2103 3708 2184">
     <span class='ocr_line' id='line_1_80' title="bbox 2109 2103 3708 2184; baseline -0.008 -17"><span class='ocrx_word' id='word_1_551' title='bbox 2109 2113 2384 2184; x_wconf 79' lang='lat' dir='ltr'><strong>Rogerus,</strong></span> <span class='ocrx_word' id='word_1_552' title='bbox 2427 2108 2624 2165; x_wconf 87' lang='lat' dir='ltr'><strong>Annal.</strong></span> <span class='ocrx_word' id='word_1_553' title='bbox 2676 2117 2830 2180; x_wconf 88' lang='lat' dir='ltr'><strong>parte</strong></span> <span class='ocrx_word' id='word_1_554' title='bbox 2868 2107 3072 2179; x_wconf 86' lang='lat' dir='ltr'><strong>priore,</strong></span> <span class='ocrx_word' id='word_1_555' title='bbox 3124 2106 3191 2160; x_wconf 90' lang='lat' dir='ltr'><strong>ad</strong></span> <span class='ocrx_word' id='word_1_556' title='bbox 3244 2121 3335 2159; x_wconf 90' lang='lat' dir='ltr'><strong>an.</strong></span> <span class='ocrx_word' id='word_1_557' title='bbox 3380 2103 3488 2160; x_wconf 88' lang='lat' dir='ltr'><strong>Ch.</strong></span> <span class='ocrx_word' id='word_1_558' title='bbox 3551 2103 3708 2158; x_wconf 74' lang='lat'><strong>1033.</strong></span> 
     </span>
    </p>
   </div>
   <div class='ocr_carea' id='block_1_81' title="bbox 2112 2196 3714 2275">
    <p class='ocr_par' dir='ltr' id='par_1_81' title="bbox 2112 2196 3714 2275">
     <span class='ocr_line' id='line_1_81' title="bbox 2112 2196 3714 2275; baseline -0.004 -17"><span class='ocrx_word' id='word_1_559' title='bbox 2112 2203 2415 2275; x_wconf 82' lang='lat' dir='ltr'><strong>llarpsfcld.</strong></span> <span class='ocrx_word' id='word_1_560' title='bbox 2469 2200 2667 2257; x_wconf 60' lang='lat' dir='ltr'><strong>sa‘culo</strong></span> <span class='ocrx_word' id='word_1_561' title='bbox 2717 2216 2804 2264; x_wconf 73' lang='grc' dir='ltr'><strong>χι,</strong></span> <span class='ocrx_word' id='word_1_562' title='bbox 2852 2210 2909 2255; x_wconf 89' lang='lat' dir='ltr'><strong>et</strong></span> <span class='ocrx_word' id='word_1_563' title='bbox 2956 2198 3227 2255; x_wconf 88' lang='lat' dir='ltr'><strong>Guillclm.</strong></span> <span class='ocrx_word' id='word_1_564' title='bbox 3279 2196 3559 2252; x_wconf 81' lang='lat' dir='ltr'><strong>Malbesb.</strong></span> <span class='ocrx_word' id='word_1_565' title='bbox 3590 2239 3604 2259; x_wconf 90' lang='lat'><strong>,</strong></span> <span class='ocrx_word' id='word_1_566' title='bbox 3652 2196 3714 2251; x_wconf 83' lang='lat' dir='ltr'><strong>de</strong></span> 
     </span>
    </p>
   </div>
   <div class='ocr_carea' id='block_1_82' title="bbox 2109 2287 3711 2365">
    <p class='ocr_par' dir='ltr' id='par_1_82' title="bbox 2109 2287 3711 2365">
     <span class='ocr_line' id='line_1_82' title="bbox 2109 2287 3711 2365; baseline -0.006 -16"><span class='ocrx_word' id='word_1_567' title='bbox 2109 2294 2260 2349; x_wconf 86' lang='lat' dir='ltr'><strong>Gest.</strong></span> <span class='ocrx_word' id='word_1_568' title='bbox 2287 2290 2479 2365; x_wconf 74' lang='lat' dir='ltr'><strong>pontii.</strong></span> <span class='ocrx_word' id='word_1_569' title='bbox 2524 2292 2618 2346; x_wconf 83' lang='lat' dir='ltr'><strong>lib.</strong></span> <span class='ocrx_word' id='word_1_570' title='bbox 2660 2308 2676 2346; x_wconf 84' lang='grc' dir='ltr'>ι</span> <span class='ocrx_word' id='word_1_571' title='bbox 2723 2290 2967 2361; x_wconf 89' lang='lat' dir='ltr'><strong>episcop.</strong></span> <span class='ocrx_word' id='word_1_572' title='bbox 2998 2287 3600 2351; x_wconf 85' lang='lat' dir='ltr'><strong>Sebircburnensibus,</strong></span> <span class='ocrx_word' id='word_1_573' title='bbox 3642 2287 3711 2340; x_wconf 72' lang='lat' dir='ltr'><strong>ita</strong></span> 
     </span>
    </p>
   </div>
   <div class='ocr_carea' id='block_1_83' title="bbox 2109 2377 3711 2457">
    <p class='ocr_par' dir='ltr' id='par_1_83' title="bbox 2109 2377 3711 2457">
     <span class='ocr_line' id='line_1_83' title="bbox 2109 2377 3711 2457; baseline -0.005 -19"><span class='ocrx_word' id='word_1_574' title='bbox 2109 2386 2348 2457; x_wconf 86' lang='lat' dir='ltr'><strong>depingit</strong></span> <span class='ocrx_word' id='word_1_575' title='bbox 2376 2384 2741 2439; x_wconf 89' lang='lat' dir='ltr'><strong>llermannum</strong></span> <span class='ocrx_word' id='word_1_576' title='bbox 2767 2398 2780 2435; x_wconf 93' lang='lat'>:</span> <span class='ocrx_word' id='word_1_577' title='bbox 2820 2401 2837 2433; x_wconf 77' lang='grc' dir='ltr'>ι</span> <span class='ocrx_word' id='word_1_578' title='bbox 2875 2380 3113 2435; x_wconf 73' lang='lat' dir='ltr'><strong>Necdum</strong></span> <span class='ocrx_word' id='word_1_579' title='bbox 3141 2378 3299 2449; x_wconf 89' lang='lat' dir='ltr'><strong>plane</strong></span> <span class='ocrx_word' id='word_1_580' title='bbox 3329 2377 3593 2432; x_wconf 86' lang='lat' dir='ltr'><strong>initiatus</strong></span> <span class='ocrx_word' id='word_1_581' title='bbox 3619 2393 3711 2431; x_wconf 60' lang='lat' dir='ltr'><strong>es-</strong></span> 
     </span>
    </p>
   </div>
   <div class='ocr_carea' id='block_1_84' title="bbox 2109 2462 3709 2545">
    <p class='ocr_par' dir='ltr' id='par_1_84' title="bbox 2109 2462 3709 2545">
     <span class='ocr_line' id='line_1_84' title="bbox 2109 2462 3709 2545; baseline -0.003 -21"><span class='ocrx_word' id='word_1_582' title='bbox 2109 2476 2293 2545; x_wconf 86' lang='lat' dir='ltr'><strong>pulsus</strong></span> <span class='ocrx_word' id='word_1_583' title='bbox 2316 2482 2417 2538; x_wconf 86' lang='lat' dir='ltr'><strong>est,</strong></span> <span class='ocrx_word' id='word_1_584' title='bbox 2442 2488 2549 2543; x_wconf 93' lang='lat' dir='ltr'><strong>quo</strong></span> <span class='ocrx_word' id='word_1_585' title='bbox 2592 2472 2799 2544; x_wconf 87' lang='lat' dir='ltr'><strong>pudore</strong></span> <span class='ocrx_word' id='word_1_586' title='bbox 2845 2473 3103 2526; x_wconf 83' lang='lat' dir='ltr'><strong>confusus</strong></span> <span class='ocrx_word' id='word_1_587' title='bbox 3148 2462 3402 2538; x_wconf 81' lang='lat' dir='ltr'><strong>Angliam</strong></span> <span class='ocrx_word' id='word_1_588' title='bbox 3456 2467 3709 2537; x_wconf 72' lang='lat' dir='ltr'><strong>indigna-</strong></span> 
     </span>
    </p>
   </div>
   <div class='ocr_carea' id='block_1_85' title="bbox 2110 2558 3709 2635">
    <p class='ocr_par' dir='ltr' id='par_1_85' title="bbox 2110 2558 3709 2635">
     <span class='ocr_line' id='line_1_85' title="bbox 2110 2558 3709 2635; baseline -0.008 -15"><span class='ocrx_word' id='word_1_589' title='bbox 2110 2567 2320 2621; x_wconf 83' lang='lat' dir='ltr'><strong>bundus</strong></span> <span class='ocrx_word' id='word_1_590' title='bbox 2347 2563 2585 2635; x_wconf 86' lang='lat' dir='ltr'><strong>reliquit.</strong></span> <span class='ocrx_word' id='word_1_591' title='bbox 2615 2562 2724 2619; x_wconf 85' lang='lat' dir='ltr'><strong>Nec</strong></span> <span class='ocrx_word' id='word_1_592' title='bbox 2754 2561 2923 2617; x_wconf 92' lang='lat' dir='ltr'><strong>multo</strong></span> <span class='ocrx_word' id='word_1_593' title='bbox 2968 2569 3091 2630; x_wconf 91' lang='lat' dir='ltr'><strong>post</strong></span> <span class='ocrx_word' id='word_1_594' title='bbox 3138 2558 3468 2628; x_wconf 81' lang='lat' dir='ltr'><strong>aegritudine</strong></span> <span class='ocrx_word' id='word_1_595' title='bbox 3518 2559 3709 2612; x_wconf 57' lang='lat' dir='ltr'><strong>adpo-</strong></span> 
     </span>
    </p>
   </div>
   <div class='ocr_carea' id='block_1_86' title="bbox 2108 2647 3711 2721">
    <p class='ocr_par' dir='ltr' id='par_1_86' title="bbox 2108 2647 3711 2721">
     <span class='ocr_line' id='line_1_86' title="bbox 2108 2647 3711 2721; baseline -0.009 -12"><span class='ocrx_word' id='word_1_596' title='bbox 2108 2664 2269 2710; x_wconf 90' lang='lat' dir='ltr'><strong>nente</strong></span> <span class='ocrx_word' id='word_1_597' title='bbox 2294 2653 2474 2715; x_wconf 89' lang='lat' dir='ltr'><strong>simul.</strong></span> <span class='ocrx_word' id='word_1_598' title='bbox 2511 2664 2566 2707; x_wconf 88' lang='lat' dir='ltr'><strong>et</strong></span> <span class='ocrx_word' id='word_1_599' title='bbox 2595 2652 2881 2721; x_wconf 85' lang='lat' dir='ltr'><strong>quodquod</strong></span> <span class='ocrx_word' id='word_1_600' title='bbox 2914 2647 3195 2706; x_wconf 74' lang='lat' dir='ltr'><strong>szecularia</strong></span> <span class='ocrx_word' id='word_1_601' title='bbox 3241 2662 3441 2718; x_wconf 88' lang='lat' dir='ltr'><strong>parum</strong></span> <span class='ocrx_word' id='word_1_602' title='bbox 3479 2660 3711 2717; x_wconf 57' lang='lat' dir='ltr'><strong>prospe-</strong></span> 
     </span>
    </p>
   </div>
   <div class='ocr_carea' id='block_1_87' title="bbox 2110 2736 3712 2809">
    <p class='ocr_par' dir='ltr' id='par_1_87' title="bbox 2110 2736 3712 2809">
     <span class='ocr_line' id='line_1_87' title="bbox 2110 2736 3712 2809; baseline -0.006 -10"><span class='ocrx_word' id='word_1_603' title='bbox 2110 2754 2385 2809; x_wconf 85' lang='lat' dir='ltr'><strong>raverunt,</strong></span> <span class='ocrx_word' id='word_1_604' title='bbox 2418 2740 3069 2798; x_wconf 68' lang='lat' dir='ltr'><strong>fortunaairatusmundo</strong></span> <span class='ocrx_word' id='word_1_605' title='bbox 3114 2736 3473 2800; x_wconf 83' lang='lat' dir='ltr'><strong>renuntiavit,</strong></span> <span class='ocrx_word' id='word_1_606' title='bbox 3522 2751 3712 2791; x_wconf 65' lang='lat' dir='ltr'><strong>mmo</strong></span> 
     </span>
    </p>
   </div>
   <div class='ocr_carea' id='block_1_88' title="bbox 2109 2827 3714 2905">
    <p class='ocr_par' dir='ltr' id='par_1_88' title="bbox 2109 2827 3714 2905">
     <span class='ocr_line' id='line_1_88' title="bbox 2109 2827 3714 2905; baseline -0.006 -16"><span class='ocrx_word' id='word_1_607' title='bbox 2109 2837 2242 2890; x_wconf 90' lang='lat' dir='ltr'><strong>chus</strong></span> <span class='ocrx_word' id='word_1_608' title='bbox 2269 2835 2408 2905; x_wconf 88' lang='lat' dir='ltr'><strong>apud</strong></span> <span class='ocrx_word' id='word_1_609' title='bbox 2454 2832 2512 2889; x_wconf 90' lang='lat' dir='ltr'><strong>S.</strong></span> <span class='ocrx_word' id='word_1_610' title='bbox 2544 2834 2824 2889; x_wconf 87' lang='lat' dir='ltr'><strong>Bertinum</strong></span> <span class='ocrx_word' id='word_1_611' title='bbox 2854 2833 3051 2887; x_wconf 85' lang='lat' dir='ltr'><strong>factus.</strong></span> <span class='ocrx_word' id='word_1_612' title='bbox 3101 2830 3234 2896; x_wconf 90' lang='lat' dir='ltr'><strong>Sed,</strong></span> <span class='ocrx_word' id='word_1_613' title='bbox 3266 2838 3324 2882; x_wconf 91' lang='lat' dir='ltr'><strong>ut</strong></span> <span class='ocrx_word' id='word_1_614' title='bbox 3369 2827 3494 2884; x_wconf 86' lang='lat' dir='ltr'><strong>fere</strong></span> <span class='ocrx_word' id='word_1_615' title='bbox 3548 2828 3614 2881; x_wconf 86' lang='lat' dir='ltr'><strong>fit</strong></span> <span class='ocrx_word' id='word_1_616' title='bbox 3664 2828 3714 2880; x_wconf 87' lang='lat' dir='ltr'><strong>in</strong></span> 
     </span>
    </p>
   </div>
   <div class='ocr_carea' id='block_1_89' title="bbox 2110 2922 3709 2998">
    <p class='ocr_par' dir='ltr' id='par_1_89' title="bbox 2110 2922 3709 2998">
     <span class='ocr_line' id='line_1_89' title="bbox 2110 2922 3709 2998; baseline -0.005 -17"><span class='ocrx_word' id='word_1_617' title='bbox 2110 2926 2329 2993; x_wconf 83' lang='lat' dir='ltr'><strong>talibus,</strong></span> <span class='ocrx_word' id='word_1_618' title='bbox 2362 2928 2645 2998; x_wconf 87' lang='lat' dir='ltr'><strong>repentino</strong></span> <span class='ocrx_word' id='word_1_619' title='bbox 2678 2927 2766 2982; x_wconf 93' lang='lat' dir='ltr'><strong>illo</strong></span> <span class='ocrx_word' id='word_1_620' title='bbox 2798 2927 2999 2997; x_wconf 89' lang='lat' dir='ltr'><strong>impetu</strong></span> <span class='ocrx_word' id='word_1_621' title='bbox 3037 2922 3313 2993; x_wconf 83' lang='lat' dir='ltr'><strong>religionis</strong></span> <span class='ocrx_word' id='word_1_622' title='bbox 3343 2922 3709 2991; x_wconf 75' lang='lat' dir='ltr'><strong>frigescente,</strong></span> 
     </span>
    </p>
   </div>
   <div class='ocr_carea' id='block_1_90' title="bbox 2110 3012 3715 3092">
    <p class='ocr_par' dir='ltr' id='par_1_90' title="bbox 2110 3012 3715 3092">
     <span class='ocr_line' id='line_1_90' title="bbox 2110 3012 3715 3092; baseline -0.007 -15"><span class='ocrx_word' id='word_1_623' title='bbox 2110 3023 2161 3077; x_wconf 91' lang='lat' dir='ltr'><strong>in</strong></span> <span class='ocrx_word' id='word_1_624' title='bbox 2189 3022 2304 3077; x_wconf 91' lang='lat' dir='ltr'><strong>dics</strong></span> <span class='ocrx_word' id='word_1_625' title='bbox 2335 3022 2387 3075; x_wconf 91' lang='lat' dir='ltr'><strong>in</strong></span> <span class='ocrx_word' id='word_1_626' title='bbox 2416 3021 2663 3092; x_wconf 86' lang='lat' dir='ltr'><strong>Angliam</strong></span> <span class='ocrx_word' id='word_1_627' title='bbox 2696 3020 2929 3075; x_wconf 91' lang='lat' dir='ltr'><strong>reditum</strong></span> <span class='ocrx_word' id='word_1_628' title='bbox 2972 3017 3361 3073; x_wconf 89' lang='lat' dir='ltr'><strong>meditabatur.</strong></span> <span class='ocrx_word' id='word_1_629' title='bbox 3412 3012 3715 3070; x_wconf 68' lang='lat' dir='ltr'><strong>Alﬁaverat</strong></span> 
     </span>
    </p>
   </div>
   <div class='ocr_carea' id='block_1_91' title="bbox 2112 3108 3714 3183">
    <p class='ocr_par' dir='ltr' id='par_1_91' title="bbox 2112 3108 3714 3183">
     <span class='ocr_line' id='line_1_91' title="bbox 2112 3108 3714 3183; baseline -0.006 -14"><span class='ocrx_word' id='word_1_630' title='bbox 2112 3114 2384 3169; x_wconf 90' lang='lat' dir='ltr'><strong>secundus</strong></span> <span class='ocrx_word' id='word_1_631' title='bbox 2434 3129 2623 3169; x_wconf 82' lang='lat' dir='ltr'><strong>rumor</strong></span> <span class='ocrx_word' id='word_1_632' title='bbox 2668 3129 2829 3168; x_wconf 87' lang='lat' dir='ltr'><strong>aures</strong></span> <span class='ocrx_word' id='word_1_633' title='bbox 2888 3112 3003 3183; x_wconf 89' lang='lat' dir='ltr'><strong>ejus</strong></span> <span class='ocrx_word' id='word_1_634' title='bbox 3044 3108 3346 3165; x_wconf 84' lang='lat' dir='ltr'><strong>Alwoldum</strong></span> <span class='ocrx_word' id='word_1_635' title='bbox 3392 3109 3714 3178; x_wconf 82' lang='lat' dir='ltr'><strong>episcopum</strong></span> 
     </span>
    </p>
   </div>
   <div class='ocr_carea' id='block_1_92' title="bbox 2035 3183 3711 3281">
    <p class='ocr_par' dir='ltr' id='par_1_92' title="bbox 2035 3183 3711 3281">
     <span class='ocr_line' id='line_1_92' title="bbox 2035 3183 3711 3281; baseline -0.007 -21"><span class='ocrx_word' id='word_1_636' title='bbox 2035 3183 2080 3243; x_wconf 75' lang='lat' dir='ltr'><strong>C</strong></span> <span class='ocrx_word' id='word_1_637' title='bbox 2115 3204 2637 3260; x_wconf 87' lang='lat' dir='ltr'><strong>Schireburnensem</strong></span> <span class='ocrx_word' id='word_1_638' title='bbox 2685 3204 2907 3281; x_wconf 87' lang='lat' dir='ltr'><strong>obiisse.</strong></span> <span class='ocrx_word' id='word_1_639' title='bbox 2953 3202 3019 3256; x_wconf 85' lang='lat' dir='ltr'><strong>Et</strong></span> <span class='ocrx_word' id='word_1_640' title='bbox 3051 3200 3162 3269; x_wconf 90' lang='lat' dir='ltr'><strong>jam</strong></span> <span class='ocrx_word' id='word_1_641' title='bbox 3199 3199 3526 3262; x_wconf 81' lang='lat' dir='ltr'><strong>Godwinus,</strong></span> <span class='ocrx_word' id='word_1_642' title='bbox 3558 3212 3711 3268; x_wconf 69' lang='lat' dir='ltr'><strong>quem</strong></span> 
     </span>
    </p>
   </div>
   <div class='ocr_carea' id='block_1_93' title="bbox 2111 3290 3707 3360">
    <p class='ocr_par' dir='ltr' id='par_1_93' title="bbox 2111 3290 3707 3360">
     <span class='ocr_line' id='line_1_93' title="bbox 2111 3290 3707 3360; baseline -0.004 -12"><span class='ocrx_word' id='word_1_643' title='bbox 2111 3294 2462 3349; x_wconf 70' lang='lat' dir='ltr'><strong>vehementer</strong></span> <span class='ocrx_word' id='word_1_644' title='bbox 2496 3295 2741 3360; x_wconf 88' lang='lat' dir='ltr'><strong>timebat,</strong></span> <span class='ocrx_word' id='word_1_645' title='bbox 2776 3293 3140 3356; x_wconf 88' lang='lat' dir='ltr'><strong>discesserat;</strong></span> <span class='ocrx_word' id='word_1_646' title='bbox 3176 3290 3432 3359; x_wconf 81' lang='lat' dir='ltr'><strong>ﬁliusque</strong></span> <span class='ocrx_word' id='word_1_647' title='bbox 3472 3290 3602 3360; x_wconf 86' lang='lat' dir='ltr'><strong>ejus</strong></span> <span class='ocrx_word' id='word_1_648' title='bbox 3633 3304 3707 3341; x_wconf 76' lang='lat' dir='ltr'><strong>vo</strong></span> 
     </span>
    </p>
   </div>
   <div class='ocr_carea' id='block_1_94' title="bbox 2115 3378 3702 3453">
    <p class='ocr_par' dir='ltr' id='par_1_94' title="bbox 2115 3378 3702 3453">
     <span class='ocr_line' id='line_1_94' title="bbox 2115 3378 3702 3453; baseline -0.004 -16"><span class='ocrx_word' id='word_1_649' title='bbox 2115 3383 2309 3437; x_wconf 90' lang='lat' dir='ltr'><strong>luntali</strong></span> <span class='ocrx_word' id='word_1_650' title='bbox 2340 3383 2483 3453; x_wconf 88' lang='lat' dir='ltr'><strong>regis</strong></span> <span class='ocrx_word' id='word_1_651' title='bbox 2518 3425 2533 3451; x_wconf 93' lang='lat'><strong>,</strong></span> <span class='ocrx_word' id='word_1_652' title='bbox 2565 3390 2618 3436; x_wconf 90' lang='lat' dir='ltr'><strong>et</strong></span> <span class='ocrx_word' id='word_1_653' title='bbox 2652 3380 2704 3436; x_wconf 91' lang='lat' dir='ltr'><strong>in</strong></span> <span class='ocrx_word' id='word_1_654' title='bbox 2738 3382 2839 3435; x_wconf 86' lang='lat' dir='ltr'><strong>hoc</strong></span> <span class='ocrx_word' id='word_1_655' title='bbox 2866 3390 2920 3436; x_wconf 92' lang='lat' dir='ltr'><strong>et</strong></span> <span class='ocrx_word' id='word_1_656' title='bbox 2946 3381 2999 3434; x_wconf 89' lang='lat' dir='ltr'><strong>in</strong></span> <span class='ocrx_word' id='word_1_657' title='bbox 3030 3380 3150 3435; x_wconf 91' lang='lat' dir='ltr'><strong>aliis</strong></span> <span class='ocrx_word' id='word_1_658' title='bbox 3186 3386 3521 3434; x_wconf 82' lang='lat' dir='ltr'><strong>accesserat.</strong></span> <span class='ocrx_word' id='word_1_659' title='bbox 3558 3378 3702 3431; x_wconf 68' lang='lat' dir='ltr'><strong>Axe</strong></span> 
     </span>
    </p>
   </div>
   <div class='ocr_carea' id='block_1_95' title="bbox 2113 3466 3695 3541">
    <p class='ocr_par' dir='ltr' id='par_1_95' title="bbox 2113 3466 3695 3541">
     <span class='ocr_line' id='line_1_95' title="bbox 2113 3466 3695 3541; baseline -0.004 -15"><span class='ocrx_word' id='word_1_660' title='bbox 2113 3472 2189 3541; x_wconf 89' lang='lat' dir='ltr'><strong>pit</strong></span> <span class='ocrx_word' id='word_1_661' title='bbox 2221 3487 2349 3541; x_wconf 87' lang='lat' dir='ltr'><strong>ergo</strong></span> <span class='ocrx_word' id='word_1_662' title='bbox 2375 3472 2725 3526; x_wconf 86' lang='lat' dir='ltr'><strong>llcrmaunus</strong></span> <span class='ocrx_word' id='word_1_663' title='bbox 2754 3470 3017 3525; x_wconf 84' lang='lat' dir='ltr'><strong>Schirebu</strong></span> <span class='ocrx_word' id='word_1_664' title='bbox 3030 3484 3277 3523; x_wconf 85' lang='lat' dir='ltr'><strong>mensem</strong></span> <span class='ocrx_word' id='word_1_665' title='bbox 3306 3466 3480 3538; x_wconf 77' lang='lat'><strong>338</strong></span> <span class='ocrx_word' id='word_1_666' title='bbox 3504 3468 3695 3537; x_wconf 75' lang='lat' dir='ltr'><strong>episca</strong></span> 
     </span>
    </p>
   </div>
   <div class='ocr_carea' id='block_1_96' title="bbox 2114 3557 3711 3633">
    <p class='ocr_par' dir='ltr' id='par_1_96' title="bbox 2114 3557 3711 3633">
     <span class='ocr_line' id='line_1_96' title="bbox 2114 3557 3711 3633; baseline -0.003 -19"><span class='ocrx_word' id='word_1_667' title='bbox 2114 3571 2294 3632; x_wconf 84' lang='lat' dir='ltr'><strong>patum</strong></span> <span class='ocrx_word' id='word_1_668' title='bbox 2318 3562 2583 3633; x_wconf 89' lang='lat' dir='ltr'><strong>integrum</strong></span> <span class='ocrx_word' id='word_1_669' title='bbox 2607 3576 2726 3615; x_wconf 90' lang='lat' dir='ltr'><strong>cum</strong></span> <span class='ocrx_word' id='word_1_670' title='bbox 2747 3560 2919 3615; x_wconf 87' lang='lat' dir='ltr'><strong>tribus</strong></span> <span class='ocrx_word' id='word_1_671' title='bbox 2938 3559 3086 3630; x_wconf 88' lang='lat' dir='ltr'><strong>pagis</strong></span> <span class='ocrx_word' id='word_1_672' title='bbox 3103 3557 3356 3613; x_wconf 85' lang='lat' dir='ltr'><strong>Eduardo</strong></span> <span class='ocrx_word' id='word_1_673' title='bbox 3380 3572 3512 3628; x_wconf 86' lang='lat' dir='ltr'><strong>rege</strong></span> <span class='ocrx_word' id='word_1_674' title='bbox 3533 3557 3711 3617; x_wconf 60' lang='lat' dir='ltr'><strong>dante,</strong></span> 
     </span>
    </p>
   </div>
   <div class='ocr_carea' id='block_1_97' title="bbox 2114 3644 3709 3720">
    <p class='ocr_par' dir='ltr' id='par_1_97' title="bbox 2114 3644 3709 3720">
     <span class='ocr_line' id='line_1_97' title="bbox 2114 3644 3709 3720; baseline -0.005 -15"><span class='ocrx_word' id='word_1_675' title='bbox 2114 3650 2515 3720; x_wconf 86' lang='lat' dir='ltr'><strong>vivacitateque</strong></span> <span class='ocrx_word' id='word_1_676' title='bbox 2564 3650 2645 3705; x_wconf 89' lang='lat' dir='ltr'><strong>sui</strong></span> <span class='ocrx_word' id='word_1_677' title='bbox 2705 3649 2909 3704; x_wconf 84' lang='lat' dir='ltr'><strong>datoris</strong></span> <span class='ocrx_word' id='word_1_678' title='bbox 2951 3663 3125 3702; x_wconf 89' lang='lat' dir='ltr'><strong>annos</strong></span> <span class='ocrx_word' id='word_1_679' title='bbox 3183 3646 3596 3701; x_wconf 70' lang='lat' dir='ltr'><strong>transcenderis</strong></span> <span class='ocrx_word' id='word_1_680' title='bbox 3648 3644 3709 3697; x_wconf 70' lang='lat' dir='ltr'><strong>id</strong></span> 
     </span>
    </p>
   </div>
   <div class='ocr_carea' id='block_1_98' title="bbox 2113 3735 3711 3809">
    <p class='ocr_par' dir='ltr' id='par_1_98' title="bbox 2113 3735 3711 3809">
     <span class='ocr_line' id='line_1_98' title="bbox 2113 3735 3711 3809; baseline -0.006 -13"><span class='ocrx_word' id='word_1_681' title='bbox 2113 3740 2383 3796; x_wconf 85' lang='lat' dir='ltr'><strong>Guillelmi</strong></span> <span class='ocrx_word' id='word_1_682' title='bbox 2414 3750 2653 3809; x_wconf 86' lang='lat' dir='ltr'><strong>tempora</strong></span> <span class='ocrx_word' id='word_1_683' title='bbox 2671 3740 2904 3807; x_wconf 83' lang='lat' dir='ltr'><strong>duravit,</strong></span> <span class='ocrx_word' id='word_1_684' title='bbox 2929 3738 3027 3793; x_wconf 90' lang='lat' dir='ltr'><strong>sub</strong></span> <span class='ocrx_word' id='word_1_685' title='bbox 3049 3753 3157 3809; x_wconf 90' lang='lat' dir='ltr'><strong>quo</strong></span> <span class='ocrx_word' id='word_1_686' title='bbox 3184 3735 3423 3793; x_wconf 89' lang='lat' dir='ltr'><strong>tribunal</strong></span> <span class='ocrx_word' id='word_1_687' title='bbox 3455 3735 3522 3789; x_wconf 90' lang='lat' dir='ltr'><strong>ad</strong></span> <span class='ocrx_word' id='word_1_688' title='bbox 3554 3751 3711 3791; x_wconf 82' lang='lat' dir='ltr'><strong>suun</strong></span> 
     </span>
    </p>
   </div>
   <div class='ocr_carea' id='block_1_99' title="bbox 2116 3826 3712 3892">
    <p class='ocr_par' dir='ltr' id='par_1_99' title="bbox 2116 3826 3712 3892">
     <span class='ocr_line' id='line_1_99' title="bbox 2116 3826 3712 3892; baseline -0.004 -9"><span class='ocrx_word' id='word_1_689' title='bbox 2116 3830 2397 3885; x_wconf 86' lang='lat' dir='ltr'><strong>transtulit</strong></span> <span class='ocrx_word' id='word_1_690' title='bbox 2443 3828 2831 3885; x_wconf 87' lang='lat' dir='ltr'><strong>Schircburnia</strong></span> <span class='ocrx_word' id='word_1_691' title='bbox 2887 3829 3274 3892; x_wconf 86' lang='lat' dir='ltr'><strong>Salesberiam,</strong></span> <span class='ocrx_word' id='word_1_692' title='bbox 3322 3846 3341 3879; x_wconf 75' lang='grc' dir='ltr'><strong><em>ι</em></strong></span> <span class='ocrx_word' id='word_1_693' title='bbox 3378 3836 3491 3881; x_wconf 88' lang='lat' dir='ltr'><strong>etc.</strong></span> <span class='ocrx_word' id='word_1_694' title='bbox 3537 3826 3712 3881; x_wconf 55' lang='lat' dir='ltr'><strong>ﬂeret</strong></span> 
     </span>
    </p>
   </div>
   <div class='ocr_carea' id='block_1_100' title="bbox 2114 3917 3710 3991">
    <p class='ocr_par' dir='ltr' id='par_1_100' title="bbox 2114 3917 3710 3991">
     <span class='ocr_line' id='line_1_100' title="bbox 2114 3917 3710 3991; baseline -0.003 -16"><span class='ocrx_word' id='word_1_695' title='bbox 2114 3922 2358 3991; x_wconf 82' lang='lat' dir='ltr'><strong>profecto</strong></span> <span class='ocrx_word' id='word_1_696' title='bbox 2379 3920 2614 3985; x_wconf 88' lang='lat' dir='ltr'><strong>animus,</strong></span> <span class='ocrx_word' id='word_1_697' title='bbox 2640 3928 2693 3974; x_wconf 89' lang='lat' dir='ltr'><strong>et</strong></span> <span class='ocrx_word' id='word_1_698' title='bbox 2720 3920 2807 3974; x_wconf 92' lang='lat' dir='ltr'><strong>ubi</strong></span> <span class='ocrx_word' id='word_1_699' title='bbox 2830 3921 3021 3989; x_wconf 91' lang='lat' dir='ltr'><strong>pedem</strong></span> <span class='ocrx_word' id='word_1_700' title='bbox 3043 3919 3210 3989; x_wconf 88' lang='lat' dir='ltr'><strong>figere</strong></span> <span class='ocrx_word' id='word_1_701' title='bbox 3232 3917 3461 3973; x_wconf 86' lang='lat' dir='ltr'><strong>debeam</strong></span> <span class='ocrx_word' id='word_1_702' title='bbox 3492 3918 3710 3988; x_wconf 66' lang='lat' dir='ltr'><strong>ignoro</strong></span> 
     </span>
    </p>
   </div>
   <div class='ocr_carea' id='block_1_101' title="bbox 2114 4009 3710 4081">
    <p class='ocr_par' dir='ltr' id='par_1_101' title="bbox 2114 4009 3710 4081">
     <span class='ocr_line' id='line_1_101' title="bbox 2114 4009 3710 4081; baseline -0.003 -14"><span class='ocrx_word' id='word_1_703' title='bbox 2114 4013 2487 4068; x_wconf 84' lang='lat' dir='ltr'><strong>Lanfrancone</strong></span> <span class='ocrx_word' id='word_1_704' title='bbox 2523 4013 2646 4067; x_wconf 87' lang='lat' dir='ltr'><strong>testi</strong></span> <span class='ocrx_word' id='word_1_705' title='bbox 2696 4012 2911 4067; x_wconf 90' lang='lat' dir='ltr'><strong>oculato</strong></span> <span class='ocrx_word' id='word_1_706' title='bbox 2940 4052 2954 4076; x_wconf 96' lang='lat'><strong>,</strong></span> <span class='ocrx_word' id='word_1_707' title='bbox 2997 4012 3089 4081; x_wconf 90' lang='lat' dir='ltr'><strong>qui</strong></span> <span class='ocrx_word' id='word_1_708' title='bbox 3152 4009 3526 4065; x_wconf 80' lang='lat' dir='ltr'><strong>Hcrmannum</strong></span> <span class='ocrx_word' id='word_1_709' title='bbox 3574 4009 3710 4063; x_wconf 67' lang='lat' dir='ltr'><strong>intus</strong></span> 
     </span>
    </p>
   </div>
   <div class='ocr_carea' id='block_1_102' title="bbox 2112 4098 3709 4176">
    <p class='ocr_par' dir='ltr' id='par_1_102' title="bbox 2112 4098 3709 4176">
     <span class='ocr_line' id='line_1_102' title="bbox 2112 4098 3709 4176; baseline -0.004 -17"><span class='ocrx_word' id='word_1_710' title='bbox 2112 4106 2247 4161; x_wconf 89' lang='lat' dir='ltr'><strong>etin</strong></span> <span class='ocrx_word' id='word_1_711' title='bbox 2290 4114 2414 4160; x_wconf 86' lang='lat' dir='ltr'><strong>cute</strong></span> <span class='ocrx_word' id='word_1_712' title='bbox 2440 4103 2913 4176; x_wconf 88' lang='lat' dir='ltr'><strong>(quemadmodum</strong></span> <span class='ocrx_word' id='word_1_713' title='bbox 2961 4101 3051 4157; x_wconf 81' lang='lat' dir='ltr'><strong>iila</strong></span> <span class='ocrx_word' id='word_1_714' title='bbox 3098 4116 3164 4155; x_wconf 77' lang='lat' dir='ltr'><strong>ex</strong></span> <span class='ocrx_word' id='word_1_715' title='bbox 3199 4098 3429 4170; x_wconf 88' lang='lat' dir='ltr'><strong>epistola</strong></span> <span class='ocrx_word' id='word_1_716' title='bbox 3459 4111 3709 4169; x_wconf 86' lang='lat' dir='ltr'><strong>comper-</strong></span> 
     </span>
    </p>
   </div>
   <div class='ocr_carea' id='block_1_103' title="bbox 2116 4191 3707 4268">
    <p class='ocr_par' dir='ltr' id='par_1_103' title="bbox 2116 4191 3707 4268">
     <span class='ocr_line' id='line_1_103' title="bbox 2116 4191 3707 4268; baseline -0.006 -16"><span class='ocrx_word' id='word_1_717' title='bbox 2116 4208 2228 4252; x_wconf 88' lang='lat' dir='ltr'><strong>tmn</strong></span> <span class='ocrx_word' id='word_1_718' title='bbox 2258 4197 2511 4268; x_wconf 88' lang='lat' dir='ltr'><strong>habetur)</strong></span> <span class='ocrx_word' id='word_1_719' title='bbox 2538 4197 2741 4266; x_wconf 87' lang='lat' dir='ltr'><strong>optimc</strong></span> <span class='ocrx_word' id='word_1_720' title='bbox 2790 4203 3032 4260; x_wconf 85' lang='lat' dir='ltr'><strong>noverat,</strong></span> <span class='ocrx_word' id='word_1_721' title='bbox 3080 4194 3243 4248; x_wconf 63' lang='lat' dir='ltr'><strong>fidem</strong></span> <span class='ocrx_word' id='word_1_722' title='bbox 3291 4191 3707 4262; x_wconf 60' lang='lat' dir='ltr'><strong>prrestabimus,</strong></span> 
     </span>
    </p>
   </div>
   <div class='ocr_carea' id='block_1_104' title="bbox 2114 4281 3691 4356">
    <p class='ocr_par' dir='ltr' id='par_1_104' title="bbox 2114 4281 3691 4356">
     <span class='ocr_line' id='line_1_104' title="bbox 2114 4281 3691 4356; baseline -0.004 -12"><span class='ocrx_word' id='word_1_723' title='bbox 2114 4306 2181 4344; x_wconf 87' lang='lat' dir='ltr'><strong>an</strong></span> <span class='ocrx_word' id='word_1_724' title='bbox 2210 4303 2339 4343; x_wconf 90' lang='lat' dir='ltr'><strong>vero</strong></span> <span class='ocrx_word' id='word_1_725' title='bbox 2365 4287 2830 4342; x_wconf 78' lang='lat' dir='ltr'><strong>Malmesburiensi</strong></span> <span class='ocrx_word' id='word_1_726' title='bbox 2857 4327 2872 4354; x_wconf 92' lang='lat'><strong>,</strong></span> <span class='ocrx_word' id='word_1_727' title='bbox 2904 4286 3134 4356; x_wconf 83' lang='lat' dir='ltr'><strong>aliisque</strong></span> <span class='ocrx_word' id='word_1_728' title='bbox 3166 4281 3449 4339; x_wconf 88' lang='lat' dir='ltr'><strong>nonnullis</strong></span> <span class='ocrx_word' id='word_1_729' title='bbox 3476 4284 3691 4354; x_wconf 85' lang='lat' dir='ltr'><strong>scripto</strong></span> 
     </span>
    </p>
   </div>
   <div class='ocr_carea' id='block_1_105' title="bbox 2117 4374 3709 4447">
    <p class='ocr_par' dir='ltr' id='par_1_105' title="bbox 2117 4374 3709 4447">
     <span class='ocr_line' id='line_1_105' title="bbox 2117 4374 3709 4447; baseline -0.006 -13"><span class='ocrx_word' id='word_1_730' title='bbox 2117 4382 2287 4445; x_wconf 88' lang='lat' dir='ltr'><strong>ribus,</strong></span> <span class='ocrx_word' id='word_1_731' title='bbox 2338 4379 2406 4433; x_wconf 90' lang='lat' dir='ltr'><strong>ad</strong></span> <span class='ocrx_word' id='word_1_732' title='bbox 2454 4393 2684 4447; x_wconf 89' lang='lat' dir='ltr'><strong>quorum</strong></span> <span class='ocrx_word' id='word_1_733' title='bbox 2732 4394 2892 4432; x_wconf 88' lang='lat' dir='ltr'><strong>aures</strong></span> <span class='ocrx_word' id='word_1_734' title='bbox 2933 4375 3226 4432; x_wconf 79' lang='lat' dir='ltr'><strong>Ilertnanni</strong></span> <span class='ocrx_word' id='word_1_735' title='bbox 3265 4384 3416 4445; x_wconf 86' lang='lat' dir='ltr'><strong>gesta</strong></span> <span class='ocrx_word' id='word_1_736' title='bbox 3464 4390 3528 4428; x_wconf 71' lang='lat' dir='ltr'><strong>ex</strong></span> <span class='ocrx_word' id='word_1_737' title='bbox 3568 4374 3709 4443; x_wconf 78' lang='lat' dir='ltr'><strong>vulgi</strong></span> 
     </span>
    </p>
   </div>
   <div class='ocr_carea' id='block_1_106' title="bbox 2116 4464 3709 4538">
    <p class='ocr_par' dir='ltr' id='par_1_106' title="bbox 2116 4464 3709 4538">
     <span class='ocr_line' id='line_1_106' title="bbox 2116 4464 3709 4538; baseline -0.005 -14"><span class='ocrx_word' id='word_1_738' title='bbox 2116 4472 2375 4524; x_wconf 79' lang='lat' dir='ltr'><strong>duntaxat</strong></span> <span class='ocrx_word' id='word_1_739' title='bbox 2403 4484 2622 4524; x_wconf 88' lang='lat' dir='ltr'><strong>rumore</strong></span> <span class='ocrx_word' id='word_1_740' title='bbox 2653 4484 2719 4523; x_wconf 91' lang='lat' dir='ltr'><strong>ac</strong></span> <span class='ocrx_word' id='word_1_741' title='bbox 2774 4468 3033 4524; x_wconf 83' lang='lat' dir='ltr'><strong>relatione</strong></span> <span class='ocrx_word' id='word_1_742' title='bbox 3077 4466 3487 4538; x_wconf 76' lang='lat' dir='ltr'><strong>pervenerant?</strong></span> <span class='ocrx_word' id='word_1_743' title='bbox 3534 4464 3709 4520; x_wconf 79' lang='lat' dir='ltr'><strong>Penes</strong></span> 
     </span>
    </p>
   </div>
   <div class='ocr_carea' id='block_1_107' title="bbox 2115 4552 3707 4630">
    <p class='ocr_par' dir='ltr' id='par_1_107' title="bbox 2115 4552 3707 4630">
     <span class='ocr_line' id='line_1_107' title="bbox 2115 4552 3707 4630; baseline -0.002 -17"><span class='ocrx_word' id='word_1_744' title='bbox 2115 4561 2370 4616; x_wconf 90' lang='lat' dir='ltr'><strong>lectorem</strong></span> <span class='ocrx_word' id='word_1_745' title='bbox 2418 4570 2536 4615; x_wconf 90' lang='lat' dir='ltr'><strong>esto</strong></span> <span class='ocrx_word' id='word_1_746' title='bbox 2567 4559 2853 4629; x_wconf 87' lang='lat' dir='ltr'><strong>judicium.</strong></span> <span class='ocrx_word' id='word_1_747' title='bbox 2898 4560 3006 4616; x_wconf 82' lang='lat' dir='ltr'><strong>Sed</strong></span> <span class='ocrx_word' id='word_1_748' title='bbox 3052 4574 3180 4615; x_wconf 70' lang='lat' dir='ltr'><strong>vero</strong></span> <span class='ocrx_word' id='word_1_749' title='bbox 3226 4559 3308 4630; x_wconf 83' lang='lat' dir='ltr'><strong>(ut</strong></span> <span class='ocrx_word' id='word_1_750' title='bbox 3356 4552 3535 4613; x_wconf 80' lang='lat' dir='ltr'><strong>dicam</strong></span> <span class='ocrx_word' id='word_1_751' title='bbox 3571 4556 3707 4629; x_wconf 69' lang='lat' dir='ltr'><strong>quo]</strong></span> 
     </span>
    </p>
   </div>
   <div class='ocr_carea' id='block_1_108' title="bbox 2116 4650 3707 4722">
    <p class='ocr_par' dir='ltr' id='par_1_108' title="bbox 2116 4650 3707 4722">
     <span class='ocr_line' id='line_1_108' title="bbox 2116 4650 3707 4722; baseline -0.002 -15"><span class='ocrx_word' id='word_1_752' title='bbox 2116 4651 2312 4721; x_wconf 85' lang='lat' dir='ltr'><strong>sentio)</strong></span> <span class='ocrx_word' id='word_1_753' title='bbox 2338 4651 2558 4706; x_wconf 89' lang='lat' dir='ltr'><strong>sinistro</strong></span> <span class='ocrx_word' id='word_1_754' title='bbox 2588 4650 2771 4707; x_wconf 89' lang='lat' dir='ltr'><strong>animo</strong></span> <span class='ocrx_word' id='word_1_755' title='bbox 2806 4650 3091 4721; x_wconf 83' lang='lat' dir='ltr'><strong>praefatum</strong></span> <span class='ocrx_word' id='word_1_756' title='bbox 3132 4652 3447 4722; x_wconf 69' lang='lat' dir='ltr'><strong>episcopum</strong></span> <span class='ocrx_word' id='word_1_757' title='bbox 3476 4666 3605 4721; x_wconf 76' lang='lat' dir='ltr'><strong>qua:</strong></span> <span class='ocrx_word' id='word_1_758' title='bbox 3628 4664 3707 4704; x_wconf 82' lang='lat' dir='ltr'><strong>te-</strong></span> 
     </span>
    </p>
   </div>
   <div class='ocr_carea' id='block_1_109' title="bbox 2116 4741 3703 4825">
    <p class='ocr_par' dir='ltr' id='par_1_109' title="bbox 2116 4741 3703 4825">
     <span class='ocr_line' id='line_1_109' title="bbox 2116 4741 3703 4825; baseline -0.002 -30"><span class='ocrx_word' id='word_1_759' title='bbox 2116 4741 2223 4825; x_wconf 12' lang='lat' dir='ltr'><strong>l‘ata</strong></span> <span class='ocrx_word' id='word_1_760' title='bbox 2254 4750 2379 4796; x_wconf 88' lang='lat' dir='ltr'><strong>sunt</strong></span> <span class='ocrx_word' id='word_1_761' title='bbox 2406 4741 2684 4806; x_wconf 82' lang='lat' dir='ltr'><strong>actitasse,</strong></span> <span class='ocrx_word' id='word_1_762' title='bbox 2718 4757 2824 4797; x_wconf 90' lang='lat' dir='ltr'><strong>non</strong></span> <span class='ocrx_word' id='word_1_763' title='bbox 2852 4751 2937 4798; x_wconf 90' lang='lat' dir='ltr'><strong>est</strong></span> <span class='ocrx_word' id='word_1_764' title='bbox 2968 4757 3154 4797; x_wconf 79' lang='lat' dir='ltr'><strong>revera</strong></span> <span class='ocrx_word' id='word_1_765' title='bbox 3199 4757 3297 4796; x_wconf 90' lang='lat' dir='ltr'><strong>cur</strong></span> <span class='ocrx_word' id='word_1_766' title='bbox 3339 4742 3540 4811; x_wconf 87' lang='lat' dir='ltr'><strong>aliquis</strong></span> <span class='ocrx_word' id='word_1_767' title='bbox 3590 4757 3703 4796; x_wconf 51' lang='lat' dir='ltr'><strong>sca.</strong></span> 
     </span>
    </p>
   </div>
   <div class='ocr_carea' id='block_1_110' title="bbox 2116 4825 3708 4899">
    <p class='ocr_par' dir='ltr' id='par_1_110' title="bbox 2116 4825 3708 4899">
     <span class='ocr_line' id='line_1_110' title="bbox 2116 4825 3708 4899; baseline -0.001 -12"><span class='ocrx_word' id='word_1_768' title='bbox 2116 4835 2341 4888; x_wconf 88' lang='lat' dir='ltr'><strong>tentiam</strong></span> <span class='ocrx_word' id='word_1_769' title='bbox 2367 4842 2596 4888; x_wconf 83' lang='lat' dir='ltr'><strong>asserat.</strong></span> <span class='ocrx_word' id='word_1_770' title='bbox 2622 4825 2708 4887; x_wconf 19' lang='lat' dir='ltr'><strong>‘An</strong></span> <span class='ocrx_word' id='word_1_771' title='bbox 2738 4850 2843 4889; x_wconf 89' lang='lat' dir='ltr'><strong>non</strong></span> <span class='ocrx_word' id='word_1_772' title='bbox 2870 4830 3211 4890; x_wconf 69' lang='lat' dir='ltr'><strong>ccenobitica:</strong></span> <span class='ocrx_word' id='word_1_773' title='bbox 3235 4834 3363 4889; x_wconf 61' lang='lat' dir='ltr'><strong>&#39;vitze</strong></span> <span class='ocrx_word' id='word_1_774' title='bbox 3397 4838 3623 4899; x_wconf 84' lang='lat' dir='ltr'><strong>amore,</strong></span> <span class='ocrx_word' id='word_1_775' title='bbox 3657 4841 3708 4885; x_wconf 77' lang='lat' dir='ltr'><strong>et</strong></span> 
     </span>
    </p>
   </div>
   <div class='ocr_carea' id='block_1_111' title="bbox 2117 4918 3706 4993">
    <p class='ocr_par' dir='ltr' id='par_1_111' title="bbox 2117 4918 3706 4993">
     <span class='ocr_line' id='line_1_111' title="bbox 2117 4918 3706 4993; baseline -0.001 -18"><span class='ocrx_word' id='word_1_776' title='bbox 2117 4938 2296 4976; x_wconf 87' lang='lat' dir='ltr'><strong>rerum</strong></span> <span class='ocrx_word' id='word_1_777' title='bbox 2324 4922 2663 4977; x_wconf 80' lang='lat' dir='ltr'><strong>saecularium</strong></span> <span class='ocrx_word' id='word_1_778' title='bbox 2692 4921 2907 4977; x_wconf 88' lang='lat' dir='ltr'><strong>fastidio</strong></span> <span class='ocrx_word' id='word_1_779' title='bbox 2935 4924 3191 4979; x_wconf 84' lang='lat' dir='ltr'><strong>secedere</strong></span> <span class='ocrx_word' id='word_1_780' title='bbox 3241 4922 3418 4993; x_wconf 91' lang='lat' dir='ltr'><strong>potuit</strong></span> <span class='ocrx_word' id='word_1_781' title='bbox 3442 4918 3706 4975; x_wconf 74' lang='lat' dir='ltr'><strong>Herman-</strong></span> 
     </span>
    </p>
   </div>
   <div class='ocr_carea' id='block_1_112' title="bbox 2116 5010 3705 5085">
    <p class='ocr_par' dir='ltr' id='par_1_112' title="bbox 2116 5010 3705 5085">
     <span class='ocr_line' id='line_1_112' title="bbox 2116 5010 3705 5085; baseline 0 -19"><span class='ocrx_word' id='word_1_782' title='bbox 2116 5013 2259 5067; x_wconf 89' lang='lat' dir='ltr'><strong>nus?</strong></span> <span class='ocrx_word' id='word_1_783' title='bbox 2288 5010 2491 5067; x_wconf 86' lang='lat' dir='ltr'><strong>Forsan</strong></span> <span class='ocrx_word' id='word_1_784' title='bbox 2525 5020 2580 5066; x_wconf 91' lang='lat' dir='ltr'><strong>et</strong></span> <span class='ocrx_word' id='word_1_785' title='bbox 2605 5013 2861 5083; x_wconf 87' lang='lat' dir='ltr'><strong>pauperie</strong></span> <span class='ocrx_word' id='word_1_786' title='bbox 2892 5027 3184 5082; x_wconf 87' lang='lat' dir='ltr'><strong>oppressus</strong></span> <span class='ocrx_word' id='word_1_787' title='bbox 3228 5023 3283 5068; x_wconf 91' lang='lat' dir='ltr'><strong>et</strong></span> <span class='ocrx_word' id='word_1_788' title='bbox 3342 5012 3705 5085; x_wconf 74' lang='lat' dir='ltr'><strong>eleemosym-</strong></span> 
     </span>
    </p>
   </div>
   <div class='ocr_carea' id='block_1_113' title="bbox 2115 5102 3701 5177">
    <p class='ocr_par' dir='ltr' id='par_1_113' title="bbox 2115 5102 3701 5177">
     <span class='ocr_line' id='line_1_113' title="bbox 2115 5102 3701 5177; baseline 0 -21"><span class='ocrx_word' id='word_1_789' title='bbox 2115 5119 2235 5157; x_wconf 90' lang='lat' dir='ltr'><strong>rum</strong></span> <span class='ocrx_word' id='word_1_790' title='bbox 2260 5103 2656 5175; x_wconf 88' lang='lat' dir='ltr'><strong>erogandarum</strong></span> <span class='ocrx_word' id='word_1_791' title='bbox 2688 5104 2871 5159; x_wconf 89' lang='lat' dir='ltr'><strong>animo</strong></span> <span class='ocrx_word' id='word_1_792' title='bbox 2894 5104 2991 5177; x_wconf 91' lang='lat' dir='ltr'><strong>(uti</strong></span> <span class='ocrx_word' id='word_1_793' title='bbox 3014 5105 3299 5175; x_wconf 71' lang='lat' dir='ltr'><strong>pnesulem</strong></span> <span class='ocrx_word' id='word_1_794' title='bbox 3326 5102 3507 5176; x_wconf 83' lang='lat' dir='ltr'><strong>decet)</strong></span> <span class='ocrx_word' id='word_1_795' title='bbox 3540 5116 3701 5174; x_wconf 83' lang='lat' dir='ltr'><strong>atque</strong></span> 
     </span>
    </p>
   </div>
   <div class='ocr_carea' id='block_1_114' title="bbox 2115 5191 3703 5262">
    <p class='ocr_par' dir='ltr' id='par_1_114' title="bbox 2115 5191 3703 5262">
     <span class='ocr_line' id='line_1_114' title="bbox 2115 5191 3703 5262; baseline -0.001 -15"><span class='ocrx_word' id='word_1_796' title='bbox 2115 5202 2174 5248; x_wconf 89' lang='lat' dir='ltr'><strong>ut</strong></span> <span class='ocrx_word' id='word_1_797' title='bbox 2210 5193 2437 5251; x_wconf 82' lang='lat' dir='ltr'><strong>clericos</strong></span> <span class='ocrx_word' id='word_1_798' title='bbox 2467 5194 2533 5247; x_wconf 87' lang='lat' dir='ltr'><strong>ad</strong></span> <span class='ocrx_word' id='word_1_799' title='bbox 2563 5193 2881 5249; x_wconf 86' lang='lat' dir='ltr'><strong>canonicam</strong></span> <span class='ocrx_word' id='word_1_800' title='bbox 2915 5194 3127 5248; x_wconf 88' lang='lat' dir='ltr'><strong>vivendi</strong></span> <span class='ocrx_word' id='word_1_801' title='bbox 3179 5191 3407 5247; x_wconf 74' lang='lat' dir='ltr'><strong>formam</strong></span> <span class='ocrx_word' id='word_1_802' title='bbox 3448 5193 3703 5262; x_wconf 83' lang='lat' dir='ltr'><strong>perduce-</strong></span> 
     </span>
    </p>
   </div>
   <div class='ocr_carea' id='block_1_115' title="bbox 2115 5282 3703 5354">
    <p class='ocr_par' dir='ltr' id='par_1_115' title="bbox 2115 5282 3703 5354">
     <span class='ocr_line' id='line_1_115' title="bbox 2115 5282 3703 5354; baseline -0.002 -16"><span class='ocrx_word' id='word_1_803' title='bbox 2115 5290 2218 5350; x_wconf 92' lang='lat' dir='ltr'><strong>ret,</strong></span> <span class='ocrx_word' id='word_1_804' title='bbox 2253 5284 2306 5338; x_wconf 92' lang='lat' dir='ltr'><strong>in</strong></span> <span class='ocrx_word' id='word_1_805' title='bbox 2340 5284 2613 5341; x_wconf 84' lang='lat' dir='ltr'><strong>abbatiam</strong></span> <span class='ocrx_word' id='word_1_806' title='bbox 2642 5282 3052 5340; x_wconf 43' lang='lat' dir='ltr'><strong>Melduneusem‘</strong></span> <span class='ocrx_word' id='word_1_807' title='bbox 3071 5284 3417 5354; x_wconf 84' lang='lat' dir='ltr'><strong>episcopatus</strong></span> <span class='ocrx_word' id='word_1_808' title='bbox 3450 5282 3703 5339; x_wconf 81' lang='lat' dir='ltr'><strong>transmi-</strong></span> 
     </span>
    </p>
   </div>
   <div class='ocr_carea' id='block_1_116' title="bbox 2114 5374 3701 5448">
    <p class='ocr_par' dir='ltr' id='par_1_116' title="bbox 2114 5374 3701 5448">
     <span class='ocr_line' id='line_1_116' title="bbox 2114 5374 3701 5448; baseline -0.001 -18"><span class='ocrx_word' id='word_1_809' title='bbox 2114 5377 2412 5448; x_wconf 83' lang='lat' dir='ltr'><strong>grationem</strong></span> <span class='ocrx_word' id='word_1_810' title='bbox 2441 5386 2524 5431; x_wconf 85' lang='lat' dir='ltr'><strong>est</strong></span> <span class='ocrx_word' id='word_1_811' title='bbox 2552 5378 2860 5433; x_wconf 90' lang='lat' dir='ltr'><strong>meditatus.</strong></span> <span class='ocrx_word' id='word_1_812' title='bbox 2912 5374 3102 5432; x_wconf 84' lang='lat' dir='ltr'><strong>Nonne</strong></span> <span class='ocrx_word' id='word_1_813' title='bbox 3144 5385 3195 5433; x_wconf 89' lang='lat' dir='ltr'><strong>et</strong></span> <span class='ocrx_word' id='word_1_814' title='bbox 3224 5376 3442 5446; x_wconf 71' lang='lat' dir='ltr'><strong>passim“</strong></span> <span class='ocrx_word' id='word_1_815' title='bbox 3477 5376 3701 5447; x_wconf 81' lang='lat' dir='ltr'><strong>legimus</strong></span> 
     </span>
    </p>
   </div>
   <div class='ocr_carea' id='block_1_117' title="bbox 2114 5452 3699 5539">
    <p class='ocr_par' dir='ltr' id='par_1_117' title="bbox 2114 5452 3699 5539">
     <span class='ocr_line' id='line_1_117' title="bbox 2114 5452 3699 5539; baseline -0.002 -18"><span class='ocrx_word' id='word_1_816' title='bbox 2114 5467 2256 5539; x_wconf 89' lang='lat' dir='ltr'><strong>apud</strong></span> <span class='ocrx_word' id='word_1_817' title='bbox 2281 5479 2553 5534; x_wconf 83' lang='lat' dir='ltr'><strong>auctores,</strong></span> <span class='ocrx_word' id='word_1_818' title='bbox 2579 5469 2687 5522; x_wconf 87' lang='lat' dir='ltr'><strong>imo</strong></span> <span class='ocrx_word' id='word_1_819' title='bbox 2712 5452 2981 5538; x_wconf 40' lang='lat' dir='ltr'><strong>usu&#39;szepe</strong></span> <span class='ocrx_word' id='word_1_820' title='bbox 3001 5467 3170 5534; x_wconf 87' lang='lat' dir='ltr'><strong>venit,</strong></span> <span class='ocrx_word' id='word_1_821' title='bbox 3199 5467 3461 5537; x_wconf 73' lang='lat' dir='ltr'><strong>plurimos</strong></span> <span class='ocrx_word' id='word_1_822' title='bbox 3482 5465 3699 5524; x_wconf 80' lang='lat' dir='ltr'><strong>scientia</strong></span> 
     </span>
    </p>
   </div>
   <div class='ocr_carea' id='block_1_118' title="bbox 2115 5559 3698 5629">
    <p class='ocr_par' dir='ltr' id='par_1_118' title="bbox 2115 5559 3698 5629">
     <span class='ocr_line' id='line_1_118' title="bbox 2115 5559 3698 5629; baseline -0.002 -15"><span class='ocrx_word' id='word_1_823' title='bbox 2115 5568 2169 5614; x_wconf 90' lang='lat' dir='ltr'><strong>et</strong></span> <span class='ocrx_word' id='word_1_824' title='bbox 2190 5559 2479 5614; x_wconf 84' lang='lat' dir='ltr'><strong>sanctitate</strong></span> <span class='ocrx_word' id='word_1_825' title='bbox 2497 5559 2644 5615; x_wconf 86' lang='lat' dir='ltr'><strong>viros</strong></span> <span class='ocrx_word' id='word_1_826' title='bbox 2664 5559 3030 5629; x_wconf 73' lang='lat' dir='ltr'><strong>percelebres,</strong></span> <span class='ocrx_word' id='word_1_827' title='bbox 3059 5574 3347 5614; x_wconf 90' lang='lat' dir='ltr'><strong>censorum</strong></span> <span class='ocrx_word' id='word_1_828' title='bbox 3370 5560 3626 5629; x_wconf 79' lang='lat' dir='ltr'><strong>spongias</strong></span> <span class='ocrx_word' id='word_1_829' title='bbox 3649 5564 3698 5610; x_wconf 79' lang='lat' dir='ltr'><strong>et</strong></span> 
     </span>
    </p>
   </div>
   <div class='ocr_carea' id='block_1_119' title="bbox 2114 5648 3697 5720">
    <p class='ocr_par' dir='ltr' id='par_1_119' title="bbox 2114 5648 3697 5720">
     <span class='ocr_line' id='line_1_119' title="bbox 2114 5648 3697 5720; baseline -0.002 -18"><span class='ocrx_word' id='word_1_830' title='bbox 2114 5648 2415 5703; x_wconf 83' lang='lat' dir='ltr'><strong>calumnias</strong></span> <span class='ocrx_word' id='word_1_831' title='bbox 2444 5648 2533 5704; x_wconf 86' lang='lat' dir='ltr'><strong>diu</strong></span> <span class='ocrx_word' id='word_1_832' title='bbox 2561 5649 2892 5720; x_wconf 86' lang='lat' dir='ltr'><strong>pertulisse?</strong></span> <span class='ocrx_word' id='word_1_833' title='bbox 2915 5650 2979 5705; x_wconf 85' lang='lat' dir='ltr'><strong>Et</strong></span> <span class='ocrx_word' id='word_1_834' title='bbox 3008 5666 3139 5706; x_wconf 88' lang='lat' dir='ltr'><strong>sane</strong></span> <span class='ocrx_word' id='word_1_835' title='bbox 3167 5649 3515 5705; x_wconf 83' lang='lat' dir='ltr'><strong>Hermannus</strong></span> <span class='ocrx_word' id='word_1_836' title='bbox 3534 5670 3555 5709; x_wconf 69' lang='grc' dir='ltr'>ί</span> <span class='ocrx_word' id='word_1_837' title='bbox 3574 5649 3697 5703; x_wconf 75' lang='lat' dir='ltr'><strong>dum</strong></span> 
     </span>
    </p>
   </div>
   <div class='ocr_carea' id='block_1_120' title="bbox 2113 5739 3698 5814">
    <p class='ocr_par' dir='ltr' id='par_1_120' title="bbox 2113 5739 3698 5814">
     <span class='ocr_line' id='line_1_120' title="bbox 2113 5739 3698 5814; baseline -0.003 -19"><span class='ocrx_word' id='word_1_838' title='bbox 2113 5739 2252 5795; x_wconf 73' lang='lat' dir='ltr'><strong>Virili</strong></span> <span class='ocrx_word' id='word_1_839' title='bbox 2292 5741 2485 5797; x_wconf 85' lang='lat' dir='ltr'><strong>robore</strong></span> <span class='ocrx_word' id='word_1_840' title='bbox 2513 5740 2590 5813; x_wconf 79' lang='lat' dir='ltr'><strong>(ut</strong></span> <span class='ocrx_word' id='word_1_841' title='bbox 2638 5744 2803 5796; x_wconf 78' lang='lat' dir='ltr'><strong>verbis</strong></span> <span class='ocrx_word' id='word_1_842' title='bbox 2850 5743 3036 5813; x_wconf 76' lang='lat' dir='ltr'><strong>loquar</strong></span> <span class='ocrx_word' id='word_1_843' title='bbox 3076 5741 3141 5797; x_wconf 86' lang='grc' dir='ltr'><strong>Β.</strong></span> <span class='ocrx_word' id='word_1_844' title='bbox 3175 5741 3392 5814; x_wconf 81' lang='lat' dir='ltr'><strong>Laufr.)</strong></span> <span class='ocrx_word' id='word_1_845' title='bbox 3428 5754 3591 5812; x_wconf 85' lang='lat' dir='ltr'><strong>atque</strong></span> <span class='ocrx_word' id='word_1_846' title='bbox 3614 5740 3698 5807; x_wconf 88' lang='lat' dir='ltr'><strong>ju-</strong></span> 
     </span>
    </p>
   </div>
   <div class='ocr_carea' id='block_1_121' title="bbox 2116 5829 3697 5901">
    <p class='ocr_par' dir='ltr' id='par_1_121' title="bbox 2116 5829 3697 5901">
     <span class='ocr_line' id='line_1_121' title="bbox 2116 5829 3697 5901; baseline 0.001 -20"><span class='ocrx_word' id='word_1_847' title='bbox 2116 5836 2272 5884; x_wconf 82' lang='lat' dir='ltr'><strong>venta</strong></span> <span class='ocrx_word' id='word_1_848' title='bbox 2317 5829 2507 5901; x_wconf 82' lang='lat' dir='ltr'><strong>viguit,</strong></span> <span class='ocrx_word' id='word_1_849' title='bbox 2561 5830 2791 5888; x_wconf 84' lang='lat' dir='ltr'><strong>scientia</strong></span> <span class='ocrx_word' id='word_1_850' title='bbox 2844 5832 3148 5889; x_wconf 85' lang='lat' dir='ltr'><strong>litterarum</strong></span> <span class='ocrx_word' id='word_1_851' title='bbox 3193 5833 3501 5889; x_wconf 74' lang='lat' dir='ltr'><strong>divinarum</strong></span> <span class='ocrx_word' id='word_1_852' title='bbox 3542 5843 3697 5899; x_wconf 75' lang='lat' dir='ltr'><strong>atque</strong></span> 
     </span>
    </p>
   </div>
  </div>
