3864 6304
146 259 229 315 56l
1163 253 1232 311 IN
1272 256 1487 315 EPIST.
1530 259 1592 315 Β.
1627 261 2020 321 LANFRANCI
2059 264 2290 323 NOT/E.
3269 272 3389 329 56f

144 373 502 429 mundanarum
544 370 825 443 przeditus,
868 370 937 427 ad
967 373 1241 443 pastorale
1271 374 1507 432 oﬂlcium
1555 378 1690 435 satis
1718 384 1767 444 Α
1795 381 2025 438 ﬁdeliter
2050 371 2451 453 prudenterque
2481 384 2815 456 gubernans,
2860 388 3213 458 superborum
3239 391 3374 446 colla

142 472 268 529 utilis
289 485 508 543 persona
534 469 761 524 evstitit.
798 488 818 522 ι
848 470 1037 543 Atego
1059 471 1113 527 in
1143 487 1307 528 unam
1332 475 1691 548 eamdemque
1787 472 2015 540 justitize
2043 488 2274 529 censura
2303 472 2605 543 perdomuit
2632 491 2646 540 ;
2677 480 2973 548 arguendo,
3005 480 3368 542 obsecrando.

141 564 432 620 sententiam
460 577 645 617 omnes
674 576 813 633 pene
842 564 1140 634 scriptores
1164 566 1500 638 antiquiores
1521 579 1578 625 et
1606 586 1692 626 re-
1792 563 2141 634 increpando,
2161 564 2381 620 dissidia
2402 564 2733 635 paciﬁcavit,
2752 568 3075 640 tandemque
3098 570 3387 627 confectus.

139 657 376 711 centiores
403 653 592 710 adduci
636 669 758 709 cum
806 655 1044 721 videam,
1094 657 1259 714 nolim
1304 675 1691 733 usquequaque
1792 655 1967 723 senio,
1985 655 2185 727 plenus
2209 655 2439 721 dierum,
2469 655 2521 711 in
2553 667 2744 713 sancta
2762 659 3124 726 confessione,
3153 670 3212 715 nt
3237 678 3381 732 pne-7

138 748 257 803 illius
282 747 509 818 episcopi
542 761 766 802 causam
811 749 1107 821 suscipere,
1152 762 1317 823 atque
1349 755 1497 811 omni
1527 756 1689 829 culpa
1792 750 2015 806 missum
2038 757 2139 812 est,
2165 748 2222 804 in
2251 748 2483 806 Domino
2507 751 2794 821 requievit.
2819 752 3166 823 lngressurus
3196 746 3375 835 itaque

136 843 391 897 vindicare.
435 839 940 910 Verumenimvero,
976 843 1021 898 si
1052 852 1336 902 auctorum
1383 847 1670 920 opiniones
1789 842 1932 895 Viam
1962 840 2229 897 universa?
2263 840 2462 904 carnis.
2496 850 2837 914 mortemQue
2862 843 3093 899 vicinam
3138 860 3385 915 prirsen-

134 950 234 988 cum
261 932 397 989 beati
436 931 727 991 Lanfranci
775 936 1048 992 sententia
1088 940 1384 997 conciliare
1431 942 1685 1010 velimus,
1791 934 1954 1000 tiens,
1983 948 2150 990 onere
2174 931 2472 1005 pontiﬁcali
2515 934 2782 1006 deposito,
2832 937 3163 993 sanctissimi
3207 936 3378 995 Bene-

136 1037 345 1079 asserere
386 1022 613 1079 necesse
647 1032 730 1080 est
769 1023 1137 1083 Hermannum
1168 1029 1252 1086 bis
1283 1031 1575 1088 asceticam
1608 1033 1693 1088 vi-
1789 1025 1920 1081 dicti
1948 1024 2211 1091 habitum,
2234 1022 2701 1097 humilitatemque
2723 1027 2961 1097 suscepit
2984 1042 3000 1088 ς
3026 1027 3377 1083 monachum-

136 1126 224 1168 tam
252 1114 608 1186 appetivisse;
634 1124 689 1170 et
712 1114 816 1171 hoc
848 1116 1052 1188 liquido
1080 1130 1336 1177 constare
1380 1122 1595 1179 videtur
1619 1138 1686 1178 ex
1790 1132 1895 1188 que
1928 1116 2206 1186 Ρτοίθεδυε
2242 1118 2403 1175 beato
2432 1118 2627 1175 Μυίηο
2658 1131 2718 1172 εθ
2750 1116 2972 1171 "adid"
2994 1133 3020 1183 ;.
3044 1131 3111 1171 π
3167 1115 3245 1172 Sic
3289 1131 3375 1169 ει·

132 1206 377 1273 ipsiusmct
420 1202 481 1260 S.
529 1206 925 1279 archiepiscopi
970 1212 1191 1269 verbis:
1238 1232 1257 1267 ί
1309 1212 1685 1270 Monacbicam
1788 1218 2047 1265 oneratus
2070 1224 2360 1279 pauperem
2388 1210 2663 1268 Christum
2690 1224 2895 1280 pauper
2934 1218 2987 1263 et
3020 1209 3132 1278 ipse
3162 1216 3387 1262 secutus.

130 1296 264 1350 vitam
291 1296 464 1367 petiit,
500 1312 646 1352 nunc
674 1299 871 1354 itemm
901 1301 1005 1357 hoc
1029 1302 1171 1360 idem
1210 1302 1394 1361 facere
1435 1306 1687 1361 omnibus
1790 1311 1893 1355 est.
1925 1300 2069 1355 Ante
2088 1299 2309 1370 quidem
2339 1308 2397 1356 ut
2440 1299 2649 1355 Martha
2682 1298 2945 1354 sollicitus
2971 1306 3109 1362 erat,
3140 1309 3193 1352 et
3214 1312 3377 1353 occa.

130 1389 274 1443 modis
310 1389 459 1458 petit.
503 1408 523 1442 ι
556 1389 798 1445 Primum
830 1392 1049 1462 quidem
1093 1398 1219 1451 dum
1252 1397 1306 1452 in
1340 1398 1590 1453 emnobio
1618 1398 1679 1453 8.
1789 1402 1946 1463 palus
1994 1407 2120 1462 erga
2168 1387 2339 1463 339
2376 1392 2633 1462 plurima,
2679 1405 2828 1446 nunc
2855 1404 2986 1446 vero
3018 1390 3164 1445 velut
3206 1388 3377 1446 altera

129 1486 298 1541 Bertini
324 1486 462 1556 apud
512 1485 570 1542 S.
616 1487 987 1546 Audomarum
1030 1492 1338 1549 monachile
1384 1492 1674 1549 collobium
1788 1483 1957 1537 Maria
1980 1497 2280 1540 unumesse
2303 1470 3377 1554 necessariumrecognoscens,optimam

128 1582 195 1647 {ut
220 1594 247 1633 a
274 1577 739 1636 Malmesburiensi
774 1581 1001 1638 relatum
1032 1595 1116 1640 est
1139 1586 1325 1659 supra)
1356 1588 1650 1657 assumpsit

1850 1582 1997 1629 irtem
2038 1573 2200 1642 elegit
2219 1590 2386 1645 ,quaa
2416 1590 2523 1630 non
2554 1573 2833 1629 auferetur
2860 1575 2928 1629 ab
2955 1590 3039 1630 eo.
3090 1575 3376 1631 Commen-

129 1667 433 1724 l'ostmodum
463 1670 557 1725 ubi
590 1670 643 1725 in
674 1671 924 1743 Angliam
959 1689 1022 1727 ex
1065 1674 1381 1734 Bertiniano
1414 1686 1655 1734 monastc

1545 1686 1681 1734 asle.
1788 1667 1982 1721 damus
2013 1666 2179 1721 etiam
2206 1666 2545 1722 orationibus
2576 1667 2791 1730 vestris,
2823 1686 2842 1719 ι
2876 1676 3010 1721 etc.-
3064 1668 3070 1675 ’

129 1760 193 1814 rio
213 1760 413 1829 optimis
461 1761 830 1826 documentis,
864 1765 1090 1834 pietate,
1132 1767 1426 1824 virtutibus
1473 1769 1649 1825 instru

1869 1757 2190 1814 Veneranda:
2225 1760 2493 1814 memoria:
2524 1757 2736 1815 Leonis.
2787 1757 2923 1814 Noui
2980 1758 3213 1823 scilicet,
3272 1757 3374 1812 viri

128 1860 221 1906 rtus
240 1862 553 1919 remeasset,
581 1864 637 1909 et
664 1855 879 1926 egregie
916 1858 1114 1914 multos
1152 1874 1250 1929 per
1275 1874 1445 1916 annos
1473 1862 1654 1930 episco

1848 1863 1945 1904 ane
1999 1849 2104 1903 ﬁde
2143 1848 2465 1919 meritisque
2518 1849 2771 1920 insignis,
2796 1850 2889 1920 qui
2921 1866 3043 1905 cum
3076 1848 3374 1921 angelicam

128 1951 274 2009 patum
299 1942 737 1998 administrasset
762 1962 776 2011 ;
816 1946 1033 2002 tandem
1071 1948 1395 2017 aegritudine
1420 1951 1683 2021 senioque
1784 1944 1953 1997 vitam
1978 1942 2516 2009 duceret,consortio
2534 1942 2849 2013 angelorum
2880 1942 3107 1999 subinde
3128 1943 3380 2012 dignatus

128 2031 390 2101 confectus,
420 2034 556 2089 vita).
600 2034 873 2113 solitaria;
904 2037 1194 2095 dulcedine
1230 2041 1416 2113 (quam
1461 2042 1654 2112 priden

1854 2043 1891 2090 t.
1918 2034 2028 2091 Leo
2055 2035 2304 2098 ostiens.,
2356 2034 2452 2089 lib.
2488 2051 2552 2100 ιι,
2583 2050 2704 2105 cap.
2754 2035 2842 2095 82.
2888 2036 3147 2090 Chronici
3197 2036 3378 2091 Cassi-

128 2125 439 2197 delibaverat)
464 2125 707 2195 illectus,
740 2138 796 2183 et
822 2110 985 2184 morti
1014 2128 1128 2200 jam
1164 2110 1571 2202 prosimus,ad
1601 2143 1683 2189 ιιι-
1785 2127 1993 2183 ncnsis.
2070 2126 2393 2201 Berengarii
2446 2128 2698 2183 hmrcsim
2757 2127 2968 2183 duobus
3018 2127 3071 2180 in
3130 2127 3379 2182 conciliis

127 2225 210 2271 tam
249 2216 506 2288 regularis
554 2216 680 2273 vita:
727 2220 1018 2276 stationem
1067 2221 1342 2292 appellere
1390 2234 1675 2294 peroptat;
1786 2216 2114 2287 \‘ercellensi
2149 2226 2207 2274 et
2235 2218 2536 2274 Turonensi
2578 2218 2890 2282 damnavit;
2918 2218 2991 2271 ita
3016 2216 3381 2276 Cuitmnndus

127 2323 210 2376 quo
250 2323 463 2365 securus
507 2324 541 2366 e
592 2308 724 2365 cella
768 2310 854 2382 (Ο.
909 2310 1171 2368 Bernardi
1215 2323 1340 2369 sunt
1385 2315 1570 2387 verba)
1613 2318 1681 2371 ad
1786 2310 1952 2365 Leoni
1979 2324 2199 2379 compar
2219 2310 2314 2365 lib.
2363 2326 2379 2363 ι
2428 2311 2498 2365 de
2540 2308 2785 2380 Corpore
2833 2320 2891 2365 et
2952 2309 3118 2381 Sang.
3149 2310 3373 2366 Christi.

128 2396 287 2451 mlum
324 2398 507 2468 quiret
534 2398 774 2456 evolare.
808 2401 923 2457 Non
961 2404 1325 2473 spernendum
1360 2405 1529 2461 habes
1573 2406 1679 2462 illis
1784 2402 1984 2457 Leonis
2013 2416 2281 2458 summam
2331 2401 2497 2456 animi
2524 2402 2908 2458 demissionem
2960 2411 3186 2458 enarrat
3212 2402 3379 2459 Ottho

127 2486 263 2543 ferme
289 2490 624 2562 temporibus
645 2493 952 2563 exemplum
1004 2493 1246 2551 Marhodi
1296 2497 1535 2568 episcopi
1580 2497 1681 2554 Re—
1784 2492 2172 2563 Frisingensis,
2221 2491 2480 2548 Chronic.
2523 2491 2653 2547 libr.
2704 2508 2778 2558 vt,
2804 2506 2926 2563 cap.
2959 2492 3030 2548 35
3063 2507 3078 2546 :
3115 2510 3135 2544 ι
3168 2492 3270 2547 Hic
3309 2508 3376 2549 ex

128 2580 362 2648 donensis,
390 2584 510 2654 qui,
540 2584 789 2655 deposito
838 2587 1184 2658 episcopatus
1230 2604 1421 2657 onere,
1463 2605 1583 2647 sese
1627 2592 1680 2646 in
1782 2584 1951 2649 nobili
1996 2584 2335 2639 Francorum
2382 2584 2635 2655 prosapia
2681 2584 2946 2640 oriundus
2981 2624 2997 2650 ,
3051 2585 3384 2641 auctoritate

128 2675 472 2730 monasterium
507 2675 568 2730 8.
605 2677 786 2732 Albini
817 2678 1226 2752 Andegavensis
1250 2682 1478 2752 recepit,
1511 2692 1677 2754 atque
1789 2679 1988 2751 regalis
2035 2676 2373 2734 excellentia!
2416 2678 2482 2732 ad
2526 2679 2709 2734 sedem
2756 2677 2823 2733 Β.
2891 2678 3035 2734 Petri
3073 2678 3385 2733 deSlinattlS

128 2763 232 2818 mihi
259 2763 435 2822 induto
482 2767 789 2823 monastico
836 2769 1020 2825 habitu
1070 2780 1257 2828 sancto
1307 2772 1414 2829 ﬁne
1452 2783 1680 2830 mortem
1789 2773 1980 2827 fuerat.
2007 2771 2255 2839 Cumque
2273 2778 2551 2839 assumpta
2576 2785 2815 2840 purpura
2847 2769 3144 2840 pontiﬁcali
3172 2768 3379 2825 Gallias

128 2858 313 2925 oppetiit
353 2844 389 2924 ς’
430 2858 582 2930 quod
632 2860 810 2916 disces
853 2877 917 2916 ex
969 2863 1194 2932 antiqua
1252 2864 1303 2918 in
1352 2864 1681 2921 membranis
1789 2864 1892 2918 iter
1939 2870 2148 2933 ageret,
2203 2860 2435 2931 contigit
2485 2876 2611 2917 eum
2665 2861 2983 2917 Cluniacutn
3026 2861 3237 2927 venire,
3282 2861 3382 2915 ubi.

127 2949 291 3020 scripta
312 2950 547 3006 formula
575 2952 931 3009 denuntiandi
963 2965 1190 3011 morlem
1219 2956 1459 3013 defuncti
1487 2973 1680 3014 morm.
1786 2954 1926 3007 forte
1960 2962 2085 3007 tunc
2114 2949 2518 3007 llildebrandus
2565 2952 2866 3022 prioratus,
2897 2960 2958 3006 ut
2985 2952 3206 3018 dicitur,
3248 2951 3377 3006 obe-

126 3043 192 3097 chi
214 3046 408 3101 caeteris
426 3046 680 3117 ejusdem
704 3046 981 3103 societatis
1007 3048 1376 3115 monasteriis,
1395 3063 1463 3104 ex
1491 3050 1680 3106 eodem
1711 3095 1752 3151 Ω
1787 3046 2047 3102 dientiam
2075 3042 2500 3099 administrabat
2531 3062 2544 3097 :
2579 3044 2625 3100 is
2661 3042 2898 3100 Leonem
2935 3044 3126 3099 adiens
3149 3042 3376 3098 aemula-

128 3132 173 3185 S.
202 3135 362 3192 Albini
394 3138 654 3194 ccenobio
682 3146 949 3195 mutuata.
1713 3132 1752 3151 ν
1790 3141 1937 3195 tione
1958 3139 2051 3194 Det
2079 3138 2291 3209 plenus,
2317 3145 2633 3195 constanter
2655 3152 2780 3193 cum
2806 3137 2874 3194 de
2906 3138 3146 3210 incepto
3172 3137 3376 3209 arguit,

183 3225 441 3285 Universis
473 3229 640 3284 unius
664 3239 1027 3286 sacrosanctae
1049 3231 1292 3287 ecclesia:
1315 3231 1441 3288 ﬁliis
1462 3233 1685 3289 humilis
1790 3232 2034 3287 illicitum
2061 3245 2181 3288 esse
2210 3231 2464 3301 inquiens
2493 3246 2590 3301 per
2619 3245 2841 3285 manum
2879 3229 3074 3286 laicam
3104 3243 3375 3284 suuunmn

126 3304 437 3389 rongiegatio
456 3319 610 3375 beati
637 3319 815 3377 Albini
838 3321 1250 3393 Andegavorum
1282 3322 1537 3395 episcopi,
1568 3325 1683 3395 ple-
1789 3323 2098 3394 pontiﬁcem
2130 3325 2199 3380 ad
2243 3324 2693 3397 gubernationem
2744 3324 2909 3379 totius
2956 3323 3213 3380 Ecdesia:
3260 3323 3377 3378 vio-

127 3422 225 3461 nam
252 3410 313 3465 de
341 3410 502 3468 hoste
560 3412 868 3481 victoriam,
918 3424 973 3473 et
1018 3416 1084 3471 de
1125 3416 1352 3472 victoria
1402 3431 1681 3473 coronam.
1790 3416 1965 3470 lenter
1992 3414 2241 3471 introire.
2293 3415 2495 3469 Verum
2521 3415 2566 3469 si
2596 3416 2707 3469 suis
2731 3430 2791 3470 se
2815 3415 3040 3471 credere
3065 3414 3226 3468 vellet
3246 3427 3375 3468 con-

126 3494 393 3565 Apostolica
421 3517 530 3558 nos
564 3500 821 3559 informat
860 3507 1157 3561 auctoritas
1202 3514 1264 3560 ut
1308 3520 1408 3577 pro
1456 3506 1684 3570 invicem
1788 3506 1945 3572 siliis,
1981 3514 2275 3575 utrumque
2290 3505 2511 3574 etquod
2546 3504 2806 3573 maiestas
2844 3502 3144 3574 imperialis
3180 3503 3233 3556 in
3256 3502 3374 3571 ipsa

126 3598 334 3658 orantes,
364 3593 512 3650 alter
545 3592 768 3652 alterius
792 3611 956 3653 onera
987 3606 1286 3667 portemus,
1319 3606 1374 3651 ct
1399 3596 1478 3652 sic
1510 3597 1684 3654 adim-
1789 3613 1895 3652 non
1958 3595 2345 3660 exacerbetnr,
2414 3596 2668 3665 quodque
2722 3594 2949 3651 libertas
3005 3592 3261 3649 Ecclesiae
3317 3592 3377 3645 in

125 3680 352 3750 plebintus
389 3686 572 3761 legem
601 3686 823 3750 Christi.
870 3688 1067 3761 Legem
1118 3691 1282 3761 igitur
1327 3688 1533 3746 Christi
1585 3704 1687 3746 nos
1788 3688 2051 3745 clccnone
2103 3686 2373 3742 canonica
2415 3694 2725 3751 renovetur,
2755 3683 3120 3754 sepollicetur
3145 3682 3373 3738 effectu-

125 3775 239 3830 servi
267 3775 463 3843 Christi
498 3777 596 3859 pia
635 3778 997 3836 sollicitudine
1025 3781 1322 3852 adimplere
1352 3790 1683 3852 satagentes,
1789 3798 1931 3846 rum,
1956 3780 2223 3837 incanaus
2272 3795 2333 3836 se
2370 3780 2438 3836 ad
2479 3778 2747 3835 monitum
2779 3777 2922 3847 eius,
2964 3788 3259 3846 purpuram
3283 3776 3373 3830 de-

125 3861 471 3924 dcnuntiamus
502 3868 662 3924 vobis
689 3869 895 3925 obitum
939 3869 1122 3925 domui
1169 3870 1412 3926 Marhodi
1457 3886 1684 3927 venera-
1789 3874 1976 3943 ponit,
2035 3870 2422 3943 peregrinique
2475 3870 2721 3926 habitum
2773 3882 3059 3923 assumens
3086 3906 3102 3929 ,
3169 3865 3384 3920 ducens

124 3954 225 4012 nilis
252 3959 515 4030 episcopi,
544 3974 758 4031 semper
777 3974 900 4016 cum
926 3958 1084 4016 laude
1112 3960 1471 4029 memorandi,
1505 3962 1683 4032 lingua
1790 3981 1974 4020 secum
2028 3964 2479 4029 llildebrandutn,
2508 3963 2613 4017 iter
2657 3960 2853 4032 carpit.
2882 3958 3051 4030 igitur
3081 3958 3147 4013 ad
3179 3956 3375 4011 urbem

123 4043 330 4115 facundi,
368 4050 641 4123 religione
667 4051 925 4123 przecipui
947 4094 961 4120 ,
994 4067 1205 4108 morum
1237 4054 1521 4110 honestate
1550 4070 1686 4126 prae-
1790 4071 1960 4124 usque
1983 4055 2228 4121 veniens,
2258 4055 2488 4111 consilio
2510 4053 2856 4109 llildebrandi
2877 4067 2909 4106 a
2931 4050 3080 4109 clero
3100 4057 3151 4103 et
3178 4047 3383 4118 populo

122 4136 249 4204 clari,
279 4139 588 4198 litterarum
620 4143 927 4198 eruditione
959 4144 1284 4211 doctissimi,
1326 4144 1481 4213 cujus
1508 4160 1686 4201 sermo
1791 4147 1972 4200 Bruno
2013 4148 2065 4201 iu
2099 4162 2374 4201 summum
2424 4144 2736 4216 pontiﬁcem
2776 4144 3016 4215 eligitur,
3072 4143 3263 4210 sicque
3314 4150 3377 4194 ut

120 4228 214 4285 sale
233 4245 442 4303 semper
469 4233 726 4290 conditus
753 4244 896 4303 erat,
923 4244 979 4291 et
1011 4251 1078 4292 ex
1104 4251 1199 4293 ore
1235 4236 1379 4293 illius
1396 4237 1541 4293 omni
1568 4237 1683 4293 dul-
1790 4253 2022 4308 nunque
2052 4239 2292 4294 Romana
2320 4238 2561 4294 Ecclesia
2606 4238 2673 4292 ad
2716 4236 3022 4291 faciendam
3051 4233 3373 4288 electionem

121 4317 161 4372 ci
178 4337 217 4373 ιι·
232 4322 384 4381 melle
408 4324 828 4382 ﬁuebatoratio.
856 4327 920 4381 Et
940 4329 1191 4397 quamvis
1210 4328 1398 4384 eodem
1424 4336 1686 4399 tempore,
1794 4329 2135 4384 informatur.
2175 4348 2194 4381 ι
2233 4328 2292 4383 8.
2316 4327 2514 4385 Leonis
2539 4335 2691 4398 gesta
2723 4323 3049 4393 conscripsit
3100 4321 3382 4377 Wibertus

120 4410 263 4467 variis
284 4416 487 4493 studiis
521 4422 634 4471 tota
662 4415 833 4472 Gallia
867 4427 1181 4486 resonaret,
1209 4418 1323 4491 ipse
1351 4427 1532 4475 tamen
1560 4434 1681 4476 ora—
1715 4441 1762 4499 D
1791 4426 1980 4476 auctor
2005 4427 2337 4485 coaetaneus,
2366 4431 2488 4487 qua:
2515 4425 2572 4470 et
2590 4412 2865 4484 evulgavit
2889 4413 3080 4468 doctus
3126 4410 3384 4467 Sirmon-

121 4505 274 4555 tarum
304 4520 399 4559 rex
446 4504 741 4561 Gallicana:
772 4521 954 4563 arcem
1004 4507 1327 4580 eloquentiae
1376 4510 1685 4578 specialiter
1788 4511 1911 4569 dus.

120 4588 391 4648 obtinebat.
408 4592 600 4649 Tertio
614 4594 1021 4665 siquidemldus
1036 4595 1687 4668 Septembrisinﬁrmatus
1864 4599 2242 4671 Litisfeldemis
2269 4616 2386 4654 vero
2414 4600 2709 4671 episcopus,
2746 4598 2862 4655 sive
2904 4593 3292 4653 Licefeldensis
3322 4596 3382 4651 in

122 4693 283 4749 carne,
314 4685 409 4740 sed
432 4686 631 4756 spiritu
664 4685 881 4754 fortior,
903 4689 1173 4745 excedens
1197 4704 1227 4743 a
1249 4688 1468 4756 sicculo,
1498 4689 1687 4745 vivens
1792 4692 2007 4764 Anglia.
2032 4692 2225 4750 Petrus
2246 4692 2545 4749 vocabatur
2567 4693 2797 4748 antistes
2829 4692 2936 4756 ille,
2962 4691 3011 4746 si
3036 4690 3384 4760 coniecturis

122 4769 166 4823 iu
203 4770 437 4844 Christo,
464 4770 584 4832 sua
626 4793 724 4834 nos
761 4779 1002 4835 viduavit
1049 4781 1367 4850 praesentia,
1405 4789 1460 4836 et
1487 4780 1689 4835 amoris
1791 4783 2196 4856 indulgendum.
2237 4783 2521 4856 Siquidem
2573 4798 2603 4838 a
2649 4782 2952 4840 Licbfeldio
3009 4783 3194 4839 sedem
3224 4823 3239 4847 ,
3284 4798 3375 4837 re-

122 4864 190 4916 ςτιὶ
235 4862 413 4933 jaculo
459 4870 775 4929 vulneratos
823 4872 1149 4928 intolerabili
1192 4873 1378 4930 dolore
1432 4872 1685 4930 confecit.
1792 4885 1993 4947 gnante
2020 4875 2309 4933 Guilleltno
2338 4876 2532 4946 primo,
2554 4874 2822 4931 Cestriam
2853 4875 3102 4931 removit.
3120 4872 3217 4929 Vcl
3246 4886 3389 4928 sane

125 4954 209 5021 Qui
238 4970 357 5028 post
404 4961 571 5034 longa
602 4962 906 5021 liberalium
935 4963 1241 5019 studiorum
1272 4962 1431 5036 longe
1474 4963 1691 5035 lateque
1792 4966 1989 5023 dixerit
2040 4966 2162 5037 quis
2206 4966 2548 5022 deccssorem
2594 4966 2757 5033 illius,
2806 4966 2894 5021 cui
2931 4965 3140 5021 litteras
3210 4964 3387 5017 hasce

124 5050 442 5104 \ernantium
468 5053 753 5119 exercitia,
783 5051 981 5122 quibus
1003 5052 1055 5107 in
1076 5052 1449 5124 Andegavensi
1471 5053 1689 5108 civitate
1794 5058 2044 5115 inscribit
2096 5074 2324 5130 magnus
2343 5058 2708 5124 Lanfrancus,
2762 5057 3059 5113 Lcovinum
3112 5055 3246 5110 fore.
3304 5055 3378 5109 At

126 5138 197 5192 cui
239 5142 481 5199 famosus
524 5158 588 5199 ac
639 5144 1107 5201 nominatissimus
1151 5144 1363 5201 exstitit
1400 5146 1688 5218 magister,
1793 5166 1924 5204 vero
1955 5151 2023 5204 de
2054 5157 2303 5218 utroque,
2345 5163 2409 5206 ac
2436 5148 2505 5205 de
2540 5147 2793 5215 nefando,
2824 5148 2967 5217 quod
3001 5147 3087 5201 hic
3109 5153 3385 5200 memorat

126 5226 479 5291 rlli:-acissime
507 5236 701 5293 claruit
725 5254 739 5304 ;
780 5237 985 5294 electus
1009 5254 1038 5293 a
1063 5238 1518 5295 reverendissimo
1547 5253 1689 5310 papa
1792 5240 2024 5295 crimine
2052 5239 2112 5295 Β.
2142 5241 2604 5311 archiepiscopus,
2630 5254 2901 5296 summum
2926 5248 3011 5293 est
3034 5236 3174 5306 apud
3206 5236 3374 5291 histo-

130 5318 329 5381 L‘rbano
351 5326 406 5382 in
433 5326 737 5386 Turonensi
761 5330 1014 5396 concilio,
1039 5338 1241 5386 sanctae
1270 5330 1415 5387 sedis
1436 5330 1692 5387 Ecclesiae
1796 5332 1940 5389 ricos
1966 5332 2259 5389 silentium.
2285 5332 2428 5389 Petri
2451 5343 2631 5389 autem
2662 5345 3035 5389 successorem
3074 5330 3382 5385 Robertutn

128 5410 473 5495 Rezloncnsis,
503 5431 774 5478 annuente
823 5424 1074 5489 Domino,
1119 5422 1361 5493 pontifex
1411 5423 1692 5480 ordinatus
1795 5426 2052 5499 sugillant
2100 5441 2238 5497 pene
2280 5441 2507 5495 omnes,
2559 5425 2936 5496 allirmantque
2983 5424 3129 5480 illum
3196 5424 3375 5497 ipsum

129 5515 221 5557 est.
264 5508 439 5583 Quam
488 5510 602 5583 ipse
650 5513 996 5584 dignitatem,
1040 5512 1150 5572 imo
1196 5527 1365 5579 onus,
1416 5512 1693 5569 accinctus
1799 5518 2042 5575 avaritiae
2094 5519 2225 5574 vitio
2280 5518 2573 5585 infectum,
2629 5518 2983 5573 ecclesiarum
3048 5517 3374 5587 dilapidassc

134 5598 293 5666 glad'o
323 5602 558 5675 Spiritus
587 5607 786 5674 sancti,
827 5608 952 5664 licet
997 5607 1141 5663 inter
1163 5606 1430 5663 barbaros
1458 5616 1511 5663 et
1536 5615 1696 5663 natu.
1800 5608 2111 5675 facultates,
2141 5608 2389 5664 redditus
2420 5607 2759 5664 exhausisse.
2802 5607 2999 5664 Verum
3030 5604 3383 5676 chronologh

137 5690 219 5747 ιλιι
248 5687 479 5765 quadam
507 5707 744 5757 armatos
773 5698 1009 5770 feritate,
1039 5715 1136 5773 per
1164 5713 1336 5757 annos
1358 5697 1546 5773 viginti
1573 5709 1696 5757 octo
1794 5716 1924 5781 cum
1950 5706 2233 5772 repugnet,
2266 5697 2463 5756 rationi
2506 5696 2726 5761 minime
2768 5714 2866 5758 nec
2895 5702 3121 5773 tempori
3148 5706 3383 5756 censen.
