3886 6292
434 376 437 381 ν
478 298 581 354 sus

1681 300 1888 356 DOMNI
1929 298 2133 356 LUCE
2162 298 2479 356 DACllERll
3606 300 3691 359 {ibi

432 484 433 487 η
482 422 703 466 taneum
734 410 887 465 video
930 410 987 464 Β.
1014 408 1325 466 Luufraneo
1352 422 1585 469 mentem
1611 429 1730 469 esse
1755 414 1823 468 ad
1854 413 2065 468 Rober-
2094 419 2139 478 Α
2171 415 2392 468 eratvir
2416 424 2634 485 pietate,
2674 429 2735 466 ac
2764 414 3024 481 sapientia
3060 414 3288 485 pollens,
3319 430 3408 470 cos
3445 418 3701 483 multarum

394 492 401 527 7
476 513 586 555 tum
634 502 872 559 scribere
921 520 934 554 :
979 501 1403 559 Liebefeldensis
1459 506 1722 575 siquidem
1782 505 2065 575 epise0pus

473 593 682 647 exstitit
703 593 952 661 nuspiam
976 591 1272 659 Robertus,
1299 596 1392 649 sed
1406 596 1736 662 Cestrensis,
1759 611 1855 651 seu
1886 597 2064 664 potius

472 682 911 748 Conventrensis,
944 684 1068 753 quia
1093 685 1299 750 sedem,
1324 686 1577 742 defuncto
1592 688 1774 752 Petro,
1802 702 1833 742 e
1851 687 2062 742 Cestria

470 773 524 827 in
549 772 929 827 Conventriam
984 777 1393 847 transportavit.
1424 777 1652 849 Liquido
1683 786 1897 833 constat
1924 794 2063 847 prte-

474 874 624 919 rerea
658 876 1031 921 consecratum
1074 884 1162 922 aa.
1195 869 1357 934 1088,
1385 878 1440 923 et
1462 885 1730 925 summum
1757 871 2063 939 pontiﬁcem

474 956 839 1012 Alexandrum
870 960 937 1013 ab
964 960 1213 1015 humanis
1239 970 1480 1032 ereptum
1512 978 1599 1016 an.
1630 962 1725 1017 Ch.
1761 962 1916 1021 1072.
1947 978 2060 1023 seu,

470 1061 531 1106 ut
558 1053 677 1107 aliis
716 1054 913 1124 placet,
948 1056 1105 1111 l075.
1144 1058 1286 1129 Ergo
1312 1060 1377 1114 de
1403 1058 1584 1127 Petro,
1618 1070 1710 1114 aut
1739 1060 1804 1115 de
1826 1059 2066 1118 Leovino

473 1143 562 1199 illa
593 1144 645 1198 in
671 1145 907 1215 Epistola
950 1148 1188 1219 loquftur
1213 1150 1273 1206 S.
1313 1150 1667 1210 Lanl’raneus.
1711 1154 1882 1210 Porro
1930 1171 2067 1226 prte-

470 1237 676 1290 dictnm
704 1238 1072 1309 episcopatum
1104 1242 1207 1296 tria
1256 1244 1439 1300 sortiri
1468 1246 1686 1301 nomina
1731 1256 2065 1317 compertum

472 1331 704 1387 habetur
728 1349 793 1389 ex
820 1334 1001 1400 dictis,
1034 1337 1086 1390 1ο
1112 1337 1511 1396 Lictifeldensis
1551 1356 1644 1397 seu
1671 1341 2065 1410 Licilcldensis,

470 1421 531 1477 2°
561 1423 885 1487 Ccstrensis.
915 1435 1190 1497 postremo
1231 1428 1673 1489 Conventrensis.

547 1512 614 1568 In
640 1514 810 1570 locum
831 1517 946 1587 ejus
998 1535 1100 1573 non
1122 1523 1453 1590 prmsumpsi.
1481 1521 1594 1577 Non
1636 1522 1798 1577 audet
1821 1522 1873 1576 in
1902 1522 2064 1579 Lich-

479 1605 771 1661 ti-ldensem
803 1609 1111 1678 episcopum
1154 1612 1277 1679 (etsi
1330 1611 1794 1684 Metropolitanus)
1845 1624 2068 1669 sen'en-

476 1698 607 1751 tiam
631 1698 889 1767 profelre,
949 1716 1119 1769 neque
1167 1701 1331 1757 alium
1366 1702 1557 1772 ineius
1599 1705 1772 1759 locum
1799 1703 2065 1769 sullieere,

2168 522 2349 561 rerum
2374 506 2595 560 scicntia
2620 503 2801 571 fultos,
2830 520 2965 560 novo
2993 507 3102 576 regi
3129 505 3179 558 in
3214 508 3362 561 novis
3390 512 3530 580 regni
3555 514 3706 585 dispo.

2168 597 2453 653 sitionibus
2490 598 2946 668 pernecessarios,
2978 598 3164 653 multis
3198 608 3703 668 praestaremratoria

2169 688 2423 743 facultate
2451 690 2706 746 ostendit.
2733 690 2938 757 Quibus
2965 690 3180 757 auditis,
3213 689 3455 746 Pontifex
3498 709 3708 754 summus

2168 796 2461 837 conversus
2508 782 2573 836 ad
2628 796 2799 836 eum:
2844 783 2922 836 Tu
2952 783 3174 847 videris,
3224 784 3417 852 inquit,
3465 784 3611 841 Pater
3660 808 3705 846 es

2167 867 2557 935 patrizeillius,
2606 882 2671 922 ac
2722 883 2819 939 per
2861 868 2964 923 hoc
3012 869 3276 923 industria
3317 882 3406 924 tua
3440 875 3707 932 consideret

2168 962 2295 1031 quid
2328 962 2598 1032 expediat.
2629 961 2806 1032 Virga:
2842 962 3145 1032 pastorales
3195 978 3331 1033 quas
3375 965 3705 1031 reddiderunt,

2168 1062 2299 1103 ecce
2350 1049 2437 1103 hic
2477 1055 2629 1113 sunt;
2662 1050 2848 1119 accipe
2879 1049 2996 1104 illas
3024 1058 3077 1104 et
3104 1049 3356 1119 dispensa
3380 1061 3529 1119 prout
3554 1054 3709 1110 utilius

2168 1139 2564 1195 Christianitati
2610 1142 2847 1212 regionis
2900 1141 3043 1197 illius
3100 1157 3396 1213 agnoscere
3420 1147 3622 1212 poteris.
3654 1148 3709 1201 At

2169 1234 2258 1289 ille
2308 1235 2575 1304 susceptis
2612 1234 2692 1290 eis
2729 1235 2781 1288 in
2812 1235 3097 1303 praesentia
3141 1250 3293 1305 papa:
3315 1236 3577 1291 revestivit
3600 1255 3709 1307 pm-

2169 1327 2309 1383 fatos
2364 1329 2551 1393 viros,
2610 1342 2881 1398 quemque
2952 1343 3111 1383 sua.»
3162 1328 3435 1383 Eadmero
3484 1331 3710 1385 accedunt

2171 1420 2499 1475 Halbesbur.
2554 1419 2649 1475 lib.
2683 1437 2721 1485 ι,
2756 1421 2822 1475 de
2846 1419 3083 1485 Pontiﬁ,
3137 1419 3229 1474 fol.
3273 1420 3405 1485 ηις
3464 1418 3708 1490 Harpsleltl

2170 1512 2369 1567 saeculo
2396 1528 2471 1578 ιι,
2499 1526 2622 1581 pag.
2674 1511 2798 1565 271.
2858 1511 3147 1566 Decretum
3172 1518 3352 1566 exstat
3393 1509 3657 1565 Alexandri
3678 1512 3711 1564 ll

2168 1620 2342 1675 papae,
2371 1611 2431 1659 ut
2476 1603 2681 1659 electus
2717 1603 2859 1659 ﬁlius
2898 1602 3225 1674 presbyteri,
3273 1603 3435 1658 modo
3462 1603 3713 1657 virtutibus

2169 1694 2389 1765 polleat,
2413 1695 2637 1749 minime
2661 1702 2970 1765 respuatur.

474 1797 529 1841 ιιι
555 1804 902 1855 consecrare;
932 1807 1055 1846 nam
1099 1794 1516 1864 metropolitani,
1548 1805 1603 1850 et
1628 1797 2060 1866 comprovincia-
2094 1797 2137 1855 Β
2236 1785 2539 1842 Eboracum
2591 1782 2755 1854 porro
2792 1786 2907 1840 sive
2928 1786 3235 1841 Eburacum
3262 1784 3533 1840 civitatem
3556 1783 3712 1856 (vulgo

476 1880 575 1945 les,
602 1881 967 1952 primatesque
1001 1895 1228 1955 possunt
1249 1886 1465 1954 quidem
1503 1888 1878 1956 episcoporum
1909 1887 2070 1955 injus

478 1986 579 2040 per
610 1972 983 2027 accusationes
1014 1974 1487 2047 depositionesque
1522 1989 1840 2034 vocatorum
1881 1995 2071 2033 causas

480 2063 688 2128 audire,
749 2064 1042 2131 discutere,
1096 2068 1420 2134 eventilare;
1482 2070 1575 2125 sed
1627 2071 1870 2135 delinire,
1910 2080 2072 2141 atque

479 2154 679 2211 ultimo
692 2155 1306 2229 determinarejudicio,
1337 2160 1456 2217 sine
1480 2163 1679 2231 prrevia
1703 2164 1897 2219 summi
1934 2178 2070 2233 pon-

479 2247 642 2304 tilicis
679 2249 1022 2313 auctoritate,
1082 2262 1357 2321 nequeunt
1403 2254 1512 2310 ullo
1548 2255 1706 2311 modo
1733 2273 1749 2312 :
1779 2257 1919 2327 quod
1946 2256 2069 2311 Julii

482 2355 642 2408 papas
682 2341 907 2411 cpistola
959 2342 1024 2397 ad
1095 2343 1400 2403 Orientales
1450 2349 1622 2418 episc.
1678 2351 2068 2405 conlirmatur:

487 2450 509 2483 ι
553 2432 704 2490 Sicut
754 2434 815 2491 Β.
860 2435 1049 2493 Pe'rus
1096 2438 1371 2507 apostolus
1430 2444 1639 2511 primus
1688 2445 1789 2498 fuit
1829 2444 2071 2499 omnium

479 2529 883 2600 Apostolorum,
927 2532 998 2586 ita
1021 2541 1078 2587 et
1101 2534 1216 2587 haec
1250 2535 1491 2591 Ecclesia
1515 2553 1613 2592 suo
1646 2537 2072 2592 nomineconse-

483 2628 656 2684 erata,
681 2620 912 2676 Domino
944 2622 1258 2677 instituente
1313 2625 1487 2694 prima
1512 2635 1568 2681 et
1598 2635 1759 2699 caput
1789 2626 1861 2679 sit
1915 2636 2074 2680 caete-

486 2730 690 2781 rarum,
740 2723 796 2771 et
831 2715 897 2769 ad
927 2730 1047 2771 eam
1098 2716 1251 2784 quasi
1283 2717 1348 2771 ad
1390 2728 1617 2774 matrem
1659 2729 1819 2789 atque
1865 2719 2072 2788 apicem

487 2821 682 2862 omnes
708 2805 948 2875 majores
984 2803 1244 2860 Ecclesife
1271 2822 1449 2864 causae
1470 2819 1524 2863 et
1543 2809 1743 2877 judicia
1792 2809 2072 2878 episcopo-

489 2911 608 2949 rum
642 2909 948 2964 recurrant,
982 2912 1033 2957 et
1066 2902 1221 2970 juxta
1253 2904 1370 2971 ejus
1415 2900 1739 2956 sententiam
1782 2899 2072 2953 terminum

486 2998 722 3053 sumant,
762 3010 781 3043 ι
825 3000 932 3047 etc.
975 2993 1319 3050 Eleutherius
1370 3009 1532 3064 papa,
1584 2993 1739 3062 epist.
1774 2992 1840 3044 ad
1889 2988 2075 3043 Calliae

485 3082 815 3149 provincias,
862 3100 982 3154 cap.
1026 3086 1082 3153 2,
1131 3102 1181 3141 c.
1214 3086 1465 3153 Quamvis
1492 3085 1547 3152 ὅ,
1571 3100 1623 3153 q.
1650 3083 1684 3137 ϐ
1713 3099 1725 3135 :
1760 3100 1778 3132 ‹
1818 3080 2075 3149 Quamvis

489 3171 653 3228 liceat
708 3175 847 3245 apud
885 3176 1372 3246 comprovinciales
1397 3184 1451 3231 et
1498 3174 1963 3245 metropolitauos,
2020 3179 2075 3226 et

496 3262 780 3330 primates,
837 3267 1215 3337 episcoporum
1258 3267 1522 3323 ventilare
1563 3267 1956 3329 accusationes,
2020 3273 2076 3319 et

493 3352 920 3422 criminationes,
968 3373 1074 3412 non
1118 3366 1299 3415 tamen
1338 3359 1465 3413 licet
1497 3357 1722 3413 deﬁnire
1771 3358 1886 3411 sine
1917 3355 2076 3423 hujus

492 3453 696 3499 sanctae
728 3446 872 3502 sedis
920 3449 1267 3514 auctoritate,
1298 3449 1528 3504 sicutab
1562 3448 1819 3517 apostolis
1855 3461 2074 3501 eorum-

490 3552 596 3606 que
625 3540 1033 3596 successoribus
1063 3542 1353 3597 multorum
1405 3557 1671 3597 consensu
1700 3542 2074 3611 cpisc0porum

486 3631 597 3698 iam
633 3630 942 3698 deﬁnitum;
979 3635 1154 3689 nec-in
1186 3650 1372 3690 eorum
1401 3634 1649 3690 ecclesiis
1679 3633 1764 3687 alii
1797 3642 1890 3687 aut
1928 3631 2078 3687 orJi-

493 3730 692 3776 nentur
711 3731 1002 3794 antequam
1038 3725 1123 3780 hic
1140 3725 1287 3794 iuste
1308 3741 1493 3781 eorum
1519 3727 1883 3781 terminentur
1912 3738 2078 3792 nego-

494 3812 588 3865 tia.
628 3831 645 3863 ι
677 3812 733 3867 Ll
758 3829 866 3868 non
910 3816 1197 3872 latelga-tD.
1233 3817 1584 3888 Cyprianum,
1635 3818 1726 3887 qui
1780 3816 1980 3888 passim
2026 3814 2077 3867 in

493 3901 737 3971 epistolis
760 3904 925 3960 totius
951 3906 1098 3961 orbis
1141 3922 1407 3962 summum
1443 3908 1780 3964 hierarcham
1810 3907 1875 3961 de
1920 3906 2079 3959 rebus

496 3998 895 4063 suiseonsulit;
926 4001 1161 4057 maxime
1191 4016 1321 4058 vero
1373 4002 1448 4057 lib
1520 4018 1604 4068 ιιι,
1635 4002 1795 4072 epist.
1844 4002 1929 4065 l5,
1962 4017 2079 4070 qua:

496 4098 585 4144 est
602 4089 699 4146 67..
722 4091 949 4162 Inspice,
978 4092 1022 4146 si
1054 4092 1251 4162 placet.

1032 4202 1097 4240 AD
1130 4202 1431 4242 Ειδιδτοιλιι
1462 4203 1545 4241 Ill.

567 4276 634 4331 In
681 4279 961 4347 prtescutia
1002 4278 1327 4333 celsitudinis
1379 4289 1579 4340 vestrm,
1608 4287 1713 4331 etc.
1745 4277 1873 4345 Qua:
1905 4278 2082 4332 obiter

496 4368 601 4425 hoc
660 4368 779 4424 loco
834 4370 1055 4440 attingit
1100 4369 1471 4441 arebipraesnl,
1513 4367 1715 4423 affatim
1776 4368 2083 4440 suppeditat

2182 1879 2315 1933 York
2339 1878 2596 1950 graphice
2625 1878 2872 1947 designat
2898 1878 3203 1933 Camdenus
3236 1877 3291 1932 in
3337 1891 3431 1931 sua
3460 1875 3716 1931 Britannia:

2172 1972 2533 2040 descriptione
2561 2009 2577 2035 ,
2624 1971 2789 2024 verbo
2837 1969 3150 2039 Brigantes:
3214 1988 3232 2019 ‹
3260 1968 3393 2022 urbs
3451 1977 3530 2023 est
3582 1969 3718 2022 totius

2171 2062 2377 2132 Anglia:
2407 2060 2668 2125 secunda,
2693 2060 2769 2114 ait
2798 2059 2885 2114 ille
2915 2058 3073 2127 hujus
3088 2060 3331 2129 regionis
3355 2059 3715 2129 (Eboracensis,

2173 2155 2332 2226 vulgo
2385 2153 2714 2225 Yorkesliire)
2774 2152 3160 2224 pulcherrima,
3206 2151 3718 2221 universae.Septen-

2174 2246 2391 2301 trionali
2439 2247 2620 2317 parti,
2669 2254 2724 2300 et
2768 2244 3041 2316 praesidio,
3077 2253 3134 2300 et
3184 2251 3503 2299 ornamento
3527 2244 3723 2298 estsin-t

2174 2339 2634 2407 gularLAmtena,
2668 2337 2866 2407 ampla,
2905 2337 3133 2403 munita,
3193 2335 3441 2391 :ediﬁciis
3491 2343 3592 2388 tam
3633 2334 3719 2402 pri-

2175 2432 2314 2486 vatis
2374 2445 2535 2502 quam
2588 2428 2819 2499 publicis
2881 2429 3149 2491 exsculta,
3198 2428 3392 2498 opibus
3443 2426 3722 2495 civibusque

2176 2522 2396 2589 referta,
2452 2531 2508 2579 et
2552 2522 2996 2592 archiepiscopali
3048 2521 3177 2576 sede
3234 2519 3532 2590 praeclara,
3587 2538 3603 2568 ›
3635 2527 3719 2571 etc.

2176 2613 2525 2669 Malmeshur.
2582 2614 2636 2668 in
2678 2611 2994 2683 prmfatione
3047 2612 3112 2666 ad
3167 2610 3262 2665 lib.
3318 2627 3378 2665 ιιι
3438 2610 3501 2665 de
3551 2606 3719 2663 Pontif.

2176 2708 2237 2761 Β.
2267 2707 2524 2763 Alcuinus
2546 2707 2685 2777 apud
2728 2708 2973 2762 eumdem
3042 2706 3372 2761 Malbeshur.
3427 2705 3603 2759 eodem
3626 2702 3724 2756 loco

2177 2798 2230 2851 in
2262 2797 2684 2868 archiepiscopis
2726 2797 3059 2852 Eboracens.
3102 2807 3224 2869 post
3256 2796 3407 2851 med.
3455 2795 3520 2850 de
3555 2792 3721 2862 insigni

2177 2892 2266 2946 illa
2294 2891 2614 2947 bibliotheca
2666 2893 2995 2947 Eboracensi
3030 2891 3283 2948 Carolum
3313 2890 3556 2961 Magnum
3610 2889 3724 2942 allo-

2177 2996 2387 3052 quens:
2415 3000 2434 3035 (
2468 2982 2602 3038 Date
2641 2983 2791 3049 mihi,
2818 2984 3009 3053 inquit,
3039 2983 3422 3053 exquisitiores
3440 2981 3727 3036 eruditionis

2178 3076 2515 3133 scholastica:
2567 3076 2797 3142 libellos,
2852 3076 3040 3147 quales
3088 3077 3140 3131 in
3186 3076 3362 3145 patria
3414 3074 3604 3149 habui,
3648 3087 3727 3141 per

2103 3144 2146 3206 θ
2180 3169 2373 3224 bonam
2406 3177 2461 3224 et
2502 3169 2903 3225 devotissimam
2963 3169 3204 3239 magistri
3248 3169 3353 3223 mei
3401 3166 3605 3237 Egberti
3656 3180 3723 3219 ar-

2177 3261 2505 3332 chiepiscopi
2553 3262 2871 3317 industriam
2919 3280 2930 3313 :
2980 3270 3036 3315 et
3090 3262 3135 3315 si
3183 3261 3366 3331 placet
3428 3258 3725 3315 excellentia:

2180 3362 2414 3419 vestrze,
2463 3355 2735 3409 remittam
2791 3354 2999 3423 aliquos
3051 3368 3117 3407 ex
3142 3353 3327 3423 pueris
3371 3351 3561 3406 vestris
3590 3391 3606 3417 ,
3655 3350 3727 3418 qui

2178 3446 2450 3515 excipiant
2510 3446 2632 3502 inde
2673 3462 2899 3516 quisque
2935 3446 3265 3513 necessaria,
3314 3456 3370 3501 et
3404 3444 3652 3500 revelraut
3688 3443 3727 3495 in

2180 3538 2462 3594 Franciam
2490 3538 2651 3594 ﬂores
2676 3540 2989 3593 Britannize.
3028 3558 3045 3589 ι

2248 3632 2515 3687 Carterum
2576 3632 2913 3702 metropolim
2980 3632 3277 3689 Ecclesiam
3360 3631 3725 3687 EboraCcnsem

2180 3724 2459 3779 constituit
2483 3724 2538 3778 ll.
2569 3724 2794 3794 Gregor.
2870 3723 3007 3794 apud
3064 3724 3332 3779 Venerab.
3375 3723 3565 3777 Bcdam
3589 3720 3670 3775 lib.
3699 3734 3729 3775 ι.

2181 3834 2300 3888 cap.
2322 3818 2412 3883 29,
2442 3817 2512 3871 ita
2545 3816 2605 3871 Β.
2636 3817 2932 3887 Augustino
2982 3817 3275 3887 Anglorum
3332 3815 3569 3885 apostolo
3621 3812 3731 3867 scri-

2181 3911 2313 3964 bens
2348 3928 2362 3966 :
2400 3928 2419 3961 ‹
2463 3910 2528 3964 Et
2556 3911 2678 3980 quia
2710 3926 2845 3964 nova
2887 3909 3182 3981 Anglorum
3229 3908 3471 3965 Ecclesia
3500 3909 3560 3962 ad
3582 3905 3731 3963 omni.

2180 4000 2415 4070 potentis
2440 4001 2533 4054 Dei
2561 4001 3015 4069 grati.un,codem
3049 4001 3278 4054 Domino
3309 4000 3588 4070 largiente,
3620 4006 3667 4050 et
3692 4007 3732 4049 te

2182 4092 2482 4157 laborante,
2519 4092 2776 4162 perducta
2822 4101 2928 4157 est,
2969 4108 3126 4146 usum
3194 4091 3293 4145 tibi
3353 4091 3405 4145 in
3460 4105 3522 4145 ea
3560 4090 3619 4142 ad
3642 4088 3730 4141 sola

2183 4183 2470 4239 missarum
2523 4184 2782 4238 solemnia
2822 4184 3029 4253 agenda
3079 4182 3461 4238 concedimus:
3493 4182 3560 4240 ita
3584 4189 3635 4233 ut
3659 4193 3734 4248 per

2184 4274 2391 4343 singula
2433 4274 2550 4328 loca
2597 4275 2873 4329 duodecim
2920 4274 3202 4343 episcopos
3246 4271 3468 4329 ordines
3517 4272 3601 4340 qui
3653 4279 3733 4321 lue

2184 4367 2497 4435 subjaeeant
2521 4368 2732 4422 ditioni.
2766 4388 2782 4418 ι
2818 4368 2882 4421 Et
2912 4367 3071 4436 paulo
3104 4366 3276 4421 infra:
3313 4386 3330 4416 ι
3370 4367 3437 4419 ad
3464 4365 3732 4419 Eburacum

495 4462 798 4517 monachus
817 4462 1245 4529 Cantuariensis,
1304 4461 1555 4517 Historiae
1603 4477 1865 4518 novorum
1892 4461 1985 4515 lib.
2022 4476 2077 4515 ιε
2109 4489 2162 4550 D
2188 4472 2316 4512 vero
2330 4458 2603 4513 civitatem
2638 4468 2687 4512 te
2716 4458 2961 4535 volumus
2988 4458 3299 4528 episcopum
3333 4457 3570 4518 mittere,
3602 4466 3735 4522 quem

503 4571 522 4602 ε
559 4550 931 4607 Calumniatus
983 4563 1066 4608 est
1124 4554 1420 4622 (accusavit
1484 4551 1842 4624 Lanl'rancus)
1900 4566 2082 4606 coram

497 4656 623 4710 μοιβ.
668 4641 929 4698 Thomam
957 4659 1080 4698 cum
1135 4643 1406 4714 Remigio,
1451 4645 1594 4713 quod
1642 4652 1835 4698 neuter
1867 4642 2081 4697 illorum

496 4732 617 4801 jure
666 4729 826 4787 fuerit
880 4741 1162 4803 promotus
1201 4734 1268 4787 ad
1305 4734 1700 4803 pontiﬁcatum.
1755 4733 1969 4787 Primus
2018 4747 2083 4787 ea

501 4821 707 4878 scilicet
738 4838 816 4889 re,
839 4826 981 4894 quod
1011 4826 1153 4881 sacri
1196 4840 1433 4882 canones
1456 4826 1596 4882 ﬁlios
1637 4825 2082 4895 presbyterorum

498 4928 636 4985 quos
664 4915 940 4987 religionis
960 4918 1094 4973 ordo
1121 4932 1227 4973 non
1257 4927 1438 4983 ornat,
1465 4934 1492 4972 a
1518 4932 1797 4973 sacrorum
1835 4917 2083 4971 ordinum

499 5006 859 5073 promotione'
893 5018 1227 5076 removeam,
1253 5024 1486 5079 sequens
1540 5007 1704 5079 3m
1743 5021 1871 5061 vero
1901 5022 2000 5075 pro
2022 5022 2085 5062 eo

503 5098 647 5166 quod
692 5098 835 5155 facta
868 5100 1226 5156 conventione
1254 5100 1400 5155 illum
1427 5115 1458 5156 a
1480 5098 1765 5154 Guiltelmo
1801 5107 1921 5169 post
1959 5114 2085 5170 rege

505 5187 652 5244 facto
687 5190 904 5258 emerit,
956 5192 1134 5248 ofﬁcio
1168 5192 1419 5247 videlicet
1463 5205 1571 5260 quo
1608 5190 1657 5245 ei
1706 5190 1759 5245 in
1813 5191 2082 5246 excidium

504 5280 711 5353 Anglia:
748 5284 1061 5356 properanti
1084 5283 1378 5338 multifaria
1418 5283 1765 5338 contentione
1814 5299 1878 5338 ac
1905 5283 2082 5339 multi-

500 5370 733 5441 plicibus
775 5374 1036 5446 impensis
1087 5373 1435 5429 deservierat.
1493 5373 1574 5429 Ad
1599 5375 1715 5429 haec
1737 5373 1810 5429 illi
1857 5373 2081 5439 nullam,

498 5479 609 5532 qua
649 5468 900 5523 excusari
922 5474 1161 5536 possent,
1194 5467 1527 5536 probabilem
1557 5482 1777 5523 causam
1819 5468 2085 5523 habentes

500 5557 728 5617 redditis
750 5558 960 5615 baculis
985 5566 1043 5613 et
1074 5558 1313 5625 annulis,
1336 5573 1459 5615 eum
1485 5574 1615 5619 cura
1664 5560 1983 5631 pontiﬁcali,
2014 5561 2083 5615 ad

500 5648 788 5721 petendam
833 5647 1262 5705 misericordiam
1330 5652 1573 5708 conversi
1645 5660 1791 5708 sunt.
1843 5652 2083 5721 Quorum

504 5736 756 5814 precibus
823 5752 941 5801 sese
979 5739 1316 5800 Lanl'raucus
1362 5743 1597 5803 medium
1631 5743 1905 5823 injiciens,
1944 5742 2085 5802 sicut

2187 4550 2644 4620 ipsejudicaveris
2671 4549 2941 4614 ordinare,
2998 4551 3072 4604 ita
3123 4550 3388 4603 duntaxat
3423 4556 3482 4601 ut
3510 4547 3550 4601 si
3575 4544 3733 4600 eadem

2187 4644 2377 4699 civitas
2401 4660 2521 4699 cum
2541 4644 2782 4698 ﬁnitimis
2806 4642 2938 4698 locis
2965 4644 3185 4699 verbum
3216 4644 3307 4698 Dei
3340 4641 3621 4711 receperit,
3645 4639 3735 4707 ipsc

2187 4750 2399 4805 quoque
2432 4736 2713 4791 duodecim
2773 4736 3054 4805 episcopos
3102 4736 3337 4799 ordinet,
3390 4743 3446 4793 et
3500 4743 3737 4803 metropo-

2188 4826 2339 4879 litani
2372 4826 2578 4879 honore
2630 4824 2944 4895 perfruatur
2972 4840 3168 4895 ;quem
3205 4832 3387 4879 tamen
3420 4832 3525 4879 tuze
3573 4822 3735 4875 frater-

2187 4914 2374 4968 nitatis
2410 4914 2658 4968 volmnus
2700 4914 3038 4984 dispositioni
3076 4912 3391 4984 subiacere,
3440 4933 3459 4966 ι
3488 4921 3591 4967 etc.
3618 4909 3739 4979 Lege

2188 5006 2432 5061 eamdem
2460 5006 2659 5062 Bedam
2686 5007 2779 5062 lib.
2812 5024 2873 5074 ιι,
2902 5022 3022 5077 cap.
3050 5007 3134 5072 l7,
3161 5007 3408 5061 ctVitam
3437 5004 3495 5062 S.
3518 5002 3739 5075 Augusti-

2187 5102 2260 5167 ni,
2289 5111 2411 5172 post
2432 5100 2586 5157 Vitas
2606 5103 2864 5157 abbatum
2907 5102 3278 5167 Beccensium,
3308 5117 3432 5172 pag.
3466 5102 3555 5157 62.

2261 5194 2771 5249 Primammniterer
2796 5196 3044 5250 obtinere.
3094 5195 3149 5249 In
3201 5195 3439 5249 medium
3493 5194 3579 5250 hic
3598 5193 3736 5247 disn-

2188 5285 2332 5340 dium
2356 5285 2498 5341 inter
2523 5287 2785 5341 Thomam
2819 5286 3213 5341 Eboracensem
3236 5295 3290 5342 et
3320 5286 3737 5343 Cantuariensem

2188 5374 2654 5445 archiepiscopum
2703 5374 3068 5428 Lanlrancum
3118 5373 3365 5443 proferre
3420 5388 3596 5443 operae
3638 5386 3738 5425 esse

2187 5487 2293 5527 non
2322 5471 2527 5541 putavi,
2559 5470 2757 5540 quippe
2788 5477 2867 5524 tot
2893 5478 2948 5524 et
2971 5468 3168 5524 diversi
3192 5467 3258 5520 de
3280 5468 3472 5522 eodem
3499 5468 3738 5535 scripsere

2187 5572 2456 5624 auctores.
2499 5570 2605 5616 tam
2635 5560 2832 5617 vetusti
2879 5574 3039 5631 quam
3073 5567 3341 5623 recentes,
3372 5566 3430 5612 ut
3463 5558 3512 5613 in
3540 5558 3737 5612 immen-

2189 5670 2307 5711 sum
2343 5653 2513 5710 l‘erme
2549 5652 2865 5723 exsurgeret
2889 5650 3172 5714 materies;
3204 5657 3257 5704 et
3280 5649 3570 5705 obtrudere
3600 5646 3734 5701 toties

2182 5742 2294 5811 jam
2311 5744 2556 5814 repetita,
2572 5743 2971 5802 vldcrcrnotius
2986 5741 3177 5800 eruditi
3193 5741 3416 5799 lectoris
3433 5737 3731 5797 stomachum
