3864 6304
57 350 151 409 ματ»
1102 344 1167 399 ΙΝ
1209 342 1421 399 EPIST.
1466 343 1525 399 Β.
1568 345 1583 399 1

1786 345 1957 401 lANCl
1989 345 2219 403 NOTAE.
3196 354 3312 411 585

57 467 115 522 ad
137 475 384 520 nauseam
430 470 742 531 provocare,
784 472 945 528 quam
974 456 1039 512 ad
1062 457 1348 529 legendum
1380 456 1618 512 animum
1649 459 1694 514 A
1724 458 1885 513 tionis
1937 472 2124 513 eorum
2182 455 2596 529 super-adjicere
2634 442 2841 529 curavi,
2879 480 2896 514 ι
2940 470 3046 519 etc.
3100 462 3304 519 Deinde
3363 468 3372 476 '

56 552 465 617 everberarecln
499 552 623 608 Vita
652 551 898 621 proxime
936 552 1103 606 citata
1150 566 1274 621 pag.
1314 550 1504 606 eadem
1555 549 1619 605 de
1719 565 1943 621 operum
1971 548 2189 619 subjicit
2211 547 2515 623 elenchum.
2544 548 2638 605 llis
2668 551 2822 622 plura
2871 552 3115 610 referunt
3161 554 3308 611 illius

59 650 271 719 primatu
300 644 715 701 Cantuariensis
760 642 1016 699 Ecclesiae
1045 643 1098 698 in
1122 643 1543 711 Eboracensem,
1567 651 1623 697 et
1723 641 1960 697 historite
1988 641 2345 696 Continuator
2374 640 2464 695 lib.
2502 658 2542 708 ι,
2571 657 2688 713 cap.
2724 643 2780 710 5,
2812 644 2863 709 6,
2884 645 2945 711 7;
2995 645 3303 711 Malmesb.,

59 740 203 796 Gesta
238 739 382 792 beati
417 735 706 792 Lanfranci
737 751 856 805 cap.
881 734 949 789 10
978 736 1135 801 ct11,
1174 750 1296 806 pag.
1325 735 1413 799 11,
1445 734 1621 806 legere
1723 734 1817 788 lib.
1843 749 1883 799 ι,
1914 748 2033 804 cap.
2055 733 2109 800 '5,
2141 733 2280 789 fuse.
2312 733 2419 789 Sed
2443 750 2571 789 vero
2593 735 2779 790 eadem
2802 736 2961 807 plane
2983 737 3224 795 referunt
3251 749 3308 795 et

58 839 145 885 est.
214 828 516 883 Meminere
562 834 617 881 et
662 825 902 895 ejusdem
964 825 1344 882 controversiae
1404 824 1615 880 Guillel.
1725 823 2218 881 Malmesburiensis
2275 835 2329 879 et
2383 824 2740 880 Continuator
2800 825 2925 887 ille.
2979 842 3073 883 seu
3124 829 3309 883 verius

60 918 540 975 Malmesburicnsis
564 917 686 972 libr.
749 933 832 983 ιιι,
888 917 958 972 de
996 917 1147 973 Gest.
1203 917 1365 987 Ang.,
1410 916 1621 982 fo‘.65,
1725 918 1997 988 ipsissima
2026 920 2432 975 erstantverba
2481 919 2533 973 in
2585 927 2847 988 utroque;
2905 927 2968 975 ut
3009 919 3309 989 eonjectari

60 1008 368 1078 amplissime
395 1022 526 1063 vero
556 1007 681 1062 libr.
713 1024 732 1062 ι
778 1008 854 1062 De
884 1007 1102 1077 pontii.,
1134 1006 1225 1062 fol.
1259 1008 1362 1065 118
1389 1015 1445 1063 et
1469 1021 1621 1076 seq;
1726 1007 1887 1064 liceat
1915 1024 2078 1064 unum
2114 1010 2182 1065 ab
2211 1009 2380 1065 altero
2412 1017 2711 1065 mutuatum
2738 1009 2901 1064 fuisse
2924 1010 3067 1079 quod
3097 1011 3308 1080 eloqui-

61 1101 279 1156 Orderic.
310 1100 652 1167 Vital.;llist.
669 1099 764 1154 lib.
809 1116 890 1165 tu,
919 1116 1044 1171 pag.
1075 1100 1201 1167 548,
1233 1100 1300 1155 ad
1325 1115 1452 1153 ann.
1486 1099 1624 1153 10³75
1727 1106 1833 1153 ιιιι·.
1864 1098 2168 1170 Antequam
2195 1099 2486 1177 excederet
2516 1114 2546 1154 e
2574 1100 2682 1153 vita
2710 1098 2838 1169 quid
2865 1099 3091 1169 gesserit
3123 1100 3312 1155 doctor

62 1190 99 1245 ll
134 1190 338 1262 rpsfeld.
373 1190 577 1247 saeculo
596 1206 685 1256 xl;
714 1189 896 1246 Cmsar
943 1189 1248 1259 Baronius,’
1272 1188 1466 1243 Annal.
1488 1197 1525 1243 t.
1557 1187 1621 1242 ll.
1727 1191 1816 1246 ille
1843 1191 2240 1257 sanctissimus,
2267 1191 2554 1263 descripsit
2584 1206 2655 1245 ex
2696 1191 2813 1261 ejus
2869 1190 3147 1261 discipulis
3178 1207 3314 1245 non~

61 1284 117 1337 Α.
143 1281 233 1337 Ch.
268 1279 405 1335 1071
442 1290 500 1336 et
530 1279 689 1347 1072,
726 1288 781 1335 et
811 1280 901 1335 alii
926 1281 1251 1353 complures.
1278 1280 1391 1361 Nos
1412 1295 1626 1351 quoque
1726 1284 1902 1340 nullus
1934 1284 2074 1355 apud
2101 1283 2320 1339 Surium
2346 1292 2476 1339 tom.
2516 1272 2605 1351 lll,
2656 1283 2744 1338 die
2801 1282 2869 1337 10
2917 1281 3041 1337 Maii
3079 1299 3093 1335 :
3145 1281 3314 1337 refert

66 1373 180 1427 infra
202 1374 386 1451 paucis
417 1374 713 1430 admodum
737 1390 803 1429 ex
828 1372 889 1429 S.
921 1373 1106 1440 Beda',
1136 1390 1207 1431 ne
1252 1374 1475 1430 lectoris
1510 1374 1627 1428 ani-
1729 1388 1908 1431 autem
1940 1375 2029 1431 die
2047 1376 2399 1433 Ascensionis
2421 1376 2716 1431 Dominicae
2736 1376 2913 1432 cilicio
2944 1375 3190 1446 subjecto
3214 1375 3313 1431 de-

65 1479 189 1517 nnnr.
211 1477 438 1532 prorsus
455 1462 701 1532 jejunum
725 1463 1119 1534 relinquamus.
1729 1468 2091 1535 cinnbentem,
2126 1466 2334 1524 illibato
2361 1483 2520 1524 sensu
2547 1475 2601 1523 et
2626 1468 2784 1523 hilari
2808 1467 2958 1523 vultu
3009 1469 3152 1523 hanc
3180 1483 3309 1522 ora-

125 1555 407 1610 Contentus
435 1554 675 1625 Anglicre
703 1564 878 1610 terrm.
915 1556 989 1611 De
1012 1556 1113 1612 hoc
1136 1565 1403 1612 conventu
1429 1555 1481 1610 in
1506 1553 1628 1609 Vita
1730 1561 1932 1615 tionem
1970 1574 2065 1614 seu
2094 1560 2443 1629 antiphonam
2474 1558 2865 1629 proferentem,
2914 1557 2959 1614 0
2986 1576 3076 1614 rea:
3106 1558 3309 1630 gloriw.

65 1648 157 1701 diri
180 1646 471 1703 Lanfranci
499 1662 619 1718 cap.
656 1648 742 1713 11,
773 1662 897 1719 pag.
927 1648 1013 1703 12.
1730 1649 1953 1705 Domine
2005 1652 2277 1717 virtutum,
2329 1660 2465 1711 ete..
2498 1657 2659 1721 atque
2706 1651 2794 1705 illa
2836 1661 3054 1720 peracta
3108 1651 3315 1706 clllasse

125 1740 260 1809 Apud
290 1739 619 1794 Wenfanam
670 1741 951 1795 civitatem.
984 1738 1283 1805 Camdeno,
1334 1740 1424 1794 ubi
1466 1753 1626 1808 supra
1662 1806 1697 1812 _
1732 1743 1987 1796 animam.
2018 1741 2094 1796 De
2125 1741 2183 1797 S.
2210 1740 2356 1799 Beda
2398 1739 2843 1812 Martyrologium
2885 1741 3187 1796 Romanum
3233 1741 3316 1795 die

67 1806 207 1886 verbo
228 1829 431 1900 Belgae:
505 1830 666 1901 Venia
695 1830 976 1901 Belgarum
1017 1830 1234 1895 dicitur,
1268 1830 1428 1900 vulgo
1481 1806 1630 1883 i’int-
1661 1806 1702 1863 Β
1729 1832 1799 1885 ΞἸ
1824 1831 1979 1899 Maii;
2018 1831 2284 1888 Baronius
2316 1831 2371 1887 in
2416 1806 2561 1885 notis
2613 1829 2679 1884 ad
2700 1806 2775 1884 vid
2816 1830 2941 1893 diei,
3011 1839 3067 1887 et
3116 1828 3314 1884 Annal.

69 1932 95 1972 δ.
118 1929 254 1984 aster,
305 1920 441 1976 urbs
463 1920 616 1990 regia
641 1929 696 1975 et
723 1921 1118 1986 amoenissima,
1154 1919 1445 1990 episcopali
1503 1920 1629 1973 sede
1733 1934 1865 1979 tom.
1894 1926 1959 1978 ad
1982 1939 2108 1977 ann.
2135 1924 2231 1977 731
2258 1941 2271 1990 ;
2302 1922 2571 1978 Arnoldus
2597 1920 2804 1986 Wion.,
2861 1920 3012 1992 Ligni
3044 1920 3179 1976 Vitce
3211 1920 3305 1973 lib.

69 2008 348 2079 Insignitur.
378 2008 549 2063 Plura
598 2010 721 2065 vide
750 2011 981 2077 ibidem;
1013 2026 1225 2066 necnon
1256 2020 1310 2066 ct
1348 2010 1624 2064 Malmesb.
1733 2030 1813 2079 ιιι,
1847 2014 1933 2068 die
1965 2014 2033 2068 27
2062 2012 2202 2079 Maii,
2231 2023 2285 2069 et
2314 2013 2406 2069 lib.
2442 2028 2497 2080 ν,
2528 2026 2647 2083 cap.
2684 2012 2805 2067 111.
2841 2013 3020 2082 Atque
3070 2011 3313 2068 omnium

71 2097 147 2154 lib.
174 2115 209 2154 ιι
241 2101 311 2155 De
334 2099 568 2171 pontif.,
593 2101 648 2155 in
681 2102 951 2172 episc0pis
984 2100 1450 2157 Vintoniensibus.
1733 2102 2062 2170 amplissime
2093 2100 2379 2157 Eduardus
2401 2101 2662 2168 Malheus,
2687 2100 3077 2172 Trophceo‘rum
3138 2100 3317 2155 tabula

134 2189 495 2246 Erclesiaslica
522 2194 685 2263 gentis
717 2193 1002 2263 Anglorum
1040 2194 1281 2248 historia.
1313 2192 1443 2260 Quae
1468 2194 1631 2248 habe-
1734 2192 1783 2246 1.
1826 2194 1935 2247 Cur
1965 2208 2092 2250 vero
2120 2195 2299 2264 potius
2330 2193 2670 2257 Venerabilis
2689 2194 2957 2249 vocitetur
2975 2193 3136 2258 Beda,
3158 2208 3320 2262 quam

73 2280 230 2349 t1r(nt
258 2290 443 2336 notum
466 2282 581 2353 est)
612 2292 741 2337 tom.
770 2282 855 2348 ιιι,
908 2299 1133 2354 operum
1180 2281 1237 2339 S.
1271 2283 1427 2339 Bedte
1458 2282 1630 2338 Vene-
1733 2290 1970 2349 sanctus,
2002 2284 2240 2339 rationes
2269 2282 2547 2338 interserit
2594 2282 2784 2336 ultimo
2836 2282 2955 2338 loco
3003 2282 3171 2335 citato
3223 2281 3320 2334 Ar-

76 2370 262 2440 rabilis;
294 2373 379 2427 ubi
412 2374 562 2430 libro
605 2390 641 2438 ι,
677 2390 705 2428 a
732 2390 852 2447 cap.
898 2376 968 2432 25
1014 2378 1081 2431 ad
1125 2376 1311 2441 finem,
1368 2391 1433 2433 ac
1478 2375 1630 2431 libris
1735 2375 1928 2431 noldus
1958 2376 2139 2441 Wion,
2183 2391 2415 2445 quarum
2444 2375 2561 2430 haec
2609 2373 2876 2445 prmeipua
2919 2392 2932 2428 :
2984 2391 3002 2426 ι
3043 2372 3321 2428 Viventem

76 2472 285 2531 sequenl.
314 2465 526 2535 passim
549 2465 617 2519 de
643 2466 1072 2523 Dorobernensis
1098 2466 1632 2524 siveCantuariensis
1734 2466 1897 2532 enim,
1929 2467 2122 2536 inquit,
2156 2466 2311 2521 aliter
2334 2480 2668 2535 nuncupare,
2695 2480 3002 2535 quanquam
3034 2464 3325 2520 sanctitate

80 2555 471 2621 metropolitanae
536 2557 683 2635 sedis
716 2558 985 2626 primatu,“
1013 2560 1076 2614 Ι).
1114 2559 1416 2630 Augustino
1456 2559 1632 2631 primo
1736 2559 1989 2623 elarcret,
2027 2558 2108 2611 fas
2137 2572 2241 2612 non
2274 2565 2413 2611 erat.
2451 2576 2470 2609 ι
2502 2556 2566 2611 AI
2600 2572 2700 2627 ego
2726 2557 2809 2628 (ut
2835 2556 3012 2612 dicam
3043 2555 3185 2627 quod
3201 2570 3324 2611 sen-

81 2639 280 2707 rjusdem
301 2646 553 2702 civitatis
583 2649 996 2721 archiepiscopo
1045 2665 1075 2704 a
1100 2648 1162 2703 Β.
1193 2649 1458 2719 Gregorio
1498 2666 1630 2706 con-
1739 2648 1835 2719 tio)
1865 2661 1930 2703 eo
1957 2646 2175 2702 nomine
2199 2646 2298 2700 has
2319 2645 2387 2701 ob
2416 2658 2611 2701 causas
2640 2645 2957 2717 insignitum
2975 2644 3324 2716 puto,prima

84 2748 227 2799 cesso,
248 2748 300 2791 et
325 2738 394 2793 ab
450 2738 810 2796 inferioribus
865 2740 1123 2797 Ecclesia:
1172 2741 1432 2797 Romana:
1459 2743 1636 2811 ponti-
1737 2741 1880 2813 quod
1907 2739 2226 2811 antiquitus,
2256 2739 2413 2795 Beda:
2442 2753 2557 2795 aevo
2588 2738 2849 2804 maxime,
2897 2737 3139 2794 solemne
3164 2737 3327 2793 fuerit

85 2826 239 2881 ficibus
262 2828 612 2896 confirmato,
658 2831 947 2887 disseritur
996 2850 1009 2885 :
1070 2847 1302 2902 quorum
1356 2833 1635 2904 privilegia
1737 2830 2085 2902 presbyteros
2104 2829 2447 2885 venerabiles
2481 2828 2757 2895 vocitare;
2790 2826 3323 2893 altera,virieximia

87 2930 158 2972 seu
191 2918 385 2977 litteras
420 2922 663 2979 bullatus
684 2924 1004 2995 (utvoeant)
1022 2924 1316 2980 siveetiam
1337 2924 1638 2981 decretales
1739 2922 2036 2988 sanctitas,
2082 2920 2258 2991 pietas
2309 2918 2621 2991 singularis,
2674 2934 2797 2973 cum
2847 2918 2965 2988 pari
3025 2918 3281 2973 doctrinae
3311 2958 3325 2977 ν

87 3012 139 3064 ab
173 3011 398 3082 ipsismet
445 3015 801 3085 pontificibus
847 3016 899 3072 in
953 3017 1184 3088 gratiam
1233 3016 1637 3073 Cantuariensis
1740 3013 2204 3081 scientiarumque
2228 3010 2450 3081 peritia,
2476 3010 2528 3065 id
2558 3007 2803 3066 effecerit
2833 3019 2891 3064 ut
2918 3008 3061 3065 illius
3092 3008 3329 3065 homilim

89 3101 315 3168 primatus
364 3105 746 3177 promulgatas
776 3107 842 3162 ad
870 3122 964 3161 sua
1010 3122 1182 3179 usque
1218 3092 1480 3183 tempora,
1506 3094 1640 3163 Scri-
1666 3147 1711 3209 Ο
1742 3106 2026 3179 publiceiu
2049 3105 2329 3171 Ecclesiis,
2351 3119 2417 3161 eo
2448 3104 2501 3160 in
2531 3104 2668 3160 vivis
2713 3104 2983 3160 existente
3023 3100 3333 3173 legerentur

91 3194 174 3260 ptis
191 3196 249 3250 ad
274 3198 501 3253 verbum
536 3199 875 3269 consignavit
923 3215 1064 3271 saepe
1110 3200 1254 3257 fatus
1289 3200 1635 3257 Malmesbur.
1668 3191 1711 3209 υ
1744 3200 1886 3255 unde
1904 3208 1959 3253 et
1985 3197 2313 3253 venerabilis
2337 3210 2531 3251 nomen
2560 3202 2643 3251 est
2672 3195 2928 3265 adeptus;
2981 3206 3168 3248 verum
3220 3191 3323 3244 hu-

92 3288 283 3348 deGest.
307 3296 538 3368 Anglor.
572 3295 693 3351 libr.
733 3312 817 3361 ιιι,
844 3310 964 3367 cap.
999 3296 1228 3363 ultimo;
1272 3307 1326 3352 et
1355 3297 1447 3353 lib.
1488 3312 1502 3350 ι
1566 3296 1642 3351 De
1742 3291 1976 3363 jusmodi
2010 3289 2167 3345 titulo
2194 3297 2449 3346 ornatum
2507 3300 2773 3356 nusquam
2834 3285 2975 3356 apud
3008 3290 3322 3337 coaetaneos

94 3382 294 3446 pontiﬁc.
1747 3384 2041 3455 scriptores
2070 3380 2362 3451 reperitur,
2395 3379 2470 3433 uti
2494 3377 2758 3432 Barouius
2788 3375 2980 3429 Annal.
3012 3372 3207 3429 eceles.
3235 3371 3335 3425 ubi

147 3470 580 3546 3&1Anglorum
611 3476 792 3532 doctor
825 3475 990 3531 Beda.
1038 3476 1378 3532 Prrenomine
1400 3478 1639 3532 Venera-
1747 3488 1908 3544 Supra
1930 3478 2182 3526 accurate
2206 3475 2526 3540 pertractat.

96 3558 225 3627 bilis,
265 3566 344 3619 vir
383 3566 644 3637 equidem
700 3567 1029 3622 admirandae
1067 3567 1393 3633 sanctitatis,
1445 3566 1645 3637 regulae
1819 3560 2096 3632 Augustini
2125 3559 2281 3629 primi
2306 3557 2715 3611 Doroberncnsis
2762 3555 3008 3625 episwpi.
3047 3572 3064 3604 ι
3105 3551 3182 3606 De
3210 3565 3345 3606 saltm

98 3651 413 3713 Benedictinze
444 3658 891 3729 religiosissimus
917 3660 1257 3726 observator,
1316 3666 1480 3728 atque
1522 3671 1647 3712 eruo
1750 3666 1838 3711 clo
1866 3653 2165 3726 Augustino
2194 3652 2359 3724 (quod
2384 3650 2638 3706 observat
2684 3649 3028 3704 doctissimus
3053 3647 3206 3718 Hugo
3230 3646 3311 3700 Me

98 3748 290 3805 ditorum
345 3753 595 3807 omnium
648 3753 731 3808 sui
779 3754 963 3808 saeculi
1017 3754 1172 3809 facile
1214 3754 1466 3824 princeps
1507 3753 1643 3807 fuit:
1752 3746 1971 3819 nardus)
2000 3745 2294 3814 Anglorum
2345 3742 2589 3814 apostolo
2635 3757 2739 3797 non
2788 3742 2875 3796 hic
2922 3739 3323 3811 praetermittere.

98 3850 248 3894 verum
270 3843 391 3911 quid
415 3844 488 3898 de
524 3842 705 3913 seipso
756 3842 854 3914 (in
880 3844 1033 3899 calce
1092 3845 1347 3899 nimirum
1397 3842 1649 3898 Historiae
1752 3839 1877 3894 dum
1904 3838 2088 3893 censui
2125 3837 2387 3906 insignem
2415 3834 2588 3889 locum
2640 3833 2890 3905 Aimoyni
2952 3831 3335 3897 Floriacensis,

100 3933 430 3992 ecclesiasticze
451 3936 637 4009 gentis
682 3936 1017 4009 Anglorum)
1077 3937 1143 3993 ad
1193 3946 1439 4007 posteros
1468 3950 1648 3992 trans—
1755 3935 1805 3987 in
1838 3933 1958 3987 Vita
1992 3930 2046 3987 S.
2078 3931 2317 3986 Abbonis
2332 3945 2448 4000 cap.
2478 3930 2529 3996 4,
2571 3945 2678 3999 quo
2729 3930 3113 4000 przedicatores
3141 3928 3194 3983 in
3228 3927 3360 3980 An-.

102 4021 248 4090 misit,
295 4028 481 4084 audire
534 4044 639 4082 non
670 4028 888 4101 pigeat:
921 4048 939 4080 ί
969 4028 1109 4085 Beda
1170 4029 1262 4083 Dei
1309 4028 1541 4083 famulus
1597 4037 1651 4084 et
1756 4022 1915 4093 gliam
1949 4036 1978 4075 a
2010 4021 2068 4075 S.
2093 4020 2354 4092 Gregorio
2385 4020 2578 4076 missos
2601 4020 2845 4077 addictos
2867 4020 3061 4090 regulie
3086 4020 3143 4074 S.
3170 4018 3336 4072 Bene-

102 4114 337 4186 presbyter
382 4119 706 4174 monasterii
767 4120 1051 4175 beatorum
1092 4119 1457 4191 apostolorum
1505 4118 1650 4173 Petri
1757 4112 1881 4167 dicti
1911 4119 2160 4165 testatur.
2187 4109 2385 4164 Eadem
2403 4108 2598 4179 quippe
2625 4108 2872 4181 natio(de
2890 4107 3074 4176 Anglis
3090 4105 3339 4174 loquens)

110 4208 144 4253 3t
166 4201 317 4275 Pauli,
347 4210 492 4280 quod
518 4218 597 4265 est
624 4210 688 4264 ad
740 4209 1075 4265 Virimudam
1131 4221 1185 4265 et
1216 4210 1489 4281 lngiruum
1518 4226 1530 4263 :
1562 4209 1651 4278 qui
1759 4204 1825 4257 ad
1856 4216 2096 4257 amorem
2127 4199 2306 4254 Patris
2328 4198 2501 4254 nosh'i
2542 4198 2836 4261 Benedicti
2893 4195 3175 4251 memorati
3234 4193 3337 4247 loci

106 4303 231 4351 natus
254 4300 300 4353 in
339 4302 618 4356 territorio
648 4299 890 4370 ejusdem
923 4301 1269 4367 monasterii,
1298 4315 1423 4356 cum
1476 4314 1653 4355 essem
1759 4294 1968 4349 duabus
1990 4307 2052 4348 ex
2083 4290 2264 4347 causis
2314 4289 2549 4343 maxime
2611 4288 2859 4343 accessit.
2919 4287 3034 4340 Una
3080 4285 3293 4354 quidem
3325 4324 3338 4345 ,

108 4397 330 4444 annorum
375 4401 589 4463 septem
622 4433 637 4456 ,
686 4408 816 4447 cura
862 4394 1285 4463 propinquorum
1336 4393 1495 4447 datus
1536 4406 1654 4445 sum
1761 4386 1885 4457 quia
1910 4385 1967 4440 S.
2008 4398 2144 4455 papa
2181 4382 2475 4452 Gregorius
2506 4380 2686 4436 missis
2734 4380 2799 4433 ad
2834 4395 2954 4435 eam
3010 4387 3335 4435 converten-

109 4475 375 4536 educandus
408 4484 732 4539 Iteverendo
754 4484 936 4538 abbati
966 4484 1256 4539 Benedicto
1280 4482 1658 4554 (c0gnomento
1688 4488 1735 4547 ι)
1763 4480 1883 4534 dant
1915 4476 2034 4530 fidei
2058 4473 2258 4529 Christi
2292 4472 2733 4542 praedicatoribus
2761 4470 2999 4541 ejusdem
3042 4470 3221 4526 dilecti
3244 4470 3342 4524 do:

110 4561 400 4639 Bisc0p0)ae
453 4573 654 4628 deinde
711 4572 1007 4639 Ceolfrido,
1066 4582 1432 4642 cunctumque
1486 4585 1552 4626 ex
1593 4586 1659 4627 eo
1761 4566 1890 4622 mini
1915 4562 2192 4619 Benedicti
2231 4561 2467 4633 regulam
2493 4562 2883 4617 observandam
2935 4561 3222 4631 specialius
3264 4560 3347 4616 in.

116 4663 287 4727 tempus
340 4665 460 4719 vitm
513 4664 756 4735 ejusdem
807 4666 1124 4719 monasterii
1160 4663 1495 4719 habitatione
1537 4677 1659 4733 per—
1762 4655 2011 4711 culcavit.
2046 4674 2063 4706 ι
2118 4653 2195 4708 lta
2245 4652 2534 4707 Menardus
2587 4654 2732 4708 notis
2783 4653 2850 4707 ad
2903 4652 3343 4725 Martyrologium

119 4758 266 4816 agens,
299 4767 511 4808 omnem
557 4754 884 4809 meditandis
920 4754 1219 4825 Scripturis
1246 4768 1465 4825 operam
1512 4753 1658 4818 dedi,
1761 4745 2169 4801 Benedictinum
2204 4744 2270 4799 ad
2296 4759 2365 4797 vn
2398 4742 2620 4823 Kalend.
2656 4742 2865 4798 lunias.
2924 4744 3120 4798 Verum
3172 4743 3346 4799 enim-

118 4846 247 4906 atque
274 4843 407 4899 inter
464 4846 869 4900 observantiam
931 4846 1226 4916 disciplinm
1276 4844 1559 4914 regularis,
1606 4850 1662 4897 et
1763 4846 1890 4893 vero
1922 4836 2141 4907 propius
2193 4834 2461 4902 latiusque
2496 4848 2609 4887 rem
2643 4832 2783 4886 haud
2816 4832 3024 4888 minimi
3081 4834 3345 4887 momenti,

120 4932 441 4993 quotidianam
471 4937 725 5005 cantandi
758 4937 810 4990 in
840 4935 1080 4991 Ecclesia
1105 4951 1291 4990 curam
1333 4948 1548 5004 semper
1568 4942 1661 4987 aut
1764 4944 1867 4983 non
1899 4926 1996 4981 abs
2029 4942 2088 4981 re
2136 4924 2243 4979 erit
2268 4924 2555 4994 inspicere,
2577 4922 2849 4979 discutere
2879 4936 2944 4977 ac
2987 4921 3342 4977 dubitationis

126 5016 313 5087 discere,
351 5032 442 5079 aut
463 5025 682 5091 docere,
717 5034 810 5080 aut
841 5026 1087 5081 scribere
1114 5024 1269 5081 dulce
1292 5024 1477 5080 habui.
1509 5022 1660 5078 Nono
1758 5019 2015 5075 tenebras
2036 5032 2135 5089 pro
2159 5014 2364 5069 viribus
2392 5029 2419 5067 a
2449 5014 2720 5070 mentibus
2746 5022 3004 5070 excutere
3055 5011 3344 5067 nonnullo-

121 5107 290 5166 decimo
312 5124 485 5172 autem
517 5117 642 5171 vitae
675 5132 808 5171 mere
838 5131 979 5171 anno
1002 5113 1661 5179 diaconatum,tricesimo
1765 5123 1881 5163 rum
1916 5126 1929 5161 :
1962 5107 2055 5163 sed
2092 5104 2216 5177 quia
2246 5104 2473 5193 nimium
2504 5103 2605 5159 sibi
2638 5104 2690 5159 in
2708 5105 2921 5175 propria
2972 5115 3134 5158 causa
3187 5114 3339 5154 arro-

124 5203 306 5263 gradum
332 5209 733 5281 presbyteratus
765 5249 777 5272 ,
826 5217 1116 5278 utrumque
1162 5223 1258 5277 per
1302 5204 1660 5260 ministerium
1763 5213 1891 5272 gare
1927 5197 2155 5270 quisque
2174 5194 2469 5265 iudicatur,
2494 5202 2770 5251 auctorem
2800 5194 3028 5265 Anglum
3050 5194 3347 5262 producere

127 5288 529 5357 Reverendissimi
554 5301 802 5368 Joannis,
836 5301 1063 5373 jubente
1114 5298 1388 5355 Ceolfrido
1443 5298 1659 5362 abbate,
1764 5295 1927 5363 (puta
1978 5287 2136 5357 cujus
2193 5284 2327 5340 nihil
2377 5283 2635 5353 interest)
2692 5291 2875 5353 aptum
2944 5295 3349 5373 congruumque

128 5387 325 5456 suscepi.
357 5390 429 5446 Ex
457 5409 564 5463 quo
596 5372 1067 5463 temporcaccepti
1106 5391 1514 5462 presbyteratus
1570 5405 1661 5445 us-
1764 5381 2091 5446 existimavi,
2150 5377 2441 5433 Seldenum
2506 5375 2766 5445 intelligo,
2828 5374 2919 5443 qui
2961 5373 3040 5427 .in
3084 5372 3229 5428 notis
3277 5373 3355 5427 ad

128 5483 210 5537 que
236 5478 293 5531 ad
317 5495 510 5536 annum
531 5486 711 5540 aetatis
736 5499 870 5540 meae
899 5484 1407 5554 quinquagesimum
1434 5496 1658 5545 nonum,
1764 5472 2014 5529 Eadmeri
2069 5469 2351 5526 historiam
2413 5466 2623 5554 probat
2654 5464 2885 5520 feliciter
2938 5464 3076 5554 satis
3120 5464 3187 5538 (si
3213 5464 3343 5534 quid

131 5558 220 5617 haec
244 5566 560 5643 Scripturam
605 5585 849 5630 sanctam
880 5553 1016 5631 mea:
1055 5553 1424 5643 meorumque
1475 5585 1662 5627 neces—
1759 5562 1961 5635 judico)
2018 5560 2163 5616 illum
2194 5560 2365 5629 ipsum
2405 5553 2760 5626 Augustinum
2816 5563 2968 5609 extra
2998 5553 3216 5609 dubium
3266 5554 3346 5609 fa~

132 5651 267 5724 sitati,
286 5674 345 5714 ex
368 5666 636 5734 opusculis
661 5667 1046 5721 venerabilium
1069 5666 1288 5720 Patrum
1314 5663 1551 5720 breviter
1563 5661 1660 5717 ad-
1767 5654 1929 5709 milia:
1952 5650 2307 5706 benedictinm
2336 5647 2551 5702 dedisse
2576 5658 2791 5699 nomen.
2827 5643 2891 5698 Et
2908 5643 3083 5713 primo
3129 5643 3347 5714 quidem

133 5755 307 5820 notare,
329 5755 435 5813 sive
460 5760 618 5815 etiam
643 5762 708 5815 ait
732 5759 961 5817 fortnam
992 5775 1203 5829 sensus,
1262 5766 1314 5815 et
1343 5759 1662 5829 interpreta-
1768 5768 1833 5807 cx
1862 5748 2149 5807 Guillclmo
2180 5743 2522 5800 Malmesbur.
2560 5741 2611 5796 in
2644 5756 2726 5796 ms
2791 5738 2975 5795 codice
3007 5737 3071 5794 de
3097 5737 3344 5809 Antiqui-
