3864 6304
483 266 588 320 557

1668 262 1878 321 DOMNl
1918 260 2123 319 LUCE
2161 261 2478 320 DACllEilll

3642 254 3740 318 εκ

405 349 419 390 ξ’
487 383 687 437 tatibus
709 378 962 436 Ecclesia:
984 380 1379 436 Glastonicnsis
1411 398 1425 434 :
1455 399 1472 431 ι
1506 379 1642 434 lliue
1666 379 1864 451 (inquit
1917 376 2058 434 Guil-
2094 383 2140 437 A
2169 380 2448 444 monachi,
2491 378 2877 434 monachorum
2922 391 3141 448 gregem
3186 376 3293 431 sibi
3341 375 3647 442 associem,
3692 386 3744 435 et

484 471 596 542 l:l.)
627 480 746 541 post
769 471 1058 527 adventum
1086 470 1374 541 Augustini
1406 470 1460 525 in
1519 470 1747 526 diversis
1792 469 1924 524 locis
1971 482 2064 524 or-

484 566 740 618 dinantur
769 564 925 619 sedes
951 563 1310 634 episcopales,
1330 572 1719 619 construuntur
1737 561 2059 616 manasteria

483 656 778 712 secundum
807 657 867 710 Β.
899 656 1076 710 Patris
1104 654 1379 710 Benedicti
1412 653 1649 723 regulam
1676 652 1787 707 Deo
1814 652 2051 706 militan-

484 750 581 815 tia,
612 750 685 803 ita
709 756 768 803 ut
793 757 979 819 postea
1003 748 1055 803 in
1086 757 1247 819 gente
1269 746 1563 818 Anglorum
1585 745 1711 800 nulli
1729 745 2063 815 reperiantur

483 839 751 905 inonachi,
781 840 909 909 quin
939 838 1138 894 fuerint
1159 838 1222 893 Β.
1245 837 1522 893 Benedicti
1540 837 1798 908 Regulam
1813 835 2060 907 professi.

486 930 612 985 Inde
638 930 723 986 his
754 931 1089 1001 temporibus
1112 929 1166 985 in
1198 930 1530 985 monasterio
1558 928 1923 985 Glastoniensi
1948 944 2063 984 cm-

483 1021 565 1088 pit
589 1021 766 1090 primo
791 1021 977 1075 eadem
1006 1019 1188 1091 regula
1220 1009 1487 1083 exerceri,
1512 1020 1655 1089 quod
1700 1020 1849 1090 prius
1890 1018 2065 1074 fuerat

481 1124 635 1163 more
666 1109 1032 1165 coenobiorum
1060 1108 1300 1179 Aigypti.
1336 1128 1354 1161 ι
1388 1126 1406 1159 ι
1431 1108 1547 1174 Qua
1579 1109 1646 1162 de
1678 1124 1735 1163 re
1753 1107 1995 1175 consule,
2020 1109 2063 1161 si

481 1200 678 1268 placet,
704 1199 996 1255 llenricum
1010 1200 1446 1271 Vendenzypium
1471 1200 1523 1253 in
1538 1207 1677 1269 part.
1705 1214 1770 1254 ιιι
1793 1200 1859 1254 de
1884 1198 2067 1253 Mona-

484 1293 621 1347 stico
649 1292 837 1347 ordine
862 1292 921 1348 S.
949 1294 1194 1363 Gregorii
1227 1308 1348 1363 cap.
1387 1292 1442 1359 5,
1466 1301 1629 1364 atque
1680 1292 1853 1348 fusius
1883 1293 2065 1361 dispu-

484 1381 669 1437 tatille
692 1383 744 1437 in
776 1383 1014 1453 ejusdem
1052 1384 1173 1438 libri
1206 1392 1431 1453 parta",
1456 1398 1575 1451 cap.
1605 1382 1663 1446 4,
1688 1383 1753 1437 de
1781 1382 2066 1453 Augustini

484 1472 656 1526 nostri
686 1471 916 1537 familia,
948 1488 1109 1543 quam
1145 1474 1288 1528 haud
1313 1472 1472 1527 aliam
1500 1472 1667 1527 fuisse
1699 1480 1897 1541 praeter
1924 1486 2066 1534 eam,

486 1561 540 1615 in
572 1576 678 1631 qua
702 1572 951 1618 sacratus
982 1572 1099 1617 erat
1130 1563 1187 1617 S.
1230 1563 1545 1634 Gregorius,
1585 1570 1687 1627 est,
1743 1570 1895 1631 puto,
1930 1562 2067 1632 apud

488 1667 679 1708 omnes
701 1653 753 1706 in
785 1652 1031 1708 confesso
1065 1654 1265 1707 :etiam
1302 1654 1414 1724 ipse
1430 1653 1721 1723 Gregorius
1747 1654 1877 1708 satis
1910 1661 2072 1707 testa-

488 1753 579 1798 tur
601 1743 694 1799 lib.
726 1760 824 1809 vn,
849 1745 1006 1814 epist.
1034 1744 1195 1817 342
1228 1720 1349 1809 illi,
1374 1746 1438 1798 ad
1462 1720 1745 1815 Syagrium
1761 1745 2070 1815 episc0pum
2106 1720 2146 1777 Β

486 1836 1058 1906 Augustodunensem,
1092 1837 1180 1890 ubi
1210 1835 1573 1906 Augustinum
1598 1835 2072 1904 quondammona-

488 1929 637 1983 sterii
672 1930 776 1985 mei
809 1929 1156 1999 prazpositum
1190 1936 1368 1983 vocat.
1425 1926 1497 1982 At
1546 1928 1911 1997 Equitiauam,
1967 1942 2071 1981 non

491 2018 893 2075 Benedictinam
924 2018 1171 2087 Gregorii
1190 2017 1446 2072 familiam
1469 2018 1631 2073 fuisse
1646 2017 1757 2072 vult
1788 2017 2071 2079 Baronius,

489 2118 655 2180 atque
683 2110 751 2177 is,
781 2096 845 2164 ni
865 2109 1045 2173 fallor,
1077 2110 1180 2164 hoc
1232 2110 1439 2178 primus
1480 2109 1667 2175 voluit,
1714 2117 1768 2163 et
1817 2107 2077 2181 receptis-

488 2200 643 2254 sima:
683 2200 970 2254 vetustatis
1019 2200 1301 2253 sementim
1352 2200 1566 2254 demum
1607 2198 1865 2270 refragari
1914 2215 2076 2255 ausus

486 2298 591 2354 et,
615 2290 809 2345 ductus
835 2291 1089 2345 nimirum
1115 2290 1443 2359 conjecturis
1498 2306 1596 2345 nec
1653 2307 1783 2346 sane
1837 2302 2077 2347 contem-

493 2382 707 2444 nendis,
737 2397 836 2437 nec
866 2383 1047 2453 magni
1104 2399 1235 2438 sane
1285 2383 1559 2453 ponderis.
1607 2383 1829 2439 Videbis
1879 2382 2073 2437 Annal.

498 2484 631 2527 tom.
660 2472 791 2537 \‘lll,
826 2473 926 2528 sub
955 2490 1099 2528 anno
1127 2474 1288 2539 1096,
1334 2486 1388 2531 et
1422 2492 1541 2545 qua:
1581 2476 1633 2530 in
1690 2491 1812 2531 eum
1861 2475 2077 2545 scripsit

496 2564 910 2636 Vandenzypius
937 2564 1070 2619 locis
1084 2562 1197 2632 jam
1230 2564 1413 2620 dictis.
1446 2565 1644 2620 Fateor
1672 2565 1812 2636 apud
1864 2572 2077 2620 veteres

494 2669 675 2710 rerum
702 2665 1010 2711 nostrarum
1064 2656 1532 2710 consarcinatores
1576 2656 1796 2710 minime
1839 2656 2076 2722 disertis,

494 2745 539 2798 si
568 2746 702 2799 bene
733 2747 977 2811 memini,
1001 2746 1181 2801 verbis
1232 2746 1431 2800 aliculii
1490 2747 1669 2801 doceri
1720 2747 2077 2817 Augustinum

492 2851 559 2890 ex
592 2837 845 2892 sodalitio
868 2837 1035 2893 fuisse
1064 2838 1441 2901 Benedictino,
1467 2838 1560 2892 sed
1610 2838 1835 2908 prrccise
1891 2852 2078 2893 mona-

494 2928 655 2983 chum
679 2928 937 2982 duntaxat
969 2928 1151 2983 vocari
1180 2929 1395 2997 saepius.
1453 2928 1520 2982 Et
1569 2930 1927 2999 Augustinum
1957 2970 1971 2991 ,
2025 2938 2079 2984 et

2164 483 2355 525 eorum
2377 471 2546 524 vitam
2577 468 2934 524 sanctitatum
2987 466 3231 522 moribus
3272 473 3567 520 exornent.
3622 465 3743 534 οη

2163 569 2345 615 nostra
2371 558 2609 624 decreta,
2638 559 2685 613 si
2706 559 2831 627 quis
2849 571 3224 613 successorum
3244 564 3588 619 vestrorum.
3640 557 3747 612 sive

2163 665 2372 722 regum,
2398 649 2511 704 sive
2538 650 2940 719 episcoporum,
2969 648 3317 711 clericorurn,
3338 647 3459 702 sive
3488 646 3744 701 laieorum

2164 742 2317 798 irrita
2379 742 2559 797 facere
2622 740 2906 796 tentavcrit
2933 779 2949 801 .
3006 755 3035 793 a
3096 740 3341 810 principe
3380 739 3745 809 apostolorum

2164 835 2326 892 Petro
2352 844 2406 890 ct
2435 850 2465 888 a
2507 833 2722 890 cunctis
2771 830 3182 889 successoribus
3229 831 3344 885 suis
3385 830 3747 885 anathematis

2152 926 2429 983 vocabulo
2471 922 2735 997 [vinculo]
2789 923 3088 993 suhjaceat,
3133 922 3312 990 quoad
3354 936 3565 991 usque,
3616 922 3747 990 quod

2167 1017 2458 1073 temerario
2488 1031 2622 1070 ausu
2651 1013 2884 1084 peregit,
2918 1013 3148 1067 Domino
3180 1010 3749 1082 placita'satisfactio-

2166 1125 2236 1164 ne
2276 1109 2555 1179 pmniteat,
2593 1115 2649 1162 et
2671 1105 2831 1177 hujus
2860 1104 3253 1176 inquietudinis
3278 1119 3473 1158 veram
3503 1103 3749 1157 emenda-

2170 1200 2366 1255 tionem
2395 1198 2582 1255 faciat.
2617 1218 2638 1252 ι
2709 1216 2729 1250 ι
2760 1197 2870 1252 Aut
2904 1197 3070 1268 igitur
3120 1195 3317 1267 prima,
3358 1194 3528 1263 cujus
3578 1204 3751 1247 auctor

2168 1290 2525 1362 Augustinus,
2567 1288 2911 1345 institutione
2960 1286 3271 1342 sodalitium
3316 1283 3489 1354 hujus
3529 1283 3748 1339 cmbii

2168 1389 2285 1434 erat
2310 1380 2675 1449 Equitianum,
2698 1388 2791 1433 aut
2818 1376 3246 1433 Benedictinum.
3269 1374 3462 1443 Neque
3493 1373 3643 1427 enim
3667 1374 3753 1426 d-

2170 1471 2375 1525 bitatur
2400 1488 2430 1526 a
2468 1471 2699 1526 Baronio
2729 1469 2859 1539 quin
2891 1480 2948 1524 et
2983 1468 3324 1535 Augustinus
3356 1475 3418 1521 et
3462 1464 3750 1535 Gregorius

2172 1564 2444 1633 Equitiani
2476 1572 2681 1627 essent,
2706 1564 2750 1618 si
2782 1576 2889 1616 non
2918 1560 3281 1617 Benedictini.
3317 1557 3378 1613 Si
3396 1558 3586 1627 primo
3605 1558 3750 1626 Equi-

2177 1658 2380 1712 tianum
2422 1656 2641 1722 fuisset,
2657 1671 2939 1713 necessum
2967 1655 3127 1725 plane
3140 1662 3260 1708 erat
3282 1661 3343 1707 ut
3372 1652 3601 1706 novatio
3625 1650 3741 1720 ejus

2176 1750 2318 1803 modi
2342 1752 2684 1818 postmodum
2708 1748 3015 1812 accederet,
3072 1761 3194 1816 qua:
3258 1746 3312 1799 in
3352 1743 3749 1798 Benedictinum

2178 1850 2586 1897 transmutaret.
2608 1843 2679 1896 At
2705 1856 2811 1895 non
2839 1840 2999 1894 modo
3015 1838 3150 1893 nihil
3173 1836 3451 1906 ejusmodi
3472 1833 3747 1904 reperitur.

2176 1934 2270 1989 sed
2295 1933 2347 1988 in
2380 1933 2510 2002 ipsis
2532 1934 2697 1989 etiam
2738 1931 3083 1988 incunabulis
3117 1946 3147 1984 a
3167 1929 3281 1997 jam
3312 1928 3470 1982 dicto
3493 1925 3751 1981 Bonifatio

2156 2027 2452 2092 .sancitur;
2487 2034 2544 2080 ut
2571 2025 2822 2080 monachi
2855 2025 2957 2095 (sic
2994 2032 3121 2078 ante
3141 2021 3360 2091 legitur)
3395 2020 3496 2089 qui
3531 2019 3602 2074 ibi
3619 2030 3747 2074 erant

2176 2118 2244 2171 ali
2295 2117 2599 2187 Augustino
2650 2116 2910 2180 instituti,
2953 2113 3344 2167 monachorum
3397 2111 3508 2164 sibi
3562 2123 3747 2179 gregem

2178 2209 2532 2271 associarent,
2572 2216 2628 2264 et
2668 2222 2856 2262 eorum
2908 2205 3072 2259 vitam
3120 2204 3483 2257 sanctitatum
3534 2199 3749 2254 moribus

2178 2309 2540 2365 exornarem;
2581 2308 2725 2355 etne
2749 2298 2872 2368 quis
2900 2296 3125 2351 omnino
3151 2294 3365 2349 sancito
3413 2292 3492 2346 illi
3525 2292 3745 2347 adversa-

2181 2402 2360 2457 retur;
2386 2391 2706 2461 gravissima
2729 2398 2950 2445 cautum
2979 2396 3064 2441 est
3100 2385 3563 2440 interminatione
3592 2400 3606 2434 :
3634 2379 3745 2434 arsi

2173 2480 2424 2550 jussisset
2459 2493 2648 2533 omnes
2678 2477 2921 2547 ejusdem
2957 2474 3198 2539 familite,
3229 2472 3485 2547 ejusdem
3508 2468 3745 2527 sodalitii,

2178 2588 2285 2643 quo
2320 2572 2551 2642 primum
2580 2570 2795 2625 fuerant
2831 2569 3085 2635 instituti,
3114 2576 3170 2622 et
3202 2581 3432 2631 nomen,
3488 2575 3549 2621 et
3594 2578 3746 2618 mores

2180 2669 2439 2731 perpetuo
2472 2659 2542 2715 ibi
2568 2674 2809 2715 servare.
2862 2656 3049 2729 Neque
3092 2672 3225 2712 sane
3272 2657 3379 2710 nisi
3436 2670 3588 2710 mere
3631 2653 3744 2707 ﬁctis

2180 2750 2425 2804 habenda
2473 2749 2544 2804 sit
2582 2749 2732 2813 fides,
2777 2758 2871 2803 aut
2919 2748 3229 2803 novationis
3284 2745 3620 2816 hnjusmodi.
3673 2752 3743 2795 aut

2181 2842 2415 2897 nominis
2440 2882 2455 2907 ,
2479 2850 2572 2896 aut
2596 2856 2799 2895 norma:
2828 2840 3301 2895 transmutationis
3333 2838 3624 2908 vestigium
3662 2835 3744 2887 ali-

2180 2934 2321 3004 quod
2347 2942 2546 2989 exstat.
2574 2932 2689 3000 Qua
2740 2932 2807 2987 de
2858 2948 2917 2985 re
2970 2931 3257 3001 diligenter
3301 2929 3476 2984 etiam
3532 2926 3741 2983 consului

497 3017 633 3071 alios
656 3018 838 3088 plures
864 3035 983 3073 cum
1012 3034 1078 3073 eo
1105 3021 1395 3074 monachos
1423 3020 1651 3089 legimus
1680 3021 1819 3090 apud
1852 3020 2073 3088 Bedam,
2105 3061 2149 3121 Ο
2184 3025 2392 3080 tabulas
2410 3024 2521 3095 jam
2555 3023 2685 3079 dicti
2723 3023 2982 3086 ccenobii,
3009 3022 3099 3076 ubi
3129 3037 3290 3091 quam
3330 3021 3571 3090 plurima
3600 3028 3743 3085 eaqre

498 3125 659 3178 quem
690 3110 931 3181 plerique
958 3124 1280 3182 sequuntur.
1336 3113 1390 3166 lu
1418 3113 1585 3168 veteri
1618 3112 1750 3167 item
1810 3113 2077 3168 Chronico

501 3201 771 3255 Saxonico
801 3218 902 3256 ms.
938 3203 1039 3257 sub
1068 3218 1211 3256 anno
1246 3202 1384 3259 1096
1414 3222 1426 3257 ;
1467 3223 1483 3255 ι
1525 3221 1541 3253 ι
1576 3202 1687 3259 Hoc
1708 3219 1851 3258 anno
1875 3202 2079 3275 Grego-

498 3289 616 3343 rius
640 3305 777 3361 papa
809 3290 862 3344 in
904 3290 1236 3345 Britanniam
1290 3291 1436 3346 misit
1482 3292 1836 3362 Augustinum
1886 3308 2076 3347 mona-

501 3382 685 3449 chum,
716 3398 840 3439 eum
864 3385 1278 3455 quamplurimis
1310 3384 1613 3448 monachis,
1644 3384 1733 3455 qui
1765 3384 2078 3455 Anglicanas

500 3477 647 3546 genti
673 3477 893 3531 verbum
918 3476 1009 3531 Dei
1034 3477 1408 3547 prmdicareut.
1443 3496 1461 3528 ι
1498 3495 1515 3527 ι
1553 3476 1733 3547 Neque
1785 3477 1963 3541 aliter,
2011 3476 2077 3530 ad

502 3566 644 3619 hanc
684 3582 797 3641 rem
830 3568 1158 3622 mentionem
1210 3567 1449 3637 ejusdem
1503 3567 1617 3623 fieri
1674 3568 1814 3637 apud
1869 3576 2079 3622 veteres

503 3657 737 3725 reperio.
775 3656 881 3712 Sed
914 3658 1127 3713 interim
1154 3660 1213 3715 τὸ
1243 3658 1562 3723 monachus,
1621 3657 1819 3712 nullius
1863 3655 2081 3712 familim

506 3758 635 3801 nota
671 3746 900 3816 adjecta,
932 3750 997 3804 de
1027 3749 1095 3805 iis
1124 3750 1215 3819 qui
1264 3749 1403 3821 apud
1461 3749 1692 3818 majores
1753 3757 1967 3802 nostros
2016 3762 2081 3801 eo

505 3839 727 3893 nomine
748 3826 1137 3901 memorantur,
1172 3841 1372 3895 dictum
1403 3855 1631 3908 semper,
1662 3838 1765 3893 nisi
1821 3838 2081 3893 memoria

506 3942 597 3983 me
640 3928 827 3993 fallat,
880 3928 1285 3985 Bcnedictinum
1336 3930 1721 3998 interpretatur
1754 3969 1769 3997 ,
1817 3931 1893 3984 uti
1946 3930 2084 3998 apud

510 4026 732 4075 Graecos
756 4019 867 4076 fere
891 4020 1246 4076 Basiliamun.
1280 4020 1507 4075 Accedit
1537 4020 1700 4074 etiam
1761 4020 1990 4075 ccenoliii
2022 4018 2081 4074 S.

511 4111 815 4167 Salvatoris
859 4112 1162 4169 Cantuariae
1217 4113 1417 4168 incolas
1464 4113 1823 4169 Benedictinm
1872 4113 2087 4169 familiae

508 4204 672 4258 etiam
713 4205 782 4259 ab
820 4204 951 4273 ipsis
977 4203 1317 4258 incunabulis
1358 4218 1574 4272 semper
1617 4203 1756 4272 apud
1815 4218 1913 4257 nos
1968 4216 2087 4257 esse

505 4294 751 4360 habitos;
790 4294 979 4349 saltem
1012 4295 1145 4349 nihil
1170 4309 1458 4350 occurrere
1491 4294 1542 4348 in
1575 4294 1802 4350 vetustis
1818 4309 1935 4366 qua:
1962 4295 2088 4349 huic

2182 3115 2544 3171 vetustissima
2574 3114 2887 3185 pontificum
2920 3114 3301 3176 instrumenta,
3327 3112 3536 3182 quibus
3582 3108 3739 3163 muni-

2183 3216 2291 3261 tum
2322 3216 2429 3271 est,
2459 3206 2771 3276 comperio;
2823 3204 3134 3275 hujusmodi
3183 3218 3313 3258 vero
3362 3198 3739 3257 transmutatio-

2181 3296 2265 3349 uis
2304 3310 2480 3365 neque
2524 3295 2699 3349 volam
2750 3294 3026 3363 comperio
3052 3334 3067 3359 ,
3128 3307 3303 3362 neque
3348 3292 3655 3361 vestigium.
3692 3287 3742 3339 Et

2181 3386 2380 3443 videsis
2445 3386 2762 3442 0rdericum
2815 3384 3051 3441 Vitalem
3087 3424 3105 3449 ,
3182 3382 3388 3438 llistor.
3469 3378 3740 3437 ecclesia“.

2180 3479 2274 3533 lib.
2325 3494 2399 3544 tv,
2436 3494 2560 3549 pag.
2628 3476 2731 3533 516
2790 3486 2845 3532 et
2896 3477 3023 3532 517.
3075 3478 3147 3532 At
3189 3490 3318 3531 vero
3373 3475 3419 3529 si
3480 3475 3659 3546 primis
3698 3471 3739 3521 iu

2182 3568 2351 3623 initiis
2405 3568 2812 3623 Benedictinum
2860 3577 3007 3624 esset
3040 3566 3347 3623 coenobium
3390 3566 3544 3628 illud,
3583 3563 3741 3618 eadem

2184 3660 2299 3730 ipsa
2352 3658 2765 3729 argumentandi
2792 3659 2951 3723 ratio,
3000 3674 3105 3727 qua
3164 3658 3218 3711 in
3269 3656 3603 3724 conjecturis
3650 3654 3741 3707 suis

2183 3753 2249 3806 de
2285 3750 2548 3821 Gregorio
2604 3766 2733 3805 usus
2770 3759 2854 3804 est
2886 3749 3171 3814 Baronius,
3202 3748 3569 3819 Augustinum
3606 3745 3739 3800 Bene.

2184 3843 2401 3898 dictince
2446 3841 2664 3897 familiae
2715 3842 2880 3896 fuisse
2930 3842 3351 3899 demonstraret.
3391 3839 3582 3910 Neque
3620 3836 3738 3895 enim

2186 3936 2396 3993 dubitat
2450 3935 2566 4005 ipse
2632 3934 2761 4003 quin
2811 3933 3075 4004 ejusmodi
3126 3932 3289 3987 fuerit
3344 3932 3597 3993 antistes.
3635 3942 3739 3997 qna-

2186 4026 2264 4081 les
2325 4024 2424 4094 ipsi
2483 4024 2697 4080 sodales
2755 4024 2823 4078 ab
2878 4024 3125 4077 antistite
3176 4021 3398 4077 adsciti.
3453 4020 3560 4075 Sed
3605 4032 3738 4087 porro

2188 4115 2422 4169 viderint
2453 4114 2541 4168 hic
2589 4129 2818 4184 quorum
2873 4114 3119 4167 interest.
3155 4130 3174 4162 ›
3215 4109 3504 4165 llactenus
3555 4106 3737 4163 Seldeui

2188 4206 2618 4269 observationes,
2649 4220 2784 4274 quas
2812 4205 2915 4259 huc
2935 4219 3003 4258 ex
3040 4204 3253 4273 integro
3288 4202 3513 4271 (printer
3538 4200 3738 4255 rationes

2191 4295 2437 4366 superius
2465 4294 2675 4363 allatas)
2711 4293 3004 4348 transferre
3032 4293 3210 4359 libuit,
3266 4292 3416 4362 quod
3480 4290 3570 4345 vix
3595 4302 3652 4343 ac
3683 4299 3738 4340 ne

507 4388 817 4443 testimonio
835 4402 955 4443 esse
978 4398 1202 4458 possunt
1223 4388 1571 4449 monimentis
1592 4388 1733 4459 quod
1753 4388 1889 4442 alius
1908 4385 2085 4455 cujus-
2117 4399 2163 4457 ι)
2192 4392 2278 4445 vix
2316 4388 2533 4460 quidem
2560 4395 2868 4442 occurrant.

504 4476 650 4543 piam
695 4476 910 4532 familia:
950 4493 1143 4532 nomen
1181 4493 1415 4547 unquam
1448 4488 1542 4531 aut
1568 4478 1810 4533 induisse
1840 4492 1953 4541 eos,
1990 4486 2083 4531 aut

508 4565 742 4627 exuisse,
785 4575 877 4620 aut
907 4567 1115 4629 suadet,
1156 4574 1249 4620 aut
1275 4567 1496 4622 omnino
1523 4557 1717 4621 innuit.
1762 4567 2083 4637 Etapprime

511 4655 619 4707 huc
642 4653 772 4710 facit
796 4655 926 4710 illud
955 4655 1219 4711 Bonifacii
1248 4656 1525 4724 pontificis
1573 4656 1800 4711 Romani
1835 4657 1887 4711 in
1942 4658 2085 4713 litte-

506 4746 583 4801 ris
599 4745 713 4800 suis
742 4746 811 4800 ad
840 4745 1249 4800 Ethelbertum:
1290 4764 1307 4797 ι
1378 4764 1397 4796 ι
1438 4745 1533 4799 Fili
1585 4746 1839 4815 gloriose,
1890 4747 2082 4815 inquit,

510 4836 655 4903 quod
684 4834 753 4891 ab
777 4834 1072 4904 apostolica
1114 4834 1241 4889 sede
1260 4850 1357 4904 per
1402 4836 1784 4904 coepiscopum
1843 4844 2083 4892 nostrum

507 4927 766 4984 Mellitum
794 4925 1129 4997 postulastis,
1159 4925 1346 4980 libenti
1390 4926 1569 4980 animo
1608 4927 1974 4991 concedimus,
2034 4928 2085 4982 id

507 5029 594 5076 est
618 5008 686 5075 ut
713 5027 898 5076 vestra
918 5018 1224 5089 benignitas
1256 5018 1308 5073 in
1337 5017 1666 5074 monasterio
1714 5019 1767 5073 in
1816 5017 2085 5073 Dorobers

510 5114 666 5169 nensi
692 5112 912 5170 civitate
938 5112 1251 5175 constituto,
1277 5112 1419 5181 quod
1442 5110 1675 5168 Sanctus
1699 5113 1885 5168 doctor
1910 5122 2088 5167 vester

508 5203 846 5274 Augustinus
893 5203 1067 5258 beata:
1121 5202 1396 5258 memoria:
1444 5200 1688 5273 Gregorii
1746 5202 2039 5279 discipulus
2070 5245 2085 5270 ,

512 5295 683 5348 sancti
713 5282 1012 5349 Salvatoris
1036 5293 1243 5348 nomini
1282 5295 1641 5361 consecravit,
1698 5296 1784 5351 cui
1839 5297 1906 5351 ad
1949 5312 2092 5366 pra:-

510 5390 638 5440 sens
670 5399 903 5455 prmesse
927 5386 1263 5457 dignoscitur
1286 5386 1668 5443 dilectissimus
1695 5388 1863 5443 frater
1904 5396 2090 5444 noster

509 5473 861 5542 Laurentius,
882 5477 1110 5533 licenter
1126 5491 1222 5546 per
1250 5474 1433 5533 omnia
1465 5480 1851 5533 monachorum
1880 5478 2090 5548 regula-

509 5566 647 5620 riter
688 5565 982 5622 viventium
1035 5566 1420 5623 habitationem
1494 5575 1736 5630 statuat,
1796 5568 2088 5637 apostolica

511 5660 837 5717 auctoritate
871 5661 1245 5728 decernentes,
1284 5651 1343 5715 ut
1384 5659 1486 5730 ipsi
1516 5660 1678 5715 vestri
1711 5660 2089 5731 praedicatores

2254 4505 2450 4573 Atego
2481 4503 2617 4557 duos
2637 4501 2972 4570 antiquiores
3013 4502 3155 4554 inter
3205 4499 3341 4554 alios
3397 4508 3569 4555 testes
3613 4494 3733 4550 adhi-

2182 4600 2376 4663 buero,
2413 4610 2522 4666 quo
2547 4596 2609 4649 ι).
2643 4594 2972 4664 Augustinus
2999 4592 3342 4662 apertissime
3394 4588 3734 4646 Benedictintu

2186 4688 2606 4742 demonstretur.
2638 4682 2851 4738 Primus
2894 4683 3071 4736 aderit
3104 4681 3308 4752 Anglus
3362 4681 3424 4735 S.
3481 4677 3733 4735 Adhrlmus

2188 4781 2241 4848 (τι
2272 4778 2407 4833 Ven.
2444 4778 2586 4834 Beda
2609 4776 3016 4833 commendatus
3032 4774 3117 4828 his
3148 4764 3373 4843 Anglor.
3403 4771 3499 4827 lib.
3548 4788 3597 4831 v,
3637 4781 3729 4833 cap-

2190 4871 2278 4942 19)
2338 4871 2482 4941 apud
2519 4869 2844 4940 Aymoinum
2888 4866 3287 4921 Floriacensem
3340 4879 3542 4919 sermo.
3593 4860 3649 4915 dc
3686 4856 3732 4906 S-

2187 4963 2501 5027 Benedicto,
2531 4969 2651 5030 post
2672 4961 2813 5015 med.

2263 5075 2601 5145 Temporibus
2650 5077 2856 5142 faustus
2926 5071 3238 5126 Benedictus
3299 5070 3495 5123 claruit
3554 5064 3730 5117 iisdem.

2262 5166 2427 5231 Quem
2460 5165 2597 5220 Deus
2622 5165 2867 5219 Ausonia:
2891 5164 3113 5218 clemens
3139 5161 3433 5217 indulserat
3478 5170 3653 5213 auctor.

2193 5281 2395 5337 Deinde
2427 5288 2547 5351 post
2571 5261 2676 5351 alia
2707 5278 2887 5335 subdit
2920 5297 2932 5332 :

2263 5390 2443 5445 Primo
2464 5391 2555 5461 qui
2574 5390 2755 5445 statuit
2776 5399 2969 5443 nostra:
2990 5390 3274 5442 certamina
3297 5388 3439 5449 vim,

2264 5482 2502 5548 Qualiter
2521 5489 2755 5549 optatam
2774 5488 2981 5534 teneant
3008 5479 3238 5532 caznobia
3268 5494 3525 5536 normam.

2265 5572 2479 5642 Quoque
2502 5571 2655 5626 modo
2675 5581 2886 5641 prapter
2905 5570 3102 5623 directo
3124 5570 3337 5624 tramite
3359 5580 3582 5624 sanctus.

2265 5665 2346 5718 Ad
2367 5680 2611 5720 suucrunt
2636 5663 2917 5719 ascendens
2940 5661 3183 5716 calorum
3219 5660 3450 5715 culmina
3475 5662 3626 5712 cuttor
