3864 6304
92 317 175 377 569

1114 318 1180 372 IN
1217 317 1430 373 EPIST.
1474 318 1535 372 Β.
1578 314 1971 375 LANFBANCI
2000 319 2232 377 ΝΟΤιιΕ.

3194 328 3303 384 570

90 438 222 509 35,3
256 434 422 505 Hujus
435 434 997 488 alumnorumnumero
1015 431 1616 503 gfomcrauturovantes,
1650 432 1693 491 Α
1722 444 1846 501 pag.
1875 430 1963 485 62.
1998 431 2099 487 Ubi
2131 432 2309 503 magni
2339 430 2587 503 Gregorii
2618 434 2834 503 epistol.
2859 436 2925 491 ad
2953 435 3012 492 S.
3041 438 3303 508 Augusti-

116 562 121 567 -
149 529 275 596 Quos
292 526 421 597 gerit
450 526 509 579 in
529 524 724 596 gremio
750 524 977 594 fecunda
1008 522 1287 578 Britannia
1314 522 1447 578 cives

147 623 181 675 Α
209 635 304 689 quo
326 618 442 687 jam
476 616 623 671 nobis
650 616 895 686 baptismi
918 615 1094 686 gratia
1120 615 1309 685 ﬂuxit,

148 710 291 781 Atque
316 708 686 779 magistrorum
713 706 1005 761 ueneranda
1024 715 1231 762 caterva
1262 706 1516 761 cucurrit.

147 802 379 855 Sanctum
424 796 754 853 Adhelmum
802 796 1041 853 illustrat
1085 797 1358 853 secundus
1393 796 1634 853 Joannes

96 894 351 954 lliaoonus,
388 887 547 944 Italia
575 887 1055 952 oriundus.Vitam
1095 886 1410 943 describens
1448 887 1631 957 magni

94 983 300 1053 Gregorii
326 982 419 1038 lib.
461 997 538 1047 tv,
579 996 701 1051 cap.
731 980 805 1037 82
829 980 985 1036 initio
1011 997 1025 1033 :
1058 998 1077 1031 ι
1107 979 1260 1048 Quod
1285 995 1416 1036 vero
1445 994 1635 1035 mona-

94 1074 160 1128 chi
197 1072 278 1141 qui
303 1087 333 1127 a
358 1070 627 1141 Gregorio
650 1069 801 1125 missi
828 1069 887 1125 S.
911 1069 1190 1125 Benedicti
1216 1068 1413 1140 regula:
1433 1068 1636 1124 fuerint

96 1162 371 1232 mancipati,
404 1162 554 1217 inter
580 1161 685 1217 alia
715 1162 881 1216 etiam
921 1161 1049 1215 illud
1085 1161 1353 1227 ostendit,
1385 1160 1527 1231 quod
1565 1175 1634 1216 ex

97 1256 232 1325 ipsius
276 1255 558 1325 discipulis
607 1255 699 1310 vix
749 1263 930 1325 potest
983 1255 1249 1320 inveniri,
1294 1271 1324 1309 a
1370 1270 1477 1326 quo
1527 1270 1631 1309 non

94 1347 387 1412 observetur,
413 1356 527 1401 tam
556 1347 608 1401 in
634 1349 914 1417 proposito
940 1363 1101 1417 quam
1135 1348 1188 1402 in
1218 1346 1427 1413 habitu,
1451 1347 1635 1417 regula

96 1436 358 1501 Benedicti,
394 1456 415 1489 ι
459 1448 576 1492 etc.
616 1438 711 1493 llis
739 1440 949 1495 accedit
980 1440 1125 1510 quod
1171 1439 1443 1496 Venerab.
1490 1440 1633 1496 Beda

97 1532 242 1598 (quem
264 1530 461 1600 legibus
490 1531 863 1601 Benedictinis
898 1534 1184 1589 astrictum
1209 1536 1420 1590 dubitat
1452 1537 1635 1606 nemo)

97 1621 281 1675 circiter
304 1621 404 1675 An.
442 1620 549 1676 Cb.
600 1622 738 1687 678,
772 1632 829 1680 et
871 1626 1051 1680 mtatis
1081 1626 1312 1696 septimo
1354 1634 1634 1681 tonsuram

101 1713 408 1769 monasticam
440 1714 545 1769 sub
584 1713 645 1770 S.
690 1716 971 1772 Benedicti
1019 1726 1385 1788 cognomento
1424 1718 1634 1788 Biscnpi

1732 537 1860 575 num
1906 522 2215 577 Cantuariaa
2240 523 2565 593 archiepisc.
2598 536 2955 583 recensetur:
2994 547 3013 581 ‹
3049 528 3161 585 Tua
3196 531 3311 586 ira-

1734 616 1959 671 ternitas
1986 616 2187 687 (inquit
2216 618 2278 671 ι).
2321 617 2641 688 Gregorius)
2680 602 2787 675 bon
2827 620 3000 676 solum
3029 623 3315 694 episcopos

1733 725 1875 781 quos
1905 711 2274 777 ordinaverit,
2308 725 2488 781 neque
2527 714 2621 767 eos
2665 715 3040 770 tantummodo
3084 716 3174 786 qui
3216 731 3314 786 per

1734 802 1996 857 Eburacae
2055 802 2367 873 episcopum
2424 802 2630 857 fuerint
2677 804 2946 870 ordinati,
3000 807 3091 861 sed
3147 808 3311 862 etiam

1733 909 1923 951 omnes
1972 894 2264 950 Britannia:
2329 894 2639 950 sacerdotes
2677 894 2876 950 habeat
2913 896 3054 963 Deo,
3086 898 3317 964 Domino

1734 999 1924 1043 nostro
1957 987 2086 1044 Jesu
2118 988 2338 1046 Christo
2367 988 2920 1058 anctore,subjectos.
2949 989 3227 1058 Quatenus
3249 1005 3316 1044 ex

1735 1083 1844 1138 vita
1873 1093 1927 1138 et
1969 1082 2149 1154 lingua
2194 1091 2299 1137 tua:
2328 1083 2638 1139 sanctitatis
2678 1094 2734 1140 et
2759 1093 2906 1141 recte
2949 1084 3232 1145 credendi,
3264 1091 3319 1136 et

1735 1176 1875 1232 bene
1914 1175 2129 1231 vivendi
2184 1158 2433 1231 normam
2480 1177 2819 1247 percipiant,
2867 1185 3031 1247 atque
3084 1174 3316 1230 ollicium

1736 1283 1892 1325 Suum
1938 1267 2041 1323 [ide
2065 1283 2129 1322 ac
2155 1268 2399 1324 moribus
2420 1277 2782 1338 exsequentes
2811 1268 2879 1322 ad
2904 1268 3168 1329 coelestia,
3195 1281 3316 1321 cum

1676 1428 1683 1429 ί
1739 1360 2004 1415 Dominus
2037 1359 2288 1424 voluerit,
2322 1375 2482 1432 regna
2515 1361 2844 1431 pertingant.
2877 1379 2895 1413 ι
2934 1359 2989 1414 Si
3024 1360 3109 1415 cui
3137 1368 3317 1413 autem

1737 1454 1961 1509 dubium
2007 1452 2170 1507 luerit
2233 1469 2338 1523 qua
2382 1454 2436 1507 in
2479 1453 2699 1507 civitate
2729 1452 2811 1508 vel
2858 1452 3091 1507 ecclesia
3136 1451 3319 1507 sedem

1737 1546 2079 1602 collocaverit
2111 1546 2171 1600 Β.
2205 1547 2556 1619 Augustinus,
2578 1547 3019 1603 consulatVitam
3049 1546 3320 1610 eamdem,

1738 1654 1861 1710 pag.
1893 1638 1981 1693 61.
2706 1642 2707 1645 “

1811 1731 2077 1786 Caeterum
2102 1746 2253 1802 papa:
2276 1728 2499 1785 alterius
2526 1731 2674 1785 orbis
2695 1728 2914 1784 nomine
2937 1728 3163 1784 ornabat
3190 1726 3316 1791 olim

100 1806 337 1876 ἀίεείνιίηπ
363 1809 706 1880 ευδοερενίιὲ
739 1810 826 1865 ille
845 1819 1027 1867 autem
1053 1813 1168 1883 ipse
1193 1812 1541 1879 Benedictus.
1571 1813 1638 1867 ad
1672 1783 1714 1843 Β
1747 1822 1806 1878 S.
1861 1783 2187 1878 Anselnium'
2227 1822 2678 1878 Cantuariensem
2727 1821 3198 1891 arcbiepiscolium
3226 1818 3302 1873 Ur

104 1899 384 1970 decrepitam
413 1911 757 1959 senectutem
796 1904 906 1959 vita
937 1912 1212 1975 protracta
1239 1915 1471 1963 mortem
1495 1907 1644 1963 obie-

106 1991 175 2055 rit,
200 2007 307 2046 eum
330 1993 395 2047 14
418 2008 693 2050 annorum
718 2004 865 2052 esset
884 2006 1108 2054 sanctus
1129 1998 1295 2065 Beda,
1318 1999 1461 2070 quod
1489 2000 1647 2055 docet

109 2082 297 2152 ipsemet
330 2086 381 2140 in
411 2086 521 2144 ﬁne
564 2087 704 2145 Hist.
742 2089 925 2159 gentis
962 2091 1293 2161 Anglorum,
1334 2094 1651 2149 necessario

109 2175 417 2245 colligendum
467 2178 694 2235 videtur
741 2181 1035 2251 discipulis
1071 2183 1133 2239 Β.
1170 2185 1457 2256 Augustini
1500 2186 1649 2257 (vita

114 2264 247 2323 iuncti
274 2283 392 2324 ann.
420 2270 549 2337 θυι,
590 2272 718 2327 Bed.
747 2274 838 2329 ubi
865 2290 1011 2345 sup.,
1042 2275 1137 2329 lib.
1172 2292 1233 2343 ιι,
1259 2292 1379 2347 cap.
1402 2278 1459 2348 '5)
1504 2294 1654 2333 com-

114 2373 263 2426 parem
302 2362 581 2419 exstitisse
631 2365 953 2436 Biscopum;
1007 2376 1169 2438 atque
1224 2370 1358 2424 adeo
1408 2372 1652 2442 regulam

115 2452 315 2507 eauulem
352 2453 662 2523 professum
690 2457 888 2514 Bedam
944 2475 1009 2516 ac
1062 2462 1178 2532 ipse
1213 2462 1571 2529 Benedictus,
1601 2473 1656 2517 et

119 2541 416 2600 Benedictum
440 2549 693 2603 eamdem
749 2566 912 2620 quam
941 2553 1227 2617 monachi,
1263 2563 1484 2609 sanctus
1509 2556 1656 2609 vide-

121 2631 223 2688 licet
259 2636 539 2709 Augustin.
601 2642 898 2713 cmterique
944 2644 1091 2700 illius
1138 2646 1415 2716 discipuli,
1461 2647 1549 2717 qui
1598 2647 1656 2700 in

122 2726 325 2795 Angliam
374 2730 524 2787 hisce
557 2733 893 2802 temporibus
938 2735 1185 2790 instituta
1221 2737 1521 2790 monastica
1571 2737 1656 2790 in-

123 2828 337 2874 texerant
357 2863 370 2887 ,
399 2838 497 2893 par
523 2834 614 2880 est
651 2828 893 2882 credere.
934 2827 1168 2898 Ecquem
1201 2831 1477 2885 advocabo
1502 2829 1659 2898 hujus

124 2916 394 2973 assertionis
433 2922 762 2976 auctorem?
803 2922 1150 2978 Coaetaneum
1172 2924 1440 2994 profecto,
1472 2934 1656 2996 atque,

126 3010 171 3054 ut
193 3008 439 3062 nonnullis
465 3010 681 3081 placet,
727 3014 901 3067 sancti
947 3013 1107 3068 Bedaa
1146 3016 1504 3085 discipulmn,
1559 3017 1661 3071 hoc

1747 1919 1921 1973 banus
1946 1934 2069 1989 pap.
2100 1917 2160 1983 ll,
2193 1925 2251 1971 ut
2269 1926 2458 1972 auctor
2482 1924 2566 1971 est
2586 1916 2876 1971 Gervasius
2900 1912 3297 1969 Dorobernensi

1748 2024 1851 2064 ms.
1911 2008 1967 2062 in
2025 2006 2419 2064 declamatione
2474 2015 2662 2062 contra
2726 2005 3021 2061 Bobertum
3079 2004 3327 2060 abbatem

1752 2098 1810 2155 S.
1860 2099 2146 2169 Augustini
2175 2115 2189 2153 :
2224 2120 2241 2152 ι
2277 2099 2595 2165 Anselmus,
2631 2099 2835 2170 inquit,
2870 2100 2924 2154 in
2954 2097 3312 2154 Cantuariens

1752 2193 1974 2248 civitate
2000 2203 2369 2257 consecratus,
2404 2194 2468 2248 ab
2501 2193 2721 2248 Urbano
2746 2207 2880 2263 papa
2909 2191 3127 2261 pallium
3152 2203 3335 2243 suscev

1754 2285 1863 2355 pit,
1903 2295 1959 2341 et
2003 2294 2208 2339 tantam
2243 2284 2358 2354 ejus
2384 2285 2612 2355 gratiam
2645 2283 2831 2338 habuit
2866 2291 2925 2335 ut
2956 2298 3080 2337 eum
3113 2280 3336 2335 alterius

1755 2378 1903 2433 orbis
1933 2393 2128 2449 papam
2175 2387 2415 2432 vocaret.
2452 2396 2469 2429 ι
2518 2374 2645 2431 llzcc
2696 2373 2962 2430 Seldenus
2996 2373 3050 2427 in
3098 2372 3239 2427 notis
3268 2368 3335 2424 ad

1755 2470 2007 2526 Eadmeri
2041 2469 2202 2534 Hist.,
2253 2484 2377 2536 pag.
2409 2466 2535 2528 205,
2579 2484 2634 2523 n.
2680 2466 2768 2521 50.
2812 2463 3084 2535 lpsissima
3131 2460 3338 2518 Urbani

1760 2564 1922 2615 verba
1944 2561 2080 2615 Vita:
2119 2559 2178 2613 S.
2210 2557 2485 2625 Auselmi,
2528 2558 2620 2612 lib.
2660 2574 2733 2622 ιι,
2772 2554 3332 2611 inseruitEdincrus:

1769 2672 1787 2703 ‹
1821 2651 1983 2719 Quasi
2008 2667 2342 2721 comparem,
2376 2650 2582 2718 inquit,
2616 2648 2763 2704 velut
2789 2647 3011 2701 alterius
3040 2646 3189 2701 orbis
3216 2660 3344 2714 apo-

1763 2744 2047 2808 stolicum,
2082 2751 2137 2797 et
2180 2741 2546 2811 patriarcham
2574 2738 2697 2807 jure
2727 2737 3093 2794 venerandum
3132 2731 3345 2807 (Anscl—

1766 2834 1934 2901 nium)
1986 2848 2293 2887 censemus.
2353 2850 2371 2882 ι

1834 2924 2076 2994 Antiquis
2113 2922 2430 2993 temporibus
2473 2920 2538 2974 ab
2568 2921 2735 2991 ipsius
2761 2927 2913 2973 terra:
2948 2914 3132 2969 incolis
3179 2911 3349 2966 Doro-

1766 3017 1946 3071 bcrnfa
1989 3015 2292 3069 vocabatur.
2355 3012 2741 3068 Dorobcrniam
2791 3010 2904 3065 sive
2942 3004 3341 3067 -Cantnariam,

128 3102 218 3192 cf"
241 3096 509 3156 “cuinam
538 3104 825 3158 ῐηθηθθδίδ
858 3103 1208 3172 νῖνθιιδίδυε,
1240 3122 1332 3163 seu
1370 3108 1620 3163 Viremud
1641 3150 1653 3170 ,
1687 3132 1732 3192 ς
1765 3109 2074 3165 Camdenus
2107 3106 2159 3161 in
2186 3106 2549 3175 descriptione
2570 3103 2864 3158 Britannia:
2890 3100 3052 3154 verbo
3076 3096 3344 3157 Cantium,

127 3183 198 3239 ubi
218 3187 363 3245 vitam
387 3195 749 3250 monasticam
778 3197 890 3268 egit
914 3199 1241 3254 venerabilis
1272 3199 1412 3254 idem
1449 3201 1659 3269 doctor,

127 3279 407 3339 scribentem
457 3287 623 3357 epist.
680 3287 750 3343 49
796 3298 889 3343 aut
938 3289 1031 3343 25.
1099 3308 1117 3340 ί
1162 3290 1447 3359 Regularis
1502 3293 1661 3355 vitm,

130 3365 281 3435 inquit,
310 3374 771 3441 observationem,
802 3394 965 3447 quam
998 3388 1307 3434 statuerunt
1339 3382 1490 3436 vobis
1542 3398 1665 3437 san~

86 3456 317 3515 .ctissimi
355 3461 581 3530 Patres,
630 3465 951 3521 Benedictus
998 3466 1302 3538 (Biscopus)
1356 3468 1564 3523 scilicet
1613 3477 1668 3523 et

129 3543 413 3622 Ceulﬁ‘hius,
471 3555 892 3629 diligentissime
947 3558 1235 3614 custodite.
1289 3578 1308 3611 ι
1362 3559 1429 3613 Et
1477 3559 1663 3615 infra:

137 3654 151 3687 ι
182 3638 351 3710 Regula
383 3646 439 3701 S.
475 3648 759 3703 Benedicti
790 3650 843 3703 in
878 3661 1145 3704 conventu
1180 3649 1411 3705 fratrum
1448 3651 1669 3723 propria

133 3744 391 3801 exponatur
418 3740 625 3810 lingua,
655 3751 716 3794 ut
739 3740 968 3810 intelligi
998 3743 1168 3811 possit
1195 3743 1262 3797 ab
1292 3743 1570 3809 omnibus;
1602 3743 1667 3798 ad

135 3822 255 3891 cujus
278 3828 667 3887 institutionem
712 3834 1087 3903 unusquisque
1128 3850 1282 3888 suam
1316 3837 1553 3907 corrigat
1590 3838 1671 3891 vi-

134 3925 244 3984 tam,
293 3932 350 3977 ut
400 3927 547 3995 quod
595 3926 820 3981 vovistis
872 3936 998 3979 ante
1047 3927 1247 3990 altare,
1291 3927 1673 3983 invmlabiliter

134 4012 425 4069 custodiatur
476 4032 507 4070 a
543 4016 720 4070 vobis.
768 4035 787 4068 ι
840 4017 1011 4083 Quid,
1063 4032 1163 4071 oro
1200 4033 1327 4084 vos,
1369 4019 1453 4072 lus
1493 4019 1673 4073 verbis

136 4103 365 4166 apertius?
404 4106 549 4163 Nihil
599 4108 802 4179 plane:
850 4124 917 4163 ac
965 4109 1195 4179 proinde
1243 4110 1385 4166 baud
1431 4111 1677 4181 indigent

130 4192 489 4260 explanatione.

191 4282 432 4344 Craterum
463 4292 637 4346 fuisse
668 4307 923 4363 magnum
954 4291 1275 4363 Gregorium
1314 4293 1680 4349 Benedictina:

140 4372 319 4436 familia:
346 4385 670 4441 monachum
700 4387 935 4455 probant
963 4385 1200 4442 Joannes
1244 4389 1505 4442 diaconus
1546 4388 1680 4443 locis

1765 3201 1842 3255 sic
1886 3198 2109 3253 exhibet
2160 3216 2173 3252 :
2222 3215 2239 3247 ε
2290 3195 2485 3251 Stonre
2533 3195 2704 3249 diviso
2740 3193 2920 3255 alveo,
2971 3190 3346 3244 Durovernum

1768 3293 2087 3363 primariam
2124 3288 2285 3358 hujus
2321 3288 2614 3359 provincire
2646 3285 2855 3358 (Cantii
2899 3281 3127 3349 scilicet)
3162 3280 3348 3335 urbem

1770 3386 1956 3456 rapide
1981 3383 2164 3449 alluit,
2195 3396 2498 3451 nomenque
2524 3380 2671 3435 fecit.
2716 3376 3020 3432 Durwhern
3059 3373 3204 3429 enim
3245 3370 3347 3424 ilu-

1768 3477 1915 3529 vium
1973 3473 2221 3542 rapidum
2279 3470 2551 3525 Britannis
2605 3469 2845 3523 denotat.
2900 3463 3193 3520 Ptolomaeo
3250 3476 3351 3531 pro

1771 3567 2087 3621 Duroverno
2130 3563 2484 3626 Darvernum,
2525 3559 2683 3614 Beda:
2723 3566 2777 3612 et
2819 3556 2941 3610 aliis
2984 3551 3354 3616 Dorobernia,

1773 3656 2100 3720 Saxonibus;
2124 3650 2591 3722 Cantwarabyrig,
2618 3647 2669 3703 id
2698 3655 2781 3703 est
2803 3646 2933 3700 urbs
2952 3641 3131 3714 populi
3151 3639 3350 3703 Cantii,

1773 3748 1931 3804 nobis
1974 3743 2349 3811 Canterbury,
2376 3740 2581 3796 Latinis
2619 3735 2913 3794 Cantuaria
2946 3733 3177 3818 dicitur,
3230 3728 3360 3784 urbs

1774 3832 2085 3912 pervetusta
2108 3878 2124 3902 ,
2171 3835 2528 3903 Romanoque
2567 3830 2766 3887 seaculo
2801 3825 2990 3899 procul
3032 3822 3197 3880 dubio
3236 3820 3358 3875 illu-

1776 3932 1925 3989 stris.
1962 3950 1980 3983 ι
2012 3931 2091 3985 lta
2123 3928 2449 3984 Camdenus.
2495 3943 2513 3975 ι
2548 3923 2658 3979 Nec
2695 3922 2832 3977 adeo
2871 3933 3063 3991 magna
3107 3913 3353 3986 (Malme-

1776 4024 2075 4081 sbnriensis
2097 4021 2336 4091 loquitur
2372 4018 2525 4073 initio
2561 4012 2891 4086 praefationis
2927 4011 3021 4067 lib.
3052 4026 3069 4064 ι
3101 4007 3167 4062 ad
3193 4005 3360 4062 Gesta

1780 4114 1998 4187 pontii.)
2039 4130 2138 4169 nec
2177 4112 2392 4167 exiliter
2430 4125 2628 4179 parva,
2654 4122 2771 4177 qua:
2805 4114 2860 4159 et
2898 4102 3162 4174 positione
3199 4107 3360 4153 terra}

1780 4210 1979 4280 quippe
2002 4206 2102 4262 soli
2128 4204 2322 4266 allinis,
2348 4201 2580 4256 maxima
2605 4198 2768 4270 3M
2803 4198 3052 4252 ubertate
3071 4202 3125 4248 et
3146 4192 3366 4260 integro

1783 4279 2062 4353 murorum
2102 4297 2340 4360 ambitu,
2372 4293 2520 4347 cives
2546 4305 2673 4345 suos
2696 4289 2875 4353 fovet,
2911 4305 2929 4337 ι
2970 4293 3075 4339 etc.
3111 4282 3178 4337 Et
3204 4279 3367 4351 paulo

1786 4400 1943 4461 post:
1979 4407 1997 4439 ε
2042 4387 2117 4442 11ιί
2148 4389 2321 4456 prima
2362 4385 2519 4440 sedes
2556 4380 2947 4452 archiepiscOpi
2971 4378 3236 4444 habetur,
3269 4376 3365 4446 qui

141 4466 307 4537 citatis,
334 4473 614 4531 Mattbaaus
651 4476 941 4541 Lauretus,
964 4476 1235 4531 Arnoldus
1262 4475 1487 4540 Vionus,
1508 4477 1681 4547 Ligno
1716 4483 1758 4535 [ι
1785 4489 1869 4535 est.
1901 4479 2066 4534 totius
2090 4478 2295 4549 Anglia:
2321 4477 2544 4546 primas,
2574 4482 2630 4528 et
2655 4471 2990 4543 patriarcha,
3028 4488 3047 4521 ι
3075 4477 3184 4524 etc.

139 4558 239 4616 vita:
273 4563 307 4619 l.
335 4580 393 4633 Il,
423 4584 472 4624 c.
522 4570 575 4634 1,
607 4567 698 4623 ubi
743 4583 809 4624 ex
855 4567 1138 4639 privilegio
1176 4567 1232 4622 S.
1274 4568 1469 4622 Bonito
1499 4568 1679 4623 abbati

143 4653 449 4719 Lateranensi
480 4678 744 4720 concesso
782 4665 849 4719 ab
889 4664 1077 4719 eodem
1108 4662 1374 4734 Gregorio
1406 4661 1520 4717 lucc
1559 4677 1681 4731 pro-

144 4744 227 4802 lett
255 4768 266 4804 :
298 4771 314 4803 ι
356 4756 582 4824 proinde
621 4756 772 4826 juxta
820 4772 851 4811 a
896 4766 1135 4811 vestram
1181 4755 1535 4825 petitionem,
1585 4769 1685 4823 pro

144 4852 296 4900 amore
320 4864 471 4918 quem
525 4850 579 4903 in
612 4848 886 4904 communi
917 4848 1100 4914 Patre,
1123 4858 1179 4902 et
1209 4847 1469 4918 magistro
1495 4855 1684 4901 nostro

146 4931 415 5009 Benedicto,
443 4955 497 4999 et
536 4944 589 4998 in
621 4942 904 5014 discipulis
929 4941 1044 5011 ejus
1072 4939 1368 5010 specialem
1416 4948 1473 4994 et
1500 4939 1686 5011 singu-

150 5024 288 5085 larem
328 5036 593 5105 gerimus,
640 5056 658 5089 ι
713 5046 821 5092 etc.
873 5035 983 5092 Sed
1030 5034 1207 5090 fusius
1255 5033 1688 5104 luculentiusque

151 5123 356 5191 czetcris,
376 5144 493 5185 mea
522 5128 817 5193 sententia,
849 5126 1118 5183 Antonius
1142 5127 1210 5182 de
1233 5125 1441 5197 Yiepes
1473 5135 1602 5181 tom.
1642 5126 1685 5180 l.

153 5210 256 5267 Chr.
281 5220 447 5275 ordin.
479 5221 536 5277 S.
568 5220 844 5276 Benedicti
872 5223 937 5274 ad
970 5235 1097 5273 ann.
1129 5217 1257 5284 576,
1289 5233 1414 5286 cap.
1436 5217 1471 5272 2
1492 5227 1545 5273 et
1568 5232 1686 5288 seq.
1744 5246 1749 5249 ~

158 5300 300 5362 Vitam
336 5315 504 5370 sancti
552 5312 839 5385 Augustini
887 5311 1130 5367 offendes
1170 5317 1293 5379 post
1337 5308 1689 5364 Becccnsium

160 5396 374 5458 abbatum
407 5421 468 5461 ex
492 5413 805 5478 pervetusto
826 5410 882 5460 et
907 5403 1124 5475 optima:
1147 5408 1289 5457 nata)
1315 5414 1420 5456 ms.
1450 5398 1689 5469 ejusdem

159 5498 449 5553 monasterii.

221 5583 368 5654 Super
392 5588 765 5647 Eboracensem
803 5589 1102 5646 Ecclesium
1136 5598 1400 5660 (alantque
1438 5587 1689 5643 insulam.

168 5668 235 5723 l’ti
279 5690 422 5747 supra
463 5680 708 5738 laudatus
758 5681 957 5738 Vener.
988 5681 1132 5738 Beda
1169 5682 1327 5736 docet
1367 5680 1464 5734 lib.
1498 5697 1513 5735 ι
1550 5678 1689 5734 Hist.

150 5773 287 5853 tot“.
336 5768 652 5843 Anglorum,
704 5789 823 5846 cap.
878 5774 942 5831 19
990 5791 1002 5826 :
1046 5772 1164 5828 Vita
1217 5772 1361 5829 beati
1410 5772 1692 5841 Augustini

1852 4571 2280 4625 Antecessorum
2330 4574 2639 4622 vestrorum
2696 4562 2940 4635 Gregorii
3010 4568 3369 4632 cognomento

1787 4662 1982 4734 Magni,
2016 4662 2171 4732 cujus
2200 4660 2547 4714 meminimus
2584 4674 2702 4728 sup.
2735 4655 2812 4711 De
2837 4653 3099 4723 ejusmodi
3135 4652 3371 4715 decretis

1788 4756 2009 4810 uberius
2062 4751 2398 4808 Venerabilis
2442 4750 2586 4806 Beda
2637 4750 2771 4805 locis
2817 4748 3031 4813 citatis;
3067 4761 3277 4801 necnon
3314 4753 3368 4798 et

1787 4846 2066 4904 Guillelm.
2111 4843 2430 4908 Malmesb.,
2460 4842 2586 4897 libr.
2644 4858 2661 4896 ι
2711 4841 2782 4895 De
2825 4848 2963 4911 gest.
2996 4838 3231 4903 Pontiﬁ;
3279 4835 3375 4904 qui

1787 4940 2092 5011 cxpressim
2122 4936 2405 5009 privilegia
2435 4950 2464 4990 a
2491 4933 2719 4990 summis
2758 4931 3101 5003 pontiﬁcibus
3129 4929 3370 4985 Caiitua-

1791 5032 1956 5088 riensi
2012 5028 2272 5086 Ecclesiae
2307 5042 2593 5094 concessa,
2626 5025 2889 5082 describit
2921 5041 2934 5079 :
2967 5038 3126 5094 quem
3161 5019 3246 5075 adi
3266 5058 3299 5084 ,η
3322 5018 3371 5071 si

1789 5124 1957 5181 lubet.

1863 5215 2177 5286 Bonifaciiu
2200 5214 2302 5269 Hic
2331 5220 2414 5269 est
2438 5212 2747 5269 Bonifacius
2771 5220 2993 5279 quartus
3017 5206 3200 5259 Romae
3223 5202 3378 5256 urbis

1792 5310 2101 5380 cpiscopus,
2132 5326 2150 5359 ι
2181 5308 2256 5361 ait
2280 5304 2338 5361 S.
2371 5305 2539 5369 Beda,
2568 5305 2663 5358 lib.
2694 5320 2730 5356 ιι
2765 5298 3142 5367 llist.Anglo.,
3170 5310 3292 5364 cap.
3317 5293 3373 5346 4.

1870 5400 2120 5454 Honorii.
2160 5398 2274 5454 Hoc
2298 5397 2516 5453 nomine
2541 5396 2735 5468 primi;
2760 5394 2825 5447 de
2855 5405 2959 5461 quo
2988 5387 3126 5441 Beda
3153 5386 3371 5449 ibidem,

1798 5507 1918 5563 cap.
1953 5490 2018 5546 t7
2041 5499 2095 5546 et
2120 5490 2206 5545 is.

1879 5582 2119 5637 Vitalini.
2148 5581 2378 5636 Exstant
2422 5576 2541 5648 ejus
2586 5572 2839 5647 epistolae
2875 5579 2931 5628 ct
2970 5570 3191 5628 dccrcta
3233 5568 3379 5624 inter

1799 5679 2022 5735 concilia
2050 5678 2340 5749 generalia.

1870 5771 2056 5835 Scrqii.
2089 5771 2254 5827 Primi
2281 5768 2545 5825 videlicet.
