3864 6304
542 350 639 407 571

1794 355 2002 411 DOMNI
2046 355 2247 411 LUCAS
2287 333 2606 414 baeuenu
3638 375 3710 431 51:

611 469 870 542 Gregorii.
900 471 1086 539 Quarti
1118 472 1240 540 (nisi
1279 473 1538 526 merum-ia
1572 491 1656 526 me
1689 472 1857 543 fallat)
1887 449 1987 529 sub
2013 489 2120 544 quo
2152 479 2197 536 Α
2231 447 2322 528 rus
2349 447 2742 544 Cluniacensis,
2771 479 3058 535 Durandus
3084 481 3244 538 abbas
3268 481 3712 556 Troarttensis,cui.

546 562 793 618 habitum
815 564 1105 619 concilium
1133 560 1427 618 Lundoniae
1455 563 1521 617 Α.
1552 564 1612 619 C.
1645 565 1770 619 835.
1861 594 1863 597 -

610 653 820 709 Leonis.
875 654 1111 710 Leonem
1159 654 1348 726 paucis
1399 655 1556 711 laude
1609 671 1796 710 sumus
1851 658 2122 725 prosecuti

541 745 893 801 adnotatione
917 745 982 800 ad
1013 745 1302 815 epistolam
1333 746 1366 799 5
1397 745 1475 800 lit.
1507 748 1557 800 ι).

597 833 666 888 In
705 851 766 888 ea
816 835 1172 889 combustione
1219 846 1373 907 atque
1420 835 1717 888 abolitione.
1770 835 1941 902 Quam
1992 835 2124 890 vidit

539 923 1012 996 conﬂagrationem
1040 927 1315 981 memoriie
1341 926 1578 995 prodidit
1609 927 1910 981 Eadmerus
1939 944 2124 982 mona-

541 1020 679 1086 chus
705 1019 1138 1084 Cantuariensis,
1170 1019 1263 1074 lib.
1307 1037 1322 1074 1
1365 1019 1502 1080 llist.
1536 1036 1659 1091 pag.
1689 1020 1740 1074 9.
1771 1020 2124 1090 Ostenditque

541 1103 804 1181 quantum
849 1111 902 1166 in
943 1112 1032 1166 illa
1073 1128 1195 1166 cum
1233 1111 1438 1167 'l‘homa
1478 1101 2133 1167 Eboracensi‘conserta-l

542 1201 709 1267 tione,
739 1217 901 1266 curm,
927 1200 1128 1256 laboris
1154 1209 1208 1257 et
1229 1201 1332 1256 olei
1360 1201 1704 1270 insumpserit
1729 1199 1956 1269 magnus
1982 1201 2123 1255 Lan-

539 1295 804 1352 francus:
841 1314 859 1347 ι
893 1295 994 1362 Qui
1025 1311 1090 1352 eo
1119 1295 1334 1366 quidem
1363 1295 1555 1365 magis,
1587 1289 1759 1364 inquit
1784 1295 1894 1360 ille,
1919 1295 1974 1349 in
2003 1295 2122 1349 istis

541 1387 812 1442 laboravit
843 1386 987 1458 quod
1016 1386 1186 1458 ipsius
1215 1385 1474 1441 Ecclesia:
1505 1385 1784 1456 privilegia
1813 1385 1868 1440 in
1900 1400 1963 1440 ea
1993 1402 2122 1441 con-

537 1469 854 1548 ﬂagratione
908 1494 1028 1548 qua:
1085 1477 1333 1532 eamdem
1364 1474 1649 1532 ecclesiam
1685 1477 1846 1533 tertio
1881 1484 2008 1531 ante
2037 1473 2142 1531 sui'

540 1571 794 1625 introitus
827 1586 972 1624 anno
1003 1568 1373 1639 consumpsit,
1397 1585 1534 1639 pene
1557 1569 1736 1623 omnia
1763 1569 2058 1640 perierant.
2095 1588 2113 1621 ι

486 1733 498 1742 .
609 1659 899 1731 Epistolam
923 1661 1090 1722 illam.
1106 1669 1211 1716 etc.
1233 1661 1422 1715 Exstat
1443 1661 1583 1730 apud
1603 1660 1799 1714 Bcdam
1821 1657 1912 1715 ubi
1933 1652 2116 1730 supra,

535 1755 626 1810 tib.
663 1770 704 1820 ι,
729 1771 851 1824 cap.
878 1755 969 1810 99.
1001 1754 1293 1824 Postquam
1317 1753 1378 1810 B.
1405 1755 1702 1824 Gregorius
1726 1754 1787 1808 D.
1818 1753 2119 1824 Augustino

537 1847 659 1916 quid
683 1841 747 1901 de
770 1847 1096 1902 Eboracensi
1115 1847 1368 1917 episcopo
1387 1847 1745 1901 ordinandum
1770 1845 2119 1916 praescripsit,

537 1941 614 1994 sic
641 1937 920 2010 loquitur:
959 1957 974 1988 ι
1010 1937 1137 1994 Post
1165 1938 1370 1993 obitum
1415 1953 1546 1992 vero
1576 1949 1722 1992 tuum
1755 1937 1826 1991 ita
1855 1933 2133 2006 episcopis

539 2047 673 2101 quos
717 2031 1058 2086 ordiuarerit
1116 2030 1425 2100 (cpiscopus
1477 2029 1836 2084 Eboracensis
1889 2027 2119 2098 scilicet)

538 2123 754 2191 praesit,
779 2125 844 2177 ut
874 2123 1268 2178 Londoniensis
1305 2123 1543 2193 episcopi
1585 2122 1890 2177 uullomodo
1930 2119 2118 2174 ditioni

540 2213 830 2281 subjaceat.
865 2211 948 2268 Sit
974 2228 1102 2267 vero
1137 2213 1280 2267 inter
1305 2211 1596 2266 Londonize
1623 2222 1676 2266 et
1704 2210 1962 2265 Eburacae
1985 2209 2119 2264 civi-

539 2306 661 2360 tatis
699 2305 981 2375 episcopos
1013 2305 1237 2360 honoris
1276 2303 1346 2359 ita
1397 2305 1677 2359 distinctio
1716 2312 1775 2356 ut
1817 2304 1929 2374 ipse
1970 2301 2122 2372 prior

538 2397 800 2453 uabeatnr
821 2396 910 2467 qui
937 2397 1087 2466 prius
1115 2396 1277 2451 fuerit
1300 2397 1604 2450 ordinatus.
1632 2417 1649 2448 ›
1681 2395 1857 2449 Futilc
1879 2394 2122 2464 profecto

539 2500 589 2545 et
617 2491 684 2545 ad
714 2485 828 2544 rem
854 2489 1093 2554 minime,
1121 2505 1188 2544 ex
1217 2490 1319 2545 hoc
1345 2489 1447 2545 loci
1471 2489 1720 2544 sumebat
1741 2497 2119 2558 argumentum

539 2580 924 2644 Eboracensis,
957 2579 1412 2649 quemadmodum
1441 2578 1744 2634 meridiana
1774 2577 1892 2631 luce
1920 2575 2122 2630 clarius

540 2674 772 2730 ostendit
800 2672 1279 2743 eloquentissimus
1317 2671 1688 2738 Lanl'rancus;
1723 2670 1878 2740 cujus
1913 2669 2121 2724 oratio-

540 2785 656 2823 nem
683 2769 1109 2824 eruditissimam
1140 2767 1258 2836 (seu
1298 2765 1482 2820 verius
1521 2759 1904 2834 fragmentum)
1946 2763 2123 2818 medio

540 2880 585 2916 ,ιι
624 2862 856 2918 concilio
901 2861 1305 2930 prozmntiatam
1353 2856 1640 2928 descripsit
1683 2856 1943 2912 lllalbesb.
1981 2856 2121 2912 lib.l

541 2957 609 3006 de
637 2950 850 3022 pontif,
870 2949 960 3003 fol.
989 2949 1112 3014 121,
1140 2965 1194 3003 n.
1218 2948 1309 3002 20.

609 3040 865 3106 Quwdam
899 3041 1187 3108 scriptura.
1232 3037 1571 3108 Seripturam
1612 3038 1701 3092 hic
1733 3035 2121 3108 professionem

543 3131 766 3201 .ntelligi
797 3130 1049 3201 conjicio,
1087 3147 1250 3201 quant
1282 3129 1516 3185 Thomas
1539 3129 1600 3184 B.
1633 3128 1938 3185 Lanl‘rauco
1968 3147 1986 3181 ι
2023 3129 2126 3184 Co-

544 3239 658 3278 ram
686 3239 830 3293 rego,
857 3231 910 3276 et
939 3221 1054 3292 ejus
1087 3223 1237 3276 curia
1275 3236 1436 3276 manu
1469 3222 1520 3275 in
1552 3237 1772 3276 manum
1798 3221 2069 3293 porrexit,
2099 3241 2116 3272 ι

545 3327 598 3373 ,ιι
630 3333 754 3372 cum
785 3316 1131 3372 Malmcsbur.
1165 3316 1581 3372 bibliothecario
1619 3316 1808 3386 loquar
1846 3317 1963 3372 loco
2001 3331 2126 3385 pro-

544 3408 682 3464 sime
725 3409 974 3463 adducto.
1010 3409 1199 3462 EXstat
1228 3408 1313 3462 illa
1359 3407 1410 3461 in
1447 3409 1565 3462 Vita
1607 3410 1727 3478 c'ap.
1759 3409 1844 3472 11,
1875 3423 1998 3478 pag.
2033 3407 2122 3461 η.

543 3503 717 3572 Atque
761 3502 901 3570 apud
941 3501 1191 3557 eumdem
1225 3499 1734 3565 bibliothecarium,
1775 3499 1857 3553 sic
1894 3497 2120 3568 incipit:

542 3614 558 3642 ι
601 3595 762 3649 Decet
791 3593 1159 3647 Christianum
1191 3607 1464 3662 quemque
1485 3631 1498 3656 ,
1529 3610 1546 3642 ι
1583 3600 1690 3644 etc.
1723 3587 1990 3644 Constans
2028 3588 2120 3642 fuit

542 3695 642 3740 ista
673 3685 1007 3740 consuetudo
1035 3676 1150 3738 lani
1167 3685 1347 3739 Scotis
1370 3699 1530 3752 quam
1563 3683 1835 3748 Ilihcrnis,
1862 3691 1915 3736 et
1941 3681 2126 3750 Anglis

544 3774 1247 3844 episcopis,arebicpiseopo
1261 3773 1639 3828 Cantuariensi
1663 3773 1809 3828 velut
1829 3773 1990 3826 totius
2011 3771 2127 3824 Bri-

545 3867 742 3920 tannia:
759 3865 975 3936 primati
1002 3865 1361 3920 obedientiam
1384 3871 1674 3934 pr‘mslare;
1706 3858 1964 3918 formulas
1985 3879 2127 3918 com-

545 3960 724 4029 plures
744 3953 962 4030 (quibus
982 3961 1245 4033 professio
1269 3978 1460 4018 nomen
1489 3962 1592 4033 est)
1614 3978 1678 4017 ex
1703 3959 1938 4031 antiquis
1960 3977 2127 4016 mem-

545 4049 730 4105 tirauis
754 4051 971 4107 exhibet
997 4051 1230 4108 Jacobus
1262 4052 1512 4108 Usserius
1542 4053 1653 4108 suis
1681 4053 1732 4106 in
1757 4043 2124 4120 veteres'epi-

547 4156 575 4195 ι
602 4140 714 4196 olas
745 4141 1063 4198 liihernicas
1097 4145 1551 4199 :uluotationibus.
1581 4144 1655 4198 Ex
1681 4144 1764 4198 his
1797 4144 1926 4213 ipsis
1963 4157 2124 4196 unam

544 4233 884 4313 solummodo
907 4235 1069 4308 (quod
1091 4237 1156 4291 ad
1200 4233 1444 4290 noStrum
1481 4235 1640 4290 faciat
1667 4234 1992 4304 institutum)
2025 4233 2128 4286 hoc

545 4328 664 4382 loco
690 4311 1040 4399 apponcmus,
1066 4330 1257 4385 Donati
1279 4329 1485 4384 scilicet
1504 4327 1845 4384 Dublinensis
1861 4325 2122 4396 episcopi.

547 4440 664 4510 Ego
703 4440 934 4498 Donatus
984 4442 1317 4507 Dublinensis
1365 4440 1616 4496 Ecclesia:
1645 4440 1886 4502 antistes,
1925 4455 2042 4510 quia
2070 4438 2125 4490 in

617 4509 871 4566 Hibernia
902 4514 1002 4565 sita
1029 4523 1126 4577 est,
1158 4513 1466 4566 canonicam
1505 4511 1847 4566 obedientiam
1895 4509 1986 4562 tibi
2007 4524 2128 4578 pro-

615 4582 766 4650 mitto
818 4592 863 4634 et
899 4584 1286 4636 successoribus
1327 4583 1461 4643 tuis.
1505 4599 1534 4635 ο
1584 4580 1914 4650 Laufrance,
1958 4587 2135 4632 sancte

533 4669 536 4674 ·
619 4649 1029 4706 Dcrobernensis
1065 4652 1318 4707 Ecclesia'
1339 4649 1746 4720 arclriepiswpe.

621 4785 685 4840 A.
715 4784 774 4841 C.
813 4785 979 4851 1085,
1019 4785 1212 4840 factam
1255 4767 1516 4856 ejusmodi
1560 4785 1949 4854 professionem
1998 4795 2134 4842 alle—

548 4888 722 4933 statur
751 4878 890 4933 idem
925 4878 1196 4934 Usserius.

625 4966 917 5038 Epistulam
951 4983 1108 5038 quam
1147 4967 1505 5039 Berengario,
1542 4976 1648 5024 etc.
1689 4968 1837 5023 Inter
1877 4967 2136 5037 epistolas

552 5059 693 5114 haud
727 5074 999 5131 quaquam
1031 5057 1534 5120 admuneratituus.
1565 5058 1762 5129 quippe
1791 5075 1983 5116 omnes
2014 5075 2138 5130 pro-

553 5153 848 5225 pemodum
878 5151 1175 5220 scriptores
1200 5152 1374 5206 eidem
1409 5151 1622 5206 titulum
1661 5152 1950 5230 fecerunt:
1985 5170 2004 5204 ι
2043 5153 2136 5207 Li-

553 5243 723 5298 bellus
752 5244 826 5300 De
853 5258 1080 5314 corpore
1107 5253 1158 5298 et
1187 5244 1450 5315 sanguine
1471 5243 1696 5309 Christi,
1725 5244 1859 5309 sive,
1885 5243 2048 5298 Liber
2071 5245 2137 5298 de

555 5334 908 5391 Itiucharistiae
928 5345 1272 5391 sacramento
1286 5344 1477 5390 contra
1502 5335 1901 5405 liercngariutn.
1931 5354 1950 5388 ι
1968 5333 2138 5390 Porro

557 5429 845 5482 adversum
887 5429 1275 5498 sycophantam
1312 5427 1698 5496 Bcrengarium
1753 5428 1990 5482 illustres
2041 5429 2137 5484 viii

559 5527 668 5569 tum
697 5518 928 5588 pietate,
969 5530 1081 5574 tum
1125 5519 1368 5577 doctrina
1407 5518 1664 5594 singulari
1702 5519 1978 5586 instructi,
2023 5529 2140 5574 tan-

561 5622 724 5675 q-iam
749 5601 910 5664 catuli
967 5609 1136 5668 leonis
1168 5612 1310 5668 illius
1348 5611 1414 5666 de
1452 5611 1592 5666 tribu
1622 5610 1756 5666 Juda
1777 5652 1794 5679 ,
1827 5627 1889 5668 ex
1937 5620 2140 5667 asccte-

563 5703 768 5755 ritu-um
817 5699 1292 5758 Benedictinorum
1339 5703 1513 5759 antris
1553 5704 1805 5774 prodiere
1852 5703 2134 5774 permulti;

561 5790 769 5850 scilicet
791 5792 1155 5848 Guitmundus
1179 5795 1487 5852 AVcrsanus
1511 5797 1970 5868 archiepiscopus,
1987 5796 2139 5868 Alge-

2135 635 2138 638 ’
2230 565 2413 620 bcrtus
2440 568 2505 621 de
2527 568 2793 653 Nogcnto,
2821 569 3016 627 Petrus
3044 573 3395 644 Venerabilis,
3417 588 3708 651 etc.,quorum

2227 659 2406 726 rugitu
2437 663 2772 729 perterritis,
2803 663 2912 720 into
2937 674 2993 720 et
3018 669 3303 736 prostratis
3332 687 3445 725 cum
3475 673 3572 742 ipso
3587 680 3710 748 capite

2227 751 2490 816 sectariis,
2517 754 2692 822 sopita
2727 755 2945 810 demum
2976 766 3062 813 est
3089 759 3307 815 haeresis
3329 762 3711 822 Sacramentario-

2228 855 2346 893 rum
2376 839 2443 894 ad
2477 851 2717 912 tempora
2755 860 2928 914 usque
2957 845 3307 904 nefandorum
3345 850 3548 908 Lutberi
3570 866 3614 910 et
3630 856 3712 911 Cal-

2226 937 2364 1000 vini,
2406 939 2500 992 sed
2534 940 2737 1009 optime
2762 941 3004 996 omnium
3045 958 3272 1014 magnus
3299 945 3713 1007 Lanfraneusrelut

2225 1029 2542 1101 coryphaeus
2572 1040 3020 1102 argumentorum
3067 1051 3287 1090 suorum
3318 1039 3365 1091 vi
3398 1039 3466 1092 ita
3492 1040 3712 1097 confutavit

2224 1126 2279 1172 et
2324 1119 2560 1198 convicit
2608 1131 2816 1176 tantum
2867 1123 3318 1191 haeresiarcbam,
3363 1129 3435 1182 uti
3476 1146 3566 1184 non
3604 1135 3714 1186 modo

2224 1213 2551 1294 palinodiam
2589 1216 2740 1278 illum
2765 1226 3012 1283 cantare,
3037 1235 3225 1274 verum
3255 1229 3308 1274 et
3330 1222 3513 1291 scripta
3541 1223 3624 1293 igni
3644 1234 3715 1277 lra-

2223 1307 2354 1362 dere
2372 1311 2622 1380 coegerit
2643 1350 2658 1375 ,
2691 1318 2854 1381 atque
2877 1311 3016 1366 adeo
3043 1312 3262 1383 gloriosi
3295 1314 3515 1384 palmam
3535 1316 3716 1385 deporta-

2221 1401 2388 1464 verit
2413 1402 2688 1472 triumphi.
2720 1403 2797 1463 Ita
2827 1403 3115 1460 Lanfranci
3146 1405 3462 1475 biographus
3497 1422 3596 1476 pag.
3619 1408 3659 1470 Δ,
3679 1409 3714 1468 5,

2223 1499 2275 1546 ct
2298 1491 2444 1546 libel.
2471 1493 2712 1562 ejusdem
2742 1493 3036 1550 Laufranci
3075 1511 3196 1565 cap.
3226 1497 3277 1551 1.
3320 1495 3423 1551 Nec
3459 1513 3549 1551 non
3569 1506 3614 1551 et
3641 1495 3714 1550 lio-

2222 1582 2360 1639 hert.
2394 1583 2688 1642 Montensis
2724 1587 2776 1642 iu
2803 1586 3078 1642 Chronico
3101 1603 3208 1642 ms.
3235 1589 3304 1642 ad
3325 1603 3408 1642 an.
3441 1588 3575 1642 1051.
3605 1587 3716 1654 Cujus

2223 1672 2373 1728 locus
2395 1675 2623 1746 insignis
2652 1678 2888 1733 maxime
2915 1677 3188 1734 notandus
3212 1687 3296 1733 est
3329 1696 3341 1732 :
3379 1697 3396 1730 ι
3430 1677 3562 1734 Unde
3583 1689 3714 1734 contra

2223 1777 2345 1818 eum
2388 1766 2477 1835 (de
2506 1766 2838 1837 Bereugario
2878 1767 3127 1840 loquens)
3177 1767 3401 1823 multum
3446 1784 3473 1822 a
3514 1767 3656 1822 multis
3682 1779 3715 1820 cl

2231 1863 2408 1917 verbis
2427 1872 2482 1917 et
2508 1864 2728 1935 scriptis
2772 1865 3106 1934 disputatum
3129 1873 3235 1930 est,
3266 1865 3402 1919 inter
3421 1879 3541 1933 quos
3555 1864 3715 1917 domnus

2228 1955 2579 2010 Witmundus
2627 1957 2928 2011 monachus
2952 1956 3020 2010 de
3059 1972 3225 2011 cruce
3254 1955 3317 2010 S.
3343 1953 3567 2010 Lcufredi
3587 1962 3716 2007 contra

2222 2063 2344 2103 eum
2368 2049 2434 2103 de
2456 2065 2684 2123 corpore
2706 2058 2760 2104 et
2782 2050 3049 2118 sanguine
3078 2049 3286 2103 Christi
3317 2047 3585 2117 elegantem
3600 2045 3716 2099 edidit

2224 2137 2444 2192 librum.
2472 2137 3010 2194 Lanl'rancus.etiam
3041 2137 3328 2208 Papiensis
3382 2135 3526 2208 355
3558 2136 3717 2206 primum

2224 2229 2518 2284 monachus
2545 2229 2856 2295 Beccensis,
2883 2229 3077 2285 deinde
3118 2229 3539 2300 archiepiscopus
3557 2226 3718 2282 Cantua-

2227 2340 2239 2375 ι
2257 2321 2702 2388 ieusis,omuihus
2715 2321 3042 2396 luculentius
3055 2329 3110 2376 et
3127 2320 3720 2384 mirabiliuslibrumsapcr

2227 2413 2326 2467 hac
2358 2427 2414 2467 re
2438 2421 2627 2468 contra
2658 2427 2791 2486 eum
2839 2413 3176 2482 composuit;
3212 2413 3266 2467 in
3295 2425 3398 2480 quo
3424 2407 3612 2480 singulis
3627 2405 3720 2460 illius

2223 2501 2613 2570 quaistionibus
2651 2511 2704 2556 et
2751 2502 3192 2572 oppositionibus
3230 2500 3548 2556 laudabiliter
3569 2511 3722 2565 respou-

2225 2594 2338 2655 dit,
2374 2592 2513 2646 male
2543 2593 2685 2647 dicta
2726 2593 2792 2646 ab
2840 2607 2906 2647 eo
2946 2602 3004 2646 et
3058 2593 3374 2658 intellecta,
3409 2589 3720 2659 Scripturaruts

2228 2685 2556 2740 testimoniis
2586 2683 2893 2739 divinarum
2929 2684 3292 2754 improbando
3321 2682 3623 2739 convincens.
3648 2697 3660 2729 ι

2766 2794 2834 2833 Αἰ)
2874 2793 3174 2832 EPISTULA!
3214 2793 3286 2832 IV.

2295 2872 2598 2938 Aere/rimus
2627 2888 2658 2924 a
2686 2872 3019 2941 quibusdam.
3062 2871 3357 2927 Historiam
3385 2868 3525 2936 hujus
3547 2863 3717 2935 episu'ia!

2227 2960 2364 3022 fise,
2389 2972 2442 3015 et
2473 2962 2769 3018 luculenter
2795 2963 3054 3018 describit
3093 2963 3390 3018 Eadmerus
3416 2962 3586 3015 llistor.
3611 2955 3674 3009 lii.
3695 2969 3721 3010 ι.

2227 3069 2350 3124 pag.
2384 3053 2469 3107 10.
2501 3053 2674 3120 Quam
2707 3054 2830 3125 (etsi
2881 3054 3140 3122 prolixior
3171 3050 3614 3114 forsan'videatur)
3636 3042 3722 3098 nefr-

2174 3181 2194 3200 .
2231 3145 2450 3198 rendam
2481 3144 2771 3208 existimo;
2795 3144 2921 3215 quia
2952 3154 3005 3200 et
3036 3144 3101 3199 ad
3127 3144 3487 3199 elucidandam
3513 3132 3720 3194 Alexandri

2227 3235 2530 3303 epistolam,
2553 3244 2606 3291 et
2628 3234 2754 3304 quid
2781 3236 3092 3305 praestiterit
3119 3235 3223 3290 bac
3245 3237 3298 3290 in
3329 3250 3385 3290 re
3405 3235 3459 3288 Β.
3479 3228 3721 3288 Lanl't‘aﬂt'lIs

2227 3311 2569 3379 exhibeatur.
2613 3343 2630 3376 ι
2669 3324 2870 3381 Omnes
2900 3326 3142 3394 circiter,
3183 3327 3257 3380 ait
3292 3318 3720 3387 Eathnerus,quit'x

2229 3415 2466 3470 clericali
2521 3417 2710 3472 ordine
2766 3433 2862 3486 per
2911 3433 3091 3487 regem
3145 3418 3467 3472 Willelmum
3511 3414 3555 3468 in
3594 3405 3723 3475 Angli

2229 3508 2504 3560 eeustiluti
2530 3508 2815 3577 pontifices
2837 3521 3016 3574 erant,
3037 3511 3335 3564 monachos
3357 3507 3441 3577 qui
3469 3507 3513 3560 in
3534 3497 3722 3557 nommllis

2227 3601 2627 3668 episcopalibus
2650 3599 2857 3670 Anglia:
2879 3601 2946 3654 ab
2974 3601 3197 3669 antiquo
3222 3602 3384 3655 vitam
3413 3597 3622 3669 agebant.
3641 3588 3720 3642 ίνέθ

2229 3690 2511 3745 elimiuarc
2551 3691 2717 3745 moliti
2757 3701 2920 3755 sunt;
2965 3704 3020 3746 et
3051 3708 3233 3762 regem
3274 3693 3442 3762 ipsum
3479 3689 3524 3742 in
3562 3685 3637 3738 hoc
3656 3676 3720 3733 sibi

2228 3793 2652 3839 consentaneum
2700 3784 3108 3849 olfecerunt;in
3149 3802 3261 3854 quo
3310 3795 3476 3838 tamen
3522 3773 3720 3834 sordet!“

2229 3875 2494 3948 po:ituros
2523 3876 2656 3930 certi
2691 3863 3038 3943 exstiterant,
3062 3887 3118 3930 ut
3146 3877 3500 3932 “'alebelinus
3523 3869 3723 3938 epivt‘ol’“

2229 3967 2495 4019 adunalos
2543 3981 2678 4034 pene
2726 3966 3083 4036 quadraginta
3126 3967 3386 4030 clericos,
3433 3959 3722 4019 canonieonI-ﬂ

2229 4071 2399 4121 more,
2463 4064 2684 4110 tonsura
2741 4074 2804 4112 ac
2849 4067 2996 4111 veste
3049 4059 3331 4112 redimitos
3373 4057 3583 4116 haberet,
3620 4056 3722 4114 quis,

2229 4149 2419 4218 ejectis
2458 4150 2757 4214 monachis,
2775 4137 3062 4204 “eamme
3084 4151 3357 4215 Ecclesizc,
3377 4149 3454 4204 cui
3471 4139 3722 4216 prmsidelnl.

2232 4257 2354 4294 mox
2375 4241 2776 4296 iutromitteret.
2802 4243 2927 4296 Sola
2949 4258 3096 4296 mora
3115 4243 3229 4297 luce
3252 4239 3540 4312 peragendi,
3560 4229 3722 4286 uetulum

2231 4330 2489 4399 requisita
2534 4331 2600 4386 ab
2637 4331 3046 4401 archiepiscopo
3072 4331 3397 4393 Lanfraneo,
3432 4323 3610 4381 licentia
3643 4315 3721 4408 fuit.

2231 4422 2301 4476 lit
2334 4433 2511 4476 autem
2557 4438 2677 4477 eam
2705 4421 2849 4478 dicto
2881 4422 3051 4477 citius
3098 4423 3429 4492 impetraret,
3462 4413 3581 4471 nulla
3615 4417 3722 4462 tllt‘lll

2167 4524 2210 4578 1)
2237 4512 2354 4581 ejus
2405 4512 2671 4569 dubitatio
2722 4513 2922 4578 inerat,
2965 4514 3057 4569 sed
3095 4512 3253 4566 aliter
3290 4527 3354 4567 ac
3391 4509 3484 4564 sibi
3518 4514 3636 4560 mens
3664 4507 3722 4548 θυι)

2237 4607 2601 4677 spoponderat
2650 4607 2828 4661 exitus
2885 4606 2961 4661 rei
3015 4606 3284 4676 provenit.
3345 4603 3472 4658 Nam
3520 4596 3591 4650 ubi
3632 4583 3723 4658 11W

2237 4698 2520 4766 cpiscopus
2575 4694 2857 4750 moliretur
2909 4696 3150 4750 insonuit
3205 4695 3424 4749 auribus
3469 4689 3596 4760 ejus,
3632 4677 3722 4734 illico

2239 4788 2450 4844 facinus
2487 4788 2800 4853 exhorruit,
2853 4803 2953 4842 nec
2991 4803 3050 4842 se
3078 4788 3203 4842 dum
3243 4787 3442 4840 \ivcret
3473 4789 3522 4834 ut
3552 4773 3723 4830 eliccltlm

2186 4892 2195 4897 '
2239 4896 2453 4950 quoquo
2482 4879 2638 4934 modo
2668 4879 2787 4933 talis
2813 4879 3105 4934 voluntatis
3128 4879 3393 4933 obtineret
3428 4869 3723 4950 consensum?

2241 4973 2492 5026 asservit.
2525 4991 2541 5024 ι
2571 4969 2637 5025 Et
2665 4969 2824 5039 paulo
2847 4977 3002 5039 post:
3039 4989 3054 5018 ι
3087 4967 3328 5038 Namque
3351 4965 3457 5037 pari
3481 4943 3724 5019 \‘010.5i'”"'

2242 5060 2582 5130 cognomine,
2601 5075 2706 5112 uno
2722 5073 3009 5124 consensu,
3029 5057 3282 5114 concordi
3301 5057 3488 5117 animo,
3501 5043 3724 5122 pontiﬁces.

2241 5168 2376 5223 quos
2406 5135 2680 5221 religionis
2702 5152 2837 5206 ordo
2863 5167 2969 5206 non
2993 5151 3094 5205 sibi
3118 5151 3455 5211 astrinxerat,
3477 5139 3587 5199 eniti
3605 5142 3720 5200 dri"

2244 5255 2372 5298 :‘unt
2399 5252 2668 5313 quatenus
2689 5241 2878 5296 saltem
2916 5241 2982 5297 de
3017 5241 3252 5312 primatu
3290 5227 3621 5295 Cautuaricnsi
3648 5231 3721 5313 Illo-

2243 5311 2448 5390 naebos
2461 5334 2798 5389 cradiearcnt
2813 5374 2826 5398 ,
2845 5311 3186 5388 intendentes
3209 5347 3264 5386 sc
3281 5331 3380 5385 hoc
3403 5323 3530 5382 facto
3546 5311 3723 5373 facillim

2243 5427 2378 5482 alios
2407 5425 2623 5479 aliunde
2653 5423 2990 5480 eselusuros.
3029 5422 3104 5477 De
3136 5421 3240 5476 illis
3267 5417 3458 5476 etenim
3481 5401 3706 5500 potiot'iitlts

2245 5516 2384 5571 sicut
2410 5515 2486 5571 eis
2512 5514 2813 5578 Videbatur,
2843 5513 3142 5567 rationibus
3176 5511 3241 5566 ad
3265 5511 3314 5565 id
3344 5503 3576 5579 agendum
3594 5493 3722 5550 fulcie-

2245 5610 2466 5673 bantur,
2494 5607 2691 5679 partim
2714 5604 2789 5660 ob
2813 5605 3196 5661 sublimitatem
3223 5598 3458 5675 primatis
3483 5592 3616 5654 sediS,
3643 5591 3722 5650 tl”

2245 5696 2586 5770 di‘I’OSiliOlli
2641 5707 2696 5752 et
2755 5697 3079 5754 eorrcctioni
3132 5693 3480 5752 Ecclesiarum
3523 5697 3600 5754 per
3639 5681 3722 5770 sui?

2245 5805 2503 5864 persOnas
2559 5807 2770 5863 quaque
2835 5808 2930 5862 per
2979 5790 3225 5862 Angliam
3282 5781 3540 5854 imigildrc
3586 5767 3723 5840 bibi"
