3864 6304
92 371 172 425 573

1127 362 1192 418 IN
1237 361 1452 420 EPIST.
1488 363 1546 417 Β.
1587 361 1982 420 LAM‘RANCI
2024 337 2254 422 sum.

3193 370 3300 424 574

93 486 252 559 partim
298 481 362 535 ob
397 479 532 534 alias
577 477 897 548 multiplices
948 495 1141 533 causas
1187 493 1416 549 quarum
1469 492 1626 531 exse-
1652 477 1697 537 Α
1731 486 1895 546 atque
1947 481 2058 533 suis
2107 479 2250 532 notis
2293 479 2342 532 in
2395 479 2640 534 Eadmeri
2696 480 2971 545 Historia,
3025 497 3144 553 pag.
3205 481 3307 536 lii‘a'

92 576 225 638 cutio,
258 570 402 640 juxta
432 567 575 640 quod
615 568 715 623 sibi
753 567 1161 637 contingebant,
1195 570 1365 638 magis
1397 567 1620 623 clerico-

91 681 185 722 rum
220 676 368 734 quam
422 659 806 715 monachorum
864 657 1098 714 olIicium
1159 668 1388 730 spectat.
1446 659 1620 715 Dedu-

89 763 245 812 ductus
266 763 342 810 est
381 754 432 808 in
468 751 794 808 sententiam
835 751 994 807 istam
1033 767 1125 807 rex
1153 761 1206 808 et
1231 751 1320 806 alii
1347 752 1620 823 principes

89 845 232 914 regni,
275 839 593 903 Lanfranco,
619 850 676 895 ut
724 841 806 896 sui
855 841 1022 897 moris
1071 843 1211 906 erat,
1247 843 1372 898 totis
1417 843 1621 897 viribus

88 936 339 997 obnitente,
378 944 430 988 el
466 933 708 988 omnium
748 932 1012 988 molimini
1052 949 1115 988 ac
1154 935 1366 989 invidia:
1395 934 1623 989 viriliter

88 1026 346 1079 resistente.
378 1022 458 1077 Ne
500 1032 678 1078 tamen
716 1032 838 1093 post
873 1025 1077 1079 obitum
1109 1041 1264 1081 suum
1296 1024 1450 1080 fieret
1478 1026 1620 1095 quod

87 1132 130 1169 se
160 1114 427 1184 supersute
468 1116 676 1170 sciebat
713 1130 808 1185 per
850 1116 1109 1170 auxilium
1153 1117 1245 1172 Dei
1281 1133 1618 1187 nequaquam

88 1207 427 1277 perliciendum
447 1249 463 1270 ,
498 1208 746 1263 nesciens
772 1209 1096 1264 mortis‘sute
1126 1209 1266 1264 diem
1298 1209 1381 1265 vel
1412 1211 1621 1273 horam,

86 1299 484 1370 egitsagacitate,
515 1309 568 1355 et
595 1300 861 1355 industria
899 1317 1004 1372 qua
1040 1301 1303 1371 pollebat,
1355 1311 1416 1355 nt
1443 1312 1622 1356 aucto;

87 1393 212 1444 ritate
255 1389 508 1446 Romanre
555 1400 610 1447 et
671 1393 981 1464 apostolicm
1033 1396 1178 1451 sedis
1232 1393 1624 1450 monachorum

87 1483 302 1539 habitatio
346 1483 398 1538 in
449 1484 640 1540 eadem
678 1485 919 1542 Ecclesia
961 1487 1406 1553 confirmaretur,
1448 1500 1502 1541 ct
1542 1488 1625 1542 in-

86 1575 297 1628 cnurnlsa
326 1574 452 1630 dum
482 1575 738 1630 szccnlntn
766 1577 988 1632 duraret
1022 1579 1072 1632 in
1102 1587 1420 1650 perpetuum
1452 1579 1624 1634 stabi-

87 1667 256 1720 tiretur.
283 1665 430 1733 Quod
452 1667 735 1739 privilegio
761 1669 847 1723 tali
871 1685 1114 1726 summus
1141 1671 1451 1741 apostolica:
1479 1671 1626 1726 sedis

86 1757 270 1812 antistes
312 1757 622 1814 Alexander
685 1761 756 1814 ita
811 1762 1014 1830 scripto
1070 1777 1169 1817 suo
1255 1761 1552 1817 roboravit.
1597 1781 1616 1813 ι

1723 565 1973 620 intexuit.
2673 631 2676 634 Α

1756 735 1763 740 _
1791 656 1957 729 346
1977 656 2076 712 Cui
2099 658 2302 727 nefario
2319 660 2482 729 operi.
2505 660 2703 716 Notent
2723 661 2838 716 hare
2862 661 3076 716 interim
3102 663 3172 716 illi
3214 663 3306 732 qui

1725 753 1802 802 tot
1825 749 2090 805 clamores
2117 760 2165 805 et
2191 752 2447 821 strepitus
2468 753 2711 808 edunt'in
2746 756 3042 808 monachus
3066 764 3118 809 et
3135 751 3309 810 "toties

1723 840 2052 903 nbtrudunt,
2082 857 2202 910 qute
2243 858 2272 896 a
2319 842 2764 899 Vintoniensibns
2807 843 3020 899 clericis
3048 841 3308 899 obtende-

1725 931 1941 986 bantur.
1986 930 2146 1002 (Vide
2196 933 2443 1004 superius
2495 935 2754 1004 producta
2801 950 2869 990 ex
2915 935 3204 1005 Eadmero)
3254 944 3313 992 et

1730 1023 1938 1078 nefario
1960 1024 2085 1079 huic
2109 1027 2258 1094 operi
2287 1025 2582 1082 molitionis
2603 1027 2683 1098 (ut
2711 1027 2904 1097 loquar
2933 1043 3052 1082 cum
3080 1026 3312 1082 Alexan-

1724 1113 1847 1184 dro)
1913 1114 2153 1169 animum
2210 1115 2578 1186 appellentes,
2635 1117 2797 1171 velim
2844 1117 2944 1172 sibi
3002 1118 3070 1172 ob
3125 1117 3310 1173 oculos

1725 1214 1927 1272 ponant
1953 1205 2243 1275 praeclaros
2271 1209 2596 1274 monachos,
2626 1208 2718 1277 qui
2746 1223 2867 1262 cum
2906 1209 3109 1263 sanctis
3138 1210 3309 1263 mori-

1726 1296 1850 1358 bus,
1903 1306 2013 1351 tum
2067 1297 2249 1353 verbis
2295 1307 2350 1353 et
2379 1290 2629 1369 scriptis
2675 1299 3040 1354 Christianam
3091 1299 3313 1353 catholi-

1725 1403 1956 1459 camqne
2011 1388 2169 1444 fidem
2230 1391 2412 1469 multis
2473 1391 2526 1446 in
2585 1392 2720 1447 locis
2785 1391 3174 1456 inseruerunt,
3233 1392 3312 1446 in-

1724 1489 2060 1545 staurarunt,
2109 1493 2496 1552 propagarunt,
2530 1483 2894 1548 illustrarunt,
2924 1483 3312 1557 Cassiodorum

1724 1573 1876 1639 dico,
1919 1572 2242 1643 Gregorium
2289 1574 2578 1646 Majorcm;
2615 1575 2915 1646 apostolos,
2954 1574 3312 1645 Augustinum

1724 1665 2169 1720 Cantuariensem
2227 1667 2461 1738 Anglia,
2520 1667 2856 1722 Donifacium
2937 1667 3313 1737 Mngnntinum

1723 1747 2060 1821 Germaniae,
2092 1757 2443 1812 Benedictum
2505 1758 2770 1824 Polonite,
2801 1758 3099 1814 Gerardnm
3166 1757 3316 1810 llun-‘

87 1851 246 1907 Deinde
286 1850 500 1921 subiicit
538 1853 830 1909 Alexandri
865 1855 1172 1924 epistolam.
1212 1856 1420 1911 Videsis
1458 1855 1621 1910 etiam
1657 1832 1696 1890 Β
1726 1863 2013 1916 garorum,
2060 1859 2192 1916 etc.;
2221 1850 2421 1904 Bedam
2477 1850 2856 1906 Venerabilem
2879 1893 2894 1916 ,
2951 1849 3273 1904 lldefonsum
3297 1888 3314 1914 ,

88 1943 502 2000 llalntesbnriens.
533 1946 610 2000 De
643 1946 834 2019 pontif.
867 1946 961 2002 lib.
995 1963 1032 2012 ι,
1062 1945 1152 2001 fol.
1181 1946 1304 2000 122.

141 2033 192 2088 Et
225 2034 428 2091 clericos
474 2037 608 2091 inibi
655 2039 990 2093 constituere.
1039 2038 1122 2093 Ab
1159 2038 1399 2094 Ecclesia
1443 2037 1660 2113 Vinto—g

89 2129 223 2183 nieusi
257 2129 482 2187 clericos
509 2131 828 2202 jamdudum
861 2133 1092 2189 eximius
1133 2133 1503 2188 coanobiorum
1546 2133 1626 2187 in-

87 2227 311 2273 staurator
353 2231 406 2274 et
453 2220 759 2276 aediﬁcator
797 2222 1041 2294 Edgarus
1079 2237 1172 2277 rex
1221 2209 1442 2280 (saeulo
1478 2223 1626 2291 prior

87 2307 359 2381 Alexandro)
405 2311 811 2368 climinaverat.
854 2312 968 2380 Qua
1015 2327 1147 2368 vero
1193 2312 1261 2368 ad
1313 2313 1365 2368 id
1415 2313 1628 2368 ratione

89 2401 306 2472 impulsus
353 2404 543 2472 fuerit,
591 2406 643 2461 in
681 2405 912 2462 concilio
951 2407 1016 2460 A.
1063 2405 1124 2462 C.
1165 2405 1269 2462 966
1330 2405 1624 2471 celebrato,

87 2494 291 2549 edisserit
324 2496 406 2551 his
448 2497 636 2553 verbis
671 2516 685 2552 :
732 2517 750 2549 ι
796 2498 1016 2555 Timens
1055 2499 1218 2570 igitur
1262 2513 1331 2554 ne
1369 2507 1624 2553 aeternam

89 2582 370 2641 incurrerem
403 2589 719 2656 miseriam,
747 2589 791 2644 si
819 2591 1010 2660 adepta
1046 2599 1311 2660 potestate
1349 2605 1454 2645 non
1483 2588 1626 2644 face-

90 2689 171 2726 rem
210 2679 336 2745 quod
369 2680 480 2758 ipse
517 2682 607 2752 qui
639 2693 898 2752 operatur
931 2684 1112 2739 omnia
1144 2699 1263 2754 qua!
1316 2683 1367 2736 in
1398 2681 1536 2737 ctelo
1572 2690 1622 2735 ct

87 2765 128 2817 ln
162 2775 282 2823 terra
323 2772 436 2828 suis
466 2774 739 2845 exemplis
770 2775 950 2846 justus
993 2776 1332 2830 examinator
1371 2774 1622 2840 innotuit,

87 2863 350 2919 vitiosarum
399 2881 610 2923 cuneos
657 2870 1042 2925 canonicorum
1087 2884 1118 2924 e
1163 2867 1396 2924 diversis
1451 2867 1624 2923 nostri

89 2953 316 3021 regiminis
342 2957 617 3012 emnobiis
645 2957 846 3015 Christi
875 2959 1114 3016 vicarius
1146 2958 1440 3015 eliminavi.
1474 2956 1626 3024 Quod

91 3045 214 3100 nullis
241 3047 361 3102 mihi
405 3040 898 3106 intercessionibus
933 3050 1190 3122 prodesse
1231 3056 1501 3120 poterant,
1531 3047 1624 3102 sed

87 3137 252 3202 potius,
296 3149 354 3192 ut
405 3140 606 3199 beatus
655 3141 729 3195 ait
782 3141 1102 3212 Gregorius,
1151 3141 1280 3212 justi
1327 3139 1624 3194 vindictam

86 3241 412 3298 provocarent,
441 3232 544 3303 qni
583 3233 750 3288 variis
787 3233 1040 3288 vitiorum
1075 3232 1242 3288 ntevis
1274 3231 1625 3286 contaminati

89 3333 167 3372 non
201 3332 402 3392 agentes
430 3339 560 3394 qua:
590 3323 731 3380 Deus
752 3323 990 3392 jubendo
1018 3324 1263 3388 volebat,
1301 3323 1483 3378 omnia
1509 3338 1629 3393 quae

87 3409 262 3467 ridebat
297 3415 529 3470 rebelles
559 3413 860 3482 faciebant,
889 3415 1078 3471 avidus
1115 3415 1408 3486 inquisitor
1441 3416 1631 3470 adver-

89 3510 180 3557 tcrs
200 3514 364 3574 gratos
415 3508 651 3563 Domino
698 3509 1089 3564 monachorum
1125 3524 1358 3574 cuneos,
1398 3509 1490 3580 qui
1529 3525 1628 3580 pro

89 3591 208 3647 nobis
232 3595 605 3653 incunctanter
626 3599 963 3664 incederent,
996 3600 1167 3654 nostri
1191 3599 1331 3668 juris
1359 3609 1630 3654 monaste—

91 3681 162 3735 riis
186 3685 388 3743 devotus
419 3689 676 3757 hilariter
705 3690 984 3746 collocavi.
1022 3711 1040 3744 ›
1068 3691 1136 3746 Ει
1163 3691 1288 3762 quia
1319 3692 1629 3761 praescierat

90 3770 232 3830 lorsin
271 3781 513 3849 optimus
557 3781 648 3836 ille
694 3797 786 3837 rex
843 3797 940 3852 per
989 3782 1214 3838 clericos
1261 3783 1552 3856 aliquando
1597 3797 1627 3834 a

88 3869 266 3933 pra'l‘ata
291 3873 534 3930 Ecclesia
568 3876 867 3931 monachos
896 3876 1286 3942 exturbandos,
1309 3876 1630 3930 anathema-

90 3958 202 4016 tibus
221 3963 348 4030 illos,
381 3968 476 4037 qni
510 3967 686 4022 simile
712 3967 841 4037 quid
881 3966 1221 4031 molirentur,
1249 3966 1497 4037 percellit
1528 3968 1630 4020 hoc

88 4067 293 4113 sermone
333 4078 346 4114 :
403 4079 421 4112 ι
467 4059 528 4114 Si
569 4069 749 4116 autem
792 4060 1037 4132 qualibet
1069 4061 1388 4126 occasione,
1415 4061 1630 4116 diabolo

90 4142 354 4216 instigante,
398 4151 717 4221 contigerit,
764 4160 824 4205 ut
874 4150 1016 4206 fastu
1063 4152 1437 4222 superbientes
1481 4165 1633 4206 arro-

89 4236 264 4303 gantiae,
293 4240 484 4310 dejecti
511 4242 757 4296 canonici
786 4243 1174 4298 monachorum
1206 4257 1444 4312 gregem,
1469 4255 1629 4310 quem

89 4337 172 4392 ego
197 4342 444 4387 venerans
476 4347 600 4386 cum
643 4341 862 4401 pastore
903 4335 956 4386 in
992 4333 1085 4388 Dei
1131 4334 1383 4387 constitui
1417 4348 1633 4402 posses-

90 4414 228 4484 sione,
255 4420 484 4491 dejicere
509 4422 815 4490 insidiando
840 4421 1129 4487 voluerint,
1159 4432 1347 4494 agatur
1377 4424 1443 4478 dc
1472 4425 1550 4478 eis
1580 4431 1634 4477 et

1654 3185 1694 3239 C

1728 1941 2008 1997 Rabanum
2058 1942 2336 2010 Maurum,
2393 1943 2649 1998 Strabum
2701 1944 3048 2006 Fuldensem.
3099 1942 3314 1997 Petrum

1729 2035 1998 2108 Damiani,
2040 2042 2360 2113 Rnpertnm,
2404 2041 2799 2108 Lanfrancum,
2825 2039 3158 2102 Anselmum,
3191 2037 3319 2091 Ber-

1729 2125 1958 2186 nardnm
1989 2143 2152 2202 atque
2184 2133 2498 2186 innumeros
2531 2131 2696 2196 alios;
2724 2146 2829 2200 qua
2860 2130 2926 2185 de
2957 2145 3015 2183 re
3043 2127 3318 2183 Arnoldus

1727 2225 1956 2280 Wionus
1978 2225 2030 2280 in
2054 2225 2222 2296 Ligno
2241 2223 2373 2280 Vitae
2400 2225 2493 2280 lib.
2521 2239 2556 2279 ιι
2588 2233 2704 2279 etv.
2733 2223 2999 2277 Caeterum
3029 2235 3135 2274 non
3162 2219 3320 2272 modo

1727 2318 2062 2390 episcopales
2097 2317 2371 2373 Ecclesias
2403 2315 2654 2372 monachi
2699 2313 3154 2368 administrabant
3175 2349 3192 2372 ,
3222 2310 3316 2364 sed

1728 2418 1782 2465 et
1847 2410 2055 2465 eisdem
2122 2425 2190 2465 ex
2256 2409 2435 2480 prisca
2503 2407 2894 2464 consuetudine
2956 2403 3321 2474 praesidebant

1728 2505 2006 2560 antistites
2033 2503 2417 2574 quamplurimi
2448 2503 2500 2556 in
2531 2500 2724 2571 Anglia
2760 2499 3119 2554 monasticam
3149 2497 3318 2550 vitam

1727 2598 1987 2668 professi;
2021 2597 2150 2666 quin
2181 2596 2344 2651 etiam
2377 2595 2420 2650 si
2462 2593 2583 2663 quis
2612 2592 2820 2655 forsan,
2855 2597 3133 2644 annuente
3161 2601 3320 2656 rege,

1728 2707 1758 2746 e
1815 2689 2054 2746 clericali
2115 2687 2306 2742 ordine
2361 2687 2444 2741 vel
2504 2701 2569 2739 ex
2632 2683 2785 2737 laieis
2837 2681 2904 2736 ad
2958 2677 3320 2750 episcopalem

1729 2763 2045 2850 dignitatem
2081 2759 2469 2838 assmneretur,
2501 2771 2808 2828 necessario
2845 2769 3159 2840 priusquam
3192 2781 3320 2821 con-

1729 2877 2060 2932 secraretur,
2085 2866 2336 2921 monachi
2366 2875 2673 2928 tonsuram,
2699 2870 2755 2917 et
2780 2860 3053 2922 habitum.
3083 2872 3182 2912 nec
3214 2871 3319 2911 non

1729 2971 1782 3018 et
1813 2977 2018 3016 normae
2049 2958 2408 3015 benedictinze
2437 2955 2830 3029 professionem
2875 2953 3129 3008 emittere
3162 2963 3321 3020 cege-

1731 3057 1910 3111 balur.
1963 3053 2116 3121 Quod
2168 3054 2407 3126 produnt
2457 3053 2600 3106 inter
2649 3050 2786 3106 alios
2842 3046 3187 3103 Malmesbur.
3246 3045 3324 3100 De

1732 3147 1921 3218 pontii.
1943 3147 2037 3203 lib.
2055 3141 2102 3213 ἰ,
2123 3148 2175 3202 in
2197 3143 2681 3203 Cantuariensibus
2698 3141 3122 3214 archiepiscopis
3151 3154 3316 3210 agens

1729 3241 1797 3294 de
1830 3237 2018 3296 Odoue
2061 3227 2319 3310 episcopo
2362 3235 2724 3302 \‘intoniensi,
2773 3244 2896 3304 post
2943 3229 3325 3288 Cantuariensi

1730 3333 2138 3403 archiepiscopo
2180 3329 2353 3387 electo
2388 3349 2400 3384 :
2448 3350 2466 3382 ‹
2512 3329 2603 3384 Ille
2637 3328 2729 3398 qui
2768 3326 3005 3381 nondum
3041 3324 3320 3378 amisisset

1730 3427 2081 3490 monachum,
2119 3423 2456 3479 constantius
2485 3421 2682 3484 reniti,
2717 3433 2783 3474 ne
2814 3432 3019 3472 morem
3054 3413 3321 3483 majorum

1732 3519 2031 3573 ambitione
2062 3531 2159 3570 sua
2191 3515 2408 3569 turbare
2438 3512 2732 3575 videretur,
2762 3509 2966 3563 nullum
2995 3507 3138 3560 etiim
3168 3505 3235 3558 ad
3269 3503 3322 3558 id

1733 3621 1944 3682 tempus
1979 3610 2082 3665 nisi
2120 3606 2410 3662 monachili
2451 3598 2728 3659 schemate
2767 3602 3012 3656 indutum
3051 3596 3325 3665 archiepi-

1733 3719 1959 3774 scopum
2011 3701 2196 3756 fuisse.
2253 3718 2273 3752 ι
2322 3699 2389 3753 Et
2432 3704 2556 3768 post
2599 3695 2724 3748 alia.
2792 3711 2810 3744 ι
2862 3693 3051 3761 itaque
3097 3686 3325 3743 transito

1731 3796 1870 3851 mari
1910 3795 2050 3866 apud
2079 3791 2381 3846 Floriacum
2412 3788 2738 3844 monachilia
2774 3783 3002 3853 accepit,
3048 3793 3070 3834 ι
3105 3787 3211 3834 etc.
3260 3776 3327 3830 Et

1733 3886 1948 3941 Nicolas
1986 3882 2294 3954 llarpsfeld.
2322 3879 2518 3936 szecnlo
2544 3895 2603 3933 ιι.
2643 3877 2742 3934 Ubi
2773 3874 3090 3931 electionem
3121 3867 3177 3924 S.
3211 3867 3324 3922 Viri

1733 3979 2000 4034 Edmundi
2054 3977 2107 4032 in
2162 3977 2474 4047 episcopum
2529 3971 2941 4027 Dnnelmcnsem
2998 3961 3258 4020 describit
3309 3973 3324 4012 :

1738 4090 1756 4124 ι
1805 4071 1947 4126 Cum
1966 4070 2149 4138 itaque
2173 4067 2374 4121 nullum
2399 4063 2755 4119 satisfactioui
2781 4061 2870 4115 ulli
2896 4060 3067 4112 locum
3092 4052 3321 4114 videret,

1733 4165 1786 4219 in
1829 4163 2188 4219 monasticnm
2234 4161 2466 4228 primum
2512 4157 2755 4212 ordinem
2801 4161 3080 4222 cooptatus
3121 4155 3208 4200 est
3248 4145 3323 4214 (id

1734 4257 1877 4308 enim
1908 4253 2161 4308 omnibus
2189 4269 2217 4304 a
2249 4250 2490 4305 Cutberti
2523 4259 2761 4316 tempore
2785 4241 3030 4298 Dnnehni
3055 4236 3327 4306 episcopis

1733 4346 1977 4402 solemne.
2011 4343 2150 4412 erat)
2193 4342 2532 4409 accersitque
2577 4336 2880 4408 Egelricnm
2921 4329 3246 4386 monachum
3293 4339 3326 4378 e

1735 4434 1983 4490 coenobio
2026 4432 2311 4502 Burgeusi,
2344 4431 2452 4501 jqni
2494 4427 2779 4498 praeceptis
2823 4439 2944 4479 eum
2973 4462 2987 4488 ,
3028 4429 3082 4475 et
3124 4414 3326 4486 regulis

90 4503 140 4556 de
163 4511 387 4568 omnibus
416 4515 512 4584 qni
546 4515 788 4585 quolibet
811 4530 1034 4571 munere
1051 4517 1235 4570 czeeati
1265 4514 1520 4584 juvamen
1552 4517 1631 4571 eis
1664 4530 1711 4588 ο
1739 4523 2052 4579 monasticis
2088 4523 2378 4586 imbueret,
2418 4539 2437 4571 ι
2487 4529 2591 4573 etc.
2627 4517 2738 4570 lmo
2777 4524 2831 4570 et
2865 4515 3007 4584 ipsos
3043 4509 3325 4589 episcopos

91 4591 441 4669 impenderim,
471 4607 614 4674 quod
651 4616 832 4661 actum
862 4615 944 4662 est
975 4607 1038 4661 de
1074 4607 1277 4678 angelis
1316 4607 1633 4676 superbien-

93 4687 220 4758 Iibus,
254 4705 304 4750 et
339 4698 404 4754 de
447 4699 780 4770 pro‘opl.isto
819 4701 1018 4756 diaboli
1051 4702 1237 4756 fraude
1277 4701 1519 4767 seducto,
1549 4708 1629 4769 ut,

91 4787 283 4848 paradisi
307 4791 555 4847 videlicet
571 4793 834 4848 limitibus
855 4793 1172 4849 sublimibus
1195 4794 1341 4864 regni
1371 4793 1631 4850 caelorum

95 4877 313 4936 sedilibus
335 4883 490 4953 cjccti
516 4902 639 4940 cum
666 4887 750 4941 his
771 4886 864 4958 qui
887 4887 1087 4942 domini
1116 4886 1428 4942 famulatum
1452 4903 1632 4959 asper-

91 4979 249 5027 nantes
297 4987 779 5048 coutcmpserunt,
827 4979 1070 5034 barathri
1125 4979 1385 5035 incendiis
1429 4979 1632 5036 detrusi

85 5055 172 5129 lusi
217 5067 543 5124 erucientnr‘
573 5072 821 5138 miseria,
863 5090 882 5124 ι
934 5081 1044 5128 etc.
1130 5072 1199 5127 Et
1247 5071 1387 5128 infra
1431 5073 1632 5144 gratias

90 5152 302 5214 caelestes
329 5160 393 5216 iis
421 5163 731 5234 impertitur
760 5165 852 5236 qui
879 5163 1160 5222 beneﬁciis
1188 5165 1484 5221 monachos
1511 5165 1635 5221 alle-

89 5242 260 5299 cerint:
286 5267 303 5300 ι
325 5249 665 5322 Quicunque,
697 5256 796 5319 ait,
813 5255 1112 5310 monachos
1131 5255 1286 5310 bonis
1305 5254 1634 5325 quibuslibet

90 5328 384 5406 locupletatis
433 5346 610 5402 ditare
658 5347 925 5414 voluerit,
975 5347 1206 5404 Creator
1257 5348 1634 5404 cunclitcnens

89 5423 350 5488 clementer
383 5449 474 5492 eos
512 5452 810 5510 eorumque
848 5439 1159 5510 progeniem
1194 5439 1358 5494 totius
1389 5439 1634 5494 ubertate

88 5523 458 5592 Prosperitatis,
491 5528 584 5585 hic
608 5540 662 5584 et
701 5530 753 5584 in
787 5528 968 5585 futuro
995 5530 1214 5594 saeculo,
1243 5529 1460 5584 ditando
1487 5527 1634 5583 locu-

87 5605 246 5678 Ρνθιει.
281 5620 432 5675 ι’θιε.
463 5619 590 5678 Haec
625 5636 689 5678 ex
731 5637 834 5677 ms.
877 5621 1066 5678 codice
1095 5623 1213 5693 ejus
1247 5621 1397 5692 jussu
1436 5621 1635 5676 litteris

90 5712 241 5759 aureis
290 5710 648 5779 pulcherrime
693 5715 931 5772 exaratis
975 5713 1307 5788 deprompsit
1349 5713 1631 5779 Seldenus,

1736 4612 2050 4668 monasticis
2083 4611 2289 4682 legibus
2323 4606 2601 4676 subjectos
2630 4607 2726 4678 (uti
2765 4601 3007 4672 abbates)
3044 4597 3323 4672 egregium

1739 4707 1906 4761 habes
1952 4711 2361 4759 monumentum
2413 4702 2466 4756 in
2518 4700 2622 4756 illis
2667 4695 3094 4753 institutionibus
3137 4705 3325 4746 mona-

1735 4799 1962 4852 chorum
1996 4796 2162 4869 (inter
2193 4804 2349 4850 notas
2386 4791 2605 4849 Seldeni
2641 4791 2708 4846 ad
2737 4787 3018 4844 historiam
3047 4779 3324 4848 Eadmerl)
3351 4825 3353 4828 ι

1736 4891 2002 4947 Saxonice
2049 4899 2103 4945 et
2143 4889 2358 4951 Latine,
2396 4889 2464 4943 ab
2494 4887 2705 4956 Edgaro
2743 4899 2869 4954 rege
2891 4880 3130 4954 prolatas
3176 4877 3325 4932 circa

1733 4983 1798 5040 A.
1839 4987 1899 5041 υ.
1951 4985 2078 5051 900,
2127 4984 2228 5040 sub
2277 4982 2512 5037 medium
2549 4995 2564 5034 :
2605 4998 2624 5030 ‹
2679 4977 3066 5050 Episcoporum
3111 4982 3325 5039 quoque

1734 5077 1948 5141 electio,
1995 5078 2071 5132 uti
2115 5077 2390 5140 abbatum,
2420 5073 2729 5143 ubicunque
2768 5071 2822 5124 in
2869 5068 2994 5124 sede
3034 5058 3322 5133 episcopafi

1736 5168 1990 5225 monachi
2016 5169 2290 5240 regulares
2306 5174 2717 5228 conversantur,
2743 5163 2811 5226 si,
2827 5156 3040 5216 Domini
3064 5154 3326 5223 largiente

1735 5266 1928 5338 gratia,
1960 5263 2093 5318 tanti
2125 5263 2400 5335 profectus
2442 5260 2573 5315 inibi
2615 5251 2921 5313 monachus
2961 5248 3184 5318 reperiri
3224 5260 3323 5338 po-

1737 5335 1920 5412 tuerit.
1952 5355 2153 5409 Eodem
2183 5352 2342 5408 modo
2375 5355 2594 5420 agatur,
2623 5363 2725 5403 nec
2749 5345 2856 5400 alio
2885 5339 3128 5414 quolibet
3164 5335 3323 5391 modo

1737 5449 1862 5506 dum
1896 5447 2136 5520 ejusdem
2172 5454 2298 5502 sunt
2334 5439 2779 5503 conversationis,
2811 5451 2842 5490 a
2873 5444 3145 5506 quoquam
3182 5442 3330 5498 prte-

1737 5552 2015 5608 sumatur,
2052 5561 2071 5594 ι
2100 5550 2208 5597 etc.
2249 5522 2453 5596 Deinde
2483 5545 2606 5606 post
2640 5545 2831 5604 pauca.
2866 5549 2884 5584 ς
2914 5528 3015 5596 Qui
3041 5525 3328 5582 ordinatus

1735 5639 1986 5695 videlicet
2005 5638 2292 5710 episcopus
2315 5633 2366 5689 in
2389 5631 2640 5688 omnibus
2661 5627 2912 5686 eumdem
2933 5639 3140 5681 morem
3164 5636 3328 5693 regu-

1736 5731 1902 5786 larem
1923 5747 2045 5786 cum
2065 5727 2346 5785 monachis
2363 5725 2496 5792 suis,
2515 5739 2670 5795 quem
2692 5721 2855 5779 abbas
2873 5727 3017 5778 tenet
3036 5715 3324 5789 regularis.
