3886 6292
540 308 647 362 Ξ)ῖὸ

1746 303 1954 359 DOMNI
1994 302 2200 362 LUCAS
2241 302 2564 359 DACIIERII
3661 301 3746 359 376

529 413 772 482 diilgenti
802 429 965 477 cura,
993 422 1048 469 et
1087 428 1415 485 magnopere
1442 415 1723 471 excellenti
1750 457 1762 479 ,
1795 417 1911 471 sine
1940 417 2105 471 inter-
2136 419 2181 474 A
2206 415 2458 471 omnibus
2506 413 2887 471 ecclesiasticae
2929 412 3283 469 institutionis
3308 412 3517 478 ofllciis,
3550 430 3614 468 xv
3647 416 3744 475 Kal.

528 504 785 559 missione
833 505 1127 559 custodiat.
1201 505 1313 562 Nec
1370 508 1711 580 episcopatus
1780 511 2104 576 occasione,

527 595 723 667 regulae
755 607 1019 667 praecepta
1050 598 1269 653 timidus
1296 598 1457 670 (forte
1483 601 1738 672 tumidus)
1772 600 1855 656 vel
1884 602 2109 656 oblivio-

521 702 613 741 s:s
667 696 871 743 temere
919 688 1275 755 intermittat,
1324 690 1418 744 sed
1459 700 1718 761 quantum
1760 691 2003 749 excellat
2052 700 2108 747 et

518 792 702 851 opere.
733 800 753 835 ι

1068 892 1135 931 AD
1173 892 1469 932 εριετυιιω
1508 892 1563 930 ν.

592 964 844 1022 Romana:
872 964 1125 1022 Ecclesia:
1161 968 1534 1022 archidiacono
1576 966 1956 1022 Ilildebraudo.
1998 968 2099 1036 Qui

518 1068 571 1114 et
593 1058 884 1130 Gregorius
907 1059 993 1115 VlI
1016 1070 1197 1129 postea
1220 1061 1418 1125 dictus,
1445 1061 1512 1116 de
1536 1076 1642 1131 quo
1666 1061 1734 1116 ad
1755 1061 2039 1132 epistolam
2068 1062 2103 1117 5

522 1152 605 1205 lit.
633 1153 685 1217 b,
716 1150 841 1208 Otto
870 1152 1257 1225 Frisingensis.
1297 1154 1450 1208 Nunc
1474 1169 1602 1209 vero
1632 1154 1806 1225 ipsum
1828 1154 1987 1225 pleno
2006 1170 2103 1211 ore

516 1243 826 1299 lmdantem
876 1254 1208 1300 comtaneum
1307 1247 1631 1317 scriptorem
1703 1255 1760 1302 et
1826 1248 2099 1303 oculatum

521 1334 801 1407 llugonem
831 1337 1298 1394 Flaviniacensem
1329 1340 1380 1394 in
1406 1339 1675 1396 Chronico
1696 1340 1934 1396 nondum
1955 1343 2102 1398 edito

514 1428 615 1482 sub
644 1443 845 1482 annum
886 1429 1024 1485 1078
1075 1431 1285 1501 placeat
1315 1433 1537 1487 audire:
1576 1451 1594 1485 ι
1629 1432 1798 1489 Natus
1822 1443 1907 1489 est
1939 1434 2103 1504 igitur

512 1518 567 1574 in
594 1519 727 1576 urbe
758 1521 926 1577 Roma
962 1524 1282 1594 parentibus
1309 1526 1513 1581 civibus
1534 1526 1819 1593 Romanis,
1845 1538 1921 1592 et,
1955 1533 2098 1599 quod

516 1611 817 1667 maximum
870 1624 972 1678 est,
1004 1616 1301 1687 religiosis,
1352 1619 1703 1676 ascribendus
1752 1621 1887 1677 civis
1936 1622 2099 1681 curia:

514 1704 785 1769 ctelcstis,
826 1715 879 1761 et
919 1708 985 1763 ab
1015 1708 1236 1764 ineunte
1273 1719 1431 1766 aetate
1466 1709 1855 1771 ecclesiasticis
1890 1716 2100 1770 manci»

2209 503 2373 569 Junii,
2406 506 2694 575 praedictos
2724 505 2920 562 fratres
2941 507 3041 563 sub
3069 506 3300 562 districti
3322 504 3507 575 iudicii
3537 509 3747 567 intermi-

2209 597 2447 663 natione,
2480 607 2535 652 et
2574 606 2777 653 sanctae
2805 599 3129 655 obedientite
3162 609 3432 670 prmeepto
3466 604 3748 663 constrinxit

2209 697 2267 742 ut
2297 689 2339 744 si
2376 706 2479 760 qua
2525 691 2576 744 in
2612 706 2670 746 se
2705 691 3025 761 corrigenda
3068 692 3571 761 deprehendissent,
3600 696 3748 752 nulla-

2210 789 2363 835 tenus
2411 790 2590 837 tacere
2640 793 3048 851 prtesutnerent.
3080 782 3289 850 Quibus
3325 781 3746 853 collaudantibus,

2206 877 2260 923 et
2313 870 2435 926 vita:
2484 872 2985 939 conversationem,
3033 881 3089 930 et
3140 872 3483 944 disciplinam
3530 875 3749 936 doctrina

2204 971 2428 1029 sanctae,
2452 979 2771 1035 morumque
2791 965 3206 1033 institutionem,
3228 975 3285 1021 et
3301 965 3590 1023 secundum
3605 972 3749 1027 scien-

2205 1059 2335 1113 tiam
2375 1060 2547 1115 sancti
2597 1060 2694 1114 zeli
2746 1059 3015 1116 fervorem
3059 1062 3315 1131 compulit
3363 1078 3460 1117 eos
3496 1065 3747 1133 apostolica

2203 1150 2529 1205 auctoritate
2570 1150 2887 1222 singillatim
2924 1151 3025 1207 sibi
3062 1153 3341 1209 dexteram
3376 1153 3535 1220 dare,
3560 1158 3748 1225 promit-

2204 1250 2379 1298 tentes
2447 1244 2589 1314 quod
2634 1243 2947 1299 luereticum
3002 1244 3153 1299 illum
3222 1245 3533 1301 invasorem
3582 1259 3749 1303 sancta:

2201 1342 2257 1387 et
2308 1334 2619 1405 apostolica:
2665 1335 2924 1391 Ecclesia:
2972 1352 3249 1408 nunquam
3301 1338 3619 1409 reciperent,
3663 1343 3745 1396 nisi

2201 1426 2342 1482 forte
2364 1430 2626 1486 canonice
2661 1431 2986 1501 resipiscens
3012 1448 3205 1503 puram
3236 1433 3619 1490 confessionem
3646 1452 3745 1492 car-

2201 1519 2473 1575 dinalibtts
2506 1521 2777 1592 episc0pis
2799 1520 2990 1578 offeret
3012 1524 3245 1579 nudatus
3261 1524 3409 1579 omni
3434 1524 3744 1582 ecclesiastici

2200 1612 2407 1669 ordinis
2450 1614 2744 1685 dignitate,
2792 1625 3135 1681 contestans,
3173 1627 3229 1672 et
3275 1615 3549 1672 afﬁrmans
3588 1633 3747 1674 omnes

2201 1704 2363 1760 simul
2391 1706 2443 1760 in
2475 1716 2792 1776 perpetuum
2822 1708 3279 1772 condemnandos,
3305 1708 3603 1778 quicunque
3619 1725 3744 1764 com-

512 1806 670 1867 ρτιιυε
692 1799 914 1867 olm-iis,
948 1803 1233 1873 pueritiam
1270 1820 1421 1861 suam
1459 1822 1563 1861 ηοη
1605 1808 1722 1864 sine
1753 1807 1939 1875 cenis,
1978 1824 2098 1878 qum
2131 1775 2171 1834 Β
2201 1796 2480 1852 municare
2505 1797 2975 1867 prmsumpsissent
2997 1796 3230 1853 llenrico
3253 1799 3742 1869 archipyratteusur-

513 1904 637 1943 eum
688 1890 950 1947 illustrem
1001 1893 1239 1949 futurum
1284 1895 1395 1965 jam
1445 1906 1574 1953 tunc
1619 1912 1743 1954 esse
1786 1900 2095 1969 signarent,

511 1980 869 2037 documentis.
907 1982 1194 2056 Religiosis
1219 1990 1465 2058 personis
1501 1990 1821 2058 comitatus,
1860 1992 2096 2049 excoluit

508 2070 963 2141 adolescentiam,
1002 2088 1279 2148 assumpto
1310 2081 1613 2137 sanctitafis
1652 2084 1927 2153 proposito
1954 2085 2097 2141 int:r

509 2167 694 2221 mundi
728 2178 1156 2242 contemptores,
1198 2191 1304 2228 non
1354 2178 1469 2231 sine
1505 2180 1713 2249 magnis
1744 2178 2094 2250 perfectionis

508 2256 748 2326 indiciis;
778 2262 1088 2331 perdomuit
1122 2266 1460 2335 juventutem
1500 2268 1850 2325 nihilominus
1883 2272 2092 2327 militia:

506 2346 830 2407 Christiana:
854 2354 1337 2421 dedicatam,sicut
1358 2370 1537 2427 aetate,
1561 2362 1632 2416 ita
1661 2378 1793 2418 sana
1820 2364 2088 2430 doctrina,

506 2446 562 2493 et
602 2440 946 2501 firmamento
988 2450 1235 2505 veritatis
1284 2454 1614 2522 roboratam,
1660 2455 1761 2510 sub
1813 2457 2090 2526 prmclaris

508 2533 671 2589 ιοῑίυς
700 2535 993 2594 Christiani
1037 2543 1273 2599 nominis
1316 2548 1614 2613 tutoribus,
1654 2556 1709 2601 et
1746 2549 2086 2618 przcsulibus,

507 2620 737 2691 publicis
760 2639 963 2686 sancta:
983 2629 1239 2688 Ecclesize
1266 2637 1595 2707 maneipavit
1617 2638 1967 2694 utilitatibus;
1989 2642 2087 2696 llic

505 2713 575 2768 ob
619 2716 948 2787 singularem
993 2723 1304 2779 excellentis
1353 2728 1551 2797 ingenii
1598 2732 2009 2801 praerogativam
2053 2751 2083 2789 a

504 2804 725 2862 Nicolao
764 2826 899 2880 papa
942 2814 995 2867 in
1050 2816 1554 2874 archidiaconatum
1609 2825 1798 2878 matris
1831 2826 2082 2882 Eetlesim

503 2903 810 2959 provectus,
842 2906 1061 2954 strenua
1116 2911 1171 2957 et
1216 2903 1467 2960 laudabili
1519 2907 1678 2979 hujus
1728 2910 1883 2966 oflicii
1916 2914 2083 2968 admio

497 2979 835 3074 tristratioae,
869 2986 920 3041 in
947 2990 1109 3047 totius
1148 2992 1297 3049 orbis
1334 2996 1580 3052 notitiam
1618 3008 1672 3054 et
1709 3002 2078 3074 religiosorum

500 3068 843 3127 dilectionem
898 3076 1047 3132 brevi
1105 3080 1343 3137 devenit.
1400 3085 1703 3144 Decedente
1757 3068 1887 3147 vero

498 3158 830 3231 Alexandro,
852 3167 919 3221 ad
948 3183 1217 3226 summum
1248 3174 1536 3232 Christiani
1569 3179 1844 3250 regiminis
1874 3158 2083 3240 culmen

500 3253 729 3318 accitus,
760 3262 815 3309 et
835 3255 1056 3327 electus,
1087 3261 1369 3321 divinitate
1391 3266 1442 3321 in
1470 3251 1625 3323 electi
1650 3271 1728 3325 sui
1756 3273 2087 3331 exaltatione

498 3358 839 3401 communem
875 3365 1154 3407 servorum
1186 3370 1405 3411 suorum
1441 3357 1782 3418 devotionem
1827 3365 2086 3423 incitante

499 3435 567 3521 ad
599 3437 978 3505 perferendum
1021 3447 1165 3516 quod
1210 3449 1537 3506 abhorrebat
1572 3451 1795 3525 jugum;
1834 3459 2086 3529 quodque

499 3542 716 3599 semper
768 3534 984 3602 quidem
1031 3538 1226 3605 animi,
1276 3540 1567 3612 aliquando
1613 3556 1791 3602 autem
1841 3552 2085 3622 corporis

499 3618 621 3690 fuga
656 3621 1058 3692 declinaverat,
1088 3643 1429 3689 mansuetum
1469 3637 1667 3691 animal
1712 3618 1952 3703 Domino
1985 3658 2084 3698 suo

494 3714 763 3769 cervicem
802 3719 1059 3774 subdidit.
1097 3722 1460 3782 Consecratus
1501 3728 1663 3797 igitur
1692 3730 1744 3784 in
1782 3730 1994 3800 justitia
2030 3745 2086 3790 et

497 3807 809 3871 sanctitate,
863 3809 1002 3864 miro
1047 3814 1227 3878 modo,
1273 3816 1507 3872 assiduis
1549 3819 1721 3885 votis,
1774 3837 1872 3891 pro
1925 3839 1982 3879 se
2028 3835 2085 3880 et

500 3911 665 3969 grege
706 3900 806 3955 sibi
852 3903 1144 3959 commisso
1182 3908 1489 3973 excubans,
1525 3922 1751 3983 urgente
1798 3918 2083 3983 pastoralis

497 3987 656 4043 officii
714 3987 1038 4049 necessitate
1086 3996 1314 4052 distorta
1368 4014 1745 4069 perversorum
1800 4008 1961 4061 corda
2016 4008 2081 4062 ad

495 4079 659 4151 347
685 4082 1023 4138 rectitudinis
1048 4084 1246 4141 lineam
1271 4103 1479 4142 summa
1502 4090 1552 4143 vi
1582 4091 1857 4163 corrigere
1880 4095 2079 4162 nitens,

494 4171 776 4227 veritatem
816 4172 910 4229 Dei
951 4176 1153 4248 absque
1191 4193 1437 4247 persona:
1469 4183 1784 4254 acceptione
1831 4187 2081 4245 omnibus

496 4262 775 4332 patefecit,
810 4277 999 4321 nactus
1027 4269 1269 4323 omnium
1311 4270 1573 4326 bonorum
1608 4274 1978 4343 dilectionem,
2012 4280 2081 4334 ob

498 4352 596 4407 zeli
620 4352 713 4409 Dei
739 4353 1029 4423 fervorem,
1055 4368 1103 4412 et
1128 4358 1353 4427 iustitia:
1373 4363 1793 4422 exsecutionem.
1824 4367 1929 4423 Sed
1953 4372 2078 4439 quia

1943 3110 2078 3187 νίψει
2114 3126 2158 3187 c

2198 1886 2374 1956 patori
2395 1886 2638 1956 imperii;
2658 1886 2760 1942 nisi
2779 1887 3023 1957 deposita
3041 1886 3305 1958 dignitate
3320 1889 3471 1958 regni
3487 1891 3744 1946 secundum

2197 1986 2525 2047 praeceptum
2569 1992 2781 2042 eorum,
2824 1987 2878 2033 et
2927 1977 3257 2047 reliquorum
3311 1977 3663 2047 religiosorum
3702 1980 3743 2032 in

2199 2066 2535 2123 Theutonico
2573 2084 2737 2138 regno
2765 2070 3239 2135 commorantium,
3265 2070 3580 2140 condignam
3604 2074 3746 2142 νωιιί-

2198 2160 2419 2215 tentiam
2480 2171 2684 2233 ageret.
2740 2162 2943 2216 Deinde
2998 2162 3342 2218 confirmavit
3396 2163 3563 2219 vicem
3617 2179 3743 2217 suam

2194 2259 2627 2321 potestatemque
2657 2251 2891 2323 ligandi,
2923 2262 2978 2308 et
3004 2253 3249 2308 solvendi
3276 2254 3526 2313 omnibus
3562 2254 3744 2309 vicariis

2194 2344 2329 2407 suis,
2362 2345 2502 2399 sicut
2532 2346 2645 2414 ipse
2672 2360 2770 2415 per
2796 2346 2984 2401 orbem
3011 2346 3391 2411 constituerat,
3427 2354 3484 2401 ut
3512 2361 3636 2416 quos
3656 2348 3746 2416 ipse

2192 2435 2485 2509 ligaveral,
2529 2438 2629 2508 ipsi
2671 2446 2794 2508 post
2839 2425 3161 2509 condignam
3211 2438 3629 2495 satisfactionem
3670 2442 3746 2495 ab-

2191 2532 2493 2594 solverent,
2532 2530 2625 2585 sed
2668 2530 2974 2601 apostolica:
3012 2531 3134 2587 fidei
3174 2546 3453 2596 normam,
3496 2546 3597 2586 non
3632 2533 3746 2586 sicut

2189 2620 2407 2692 quidam
2449 2622 2659 2691 seipsos
2688 2622 2962 2687 fallentes,
2996 2630 3270 2687 errantes,
3300 2630 3355 2677 et
3380 2621 3511 2676 alios
3541 2622 3591 2675 in
3617 2636 3743 2675 erro-

2193 2727 2304 2765 rem
2340 2711 2620 2766 trahentes
2644 2752 2658 2775 ,
2690 2712 3036 2781 confingunt;
3070 2728 3206 2781 quos
3243 2727 3433 2768 omnes
3466 2727 3742 2766 excommun-

2188 2805 2397 2858 nicatos
2430 2803 2723 2859 indiscrete
2746 2803 3070 2868 absolveret,
3100 2820 3163 2857 ac
3194 2805 3239 2858 si
3266 2812 3448 2873 posset
3477 2804 3744 2857 vivificarct

2186 2909 2280 2948 cos
2323 2893 2413 2962 qui
2457 2909 2563 2946 non
2608 2892 2814 2945 vivunt.
2869 2891 3071 2945 Deinde
3109 2892 3252 2961 quod
3296 2890 3504 2946 vanitas
3536 2890 3638 2960 ipsa
3668 2903 3744 2959 per

2186 2982 2350 3038 multa
2365 2997 2525 3053 regna
2545 2982 2920 3052 dissiparetur,
2938 2981 3116 3035 divina
3142 2980 3496 3051 inspiratione
3510 2984 3737 3052 cegnovit

2191 3083 2243 3127 et
2275 3074 2541 3145 praedixit.
2575 3072 2801 3126 Demum
2836 3072 3069 3127 absolvit
3094 3086 3285 3127 omnes
3314 3073 3406 3143 qui
3440 3074 3491 3127 in
3521 3074 3615 3127 fide
3639 3075 3742 3139 ista,

2190 3182 2309 3236 quia
2346 3180 2443 3236 per
2473 3166 2621 3220 illum
2656 3164 2922 3230 innotuit,
2957 3180 3125 3235 usque
3163 3165 3230 3219 ad
3265 3165 3428 3220 fidem
3460 3181 3741 3236 persevera-

2191 3258 2391 3322 verint,
2430 3257 2498 3312 ab
2542 3256 2795 3312 omnibus
2840 3256 3078 3325 peccatis
3121 3256 3256 3323 suis,
3301 3265 3356 3310 et
3404 3256 3483 3313 sic
3522 3258 3739 3329 Spiritum

2189 3349 2422 3403 creatori
2459 3348 2698 3413 tradens,
2726 3364 2867 3403 anno
2890 3347 2957 3400 ab
2991 3346 3368 3402 incarnatione
3389 3346 3591 3402 Domini
3632 3350 3739 3402 ιυδδ

2188 3443 2324 3497 obiit
2357 3452 2566 3513 martyr
2604 3452 2661 3496 et
2696 3441 2992 3496 confessor.
3046 3460 3063 3491 ι
3100 3440 3376 3497 Hactenus
3412 3442 3556 3513 llugo
3588 3443 3741 3496 Flavi-

2188 3534 2487 3599 niacensis,
2512 3534 2603 3603 qui
2627 3548 2715 3589 res
2735 3532 2979 3603 Gregorii
3006 3531 3093 3587 VII
3120 3542 3374 3589 accurate
3417 3549 3482 3588 ac
3502 3535 3737 3589 uberrime

2188 3636 2505 3695 persecutus
2533 3638 2635 3683 est.
2670 3628 2736 3684 Et
2774 3628 2998 3684 historia
3039 3644 3141 3683 ms.
3183 3628 3456 3684 Guillelm.
3499 3628 3737 3698 Nangiaro

2187 3722 2458 3791 ascripta,
2487 3722 2554 3776 ad
2586 3721 2635 3776 id
2666 3737 2791 3776 anni
2834 3722 3020 3778 l085.c
3060 3721 3461 3780 llildebrannus
3489 3739 3634 3795 papa,
3662 3723 3736 3793 qui

2185 3822 2237 3866 et
2268 3812 2561 3883 Gregorius
2600 3813 2713 3882 Vll,
2748 3817 2889 3885 apud
2927 3815 3210 3871 Salernum
3237 3815 3492 3872 exsulans
3523 3824 3736 3869 mortuus

2186 3914 2288 3969 est,
2318 3913 2374 3959 et
2401 3914 2521 3973 post
2554 3914 2784 3960 mortem
2819 3905 3003 3960 nmltis
3060 3905 3338 3960 miraculis
3363 3904 3567 3960 claruit.
3602 3921 3620 3956 ι

2714 4011 2781 4050 ΑΙ)
2820 4012 3112 4052 ενιετθιλλκ
3151 4012 3201 4051 \‘l
3212 4036 3226 4049 .

2256 4088 2470 4142 Absenti
2492 4106 2730 4159 personat
2764 4102 2945 4144 vestrm
2969 4090 3256 4161 pririlegio.
3289 4089 3396 4145 Per
3429 4088 3733 4161 privilegium

2187 4180 2286 4234 hoc
2312 4180 2427 4235 loco
2457 4181 2673 4251 pallium
2704 4182 2889 4252 procul
2915 4183 3075 4238 dubio
3097 4184 3315 4238 denotat
3348 4183 3731 4238 lliltlehrandus.

2188 4275 2250 4329 Iit
2281 4275 2404 4344 quia
2430 4275 2640 4331 absenti
2670 4276 3077 4346 archiepiscopo
3113 4276 3423 4331 nullatenus
3457 4276 3587 4331 mitti
3616 4274 3732 4329 sole-

2187 4377 2300 4429 ret,
2351 4376 2708 4436 vetarentqne
2755 4368 2807 4423 id
2858 4369 2999 4422 sacri
3048 4383 3308 4435 canones,
3352 4378 3408 4423 et
3451 4369 3729 4439 pontificmn

490 4444 633 4498 nulla
674 4455 757 4500 est
786 4448 1021 4503 societas
1060 4450 1195 4505 lucis
1225 4452 1292 4507 ad
1321 4454 1592 4520 tenebras,
1622 4459 1952 4527 perditorum
1986 4464 2082 4516 ho—
2118 4472 2158 4525 υ
2188 4458 2556 4513 Romanorum
2608 4460 2854 4521 decreta,
2896 4459 2998 4512 iter
3045 4457 3349 4515 Lanfraneo
3397 4460 3610 4515 Romam
3648 4474 3727 4512 ne-

491 4536 697 4591 minum
725 4539 938 4602 odium,
974 4550 1027 4595 et
1058 4543 1470 4611 detractionem,
1506 4548 1614 4603 imo
1643 4554 2073 4621 persecutionem

492 4627 818 4683 acerrimam
865 4630 1137 4698 incurrit,
1190 4635 1392 4703 regiam
1449 4645 1627 4694 tamen
1678 4641 1855 4708 viam,
1912 4658 2074 4711 quam

492 4717 664 4772 semel
691 4719 1011 4788 intraverat,
1058 4725 1446 4794 inconcussus,
1482 4730 1758 4799 immotus,
1795 4748 1892 4803 per
1923 4750 2071 4791 arma

490 4812 735 4878 tristitiae,
793 4831 825 4871 a
867 4817 1075 4874 dextris
1111 4830 1167 4876 et
1202 4835 1231 4874 a
1270 4822 1526 4886 sinistris,
1572 4824 1786 4881 fortiter
1831 4828 2071 4885 incessit.

493 4904 573 4959 Ac
605 4906 779 4974 primo
802 4909 1015 4978 quidem
1046 4913 1337 4982 aposmlica
1374 4916 1698 4972 auctoritate
1743 4926 1798 4972 et
1824 4920 2077 4976 veridicis

492 5007 806 5054 sanctorum
834 5001 1057 5057 Patrum
1086 5005 1355 5059 animatus
1379 5010 1679 5073 sententiis,
1705 5010 1769 5063 ad
1790 5009 2074 5065 eliminan-

489 5088 612 5142 dam
652 5088 1016 5148 Sintoniacam
1057 5094 1330 5162 hazrcsim,
1362 5106 1415 5149 et
1467 5098 1878 5168 praecipitandam
1909 5100 2072 5157 cleri-

492 5192 681 5234 corum
719 5183 1025 5238 caStitatem
1052 5225 1067 5249 ,
1106 5200 1205 5256 pro
1244 5188 1516 5242 commissi
1564 5189 1663 5243 sibi
1702 5190 1861 5246 oflicii
1895 5193 2073 5248 debito

498 5274 848 5332 vehementer
900 5279 1121 5333 exarsit.
1168 5280 1344 5350 Atque
1385 5282 1451 5336 ad
1497 5297 1587 5337 an.
1622 5284 1799 5349 l085,
1846 5302 2075 5358 pergens

492 5376 685 5421 auctor
724 5376 875 5439 gesta
913 5368 971 5424 S.
1004 5370 1251 5442 Gregorii
1295 5374 1619 5441 describere,
1659 5376 1867 5434 felicem
1908 5381 2076 5451 ipsius

494 5458 700 5513 obitum
733 5470 978 5516 recenset
1016 5462 1070 5516 in
1109 5464 1252 5520 hunc
1286 5465 1502 5521 modum
1533 5487 1545 5522 :
1576 5467 1766 5525 Sciens
1803 5486 1959 5543 ergo,
1992 5473 2075 5528 in-

492 5550 647 5616 quit,
694 5551 978 5608 imminere
1023 5553 1162 5609 diem
1214 5557 1513 5613 vocationis
1558 5576 1707 5628 sure,
1751 5560 1907 5633 longe
1948 5572 2074 5618 ante

494 5642 812 5696 convocatis
849 5645 1249 5715 cardinalihus,
1282 5649 1583 5721 episcopis,
1615 5664 1666 5709 et
1697 5656 1908 5711 creteris
1940 5672 2069 5711 con-

490 5732 897 5800 c.ititit'is,dietn
933 5737 1109 5793 obitus
1143 5742 1222 5794 sui
1264 5741 1540 5809 prtedixit;
1581 5747 2074 5816 consummatisqne

2185 4549 2479 4603 cessat-ium
2525 4549 2777 4603 aflirmat.
2816 4550 3098 4616 Quomodo
3136 4559 3315 4605 autem
3350 4550 3730 4620 palliumema-

2182 4642 2341 4697 nilms
2390 4641 2681 4696 Alexandri
2727 4657 2877 4713 papm
2930 4644 3225 4713 susceperit
3268 4641 3332 4696 Β.
3386 4642 3724 4703 Lanfrancus,

2181 4732 2426 4786 declarat
2451 4732 2692 4801 ejusdem
2723 4731 2839 4786 Vita
2882 4748 3000 4803 cap.
3032 4734 3121 4793 fl.
3155 4749 3278 4804 pag.
3315 4734 3401 4789 fl.
3429 4733 3539 4789 llac
3562 4734 3608 4788 in
3634 4732 3725 4801 ipsa

2183 4825 2335 4890 Vita,
2377 4840 2496 4894 cap.
2541 4825 2598 4889 5,
2646 4842 2765 4897 pag.
2807 4826 2869 4890 7,
2918 4834 3132 4882 constat
3176 4814 3536 4881 nihilominus
3563 4822 3726 4881 Joanni

2182 4917 2606 4987 Rothomagensi
2651 4918 3058 4988 archiepiscopo
3106 4918 3327 4988 pallium
3381 4917 3582 4973 absenti
3623 4930 3728 4970 con-

2181 5010 2411 5066 cessisse
2434 5010 2798 5065 Alexandrum
2830 5028 3045 5083 papam,
3085 5022 3140 5068 et
3175 5013 3466 5083 ipsummet
3496 5009 3726 5067 Lanfran-

2179 5118 2336 5166 cum,
2372 5102 2462 5172 qui
2506 5101 2623 5172 ejus
2671 5103 2746 5159 rei
2785 5103 2957 5172 gratia
3000 5102 3227 5159 Romam
3266 5119 3389 5161 sese
3439 5102 3724 5164 contulerat,

2179 5196 2303 5249 illud
2334 5194 2596 5250 attulisse.

2698 5304 2765 5341 AD
2803 5303 3095 5343 EPISTOLAU
3136 5302 3231 5342 VH.
3646 5338 3649 5341 η

2252 5374 2583 5432 Fidelimtem
2612 5378 2783 5447 facere
2813 5379 2981 5435 nolui.
3013 5380 3179 5434 Miror
3207 5394 3307 5451 ego
3340 5396 3517 5453 regem
3535 5376 3723 5438 Guillel-

2178 5484 2323 5523 mum
2355 5485 2567 5524 summo
2601 5470 2856 5526 Ecclesia:
2890 5472 3092 5542 pastori
3121 5472 3479 5529 obedientiam
3504 5488 3591 5528 seu
3614 5469 3721 5525 fide.

2177 5561 2382 5614 litatem
2409 5560 2666 5630 (alioquin
2689 5561 2833 5616 sedis
2854 5562 3173 5630 Apostolicce
3193 5556 3717 5622 observantissimum)

2178 5655 2471 5723 denegare,
2527 5654 2617 5723 qui
2669 5665 2725 5709 et
2778 5654 2917 5710 ultro
2971 5655 3252 5722 tributum,
3310 5656 3428 5711 sive
3474 5651 3717 5710 denarium

2178 5744 2234 5799 S.
2271 5744 2415 5799 Petri
2450 5745 2613 5814 (quod
2656 5748 2866 5817 vocant)
2895 5746 3199 5817 persolvere
3225 5762 3333 5803 non
3366 5746 3568 5804 dubitet
3598 5743 3714 5810 ipse;
