3864 6304
95 375 188 429 δπ
1140 366 1208 420 IN
1249 365 1464 422 EPIST.
1511 365 1567 420 Β.
1611 363 2000 420 LANFRANCI
2039 363 2269 423 NOTAE.
3231 334 3340 426 57‘s.

93 476 342 555 siquidem
379 480 521 537 nihil
558 479 699 536 aliud
734 478 1077 545 intellexere,
1107 490 1266 550 puto,
1311 480 1474 551 prisci
1510 496 1663 552 reges
1692 484 1739 543 Α
1770 479 1850 534 vel
1881 488 2056 535 metus
2077 479 2240 549 Regis
2268 478 2559 550 (Guillelmi
2587 478 2770 552 primi)
2802 478 2914 550 ejus
2943 479 3149 536 scilicet
3186 496 3345 553 quem

92 594 178 647 pcr
196 575 341 631 illum
387 574 673 629 denarium
714 572 994 627 annuatim
1027 572 1460 643 persolvendum,
1500 588 1663 642 quam
1768 572 1909 626 inter
1944 581 2169 627 caeteros
2206 572 2346 626 illius
2379 572 2657 643 dignitatis
2685 574 2972 643 specialius
3014 589 3229 644 semper
3263 576 3346 629 di-

95 667 456 732 tributarium,
481 664 565 720 vel
588 664 950 719 feudatarium
980 663 1149 719 libera
1176 673 1335 735 atque
1359 662 1662 719 Christiana
1765 664 2014 728 leximus,
2049 664 2131 719 vel
2165 664 2399 718 maxime
2427 674 2516 719 tua
2545 665 2701 735 culpa
2732 666 2886 720 nobis
2916 668 3151 738 negavit,
3191 687 3208 718 ι
3238 677 3346 721 etc.

93 760 353 815 voluntate
399 756 464 814 S.
516 757 682 814 Petro
726 748 948 828 ejusque
990 758 1396 813 successoribus
1440 776 1663 830 regnum
1764 758 1952 813 lstbzee
1980 757 2143 828 igitur
2173 757 2405 812 crimina
2448 758 2549 813 sibi
2584 759 2832 828 imposita
2864 758 3069 813 diluere
3111 759 3172 813 Β.
3204 758 3346 813 Lan-

90 863 431 914 consecrare;
484 864 552 903 ex
593 862 700 903 uno
752 850 1001 918 sequitur
1048 848 1310 916 alterum,
1356 863 1550 919 nempe
1595 865 1663 904 ex
1764 848 2004 913 francus,
2034 857 2197 919 atque
2220 863 2503 920 perperam
2532 850 2599 905 de
2632 864 2693 903 se
2726 850 2878 919 queri
2910 848 3219 919 pontiﬁcem
3256 867 3347 906 os-

92 939 273 994 tributo
306 938 622 1009 persoluto,
654 939 910 1009 subsequi
954 938 1266 995 ﬁdelitatem
1298 956 1521 996 necesse
1559 949 1660 996 est.
1766 940 1988 994 tendere
2012 948 2258 995 conatur.
2288 939 2426 1007 Quid
2454 950 2649 995 renuat
2669 940 2988 995 Guillelmus
3014 956 3131 1007 rex,
3156 955 3250 995 sua
3275 943 3341 995 ad

91 1028 209 1083 Huic
242 1030 468 1085 veritati
518 1029 846 1100 suffragatur
884 1030 1170 1086 Polidorus
1212 1029 1427 1103 Virgil.,
1460 1030 1553 1086 lib.
1610 1047 1663 1086 1v
1763 1028 2080 1100 Gregorium
2111 1045 2307 1101 papam
2348 1030 2573 1099 epistola
2610 1030 2942 1086 manifestat.
2978 1028 3089 1084 Cur
3128 1033 3343 1083 tandem

90 1116 212 1175 Hist.
235 1119 424 1190 Angl.,
454 1135 583 1190 pag.
613 1120 702 1174 89.
726 1119 926 1176 Verum
951 1120 1173 1191 propius
1196 1137 1306 1177 rem
1331 1123 1659 1189 intueamur,
1764 1117 1837 1172 ita
1868 1119 2157 1188 compellat
2194 1119 2556 1176 Lanfrancum
2594 1120 2822 1174 Romam
2860 1118 3165 1191 proﬁcisci,
3197 1136 3347 1175 mei.-

87 1221 134 1266 et
164 1228 224 1267 ex
245 1211 495 1268 fontibus
515 1213 760 1267 nonnihil
786 1213 1120 1269 hauriemus.
1158 1214 1265 1270 Lex
1296 1214 1488 1269 Canuti
1519 1215 1660 1286 regis
1764 1218 1873 1265 lem
1902 1226 2056 1266 suam
2083 1213 2259 1281 aperit
2292 1213 2377 1268 his
2407 1212 2628 1268 verbis:
2668 1232 2685 1264 ι
2724 1212 3004 1279 Quatenus
3042 1227 3141 1267 nos
3169 1212 3256 1266 llis
3291 1222 3346 1266 t't

88 1304 361 1374 Anglorum
408 1303 495 1361 sic
543 1306 707 1361 habet
743 1321 758 1359 :
797 1324 816 1357 1
854 1305 1142 1361 Nummum
1186 1306 1371 1363 Roma:
1419 1309 1659 1365 debitum
1763 1300 1885 1355 aliis
1924 1302 2154 1371 negotiis
2194 1302 2611 1373 praesentialiter
2638 1305 2915 1369 conferre,
2951 1313 3112 1373 atque
3139 1302 3343 1358 utilitas

88 1397 146 1450 ad
172 1394 361 1451 festum
408 1396 471 1451 S.
512 1396 658 1452 Petri
702 1397 946 1465 reddito,
979 1399 1069 1469 qui
1119 1408 1229 1454 tum
1270 1416 1376 1456 non
1417 1401 1656 1467 solverit,
1761 1392 2018 1448 Ecclesia:
2063 1406 2251 1450 nostro
2298 1396 2569 1468 colloquio
2598 1406 2950 1467 augmentum
2980 1396 3197 1466 valeat,
3233 1396 3345 1453 Deo

88 1486 317 1558 episcopo
336 1488 631 1543 denarium
656 1487 827 1555 illum,
847 1488 1088 1561 aliosque
1107 1498 1370 1561 praeterea
1388 1503 1471 1549 ter
1493 1493 1614 1549 dent

854 1488 1088 1561 aliosque
1107 1498 1370 1561 praeterea
1388 1503 1471 1549 ter
1493 1493 1660 1551 denos
1760 1484 1993 1553 Τεινθηιθι
2024 1487 2321 1557 ρθτεὶρενε.
2362 1507 2380 1541 ι

89 1578 372 1645 numerato,
404 1593 475 1634 ac
522 1578 637 1650 regi
681 1593 746 1634 eo
780 1581 999 1636 nomine
1034 1581 1200 1654 348
1239 1582 1475 1640 ducenos
1504 1586 1655 1653 dato,
2288 1597 2355 1635 an
2395 1596 2695 1637 Episrouu
2734 1597 2814 1640 ix;

87 1677 132 1722 et
154 1666 332 1736 viginti
359 1668 591 1725 solidos.
624 1688 643 1722 ι
676 1668 734 1725 S.
766 1668 1050 1727 Eduardus
1078 1673 1395 1743 explicatius
1422 1675 1538 1745 lege
1568 1676 1653 1730 10.
1828 1670 2150 1726 Eboracensi
2175 1674 2562 1744 archiepiscopo
2596 1675 2828 1730 Thomw.
2860 1695 2878 1728 1
2912 1675 3150 1732 Thomas
3178 1690 3343 1731 cano-

89 1776 105 1807 1
132 1757 305 1814 Omnis
331 1761 425 1829 qui
468 1759 727 1817 habuerit
769 1763 987 1833 triginta
1032 1764 1345 1821 deuariatus
1392 1767 1526 1823 vivze
1564 1784 1655 1839 pe-
1686 1830 1725 1839 _
1758 1762 1913 1817 nieus
1952 1762 2266 1834 Bajoceusis
2292 1766 2391 1835 (ait
2417 1764 2631 1821 Guillel.
2669 1765 3195 1833 Malmesburiensis,
3245 1767 3343 1821 lif‘.

86 1852 235 1907 cunia:
260 1854 311 1908 in
344 1855 518 1911 domo
542 1870 661 1919 sua,
690 1858 757 1913 de
784 1830 883 1912 suo
913 1859 1152 1929 proprio,
1193 1860 1485 1932 Anglorum
1513 1830 1650 1932 lege,
1684 1830 1729 1890 Β
1758 1856 1834 1910 Dc
1863 1830 2054 1926 pontif.
2091 1859 2143 1912 in
2177 1830 2445 1929 episcopis
2479 1857 2735 1914 Candida:
2768 1860 2943 1930 Casca)
2982 1876 3013 1915 a
3054 1830 3342 1916 Guillelmn

90 1946 216 2000 dabit
234 1948 530 2002 denarium
562 1949 620 2003 S.
646 1949 819 2016 Petri,
852 1959 905 2005 et
929 1950 1047 2023 lege
1071 1952 1342 2008 Danorum
1375 1955 1651 2012 dimidiam
1756 1964 1883 2021 rege
1914 1951 2355 2022 archiepiscopus
2384 1953 2630 2008 Eboraco
2672 1954 2828 2008 datus
2866 1963 2978 2019 est.
3015 1956 3337 2025 permansit-

89 2052 318 2101 marcam,
371 2041 482 2096 iste
539 2056 671 2097 vero
726 2043 980 2098 denarius
1027 2044 1188 2099 debet
1240 2046 1546 2103 submoveri
1596 2051 1650 2105 in
1755 2055 1860 2109 que
1888 2042 1940 2094 in
1968 2041 2174 2096 lionme
2218 2042 2439 2113 triginta
2476 2045 2634 2097 annis
2662 2083 2677 2109 ,
2702 2043 2850 2098 omni
2878 2045 2992 2099 vita
3029 2046 3258 2114 integer,
3289 2054 3338 2098 et

90 2132 399 2189 solemnitate
430 2135 808 2205 apostolorum
838 2136 983 2192 Petri
1010 2146 1065 2191 et
1090 2137 1262 2204 Pauli,
1296 2151 1349 2194 et
1374 2140 1554 2213 colligi
1584 2143 1651 2198 ad
1754 2138 1839 2192 cui
1871 2139 2009 2193 nihil
2045 2138 2128 2193 vel
2164 2139 2217 2192 in
2257 2140 2457 2209 gestis,
2488 2140 2574 2194 vel
2612 2141 2665 2194 in
2706 2140 2866 2195 dictis
2905 2141 3220 2196 succenseri
3251 2143 3339 2195 de-

90 2221 403 2281 festivitatem
428 2243 558 2297 qua:
576 2228 773 2284 dicitur
794 2229 858 2284 ad
887 2228 1133 2297 Vincula,
1152 2252 1168 2285 ι
1195 2242 1300 2287 etc.
1329 2232 1444 2289 Non
1475 2235 1648 2290 solum
1751 2229 1908 2294 beat.
1942 2229 2045 2284 nisi
2076 2232 2219 2299 quod
2257 2231 2433 2299 primo
2464 2232 2965 2301 archiepiscopatus
3008 2243 3259 2304 tempore
3284 2233 3338 2287 in

89 2316 351 2388 Anglorum
387 2335 585 2391 regum
617 2319 881 2390 ejusmodi
912 2320 1133 2378 eensum
1167 2323 1397 2389 solvere,
1429 2341 1647 2379 verum-
1751 2336 1911 2375 causa
1956 2322 2223 2392 primatus
2276 2322 2688 2378 Cantuariensis
2731 2325 2903 2395 magis
2949 2339 3135 2379 errore
3176 2340 3338 2395 quam

89 2408 226 2461 etiam
249 2411 495 2464 omnium
532 2411 754 2482 (paucos
797 2413 840 2468 si
884 2413 1143 2485 excipias)
1189 2415 1527 2469 diversorum
1566 2432 1650 2472 re-
1753 2414 2053 2482 pertinacia
2110 2415 2366 2479 certavit,
2404 2432 2422 2466 ι
2480 2425 2586 2469 etc.
2637 2416 2907 2470 Guillelmi
2954 2416 3337 2486 Conquestoris

91 2514 288 2567 gnorum
345 2502 504 2557 orbis
562 2503 858 2558 Christiani
922 2520 1140 2577 regum,
1204 2522 1649 2578 sunnnorumque
1750 2505 1877 2560 fatis
1907 2506 2078 2560 functi
2111 2506 2338 2561 nteuiam
2367 2507 2653 2576 scripsisse
2685 2518 2973 2563 attestatur
3003 2508 3327 2573 Ordericus,

89 2590 380 2659 principum,
426 2607 554 2648 mos
592 2594 710 2649 fuit.
754 2596 1044 2663 Dithmar.,
1086 2598 1125 2653 Ι.
1165 2614 1238 2666 v1,
1278 2599 1543 2657 Baronins
1578 2602 1646 2657 ad
1748 2596 1877 2651 hist.
1908 2596 2027 2651 libr.
2073 2613 2169 2653 vnt
2201 2614 2361 2666 quam
2392 2608 2446 2652 et
2473 2597 2637 2653 refert
2669 2599 2783 2669 ipse
2811 2600 2877 2653 ad
2910 2602 3159 2656 verbum.
3192 2600 3334 2654 Thu-

90 2680 532 2751 an.1059,1062,
563 2684 720 2751 1076,
755 2686 913 2741 1081.

1799 2700 1897 2740 iam
1935 2687 2153 2741 sanitati
2187 2689 2456 2742 redditum
2498 2690 2707 2744 meritis
2740 2692 2878 2745 beati
2919 2693 3200 2747 Cutliberti
3232 2692 3325 2745 llo-

145 2773 257 2829 Cum
305 2788 662 2848 opportunum
717 2780 876 2850 fuerit
930 2784 1332 2837 transmittam.
1381 2784 1643 2842 Avarum
1748 2791 1908 2848 gerus
1943 2775 2216 2833 Iloveden.
2252 2766 2645 2835 commemorat
2680 2782 2747 2835 ad
2778 2799 2868 2836 an.
2910 2783 3077 2848 1085,
3112 2784 3166 2837 in
3201 2784 3327 2837 Wil.

91 2864 197 2921 vitio
220 2869 412 2937 passim
455 2871 531 2925 ab
562 2873 873 2927 auctoribus
902 2883 1123 2929 notatur
1156 2874 1476 2933 Guillelmus
1514 2896 1606 2934 rex

1781 2867 1906 2923 almo
1947 2868 2195 2925 Seniore.
2238 2871 2320 2926 Ob
2361 2871 2516 2941 cujus
2561 2872 2795 2940 gratiam
2838 2872 3183 2929 Dunelmcusi
3223 2876 3307 2943 epi

92 2957 403 3030 carpiturquc
430 2961 582 3032 quod
610 2963 663 3016 iu
688 2967 1042 3035 aggregandis
1071 2966 1173 3021 sibi
1199 2982 1304 3022 non
1334 2969 1531 3025 debitis
1551 2987 1645 3039 pc-
1745 2977 1910 3033 scopo
1964 2963 2216 3019 concedit
2271 2964 2500 3033 ipsemet
2560 2963 2867 3019 Willelmus
2917 2966 3211 3022 canonicos
3266 2966 3332 3020 ab

92 3047 236 3102 cuniis
260 3051 507 3106 animum
549 3051 670 3121 plus
707 3069 862 3124 aequo
903 3054 1249 3125 applicuerit;
1291 3059 1385 3114 sed
1425 3063 1643 3117 ιῃοηίιῑς
1744 3056 1933 3110 eadem
1964 3056 2195 3111 ecclesia
2236 3056 2591 3123 submovere,
2640 3056 2995 3128 sullicereque
3042 3059 3331 3114 monachos

90 3134 137 3188 Β.
157 3137 424 3198 Lanfranci
460 3158 757 3215 assurgens
778 3146 993 3201 demum
1028 3148 1095 3201 ad
1125 3149 1399 3205 meliorem
1433 3151 1639 3224 frugem
1672 3180 1716 3242 ρ
1752 3146 1804 3200 in
1837 3162 2023 3201 eorum
2054 3147 2253 3202 10cm“-

90 3239 138 3280 δε
169 3231 382 3301 recepit;
425 3234 579 3303 quod
618 3234 759 3289 infra
804 3237 871 3290 ad
910 3237 1069 3307 epist.
1101 3237 1198 3306 50,
1231 3239 1312 3294 lit.
1363 3242 1414 3307 6,
1464 3256 1644 3300 osten-
1678 3231 1716 3242 ν
1822 3236 2073 3292 Roberlus
2109 3237 2399 3308 Sogiensis.
2432 3236 2725 3294 Ordericus
2758 3239 2946 3295 Vitalis
2975 3240 3067 3296 lib.
3094 3258 3166 3295 1v.
3190 3240 3330 3295 Hist.

92 3315 264 3375 demus.
1747 3346 1871 3400 pag.
1920 3332 2045 3386 520.
2084 3350 2101 3381 1
2162 3332 2322 3385 lvone
2374 3331 2715 3402 Sagicnsium
2770 3332 3001 3403 praesule
3053 3333 3329 3399 defuncto,

572 3432 641 3471 an
678 3433 972 3473 spts'rouu
1012 3436 1131 3475 vm.
1748 3421 2018 3476 Robertus
2060 3422 2287 3476 lluberti
2331 3423 2397 3477 de
2440 3423 2538 3477 ltia
2581 3423 2724 3478 ﬁlius
2760 3423 3053 3487 successit,
3094 3425 3186 3492 qui
3221 3424 3329 3478 fere

147 3501 393 3573 Gregorio.
431 3507 589 3562 Alias
647 3508 1042 3577 llildebraudo;
1110 3512 1266 3582 cujus
1323 3529 1411 3570 res
1459 3528 1642 3588 gestas
1746 3514 2027 3568 duodecim
2055 3515 2213 3567 annis
2252 3514 2493 3583 pra-latui
2528 3516 2768 3584 prmfuit;
2802 3524 2856 3570 et
2902 3516 3016 3585 ipse
3053 3516 3197 3568 circa
3233 3515 3326 3569 Dei

92 3589 235 3646 obiter
266 3598 710 3663 perstrinximus,
739 3616 823 3669 ep.
848 3601 903 3665 5,
926 3602 1004 3655 lit.
1034 3621 1086 3658 a.
1743 3604 1944 3658 cultum
1978 3603 2505 3675 fervenslieligiosos
2527 3606 2972 3661 multumdilexit.
3005 3626 3023 3658 ι
3051 3622 3174 3677 pag.
3198 3607 3317 3661 5‘27.

148 3676 354 3738 Paterna
413 3682 505 3739 me
568 3688 842 3743 dulcedine
906 3693 1279 3760 reprehendere
1345 3698 1637 3752 studuistis.
1744 3695 1990 3749 Interfuit
2034 3695 2261 3751 concilio
2294 3696 2713 3767 Rotliomagensi
2748 3713 2777 3751 a
2811 3696 3019 3753 Joanne
3056 3676 3324 3767 areiiiepi-

92 3766 210 3827 Binis
241 3780 533 3847 respondet
568 3781 809 3850 epistolis
846 3783 913 3837 ad
958 3799 1079 3839 sese
1108 3801 1137 3838 a
1175 3785 1438 3858 Gregorio
1475 3791 1637 3844 desii-
1744 3804 1906 3858 Scopa
1932 3799 2279 3859 congregato,
2318 3790 2383 3844 A.
2413 3790 2474 3844 Ο.
2506 3766 2659 3845 10⁵12.
2702 3790 2769 3845 Ει
2800 3790 2892 3846 lib.
2926 3807 3007 3855 ιι,
3036 3806 3159 3863 pag.
3189 3791 3323 3857 855,

93 3864 235 3930 uatis;
265 3879 481 3924 exstant
511 3869 604 3925 lib.
631 3886 707 3936 v1,
749 3874 909 3943 epist.
933 3874 1022 3938 50,
1046 3885 1102 3930 et
1124 3876 1244 3932 libr.
1270 3882 1632 3950 1x,epist.?.0.
1744 3877 1967 3934 ltoberti
2005 3881 2247 3934 doctrina
2276 3880 2565 3935 indicatur.

91 3952 161 4007 Hla
183 3956 538 4017 Lanfrancum
569 3965 749 4033 arguit
786 3965 872 4020 his
909 3968 1138 4022 verbis:
1179 3988 1195 4020 1
1249 3970 1402 4040 Smpe
1443 3972 1637 4028 frnler-
1814 3969 2042 4024 Montem
2091 3969 2148 4025 S.
2197 3969 2493 4025 Michaelis.
2544 3970 2618 4025 De
2662 3973 2861 4028 celebri
2897 3973 3229 4029 monasterio
3270 3973 3322 4027 in

92 4046 280 4105 "natent
314 4062 460 4109 tuam
494 4057 788 4124 apostolica
832 4058 1102 4130 legatione
1142 4062 1490 4119 invitavimus
1525 4066 1638 4120 Ro-
1740 4059 2132 4116 Northmannia
2160 4063 2503 4117 sanctissimo
2526 4064 2848 4135 archangelo
2871 4064 3113 4120 Michaeli
3142 4081 3317 4128 sacro,

92 4136 206 4191 niam
228 4144 426 4229 venire,
459 4146 626 4202 etiam
656 4163 755 4217 pro
784 4150 905 4204 ﬁdei
931 4161 987 4205 et
1012 4152 1289 4222 religionis
1314 4154 1637 4225 Christianae
1739 4168 1844 4208 non
1878 4154 1943 4208 de
1972 4153 2062 4208 illo
2092 4163 2272 4208 monte
2300 4154 2569 4225 Gargano,
2603 4155 2839 4225 loquitur
2869 4156 2959 4210 hic
2989 4156 3131 4209 haud
3159 4156 3323 4210 dubie

90 4234 529 4305 comprobatione;
562 4240 704 4309 quod
738 4242 1045 4313 hucusque,
1078 4245 1219 4301 sicut
1256 4258 1509 4317 apparet,
1542 4259 1636 4305 aut
1738 4245 1799 4299 B.
1835 4244 2187 4299 Lanfrancus.
2215 4264 2232 4295 1
2271 4244 2369 4300 llic
2400 4246 2550 4300 locus
2585 4245 2797 4299 Tumba
2839 4246 3107 4299 vocitatur
3132 4246 3201 4300 ab
3229 4245 3316 4300 in-

90 4324 284 4410 attpcrbe
326 4338 419 4384 aut
476 4331 815 4403 negligenter
862 4346 1046 4390 nostra
1099 4336 1327 4394 abutens
1370 4341 1633 4410 patientia
1738 4336 1871 4392 colis
1914 4336 1996 4408 (ut
2035 4336 2138 4390 fert
2168 4336 2403 4390 llistoria
2447 4352 2549 4391 ms.
2596 4335 2821 4405 hujusce
2854 4336 3194 4407 monasterii)
3226 4339 3319 4407 qui

91 4408 325 4482 distulisti,
357 4434 483 4474 cum
521 4437 621 4477 nec
665 4424 829 4478 etiam
871 4427 1189 4481 canonicam
1223 4408 1630 4487 excusationem
1738 4426 1790 4481 in
1823 4441 2026 4480 morem
2055 4423 2242 4480 tumuli
2267 4426 2419 4495 quasi
2445 4426 2514 4482 ab
2544 4427 2726 4481 arenis
2740 4442 3025 4497 emergens
3047 4426 3100 4481 in
3124 4426 3319 4492 altum,

90 4510 420 4578 pnetenderis,
460 4533 480 4565 ›
518 4523 623 4569 etc.
659 4514 772 4573 Hac
800 4533 931 4573 vero
968 4518 1119 4573 illum
1157 4534 1185 4573 a
1226 4520 1453 4590 pristina
1501 4522 1631 4578 dile-
1663 4517 1711 4576 D
1740 4517 1793 4571 in
1824 4515 1999 4587 spatio
2023 4515 2378 4570 ducentorum
2414 4516 2719 4571 cubitorum
2750 4517 3067 4587 porrigitur.
3098 4505 3318 4573 Oceano

90 4592 235 4651 ctione
260 4601 523 4660 defecisse
557 4608 948 4678 conqueritur:
993 4628 1011 4660 ι
1054 4609 1207 4676 Quod
1246 4626 1313 4665 ex
1359 4609 1449 4665 illo
1492 4622 1631 4665 tem-
1737 4606 1975 4676 undique
2005 4606 2214 4661 cinctus
2241 4605 2416 4671 locus,
2444 4615 2730 4679 angustum
2764 4608 3099 4665 admirabilis
3128 4609 3319 4665 insula:

90 4700 209 4756 pore,
244 4714 260 4746 ι
286 4697 491 4768 inquit,
526 4717 544 4751 1
586 4715 692 4769 quo
732 4702 1066 4758 sacerdotale
1108 4692 1332 4758 summm
1362 4704 1505 4760 sedis
1541 4706 1633 4776 ju-
1734 4696 1943 4767 pratbet
1969 4697 2224 4767 spatium.
2266 4697 2347 4753 Ab
2388 4697 2767 4754 AbrincatenSI
2808 4697 2941 4755 urbe
2970 4715 3068 4755 sex
3107 4700 3318 4756 distans

90 4792 187 4843 sum
207 4788 389 4843 cervici
415 4794 637 4857 nostrai,
661 4791 786 4847 licet
807 4792 1030 4863 indigni,
1059 4794 1420 4864 suscepimus,
1447 4798 1634 4853 venire
1734 4788 2006 4855 millibus;
2045 4804 2299 4844 occasum
2333 4800 2689 4861 prOSpectans
2726 4792 3180 4849 Abrincatensem
3216 4804 3339 4863 pas"

91 4870 142 4920 ad
164 4884 249 4927 nos
276 4880 379 4932 ηοη
409 4880 639 4935 multum
679 4883 892 4937 curavi;
920 4882 1233 4939 fraternitas
1267 4895 1388 4953 tua,
1428 4896 1632 4956 quanio
1735 4894 1858 4949 gum
1888 4879 2095 4933 dirimit
2129 4895 2159 4933 a
2191 4878 2500 4947 Britannia,
2546 4900 2565 4935 ι
2604 4891 2713 4937 etc.
2755 4882 2902 4938 Illius
2942 4883 3315 4940 fundationem

92 4959 235 5018 minus
254 4966 315 5023 de
335 4970 621 5027 dilectione
650 4982 739 5028 tua
767 4976 988 5044 sperare
1018 4976 1314 5046 potuimus,
1350 4998 1368 5031 ›
1407 4993 1511 5036 etc.
1731 4973 1907 5029 obiter
1946 4973 2263 5045 perstringit
2300 4973 2605 5045 Sigibertus
2646 4976 2698 5030 in
2727 4976 2997 5032 Chronico
3024 4992 3152 5031 ann.
3185 4975 3308 5029 709.

150 5048 308 5111 Verbis
333 5062 436 5116 tuis
468 5061 793 5118 calumniam-
834 5066 1085 5136 ingerere.
1125 5067 1191 5124 lis
1230 5069 1481 5127 videlicet
1511 5073 1630 5143 qui-
1733 5066 2675 5138 Cbildebertoll,349Francomm
2692 5070 3059 5124 monarcltiam
3076 5073 3314 5133 tenente;

92 5135 178 5235 litis
210 5159 441 5207 summus
482 5163 667 5224 pastor
711 5155 801 5209 ille
840 5135 1064 5227 epistola
1110 5160 1274 5230 priori
1316 5162 1403 5217 ubi
1441 5135 1625 5235 supra,
1732 5157 2072 5215 fundatorem
2117 5175 2246 5214 vero
2287 5158 2343 5214 S.
2380 5159 2677 5215 Aubertum
2719 5161 3110 5215 Abrincensem
3145 5161 3310 5213 exsti-

93 5231 510 5312 archiepiscopum
569 5243 936 5303 Lanfraneum
1001 5250 1167 5319 (quod
1229 5231 1521 5308 remissior
1564 5270 1629 5308 ac
1734 5248 1881 5315 tisse,
1914 5252 2266 5320 posuisseque
2291 5250 2344 5305 in
2372 5255 2558 5306 eadem
2588 5252 2815 5307 ecelcsia
2849 5251 3091 5307 clericos.
3109 5248 3311 5305 Verum

93 5324 271 5391 Segnior
324 5330 377 5385 in
430 5333 680 5390 libertate
726 5337 1095 5394 ecclesiastica
1147 5340 1482 5398 defendenda
1506 5385 1520 5407 ,
1573 5353 1628 5399 et
1732 5340 1807 5395 illi
1838 5340 1937 5410 ipsi
1965 5339 2111 5395 cultu
2141 5340 2323 5395 divino
2359 5355 2558 5412 susque
2590 5340 2765 5412 deque
2794 5341 3009 5405 habito,
3038 5347 3092 5394 et
3128 5338 3311 5393 laxata

92 5421 409 5476 limmovenda
440 5427 668 5495 gesserit
706 5428 844 5501 sese)
872 5430 1121 5501 obiurgat
1147 5473 1161 5499 ,
1190 5432 1400 5502 culpat,
1444 5434 1628 5489 crimi-
1730 5448 1955 5504 prorsus
1982 5431 2352 5489 ecclesiastica
2378 5433 2694 5503 disciplina,
2727 5448 2848 5487 eum
2879 5441 2933 5486 et
2961 5430 3097 5502 gulae
3124 5440 3178 5484 et
3200 5430 3309 5485 Ven

93 5509 263 5604 natura
291 5529 328 5604 1
359 5512 470 5571 Nisi
506 5520 800 5589 apostolica
854 5524 1212 5581 mansuetudo
1262 5525 1451 5597 (verba
1502 5538 1629 5583 sunt
1729 5526 1848 5581 neri
1882 5525 2239 5597 indulgentes,
2269 5526 2366 5582 toti
2407 5526 2461 5581 in
2499 5525 2645 5581 vitiis
2689 5525 2929 5580 immersi
2973 5523 3309 5589 viderentur,

93 5599 451 5695 epistolae)nee
485 5626 591 5667 non
634 5623 687 5668 et
725 5616 927 5671 amoris
960 5617 1157 5687 pignus
1196 5620 1477 5691 antiquunm
1527 5636 1628 5676 nos
1728 5632 1907 5688 neque
1962 5616 2163 5685 Deum,
2224 5631 2415 5693 neque
2451 5617 2701 5673 homines
2760 5625 3160 5683 revererentur,
3213 5616 3308 5670 Ri-

94 5683 332 5785 lmrusque
379 5690 723 5773 detinuisset,
775 5710 1021 5779 profecto
1080 5727 1180 5767 nos
1236 5714 1337 5769 hoc
1388 5715 1627 5785 graviter
1730 5709 1965 5765 ehardus
2012 5709 2036 5765 1
2080 5711 2185 5765 dux
2242 5690 2741 5766 Nortlimannorum
2784 5710 2974 5766 iisdem
3014 5709 3310 5765 eliminatis

96 5777 520 5855 terreiaiiidudum
547 5802 895 5860 constitisset.
928 5803 1126 5862 Verum
1156 5806 1441 5863 adventum
1474 5816 1621 5861 tuum
1729 5802 2106 5861 Beuedictinos
2146 5803 2439 5861 monachos
2485 5802 2725 5874 suffecit;
2766 5804 2909 5875 quod
2946 5804 3052 5861 late
3099 5805 3307 5861 descri-
