3886 6292
510 308 615 362 579

1755 296 1969 352 DOMNI
2009 294 2214 351 LUC/E
2250 292 2575 351 DACHERII

3651 286 3739 354 880

511 422 583 474 nit
635 419 903 473 Robcrtns
957 416 1024 470 de
1067 414 1248 470 Monte
1294 416 1346 469 in
1402 413 1634 468 Historia
1688 427 1788 467 ms.
1848 410 2089 480 ejusdem
2121 418 2167 473 Α
2198 408 2378 463 Trado
2424 412 2589 465 etiam
2630 407 2920 464 donatione
2964 415 3218 480 perpetua
3267 407 3545 478 quamdam
3579 413 3736 471 villam

510 510 845 577 monasterii,
897 523 927 563 e
976 523 1123 577 qua,
1178 506 1303 560 dum
1360 506 1694 575 cvulgavertt
1747 502 1967 572 quidam
2024 517 2093 555 ex

509 603 739 668 nostris,‘
773 617 871 655 nec
909 615 1014 655 non
1039 614 1104 653 ex
1137 598 1494 661 chartulario,
1539 598 1590 651 in
1631 605 1970 650 antecessum
1999 594 2092 648 de-

514 695 756 748 scribere
786 707 890 747 non
924 690 1269 761 gravabimur
1298 690 1544 743 chartam
1575 687 1831 741 Richardi
1861 686 1899 740 ll
1938 687 2092 742 ducis

508 784 1019 847 Nortlnnatmormu,
1046 796 1166 851 qua:
1190 780 1363 833 instar
1385 788 1467 833 est
1491 778 1712 832 alterius
1732 776 2090 831 fundationis.

507 858 757 931 Proxime
796 884 851 930 et
895 876 1259 945 subsequetur
1300 872 1531 928 celebris
1576 871 1722 925 illius
1778 870 2092 925 monasterii

506 969 788 1038 catalogus
828 968 1108 1022 abbatum.

506 1072 700 1125 Charta
728 1070 980 1124 Hic/tardi
1015 1070 1230 1125 secundi
1261 1068 1756 1123 Northmannornm
1795 1064 2095 1128 comitis,itt

575 1182 681 1235 qua
732 1165 1043 1217 donationes
1089 1181 1121 1215 a
1179 1161 1343 1215 Patre
1394 1178 1490 1215 suo
1556 1159 1819 1212 Hic/tardo
1873 1157 2096 1211 abbatite

510 1324 513 1325 ν
573 1256 634 1311 8.
672 1255 948 1310 Michaelis
999 1254 1167 1323 factas
1197 1253 1494 1322 conﬁrmat.
1530 1249 1617 1304 Uti
1642 1250 1912 1320 privilegia
1943 1248 2090 1318 ejus-

510 1414 513 1417 _
551 1351 684 1417 'dem
709 1348 1013 1401 monasterii
1044 1347 1213 1400 ridere
1236 1356 1332 1399 est.

574 1437 641 1490 In
672 1439 879 1491 nomine
906 1420 1103 1490 sancta’
1130 1446 1174 1489 et
1202 1436 1486 1505 individua;
1505 1433 1798 1497 Trinitatis,
1823 1431 2019 1498 Patris,
2048 1443 2095 1486 et

506 1528 657 1596 Filii,
702 1540 745 1583 et
775 1528 1004 1598 Spiritus
1040 1529 1228 1582 sancti.
1261 1528 1446 1580 Amen.

514 1686 517 1689 ν
578 1620 1024 1675 «Antecessorum
1044 1602 1352 1670 nostrorum
1369 1615 1800 1669 institutionilnts
1830 1614 2098 1668 sancitum

502 1711 889 1779 (lcet-ettnnque
930 1717 1013 1762 est
1040 1716 1327 1778 quatenus,
1372 1706 1416 1761 si
1446 1707 1566 1776 quis
1611 1722 1829 1760 suarum
1866 1704 2092 1760 facultav

505 1812 620 1855 tum
650 1802 901 1870 quiddam
950 1801 1067 1855 loco
1100 1808 1409 1854 sanctorum
1459 1798 1639 1862 alicui,
1691 1799 1814 1851 vita:
1850 1812 2097 1865 supernae

503 1908 767 1947 accensus
814 1906 1038 1955 amore,
1097 1891 1407 1960 perenniter
1456 1889 1839 1959 possidendum
1888 1887 2098 1941 tradere

504 1981 769 2047 voluerit,
835 1979 1078 2034 solemne
1125 1980 1322 2034 exinde
1382 1980 1697 2033 idonearum
1743 1992 2096 2047 personarum

502 2074 743 2143 pluribus
770 2072 1241 2142 astipulationibus
1262 2070 1526 2139 fulcitum,
1562 2081 1618 2124 ttt
1648 2071 1701 2124 id
1725 2069 2097 2124 inconvulsunt

504 2174 845 2235 permaneat,
881 2173 1262 2218 testamentum
1307 2163 1485 2217 l'aciat.
1522 2162 1903 2217 Referentibus
1951 2161 2095 2215 enim

502 2255 922 2325 quamplurimis
960 2263 1161 2309 sancta:
1190 2252 1440 2308 Ecclesiw
1472 2254 1565 2307 Dei
1596 2252 1928 2317 doctoribus,
1962 2250 2097 2305 divi-

502 2363 625 2400 lttlttl
654 2362 773 2403 esse
796 2356 1070 2416 receptum
1097 2345 1283 2408 didici,
1309 2354 1365 2397 ut
1401 2344 1509 2399 illic
1541 2345 1709 2400 nostri
1740 2346 2100 2399 recondantur

502 2436 763 2500 thesauri,
794 2436 884 2490 ubi
912 2436 1092 2490 omnis
1121 2434 1296 2489 aberit
1322 2433 1500 2488 l‘ut’um
1534 2433 1785 2498 formido,
1814 2434 2096 2501 omnisque

502 2530 768 2585 tinearum
814 2527 1113 2592 demolitio,
1150 2541 1377 2595 esseque
1426 2526 1697 2595 quoddam
1749 2533 2093 2595 peccatorum

502 2620 875 2691 purgatorium
915 2620 1349 2688 eleemosynam;
1404 2626 1457 2671 et
1506 2617 1651 2685 quod
1705 2617 1845 2670 Deus
1886 2616 1936 2669 in
1989 2614 2093 2668 lar-

503 2712 702 2781 giendo
732 2710 1019 2766 muniﬁcus
1048 2710 1313 2780 exposcit,
1349 2708 1439 2780 qui
1481 2726 1540 2764 se
1582 2717 1851 2779 praeparat
1882 2708 2093 2762 muniﬁ-

504 2802 900 2856 centissimum.
955 2802 1119 2855 Detur
1168 2801 1334 2866 igitur
1384 2800 1494 2854 Deo
1547 2815 1652 2854 non
1702 2807 1969 2863 nostrum,
2001 2798 2093 2853 sed

505 2910 686 2948 suum.
730 2892 868 2959 Quid
907 2892 1052 2946 enim
1083 2892 1229 2946 aliud
1267 2907 1367 2947 nos
1398 2891 1596 2945 habere
1625 2901 1898 2961 putamus,
1932 2906 2093 2959 quant

502 2993 603 3040 hoc
629 2987 771 3056 quod
798 2986 867 3040 ab
893 3000 957 3040 co
988 2986 1344 3055 accepimus?
1394 2985 1663 3039 tribuatur
1695 2984 1718 3036 i'
1746 2985 1913 3051 igidm
1942 3000 2095 3054 aquae

2133 1770 2173 1826 Β

503 3079 678 3143 calix,
722 3086 782 3132 ut
828 3080 1030 3133 aeterna
1084 3078 1380 3148 recipiatur
1429 3091 1657 3130 merces.
1705 3073 1863 3129 Tanti
1914 3074 2094 3129 valere
2123 3118 2166 3179 Ε

504 3173 808 3227 audivimus
844 3172 1188 3242 regnumDei
1220 3180 1488 3239 quantum
1536 3169 1817 3222 habemus.
1868 3165 2095 3221 SulTecit

506 3266 681 3321 vidua:
708 3265 1013 3334 quadrans;
1050 3263 1256 3334 profuit
1292 3272 1343 3317 et
1374 3263 1599 3317 Zaclnco
1631 3262 1894 3315 honorum
1932 3260 2092 3315 dimi-

505 3356 577 3408 dii
611 3355 943 3409 distributio.
996 3354 1126 3419 Qme
1163 3352 1395 3422 denique
1425 3352 1490 3406 ad
1524 3351 1575 3405 id
1608 3352 1748 3419 quod
1781 3350 1987 3415 linitur,
2027 3350 2094 3404 ad

501 3445 644 3515 quod
680 3460 786 3498 non
819 3442 1003 3497 finitur
1032 3441 1399 3511 comparatio?
1451 3441 1671 3495 Scilicet
1720 3455 1818 3510 pro
1867 3441 2096 3494 terrenis

500 3536 765 3597 cmlestia,
802 3550 900 3603 pro
930 3533 1189 3602 perituris
1220 3534 1418 3587 mereri
1447 3542 1727 3602 perpetua.

580 3649 596 3676 ε
634 3628 701 3679 lis
740 3635 793 3679 et
839 3627 958 3679 aliis
986 3625 1182 3679 divina:
1212 3623 1554 3679 auctoritatis
1609 3623 1866 3677 incitatus
1914 3623 2099 3676 horta-

504 3718 721 3781 mentis,
758 3734 859 3785 ego
889 3717 1224 3782 llichardus,
1264 3716 1434 3785 gratia
1462 3714 1557 3769 Dei
1588 3714 1717 3779 dux,
1762 3724 1817 3768 et
1848 3714 2098 3784 princeps

503 3808 1029 3872 Nortinnannorum,
1079 3820 1269 3877 poenas
1318 3805 1516 3860 inferni
1569 3807 1792 3876 cupiens
1842 3805 2094 3876 effugere,

507 3907 564 3952 et
599 3900 835 3967 paradisi
868 3900 1061 3968 gaudia
1108 3898 1420 3952 desiderans
1450 3896 1651 3952 habere
1688 3906 1810 3967 post
1842 3907 2094 3962 mortem,

504 3992 623 4047 loco
657 3993 841 4047 Sancti
867 3990 1177 4060 archangeli
1211 3989 1484 4045 Michaelis
1531 3989 1635 4044 sito
1674 3990 1725 4044 in
1757 3999 1958 4056 monte,
2005 3989 2096 4058 qui

506 4084 705 4137 dicitur
732 4082 938 4137 Tumba
960 4125 974 4149 ,
1019 4082 1388 4150 fratribusque
1421 4080 1617 4134 ibidem
1650 4081 1755 4134 Deo
1800 4080 2097 4135 monastice

505 4174 917 4240 fatttulantibus,
965 4176 1118 4228 trado
1163 4173 1434 4228 ahbatiam
1467 4172 1639 4227 sancti
1668 4170 1906 4238 Paterni,
1939 4174 2095 4227 sitam

506 4267 557 4320 in
592 4282 727 4336 pago
758 4265 1179 4330 Constantiensi,
1222 4281 1345 4321 cum
1390 4266 1548 4319 terris
1574 4264 1734 4319 cultis
1772 4274 1823 4319 et
1858 4264 2094 4327 incultis,

505 4375 629 4413 cum
662 4359 910 4414 ecclesiis
951 4368 1002 4413 et
1052 4358 1399 4425 molendiniS,
1453 4374 1575 4413 cum
1626 4359 1817 4428 pratis,
1843 4367 1896 4411 et
1922 4358 2093 4422 silvis,

2196 502 2359 557 sitam
2412 502 2463 581 in
2511 518 2649 573 pago
2700 502 3037 571 Bajocasino,
3091 503 3307 558 nomine
3352 502 3589 571 Versum,
3636 521 3738 564 cum

2196 595 2344 649 omni
2390 601 2555 659 terra,
2587 610 2707 665 qum
2743 595 2809 649 ad
2839 610 2958 649 eam
3002 594 3261 665 pertinet,
3285 595 3428 649 culta
3472 606 3521 651 et
3546 596 3736 665 inculta,

2197 702 2320 741 cum
2370 686 2639 752 ecclesiis,
2690 695 2745 740 et
2790 686 3110 741 molendinis
3155 685 3408 741 omnibus
3453 694 3504 741 et
3538 688 3737 757 silvulis,

2197 774 2653 847 medietatemque
2678 776 2817 831 villa:
2846 774 3232 844 Mondrevillae,
3261 792 3381 847 quae
3409 777 3531 832 huic
3562 780 3741 847 adjacet

2199 871 2379 918 terra).
2429 866 2707 921 Conlirmo
2761 866 2981 936 insuper
3027 866 3373 921 donationem
3422 868 3597 923 matris
3633 886 3741 926 mea:

2198 955 2263 1009 de
2291 957 2587 1025 Britavilla,
2618 974 2777 1029 quam
2815 959 2881 1012 de
2919 973 3016 1013 suo
3066 958 3332 1024 dotalitio,
3382 958 3495 1013 loco
3535 966 3741 1032 superius

2199 1049 2344 1104 dicto
2364 1050 2574 1116 obtulit,
2600 1066 2696 1120 pro
2718 1050 2885 1121 patris
2905 1050 3075 1105 nostri
3101 1066 3304 1120 suaque
3331 1048 3519 1117 salute,
3548 1068 3602 1107 ac
3625 1071 3739 1123 mea,

2199 1154 2553 1212 meorumque
2597 1142 2851 1197 fratrum.
2908 1142 3130 1197 Villulas
3198 1158 3413 1213 quoque
3473 1158 3598 1213 quas
3635 1162 3742 1204 avus

2200 1250 2353 1289 meus
2377 1234 2703 1302 Willclmus,
2757 1236 2811 1290 in
2860 1251 2997 1306 pago
3045 1234 3424 1299 Abrincatino,
3460 1234 3641 1294 Sancto
3671 1239 3744 1295 Mi-

2200 1329 2373 1383 chaeli
2423 1329 2663 1391 tradidit,
2711 1329 2805 1384 sed
2832 1329 3103 1384 Robertus
3124 1343 3308 1384 comes
3349 1338 3534 1398 postea
3564 1332 3605 1383 vi
3647 1333 3743 1387 ahs~

2200 1422 2342 1484 tulit,
2370 1421 2555 1487 reddo,
2587 1438 2705 1491 quae
2732 1423 2816 1476 his
2871 1421 3178 1476 vocitantur
3210 1422 3517 1477 notionibus
3542 1421 3742 1488 Maldrei,

2201 1513 2410 1580 Carcci,
2456 1512 2733 1580 Marrinci,
2773 1513 2957 1581 Curei,
2996 1513 3219 1584 Forges,
3268 1513 3495 1578 Solinei,
3535 1514 3744 1571 Damma-

2202 1606 2319 1669 nei,
2364 1603 2564 1669 Macci,
2616 1603 2840 1669 Scallei,
2889 1603 3131 1668 Pclelon,
3186 1603 3465 1658 dimidium
3515 1602 3744 1673 Comerei,

2201 1696 2526 1768 Vergoncci,
2575 1697 2808 1763 Mannei,
2859 1696 3041 1753 Sancti
3084 1697 3312 1753 Joannis
3364 1698 3553 1751 iterum
3598 1699 3744 1754 villain

2204 1806 2369 1860 prepe
2405 1790 2553 1844 littus
2595 1790 2762 1846 maris
2801 1791 2991 1856 sitam,
3038 1807 3158 1845 cum
3198 1790 3465 1857 ecclesia,
3498 1800 3551 1846 et
3586 1794 3743 1861 vincis,

2203 1892 2258 1936 et
2295 1882 2625 1947 molendino,
2662 1893 2714 1938 et
2762 1883 2961 1953 pratis,
2998 1895 3050 1938 et
3091 1882 3265 1938 villam
3317 1884 3370 1939 in
3407 1886 3537 1940 valle
3576 1884 3743 1944 castelli

2204 1962 2496 2039 Morctoin,
2526 1992 2644 2044 qum
2680 1975 2881 2031 dicitur
2905 1975 3318 2051 Maisnilranger
3348 1978 3449 2051 do;
3502 1981 3743 2036 telonium-

2202 2083 2305 2136 que
2337 2068 2500 2123 totius
2538 2068 2788 2134 εὼὺιιιίίυ,
2818 2081 2873 2124 et
2911 2071 2975 2127 de
3013 2072 3412 2127 mercatoribus
3451 2074 3745 2145 venientibus

2200 2170 2255 2215 et
2281 2161 2804 2230 pertransenntibus.
2842 2161 3228 2217 Monasterium
3256 2164 3423 2218 etiam
3443 2164 3743 2223 SauctiPetri

2200 2255 2563 2323 apostolorum
2592 2255 2872 2324 principis,
2905 2255 3065 2310 situm
3098 2256 3151 2310 in
3178 2255 3350 2310 latere
3377 2257 3569 2312 montis
3590 2257 3742 2328 ipsius,

2202 2348 2402 2413 tribuo,
2447 2362 2509 2401 ea
2559 2347 2676 2416 lege
2712 2355 2769 2400 ut
2816 2348 3013 2413 abbas,
3047 2346 3133 2402 vel
3163 2347 3412 2402 monachi
3463 2344 3642 2403 ibidem
3669 2365 3744 2420 pro

2200 2459 2340 2508 mea,
2366 2457 2715 2511 meorumque
2743 2441 2973 2495 iiIiOrum
3000 2440 3176 2497 salute
3196 2439 3426 2496 clericos
3453 2443 3744 2497 constituant

2198 2550 2333 2603 quos
2367 2530 2662 2599 voluerint;
2706 2531 2749 2586 si
2780 2547 2942 2601 quem
2983 2543 3158 2587 autem
3193 2549 3260 2587 ex
3295 2533 3401 2587 illis
3429 2534 3647 2599 sordide,
3671 2546 3745 2590 aut

2199 2625 2532 2696 mgligenter
2558 2641 2644 2679 res
2675 2632 2877 2679 sancta:
2900 2623 2993 2679 Dei
3023 2624 3277 2680 Ecclesia:
3305 2634 3536 2681 tractare
3558 2642 3741 2697 perspe-

2198 2719 2399 2779 erint,
2428 2726 2752 2786 potestatem
2782 2716 3057 2771 habebunt
3090 2714 3332 2771 divinum
3363 2713 3588 2770 cilicium
3613 2717 3654 2770 ei
3680 2718 3744 2771 in-

2200 2806 2518 2869 ter-dicendi,
2569 2814 2624 2860 et
2673 2804 2775 2859 nisi
2818 2808 3139 2872 correxerit,
3188 2821 3254 2860 eo
3302 2800 3467 2875 350
3516 2801 3742 2876 deposito,

2197 2896 2359 2949 alium
2391 2897 2443 2949 in
2478 2894 2618 2949 illius
2642 2893 2816 2950 locum
2849 2896 3200 2967 subrogandi.
3242 2893 3444 2950 Omnes
3477 2896 3539 2950 ad
3568 2906 3742 2967 postre-

2198 3002 2344 3039 mutn
2378 2986 2800 3040 consuetudines
2854 2986 3025 3055 ipsius
3066 2985 3227 3050 villa},
3254 2996 3365 3039 tam
3398 2985 3464 3039 ad
3508 3001 3586 3040 me
3611 3001 3742 3055 quam

2198 3082 2263 3135 ad
2295 3080 2707 3136 Abricatcnsem
2748 3082 3057 3151 episcopum
3097 3080 3457 3151 pertinentes,
3486 3079 3614 3135 sicut
3641 3096 3743 3134 san-

2201 3181 2300 3224 clm
2349 3170 2625 3225 memoriae
2670 3181 2824 3241 pater
2863 3185 3014 3225 meus
3041 3167 3349 3225 Richardus
3377 3168 3599 3223 Romani
3626 3184 3743 3239 papa:

2197 3263 2497 3329 constituit,
2535 3261 2921 3334 perpetualiter
2966 3264 3321 3335 possidendas
3373 3264 3567 3328 tribuo,
3601 3277 3655 3318 ea
3679 3279 3742 3316 ri-

2202 3355 2345 3409 tione
2377 3362 2432 3407 ut
2471 3354 2523 3408 iu
2555 3354 2699 3408 omni
2742 3369 3063 3409 suceessura
3107 3354 3460 3425 generatione
3485 3353 3656 3417 abbas,
3680 3349 3744 3405 vel

2200 3443 2450 3497 monachi
2492 3441 2659 3512 ipsius
2692 3443 2912 3508 montis,
2955 3459 3145 3497 onmcs
3186 3442 3352 3513 leges,
3384 3440 3744 3512 omnesquel'o-

2200 3535 2555 3599 ristacturas,
2602 3532 2925 3589 clericorum
2976 3550 3038 3589 ac
3086 3535 3387 3601 laicorum,
3433 3536 3656 3589 virorum
3696 3548 3745 3587 ac

2200 3625 2484 3679 mulierum
2534 3625 2771 3692 ejusdem
2818 3626 2994 3697 but-gi,
3044 3628 3247 3697 absque
3292 3625 3558 3682 calumnia
3595 3625 3745 3694 cujus.

2200 3730 2364 3785 quam
2414 3725 2724 3770 nostrorum
2769 3730 3171 3780 successorum,
3208 3732 3301 3771 seu
3346 3714 3745 3786 praedicttesedii

2199 3805 2572 3875 episcoporum
2610 3804 2952 3874 possideant,
2981 3815 3035 3860 et
3063 3821 3293 3875 qmeque
3324 3804 3630 3875 corrigenda
3653 3802 3744 3861 lite-

2201 3897 2330 3961 rint,
2353 3897 2655 3965 corrigunt;
2688 3898 2777 3967 qui
2812 3897 2856 3950 si
2889 3896 2939 3950 in
2969 3897 3152 3966 aliquo
3175 3896 3515 3953 rectitudinis
3544 3898 3742 3960 tramite,

2199 3987 2341 4057 quod
2370 3988 2585 4057 quidem
2618 3987 2783 4053 absit,
2814 3987 3170 4055 deviaverint,
3200 4003 3459 4044 curamve
3481 3989 3741 4043 animarum

2202 4080 2502 4135 incolarum
2541 4081 2644 4135 loci
2679 4080 3037 4151 neglexerint,
3070 4080 3183 4158 jam
3215 4082 3373 4138 dicta:
3413 4082 3553 4139 sedis
3580 4081 3746 4152 episw-

2201 4188 2318 4240 pus,
2344 4172 2457 4225 sive
2484 4171 2649 4225 Deum
2691 4173 2943 4228 timentes
2966 4172 3152 4240 vicini,
3186 4175 3239 4227 in
3274 4173 3519 4229 notitiam
3568 4171 3745 4229 deferre

2201 4270 2391 4316 curent
2432 4264 2715 4333 principis,
2751 4264 2843 4333 qui
2883 4264 2988 4318 illis
3022 4265 3356 4335 temporibus
3380 4265 3742 4323 Northmannoe

2203 4346 2318 4407 rum
2349 4354 2451 4407 dux
2482 4353 2667 4421 fuerit,
2706 4358 2772 4410 ad
2800 4373 2961 4427 quem
3009 4358 3264 4428 deinceps
3313 4362 3579 4429 pertineat
3611 4356 3743 4413 corri-
3832 4409 3843 4429 ο

508 4451 576 4505 ab
627 4452 837 4505 oriente
881 4452 966 4503 via
1012 4452 1227 4520 publica
1275 4451 1525 4504 tendente
1556 4450 1921 4513 Constantias,
1956 4464 1984 4501 a
2013 4464 2093 4502 se-
2126 4464 2172 4523 ι)
2202 4462 2327 4517 gere
2363 4463 2425 4503 ea
2468 4450 2692 4505 consilio
2728 4449 3184 4521 iiothomagensis
3232 4452 3633 4523 archiepiscopi,
3664 4466 3743 4504 cec-

506 4543 819 4610 ptentrione
846 4543 1019 4597 rivulo
1047 4542 1263 4596 nomine
1296 4540 1538 4607 Venlcio,
1568 4558 1597 4595 a
1624 4542 1850 4597 meridie
1875 4539 2092 4594 lluviolo

507 4633 726 4687 nomine
750 4631 919 4696 Tarn,
962 4632 1028 4685 ab
1062 4647 1258 4687 occasu
1302 4648 1449 4687 mare
1474 4632 1714 4697 Oceano,
1746 4646 1869 4685 cum
1919 4628 2091 4685 insula

506 4742 626 4795 qum
672 4726 870 4780 dicitur
897 4725 1128 4781 Calsoio.
1185 4725 1262 4780 Do
1312 4727 1475 4779 etiam
1520 4725 1699 4780 villam
1736 4738 1855 4792 qua:
1898 4722 2095 4776 dicitur

506 4818 822 4884 Chantcleu,
854 4836 976 4873 cum
1025 4819 1255 4874 ecclesia
1302 4830 1356 4873 et
1403 4819 1735 4881 molendino,
1788 4832 1909 4871 cum
1946 4814 2094 4871 silvis

506 4918 557 4961 et
589 4908 841 4965 omnibus
876 4910 1238 4980 appenditiis;
1292 4918 1494 4964 terram
1521 4923 1737 4977 quoque
1758 4902 2090 4969 Grombaldi,

506 5020 625 5071 qua:
653 5004 757 5059 sita
784 5015 868 5059 est
899 5004 951 5058 in
980 5003 1329 5074 Briquevilla,
1364 5012 1417 5057 et
1454 5005 1505 5056 in
1535 5000 1926 5066 Flamcmvilla,
1961 5010 2011 5053 et
2041 5000 2092 5052 in

507 5094 825 5164 Leugrona,
898 5103 954 5149 et
1017 5095 1363 5149 medietatem
1428 5090 1824 5162 Erengervilla;
1893 5100 2093 5147 terram

504 5191 666 5240 etiam
694 5187 964 5251 Durandi,
1013 5203 1130 5256 qua:
1160 5195 1243 5240 est
1291 5186 1431 5239 intra
1478 5189 1741 5240 terminos
1773 5182 1935 5251 villa),
1976 5200 2095 5253 quae

506 5290 846 5349 nuncupatur
879 5280 1053 5333 \‘erlei
1084 5300 1095 5333 :
1124 5289 1178 5333 et
1231 5286 1429 5331 terram
1460 5275 1608 5331 Petri
1659 5276 1935 5342 monachi,
1977 5292 2095 5346 qua:

503 5383 586 5425 est
626 5374 678 5426 in
724 5372 908 5425 Batula
947 5371 1169 5440 Gen-foy.
1224 5370 1541 5424 Columbam
1593 5370 1790 5425 iterum
1836 5370 1994 5423 sitam
2042 5369 2093 5423 in

504 5464 691 5517 eodem
717 5478 879 5531 supra
909 5463 1185 5516 nominato
1212 5477 1368 5530 pago,
1398 5478 1517 5515 cum
1545 5476 1597 5516 et
1611 5461 1772 5516 clesia
1805 5470 1858 5515 et
1884 5460 2091 5515 molen-

512 5554 719 5619 lino,et
748 5571 867 5608 cum
893 5553 1062 5616 silvis,
1095 5563 1293 5607 terram
1327 5553 1766 5609 ctiamDer‘oardi
1790 5552 1969 5609 Patris
1995 5554 2095 5609 do-

501 5651 628 5702 mini
653 5642 963 5701 liildeherdi
1004 5641 1244 5709 abbatis,
1272 5660 1392 5713 quae
1418 5654 1502 5699 est
1544 5646 1598 5699 in
1629 5645 1904 5699 territorio
1957 5645 2095 5701 villae

498 5755 616 5795 autc
645 5740 959 5792 nominatur
994 5735 1227 5805 ilotaloi,
1280 5753 1401 5792 cum
1448 5737 1756 5795 tuolcnzliuo
1806 5749 1857 5794 et
1886 5744 2085 5811 pratis.

2201 4549 2545 4609 terorumque
2572 4540 2890 4609 optimatum
2922 4544 3232 4612 provinciae.
3265 4545 3439 4600 Porro
3477 4546 3539 4600 de
3566 4543 3743 4598 ordina-

2201 4630 2344 4688 tione
2396 4634 2651 4689 abbatum
2695 4635 2778 4690 vel
2829 4636 3263 4704 monachorum,
3306 4638 3421 4693 sive
3464 4638 3741 4694 clericorum

2197 4725 2321 4789 loci,
2371 4727 2473 4782 hoc
2505 4727 2869 4794 decernimus,
2926 4738 2984 4783 ut
3018 4729 3172 4798 juxta
3221 4710 3365 4800 quod
3413 4746 3444 4785 a
3476 4728 3743 4802 supradicto

2198 4833 2318 4872 meo
2361 4820 2603 4888 genitore
2650 4823 2916 4875 sancitum
2966 4832 3077 4887 est,
3128 4823 3370 4894 generali
3424 4838 3635 4879 assensu
3664 4820 3747 4874 Βοο

2198 4911 2342 4963 mani
2389 4910 2637 4978 concilii,
2692 4915 2941 4970 monachi
2978 4929 3120 4986 δεῦρο
3156 4914 3251 4970 fati
3284 4916 3592 4972 monasterii
3630 4913 3747 4972 ordi-

2199 5000 2376 5055 nando
2412 5002 2516 5057 sibi
2558 5004 2781 5072 eligant,
2822 5016 2879 5059 ut
2913 5002 3013 5060 sibi
3045 5008 3311 5077 placuerit
3342 5023 3371 5062 a
3405 5006 3633 5077 quolibet
3656 5003 3745 5074 epi-

2198 5108 2361 5162 scopo
2407 5110 2518 5150 sua:
2559 5097 2881 5165 vicinitatis,
2907 5108 2995 5152 aut
3032 5100 3085 5161 in
3118 5099 3261 5155 illius
3288 5100 3436 5164 sede,
3468 5108 3558 5154 aut
3596 5098 3641 5153 in
3669 5109 3745 5151 SUO

2197 5187 2529 5242 monasterio
2582 5189 2821 5243 ordinari
2897 5188 3120 5244 faciant.
3190 5190 3317 5245 llaec
3372 5202 3547 5245 autem
3597 5185 3745 5242 omnia

2198 5289 2495 5348 praenotata
2529 5281 2668 5346 Deo,
2697 5290 2993 5351 sanctoque
3044 5281 3372 5353 archangelo
3403 5278 3661 5342 Michaeli,
3702 5274 3744 5328 in

2198 5371 2312 5441 ejus
2338 5373 2577 5440 prmdicti
2611 5375 2807 5429 montis
2838 5374 3168 5430 monasterio
3198 5375 3404 5445 placuit
3430 5374 3649 5437 tradere,
3669 5381 3744 5438 pro

2200 5479 2333 5518 meae
2370 5465 2740 5533 redemptione
2775 5466 3001 5531 anima},
3032 5481 3130 5536 pro
3176 5467 3280 5521 mei
3329 5480 3544 5537 quoque
3584 5459 3742 5533 patris;

2199 5558 2281 5612 vel
2315 5559 2523 5625 matris,
2559 5568 2612 5614 ct
2641 5560 2845 5626 uxoris,
2877 5561 3218 5630 ﬁliorumque
3248 5577 3494 5617 meorum
3525 5552 3738 5614 Richardi

2199 5659 2253 5706 et
2282 5648 2509 5704 aliorum
2558 5649 2759 5717 salute;
2800 5642 3029 5719 quorum
3084 5650 3364 5707 voluntate
3408 5656 3741 5712 consensuque

2201 5742 2252 5797 id
2290 5757 2391 5812 ago
2439 5741 2537 5796 sub
2580 5743 2888 5799 testimonio
2930 5734 3148 5812 Christi,
3203 5752 3475 5815 totiusque
3506 5736 3741 5800 Ecclesia
