3864 6304
530 307 643 363 585⁵

1702 300 1913 355 DOMN!
1948 297 2153 355 LUCIE
2196 298 2517 354 DACIIERII
3643 315 3716 371 εει

529 421 761 473 nasium.
797 417 1086 489 Postquam
1118 416 1347 473 diversis
1376 421 1459 469 est
1486 413 1848 484 legationibus
1875 412 2112 477 functus,
2144 419 2186 475 Α
2216 426 2367 480 quem
2404 428 2505 466 non
2550 411 2709 476 ridet,
2745 430 3004 478 quomodo
3043 423 3207 484 potest
3237 416 3479 488 diligere!
3519 422 3643 489 Quod
3663 440 3719 481 τι-

530 515 749 567 nomine
784 512 964 567 Caroli
1016 510 1083 567 Vl
1143 511 1287 580 regis
1340 508 1676 563 Francorum
1718 507 1771 561 in
1821 506 2113 576 Aragonia,

529 603 763 674 l-longria
793 611 847 658 et
872 600 1259 670 Anglia,Pisas
1296 598 1678 669 proﬁciscitur,
1727 611 1831 665 qua
1882 595 1933 650 in
1963 596 2114 660 urbe,

533 694 639 758 vel,
666 702 725 746 ut
754 693 875 747 aliis
902 693 1101 761 placet,
1124 690 1476 753 Constantiae,
1517 688 1745 743 facunda
1775 696 1937 757 atque
1958 686 2118 739 vehe-

535 783 706 837 menti
754 782 1000 836 oratione
1049 781 1122 833 ita
1192 777 1548 833 cardinalium
1629 775 1732 830 sibi
1813 775 2121 829 conciliavit

530 874 741 927 animos
771 886 840 926 ac
857 871 1160 925 voluntates
1188 878 1245 922 ut
1264 868 1536 923 eommdni
1570 866 1925 922 consensione
1954 865 2119 921 Otho-

533 977 655 1014 nem
680 959 991 1030 (Martinum
1014 958 1102 1025 lll,
1129 958 1289 1028 vulgo
1323 958 1386 1023 V,
1436 964 1623 1026 postea
1656 958 1926 1023 vocatum)
1971 970 2118 1009 sum-

535 1068 677 1105 mum
705 1052 1013 1121 pontiﬁcem
1062 1064 1251 1104 omnes
1280 1048 1698 1118 proclamarem.
1731 1046 1963 1101 Posthac
1990 1043 2123 1101 dum

533 1142 756 1204 rediret,
788 1140 1057 1210 Bolognia:
1086 1138 1275 1193 Tusca?
1306 1138 1440 1193 obiit
1466 1153 1551 1190 an.
1585 1135 1747 1190 MlO.

602 1232 691 1285 50.
732 1232 1000 1286 Robertus
1025 1227 1312 1295 Jolivetll,
1343 1243 1434 1282 an.
1468 1226 1636 1293 1410;
1684 1241 1715 1282 e
1770 1224 1880 1279 vita
1930 1224 2125 1295 migrat

536 1339 627 1377 an.
654 1323 813 1377 1444.

606 1414 693 1469 51.
736 1413 1052 1469 Guillelmus
1092 1411 1501 1467 d’Estouteville
1536 1409 1599 1476 ll,
1647 1410 1939 1464 cardinalis
1986 1409 2125 1464 tituli

536 1506 719 1561 Sancti
752 1506 990 1571 Martini,
1022 1522 1112 1559 an.
1141 1504 1313 1571 MM;
1355 1520 1564 1558 sunnna
1610 1502 1834 1561 contulit
1859 1501 2125 1577 beneficia

537 1599 889 1654 monasterio.
926 1596 1179 1654 JEdiﬁcia
1211 1597 1362 1651 mira:
1412 1594 1865 1664 structurre(qu:e
1911 1603 2129 1649 exstant

536 1690 827 1761 hodieque)
879 1689 1250 1745 ex'aadilicasse
1313 1686 1513 1741 ferunt.
1582 1686 1817 1756 Legatus
1874 1700 1904 1738 a
1942 1684 2129 1767 .latere

536 1783 661 1837 fuit.
693 1782 823 1848 Quae
853 1783 906 1837 in
938 1781 1202 1836 electione
1228 1780 1457 1835 rectoris
1480 1778 1774 1834 academico
1803 1763 2127 1832 Parisiensis
2155 1763 2202 1823 Β

538 1884 895 1945 peraguntur,
923 1874 1077 1928 aiunt
1104 1872 1391 1941 ipsummet
1421 1870 1725 1925 ordinasse.
1755 1866 1875 1923 Vita
1900 1866 2124 1922 Parisiis

538 1964 563 2015 τ
564 1964 782 2033 ungitur
810 1979 901 2018 an.
938 1960 1099 2016 1450.

606 2054 697 2109 52.
719 2054 966 2110 Andreas
995 2053 1192 2121 Laure,
1222 2068 1313 2108 an.
1354 2052 1519 2119 M82;
1570 2049 1799 2107 moritur
1825 2065 1912 2105 an.
1964 2048 2122 2104 N99.

606 2144 696 2200 55.
715 2144 1034 2200 Guillelmus
1047 2145 1110 2198 de
1124 2141 1322 2213 Lamps
1336 2142 1420 2207 lll,
1438 2160 1524 2197 an.
1550 2142 1704 2208 L599;
1720 2142 1853 2197 obiit
1870 2141 1987 2195 anJ
2000 2141 2058 2195 51
2071 2141 2123 2193 0.

607 2236 699 2290 54.
740 2236 1011 2292 Guerinus
1054 2234 1252 2303 Laure,
1280 2250 1346 2288 an
1398 2234 1571 2301 151ος
1630 2243 1857 2290 mortem
1904 2232 2130 2302 oppetiit

535 2342 628 2380 an.
669 2316 824 2381 1515.
1092 2382 1119 2398 ο

607 2417 697 2473 55.
738 2417 976 2473 Joannes
1006 2418 1073 2473 de
1096 2418 1294 2490 Lamps
1344 2419 1407 2485 11,
1463 2434 1551 2473 an.
1589 2417 1755 2483 1515;
1801 2418 1935 2473 obiit
1959 2434 1989 2472 e
2019 2418 2128 2473 vita

538 2529 628 2569 an.
656 2514 815 2570 1525.

607 2606 697 2660 56.
738 2605 972 2663 Joannes
996 2607 1046 2663 lc
1080 2609 1297 2663 Veneur
1320 2606 1405 2669 111,
1438 2606 1725 2676 episcopus
1755 2603 2126 2665 Lexoviensis,

537 2705 594 2749 rt
637 2695 699 2749 E.
765 2696 832 2749 R.
879 2696 1194 2751 cardinalis.
1253 2696 1275 2750 l
1331 2694 1842 2751 commendatarius.
1900 2693 2130 2748 Abbatia

540 2804 756 2859 quoque
810 2789 1068 2844 Beccensi
1141 2789 1346 2856 potitus
1396 2796 1498 2841 est.
1555 2785 1782 2840 Moritur
1831 2802 1919 2838 an.
1968 2784 2128 2839 1559.

541 2866 809 2948 Deinceps
838 2880 1062 2934 abbates
1093 2875 1563 2934 commendatarii.

614 2972 704 3024 57.
745 2969 978 3025 Jacobus
1041 2971 1344 3024 d’Anebaut
1401 2965 1734 3031 cardinalis,
1788 2982 1915 3019 ann.
1963 2966 2129 3032 1559;

546 3063 613 3117 de
644 3061 752 3116 vita
781 3061 1033 3116 decessit.
1062 3060 1219 3116 1558.

2222 510 2366 557 lente
2408 501 2690 556 revolvens
2726 502 2788 555 Β.
2816 506 3167 573 Augustinus,
3197 506 3290 561 lib.
3333 524 3424 563 vnt
3466 511 3533 567 De
3558 513 3718 581 Trinit,

2221 594 2416 664 cap.8,
2447 594 2527 648 sic
2547 594 2818 665 eloquitur
2843 612 2858 648 :
2891 614 2911 647 ‹
2941 596 3283 654 Manifestum
3305 611 3383 655 est
3411 605 3536 671 quod
3557 603 3721 671 justiti:

2221 678 2608 753 perlectionem
2641 685 2695 739 in
2724 685 2911 741 fratris
2948 688 3234 744 dilectione
3272 693 3500 760 posuerit
3524 693 3719 760 (SJosa-

2223 774 2363 847 nes).
2396 775 2531 831 Nam
2581 778 2634 831 in
2670 793 2777 847 quo
2801 780 3114 834 scandalum
3158 798 3264 837 non
3312 792 3412 849 est,
3440 785 3600 855 utique
3633 805 3723 859 pet-

2224 861 2395 919 lectus
2411 876 2513 920 est.
2530 866 2595 920 Et
2621 876 2802 922 tamen
2824 869 3169 926 dilectionem
3185 872 3283 927 Dei
3310 873 3510 927 videtur
3530 877 3720 945 tacuisse,

2223 957 2365 1025 quod
2395 973 2498 1011 non
2531 958 2759 1026 faceret,
2778 961 2880 1016 nisi
2896 962 3022 1031 quia
3050 963 3103 1017 in
3129 963 3243 1035 ipsa
3262 965 3487 1021 fraterna
3510 967 3723 1025 dilectione

2224 1046 2339 1101 vult
2368 1046 2590 1119 intelligi
2621 1049 2813 1105 Deum.
2836 1070 2854 1101 ι

2297 1134 2552 1192 Plurima:
2603 1138 2711 1194 SS.
2767 1138 2992 1196 Patrum
3062 1145 3419 1200 auctoritates.
3480 1146 3647 1203 Passim
3689 1152 3725 1205 ia

2224 1228 2565 1285 decretorum
2622 1231 2763 1287 libro
2793 1272 2808 1299 ,
2854 1244 3017 1303 atque
3062 1237 3115 1291 in
3161 1238 3427 1305 conciliis,
3466 1241 3724 1310 potissimum

2226 1337 2349 1376 can.
2371 1322 2440 1377 48
2467 1322 2874 1393 Apostolorum;
2910 1327 3104 1383 conci].
3129 1329 3335 1383 Arelat.
3359 1346 3394 1395 ι,
3422 1334 3512 1387 sub
3533 1332 3726 1388 Silvestre

2228 1429 2264 1475 ι,
2298 1427 2418 1483 cap.
2478 1415 2574 1478 10;
2635 1423 2691 1470 et
2730 1415 2968 1485 Forojul.
3021 1419 3121 1473 sub
3165 1418 3404 1475 Adriano
3444 1437 3481 1487 ι,
3530 1438 3627 1492 cap.
3663 1424 3724 1485 to;

2228 1504 2525 1562 Innocentii
2558 1508 2578 1562 1
2606 1509 2763 1579 epist.
2813 1510 2868 1579 5,
2896 1512 2963 1565 ad
3004 1511 3178 1582 Exup.
3230 1529 3349 1583 cap.
3382 1514 3430 1570 6.
3470 1514 3569 1583 Qua
3605 1519 3654 1571 de
3689 1533 3727 1572 re

2227 1596 2487 1667 legendus
2518 1598 2580 1677 D.
2613 1600 2963 1670 Augustinus,
2991 1618 3112 1674 cap.
3142 1603 3175 1656 7
3224 1606 3303 1660 De
3352 1605 3483 1660 bono
3507 1606 3727 1677 coajugali,

2231 1688 2325 1743 lib.
2356 1706 2394 1744 tt
2428 1689 2502 1746 De
2529 1692 2849 1748 adulterinis
2872 1693 3156 1764 conjugiis,
3185 1710 3308 1766 cap.
3333 1695 3366 1751 4
3396 1705 3444 1753 01
3467 1697 3514 1753 5.

2765 1801 2833 1840 ΑΙ)
2868 1801 3166 1842 ενιετοιλη
3204 1803 3261 1842 XI
3271 1829 3285 1841 .

2284 1870 2440 1940 Ecce,
2459 1870 2624 1927 Pater
2636 1875 2984 1933 sanctissime.
3016 1876 3127 1932 llac
3152 1878 3206 1931 in
3230 1877 3450 1947 cpistola
3475 1880 3727 1937 animadver-

2230 1972 2345 2018 tere
2367 1973 2450 2019 est
2476 1974 2737 2035 quantum
2760 1965 3000 2023 Thomas
3020 1982 3050 2021 a
3083 1969 3316 2039 pristino
3344 1981 3477 2025 statu
3504 1971 3723 2034 deﬂexerit,

2235 2056 2362 2112 dum
2389 2057 2525 2112 adeo
2554 2059 2830 2113 mordicus
2862 2074 2925 2115 ac
2951 2060 3244 2131 praefracte
3269 2062 3596 2119 obedientiam
3617 2080 3724 2134 negi-

2231 2158 2383 2204 verat
2415 2151 2828 2222 archiepiscopo
2871 2152 3256 2210 Cantuariensi
3309 2155 3725 2223 Lanfranco(utex

2230 2245 2392 2301 dictis
2442 2236 2691 2316 superius
2736 2256 3072 2316 compertum
3109 2248 3389 2320 trahetur),
3416 2260 3603 2303 atuunc
3636 2246 3727 2303 ultro

2230 2337 2278 2391 ei
2336 2352 2456 2392 sese
2506 2337 2793 2400 submittit,
2849 2337 3109 2407 illumque
3156 2348 3317 2409 rogat
3368 2340 3514 2395 enixe
3553 2348 3600 2392 ut
3642 2338 3727 2390 duos

2231 2425 2533 2497 episcopos,
2559 2441 2713 2481 more
2743 2426 2900 2481 solito
2929 2426 3193 2498 (episcopi
3245 2426 3574 2483 consecrandi
3597 2428 3726 2498 gratia)

2235 2519 2591 2571 transmittat.
2628 2518 2704 2572 De
2752 2518 2854 2571 hac
2897 2526 2951 2571 et
2992 2517 3345 2593 subsequenti
3370 2517 3568 2589 epistola
3588 2516 3726 2570 \‘itaﬂ.

2233 2605 2548 2673 Lanl'ranci,
2580 2607 2744 2677 capit.
2782 2608 2868 2672 15,
2894 2622 2948 2676 p.
2987 2607 3074 2661 14.

2305 2696 2509 2751 Paulus
2532 2713 2720 2751 comes.
2741 2697 3031 2752 Orcadum.
3066 2717 3084 2749 (
3106 2698 3211 2765 Qui
3234 2700 3472 2769 quamvis
3494 2697 3727 2754 Noricorum

2236 2789 2348 2859 regi
2374 2789 2727 2843 hatreditario
2770 2787 2897 2858 jure
2942 2787 3243 2857 subjectus,
3297 2791 3369 2845 ita
3414 2789 3539 2860 regis
3563 2787 3728 2859 (lleiiriu

2234 2876 2416 2948 primi)
2449 2877 2721 2947 amicitias
2751 2877 3105 2947 suspiciebat,
3132 2888 3193 2932 ut
3226 2878 3413 2934 crebra
3437 2878 3481 2932 ei
3502 2875 3727 2933 munuscula

2236 2966 2557 3029 missitaret,
2598 2984 2617 3017 ι
2656 2975 2761 3019 etc.
2832 2966 3099 3023 Guillelm.
3161 2966 3499 3022 Malmesbur.
3544 2966 3663 3019 lib.v
3698 2964 3729 3013 iu

2237 3056 2470 3111 Henrico
2494 3055 2688 3125 primo,
2722 3054 2814 3110 fol.
2840 3055 2901 3111 91
2925 3073 2941 3123 ;
2967 3067 3021 3111 et
3058 3056 3307 3113 Floreat.
3358 3056 3555 3129 Vigorn.
3592 3055 3643 3109 ad
3672 3069 3729 3106 τη.

618 3151 710 3207 58.
750 3151 1073 3207 Franciscus
1097 3150 1144 3205 le
1166 3150 1316 3204 Iloux
1344 3148 1747 3220 protonotarius
1782 3145 2126 3217 apostolicus,
2158 3109 2202 3169 Ο
2236 3149 2393 3204 1066.

547 3257 680 3296 ann.
712 3240 881 3307 1558;
913 3241 1149 3296 animam
1178 3242 1285 3312 cgit
1314 3241 1472 3295 1570.

620 3331 710 3388 59.
749 3332 983 3388 Arturus
1036 3332 1101 3387 de
1156 3331 1324 3386 Cosse
1368 3330 1653 3401 episcopus
1680 3326 2129 3393 Constantieusis,

549 3440 639 3477 an.
677 3423 847 3489 1570;
880 3423 1126 3479 obiitan.
1155 3423 1316 3479 1582.

616 3513 708 3569 40.
748 3513 1074 3570 Franciscus
1112 3515 1178 3569 de
1208 3513 1440 3585 Joyeuse
1486 3511 1774 3568 cardinalis
1816 3526 1903 3564 an.
1959 3510 2129 3575 1588;

547 3608 688 3663 diem
720 3616 1023 3661 extremum
1050 3606 1242 3661 clausit
1270 3623 1360 3660 an.
1397 3606 1557 3661 1615.

620 3697 709 3750 41.
752 3696 1018 3751 Henricus
1039 3697 1104 3751 de
1132 3696 1394 3751 Lorraine
1432 3698 1497 3751 de
1547 3695 1731 3762 Guise,
1780 3711 1907 3749 ann.
1960 3695 2132 3763 1615;

549 3795 605 3839 01
628 3795 751 3855 post
777 3801 946 3841 annos
972 3786 1042 3840 26
1080 3786 1307 3841 abbatim
1352 3787 1534 3841 cess’t.
1567 3785 1728 3855 352
1760 3785 2132 3851 illustrissimi,

550 3875 696 3930 illius
749 3875 960 3930 abbatis
1010 3876 1109 3930 sub
1162 3877 1437 3945 auspiciis,
1488 3892 1629 3930 anno
1677 3875 1837 3940 1622,
1887 3878 2134 3931 monachi

551 3966 987 4037 congregationis
1031 3965 1085 4021 S.
1122 3966 1316 4032 Mauri,
1368 3969 1421 4021 in
1458 3968 1562 4021 hoc
1612 3966 1916 4021 emnobiutn
1971 3968 2139 4024 introe

550 4059 726 4124 ducti,
761 4058 1119 4114 monasticam
1157 4059 1460 4114 resarciunt
1482 4057 1846 4127 disciplinam.

598 4141 715 4203 ³42.
755 4148 987 4205 Jacobus
1033 4148 1099 4204 de
1147 4148 1377 4216 Souvré,
1449 4166 1538 4203 an.
1610 4149 1783 4216 1645;
1836 4149 1901 4205 de
1949 4150 2138 4205 ordine

550 4240 900 4295 Benedictino
942 4239 1308 4310 quamoptime
1362 4239 1727 4309 promeritus,
1773 4246 1933 4309 atque
1998 4239 2139 4294 illius

553 4333 868 4387 monasterii
898 4332 1297 4386 innnunitatum
1335 4332 1634 4386 acerrimus
1658 4341 2044 4401 prepugnator.

2303 3237 2382 3291 De
2418 3235 2687 3292 Orcadum
2733 3240 2993 3307 partibus.
3037 3238 3314 3295 Orcadum
3362 3238 3619 3294 lusularum
3654 3249 3727 3303 gra-

2232 3329 2391 3399 phica
2433 3328 2633 3399 legitur
2668 3328 2960 3398 descriptio
3002 3330 3142 3400 apud
3173 3330 3344 3385 Guill.
3395 3329 3665 3385 Camdenum
3698 3325 3729 3375 iu

2234 3419 2429 3475 lnsulis
2453 3418 2825 3475 Britannicis:
2866 3439 2882 3471 (
2905 3417 3132 3490 Objacet
3163 3421 3305 3475 Cath
3354 3420 3538 3491 regioni
3580 3416 3729 3475 Scutia.

2235 3525 2399 3580 quam
2448 3510 2519 3565 ob
2565 3507 3363 3579 promontoriumCathenesse
3413 3523 3539 3563 nunc
3582 3503 3727 3574 appelli-

2239 3615 2376 3669 tant,
2409 3623 2428 3657 ι
2456 3613 2561 3660 etc.
2580 3604 2647 3657 Et
2673 3603 2832 3673 paulo
2860 3615 3016 3674 post:
3053 3622 3070 3654 ι
3096 3604 3174 3657 Ex
3207 3604 3296 3659 his
3318 3602 3531 3674 (insulis)
3550 3595 3729 3654 Pomonia

2236 3694 2530 3766 episcopali
2555 3695 2813 3751 cathedra
2844 3695 3095 3762 celebris,
3127 3696 3390 3765 primaria
3417 3703 3509 3757 est,
3535 3712 3550 3743 ›
3578 3701 3656 3744 etc.

2309 3790 2494 3845 Eidem
2507 3788 2694 3844 clerico
2709 3792 3036 3844 concessisse.
3058 3810 3075 3840 (
3090 3790 3378 3862 Hodnlpho
3390 3778 3730 3859 nempet,(t‘erbl
3826 3778 3827 3839 Ῐ

2238 3892 2365 3935 sunt
2415 3880 2632 3935 Seldeni
2701 3881 2767 3935 de
2827 3882 2930 3936 hac
2980 3882 3210 3952 epistola
3260 3888 3313 3935 in
3343 3881 3476 3936 notis
3518 3879 3573 3932 ab
3617 3874 3730 3927 lib.t

2240 3971 2492 4025 Historia:
2505 3986 2765 4025 novorum
2784 3971 3119 4041 Eadmeri),t
3144 3972 3304 4041 cujus
3329 3985 3509 4026 nomen
3532 3966 3641 4038 quod
3659 3961 3731 4029 jam

2239 4065 2292 4119 in
2341 4066 2502 4120 dictis
2560 4064 2757 4119 litteris
2819 4065 3040 4119 minime
3098 4067 3385 4132 occurrit,
3433 4062 3664 4119 ediscimus
3690 4069 3729 4106 ει

2241 4158 2446 4212 Thema
2481 4155 2720 4222 Stubaao,
2759 4157 3473 4228 veteriarchiepiscoporum
3513 4154 3729 4208 Eboracen-

2242 4246 2644 4301 siumVitarum
2676 4247 2963 4317 scriptore,
2996 4248 3236 4302 nondum
3262 4248 3424 4302 edito.
3449 4265 3465 4297 ι

2314 4337 2457 4392 Duos
2481 4338 2744 4407 episcOpos
2767 4337 2979 4407 dirigat.
3007 4337 3063 4392 ld
3086 4338 3257 4393 moris
3281 4338 3523 4392 continuo
3549 4333 3590 4387 in
3610 4325 3729 4384 Beck-

622 4422 689 4476 Et
710 4423 1117 4477 bancabbatum
1137 4424 1332 4478 seriem
1367 4424 1690 4493 chartasque
1723 4424 2040 4494 prmpositas
2069 4439 2133 4478 ex
2170 4450 2214 4508 ι)
2242 4430 2322 4485 sia
2350 4430 2660 4501 episcopum
2686 4446 2715 4483 a
2742 4432 2913 4485 tribus
2950 4431 3141 4507 saltem
3180 4434 3447 4502 episcopis
3486 4418 3730 4485 consecrari.

552 4508 829 4567 veteribus
852 4513 910 4568 S.
940 4514 1215 4569 Michaelis
1245 4517 1607 4570 monumentis
1639 4517 1908 4586 excerpsit
1946 4531 2084 4571 unus
2106 4532 2138 4571 e

555 4605 829 4661 sodalibus
856 4607 1011 4673 meis,
1048 4617 1210 4677 atque
1241 4608 1304 4662 ad
1343 4624 1429 4662 me
1461 4608 1780 4663 transmisit.

1102 4715 1169 4753 Δι)
1205 4713 1499 4754 EPISTOLAII
1539 4716 1568 4753 ἰ
1579 4738 1592 4753 .

631 4786 899 4853 Quatenus
930 4788 986 4841 in
1025 4798 1299 4858 conspectu
1346 4789 1443 4842 Dei
1491 4799 1536 4842 et
1582 4790 1846 4843 hominum
1881 4792 2140 4846 evidenter

558 4886 830 4949 appareat.
859 4878 983 4932 Ideo
1006 4879 1135 4932 haec
1165 4877 1368 4948 prolert
1396 4887 1616 4949 propter
1654 4878 1940 4949 btigiosam
1994 4881 2136 4933 illam

557 4970 623 5024 de
652 4970 886 5040 primatu
914 4967 1325 5024 Cantuariensis
1364 4968 1622 5024 Ecclesiae
1652 4968 1705 5022 itt
1747 4969 2136 5023 Eboracensem

556 5062 911 5132 quaestionem
938 5061 1098 5116 toties
1127 5061 1417 5129 agitatam;
1442 5060 1509 5115 de
1530 5076 1633 5131 qua
1662 5062 1908 5131 superius
1934 5061 2137 5116 dictum

558 5162 642 5208 est
678 5152 1099 5231 saepe.'0ptima
1153 5168 1285 5208 sane
1331 5153 1433 5207 hoc
1494 5152 1614 5208 loco
1657 5152 1777 5223 (etsi
1821 5136 2139 5223 compendio

558 5245 742 5317 allata)
770 5246 1077 5317 suppeditat
1110 5246 1429 5301 documenta
1461 5244 1518 5300 S.
1554 5244 1914 5312 Lantrancus;
1940 5245 2137 5299 etenim

558 5341 865 5409 proximum
890 5341 1012 5396 siin
1042 5340 1151 5395 Deo
1194 5339 1415 5395 minime
1451 5339 1757 5411 diligamus,
1798 5337 1963 5393 Deum
1999 5339 2139 5393 haud

558 5449 825 5502 quaquam
902 5450 1088 5490 amare
1168 5434 1543 5491 cenviucimur
1598 5453 1611 5488 :
1671 5433 1728 5489 Si
1781 5432 1898 5505 quis
1950 5434 2138 5487 dixerit

559 5527 754 5595 (inquit
780 5529 1051 5597 apostolus
1073 5528 1311 5584 Joannes
1334 5528 1507 5598 Epist.
1544 5525 1609 5593 ll,
1634 5541 1751 5596 cap.
1778 5528 1853 5596 tv)
1894 5527 2139 5595 quoniam

562 5616 720 5686 diligo
742 5618 925 5684 Deum,
949 5633 995 5674 et
1022 5622 1235 5690 fratrem
1258 5638 1411 5675 suum
1443 5621 1630 5685 oderit,
1679 5620 1905 5675 mendax
1923 5628 2029 5683 est;
2053 5622 2141 5689 qui

560 5713 693 5764 enim
743 5727 843 5766 non
890 5713 1056 5778 diligit
1109 5714 1322 5778 fratrem
1358 5729 1529 5780 suum,
1575 5729 1724 5784 quem
1763 5712 1919 5780 ridet,
1950 5710 2135 5779 Deum,

2242 4519 2627 4591 perseveravit.
2656 4518 2863 4576 Concil.
2893 4503 3171 4576 Niczcnum
3202 4539 3324 4594 cap.
3352 4522 3421 4577 ιε
3459 4541 3475 4573 (
3494 4517 3731 4587 Episcopum

2241 4612 2495 4667 convenit
2522 4612 2759 4667 maxime
2786 4612 2854 4666 ab
2876 4613 3127 4669 onmibus
3160 4615 3252 4684 qni
3287 4624 3410 4668 sunt
3442 4613 3491 4666 in
3532 4600 3730 4679 produxit
3826 4600 3827 4655 ἒ

2240 4703 2511 4774 episcOpis
2541 4703 2803 4762 ordinari.
2843 4704 2899 4760 Si
2929 4715 3107 4759 autem
3134 4706 3238 4761 hoc
3285 4702 3488 4759 dilﬁcile
3507 4698 3652 4779 luerit,
3674 4696 3729 4742 ali
3826 4692 3827 4771 ζ

2240 4792 2459 4866 propter
2504 4795 2795 4850 instantem
2847 4797 3249 4865 necessitatem,
3302 4804 3393 4851 aut
3444 4802 3629 4869 praptcr
3679 4782 3728 4837 iti-
3826 4820 3827 4853 ξ

2241 4891 2389 4955 neris
2452 4874 2873 4960 longitudinem;
2952 4889 3122 4945 tribus
3178 4876 3669 4946 tatnen‘omnituodis
3701 4876 3732 4925 ίη

2240 4982 2469 5050 idipsum
2522 4980 2997 5047 convenientibus,
3058 4991 3110 5037 et
3152 4981 3463 5039 absentibus
3495 4977 3592 5053 pari
3630 4964 3734 5025 modo
3826 5050 3827 5059 χ

2240 5073 2657 5129 decernentibus
2688 5079 2743 5128 et
2787 5089 2882 5144 per
2932 5074 3132 5141 scripta
3177 5071 3619 5133 consentientibus,
3655 5070 3734 5113 tunc

2241 5162 2509 5219 ordinatio
2536 5162 2894 5218 celebretur.)
2942 5163 3176 5221 Consule
3213 5163 3518 5223 Μετιπάοω
3543 5159 3589 5214 in
3606 5152 3732 5209 οὑξει-
3826 5160 3827 5207 1

2241 5264 2352 5308 vat.
2379 5253 2446 5308 ad
2477 5252 2673 5323 librum
2722 5252 3205 5313 Sacramentorum
3238 5255 3616 5326 D.Greg.pap£o

2312 5342 2597 5415 Remigius.
2658 5343 3036 5399 Linconiensis
3097 5350 3385 5418 episcopus
3431 5344 3493 5400 ad
3547 5335 3734 5409 £9551."

2243 5436 2472 5491 Romani
2519 5453 2642 5492 cum
2670 5453 2775 5491 una
2808 5454 2929 5493 cum
2983 5438 3194 5497 Thema
3241 5436 3544 5498 Eboracensi
3583 5425 3736 5502 pellis“

2244 5531 2498 5585 vidimus.
2528 5549 2545 5581 ι
2568 5530 2661 5585 1110
2690 5532 2881 5599 primis
2919 5532 3080 5587 annis
3131 5536 3349 5608 egregia
3385 5531 3511 5604 apud
3542 5520 3733 5582 Dorm-

2246 5630 2414 5676 stram
2443 5622 2755 5686 meditatus,
2806 5633 2860 5677 et
2883 5623 3061 5694 aliqua
3086 5623 3271 5683 facere
3303 5627 3568 5696 ingressus,
3609 5610 3733 5696 uotif'

2245 5711 2380 5765 sime
2418 5725 2603 5765 curam
2623 5724 2838 5767 omnem
2866 5720 2916 5766 et
2945 5714 3133 5771 sedem
3171 5686 3429 5768 transtulit
3451 5709 3509 5763 ad
3526 5686 3732 5759 Lindoqu-
