3864 6304
92 332 185 389 585

1118 330 1181 385 ΙΝ
1222 329 1439 386 EPIST.
1478 328 1537 384 Β.
1579 327 1976 385 LANFRANCI
2015 328 2243 387 NOTJE.

3215 336 3322 394 586

95 446 214 499 uiam
260 424 617 512 (lj'ncouiam')
667 444 966 499 civitatem.
990 464 1007 496 ι
1043 443 1109 498 Et
1150 444 1310 498 intra.
1349 464 1367 495 ‹
1392 443 1543 512 Quod
1574 458 1640 499 eo

1755 444 1863 499 nica
1890 444 1948 499 S.
1983 444 2243 515 Stephani
2294 442 2646 504 Cadomensis
2673 446 2737 502 A.
2771 448 2834 505 C.
2890 449 3050 504 1001.
3090 458 3145 506 et
3198 467 3316 523 seq.

91 531 344 602 jucundius
391 542 534 597 erat,
586 538 707 603 quia
748 535 863 604 ipse
913 551 1011 604 pro
1060 535 1355 606 exiguitate
1395 536 1641 605 corporis

94 646 205 701 pene
249 639 558 699 portentum
589 633 820 686 hominis
864 632 1165 697 videbatur,
1198 631 1505 687 luctabatur
1551 646 1644 687 ex-

95 722 257 779 cellere
297 732 350 777 et
396 722 536 779 for-is
580 725 819 779 eminere
870 725 1106 788 animus,
1159 735 1383 793 eratque
1444 733 1647 795 gratior

94 816 256 884 exiguo
278 816 501 870 veniens
556 832 585 871 e
619 831 849 885 corpore
895 818 1068 872 virtus
1118 819 1298 888 (Vino.
1330 818 1548 872 .‘Eneid.
1588 835 1644 883 v,

94 906 213 977 316).
244 906 405 972 Quem
452 907 574 963 ideo
602 919 796 962 natura
827 909 1160 980 compegisse
1188 910 1422 973 videtur,
1448 918 1506 963 ut
1537 909 1646 964 sci-

94 1008 215 1053 retur
245 998 611 1051 beatissimum
652 998 923 1069 ingenium
970 999 1023 1052 in
1074 998 1383 1054 miserrimo
1417 1012 1646 1068 corpore

94 1088 327 1143 habitasse
354 1103 576 1158 posse.»
632 1088 906 1143 Hactenus
944 1088 1288 1143 Malmesbur.
1332 1089 1427 1143 lib.
1484 1105 1536 1144 tv
1570 1088 1646 1144 De

92 1178 252 1248 pontii.
285 1180 335 1233 in
360 1181 534 1250 episc.
568 1180 850 1245 Lincolu.;
887 1179 1106 1236 llcnric.
1154 1179 1487 1236 Huntindon.
1545 1182 1645 1237 sub

94 1272 225 1327 linem
247 1271 334 1326 lib.
363 1288 438 1327 vn
478 1272 751 1327 Historiae.

480 1365 645 1435 353
688 1381 756 1419 an
784 1378 1084 1420 EPISTOLAM
1115 1381 1217 1420 XII.

154 1453 377 1510 Wlstano
439 1456 778 1527 Vigorniemi
828 1454 1000 1523 Quam
1050 1457 1244 1528 insigni
1286 1456 1645 1513 sanctimonia

94 1552 281 1608 cinxerit
303 1551 359 1605 S.
390 1549 654 1605 Ulstanus
680 1550 965 1619 perhibent
1013 1551 1252 1620 Rogerus
1285 1550 1556 1604 Ilovedcu.
1588 1550 1641 1604 in

94 1643 339 1701 Guillelmo
365 1640 587 1697 seniore
634 1642 702 1696 ad
753 1657 844 1695 an.
900 1642 1040 1697 1070
1089 1652 1144 1697 et
1196 1643 1364 1708 1705;
1398 1640 1639 1697 ‘Guillel.

95 1736 396 1792 Malmesbnr.
432 1734 509 1789 De
536 1742 676 1805 gest.
705 1734 1000 1804 Anglorum
1047 1733 1142 1789 lib.
1195 1750 1280 1800 ιιι,
1341 1744 1394 1789 et
1440 1734 1534 1789 lib.
1589 1740 1645 1789 tv

1747 535 1982 592 Joannes
2011 545 2122 591 tum
2153 537 2505 594 Abrincensis
2536 540 2816 612 episcopus
2860 542 3097 598 libellum
3149 546 3321 600 edidit

1749 626 1825 681 De
1871 626 2059 683 ofﬁciis
2096 629 2511 697 ecclesiasticis“;
2562 647 2721 701 quem
2766 634 2999 702 primum
3050 635 3323 706 evulgavit

1748 719 2000 788 notisque
2020 721 2305 775 adornavit
2343 723 2686 778 doctissimus
2727 721 2968 779 Joannes
3014 726 3065 780 le
3092 722 3324 793 PrevOt,

1749 813 2202 883 Rothomagensis
2234 815 2487 870 Ecclesia:
2514 818 2829 872 canonicos.
2869 818 2943 872 De
2980 818 3188 875 Joanne
3215 820 3324 877 Ro-

1748 904 2086 975 thomagensi
2114 906 2166 960 in
2196 906 2318 961 Vita
2352 906 2413 960 Β.
2440 907 2756 973 Lanfrauci,
2787 924 2905 979 cap.
2930 909 2989 974 '5,
3017 926 3139 983 pag.
3170 910 3226 978 7,
3270 921 3328 968 et

1749 996 1890 1050 notis
1921 998 1986 1051 ad
2011 998 2277 1062 eamdem,
2309 1013 2432 1069 pag.
2464 998 2544 1052 lit.
2575 1004 2630 1064 ά,
2667 1000 2892 1055 inferius
2921 1000 3137 1056 iterum.

1817 1086 2065 1143 Casulnm
2090 1092 2281 1160 posuit.
2315 1091 2506 1147 Casula
2545 1110 2609 1149 eo
2666 1095 2768 1152 loci
2820 1113 2917 1167 pro
2968 1107 3119 1155 veste
3166 1116 3322 1157 sacra

1748 1182 2001 1235 sumitur.
2022 1182 2280 1238 Alcuiuus
2304 1184 2396 1237 lib.
2428 1187 2501 1240 De
2524 1186 2721 1242 divinis
2738 1188 2965 1257 olliciis;
2992 1193 3320 1261 Amalarius,

1748 1268 1842 1326 iib.
1876 1288 1937 1337 ιι,
1976 1288 2096 1343 cap.
2138 1275 2233 1341 19;
2278 1274 2554 1343 Rabanus,
2604 1278 2726 1334 libr.
2784 1296 2800 1335 ι
2853 1283 2930 1338 De
2982 1284 3325 1341 institutione

1747 1362 2090 1430 clericorum,
2130 1381 2249 1438 cap.
2282 1366 2373 1423 21.
2809 1378 2813 1383 '
3034 1376 3041 1379 "

1817 1454 2007 1527 Cappis
2029 1458 2221 1513 induti.
2247 1461 2321 1514 De
2341 1475 2631 1531 capparum
2662 1463 2777 1517 sive
2806 1464 3121 1534 pluvialium
3146 1468 3325 1524 ecclc‘

1745 1549 1968 1606 siastico
2006 1567 2130 1616 usu,
2179 1550 2370 1608 Isidor.
2431 1553 2523 1611 lib.
2585 1572 2654 1610 xv
2695 1554 3001 1626 Originum,
3056 1576 3172 1631 cap.
3222 1563 3322 1631 12;

1746 1644 2053 1715 llelgaudus
2084 1646 2137 1701 in
2166 1646 2291 1702 Vita
2318 1646 2540 1703 Roberti
2581 1651 2725 1721 regis
2756 1651 3117 1719 Francorum,
3156 1672 3324 1725 egens

1747 1737 1812 1791 de
1838 1736 2061 1806 capella.
2100 1736 2269 1793 Porro
2309 1739 2446 1794 ritus
2484 1756 2775 1811 capparum
2827 1744 3240 1802 deferendarum
3268 1750 3322 1802 in

94 1830 151 1883 De
191 1827 364 1896 pontii.
407 1827 462 1880 in
519 1826 790 1895 episcopis
837 1817 1343 1897 Vigorn.'uberius.
1387 1827 1493 1883 Sed
1530 1844 1640 1898 prae
1670 1810 1715 1869 Β
1744 1828 2048 1886 dedictionc
2109 1832 2484 1887 ccclesiarum‘
2514 1837 2809 1893 etiamnum
2858 1839 3199 1908 observatur,
3265 1852 3323 1897 ut

95 1920 266 1975 crteris
313 1915 631 1974 Florentius
682 1917 1057 1987 Vigorniensis
1122 1918 1236 1990 (ditt
1302 1918 1642 1973 familiariter

96 2012 265 2067 etuuB.
294 2011 523 2067 Ulstano
559 2011 613 2065 in
643 2014 831 2066 eodem
882 2012 1213 2067 monasterio
1264 2014 1637 2084 conversatus)

95 2105 146 2157 ad
170 2119 245 2156 an.
297 2102 455 2157 1062.
508 2102 693 2157 Pauca
750 2101 967 2157 interim
1018 2120 1081 2157 ex
1129 2102 1245 2173 ipso
1288 2104 1400 2157 haec
1454 2104 1635 2163 habe:

98 2194 284 2250 «Electa
324 2195 563 2250 Aldredo
594 2194 660 2249 ad
710 2193 1238 2265 archiepiscopatum
1285 2194 1641 2251 Eboracensis

99 2286 331 2353 Ecclesiae,
366 2286 424 2341 lit
448 2287 728 2342 unanimis
775 2301 1076 2342 consensus
1131 2295 1239 2341 tant
1295 2286 1425 2342 eleri
1478 2302 1639 2357 quam

96 2381 227 2436 totius
253 2381 417 2451 plebis
455 2377 861 2452 (Vigornensis)
894 2381 946 2437 in
980 2380 1097 2451 ejus
1125 2379 1385 2452 (Ulstani)
1417 2380 1637 2435 electio-

96 2490 162 2528 ne.
185 2475 269 2529 Illo
289 2490 413 2531 vero
427 2473 859 2535 obstinatissime
874 2482 1155 2537 renuente,
1183 2488 1348 2541 seque
1364 2473 1639 2543 indignum

96 2564 406 2630 acclamante,
434 2574 491 2621 et
512 2580 642 2621 cum
669 2571 1015 2619 sacramento
1065 2562 1366 2617 afﬁrmante
1393 2578 1450 2618 se
1473 2562 1641 2616 multo

98 2653 306 2712 libentius
352 2656 701 2713 decollationi
755 2670 918 2725 quam
962 2666 1073 2709 tam
1124 2653 1246 2708 alta:
1313 2654 1637 2710 ordinatioui

98 2749 399 2803 succumbere
421 2748 565 2803 velle
592 2788 607 2813 ,
655 2747 876 2801 tandem
906 2760 935 2801 a
964 2746 1083 2800 viro
1116 2745 1206 2801 Dei
1238 2743 1405 2801 Vulso
1432 2744 1640 2801 incluso

99 2844 355 2907 correptus,
394 2838 588 2893 divino
615 2837 778 2891 etiam
809 2835 1031 2891 oraculo
1062 2838 1300 2889 territus.
1328 2844 1640 2889 consentire

98 2945 194 2984 cum
214 2932 437 2986 maximo
497 2929 691 2986 dolore
742 2928 922 2983 cordis
960 2925 1272 2994 compulsus
1303 2935 1388 2983 est
1448 2946 1468 2979 ι
1530 2936 1635 2983 etc.

103 3020 327 3078 Eximium
354 3038 486 3078 vero
515 3021 733 3079 Ulstani
758 3020 998 3086 ell'atum,
1030 3020 1121 3075 ubi
1173 3029 1411 3075 veterem
1462 3019 1637 3075 cccle-

100 3114 204 3167 siam
230 3131 256 3169 a
295 3113 350 3169 S.
379 3114 624 3169 Osualdo
682 3111 1073 3167 exzedilicatam
1124 3110 1300 3182 detegi
1337 3126 1402 3165 ac
1453 3110 1637 3167 subrui

99 3208 409 3277 conspiceret,
446 3208 727 3273 lacrytuas
747 3214 931 3259 tenere
956 3204 1227 3272 nequivit'
1258 3204 1399 3259 unde
1427 3218 1456 3258 a
1481 3201 1640 3258 fami-

100 3297 281 3355 liaribus
327 3309 578 3355 modeste
627 3300 949 3368 redargutus
994 3298 1136 3367 quod
1189 3297 1359 3368 magis
1407 3296 1641 3367 gaudere

98 3390 301 3459 deberet,
352 3392 685 3463 respondit:
732 3409 750 3441 ι
806 3390 916 3460 Ego
979 3389 1135 3457 longe
1196 3388 1350 3443 aliter
1398 3387 1641 3459 Intelligo

101 3489 215 3553 quod
240 3504 328 3543 nos
354 3491 551 3542 miseri
612 3494 923 3539 sanctorum
976 3497 1139 3550 Opera
1185 3481 1535 3546 destruimus,
1583 3489 1641 3535 ut

98 3578 428 3634 nobislaudeat
460 3590 882 3646 comparemus;
910 3589 1017 3629 nou
1046 3583 1268 3628 noverat
1292 3572 1378 3627 illa
1403 3572 1639 3627 felicium

101 3667 301 3722 virorum
327 3679 457 3724 mtas
489 3658 831 3738 pompaticas
856 3666 999 3720 aedes
1029 3675 1345 3719 construere
1396 3664 1489 3719 sed
1542 3665 1641 3721 sub

100 3759 408 3829 qualicunque
435 3768 588 3816 tecto
610 3760 757 3828 ipsos
785 3758 895 3813 Deo
935 3757 1235 3821 immolare,
1266 3755 1641 3826 subiectosque

99 3852 148 3899 ad
173 3856 446 3921 exemplum
502 3859 812 3914 attrahere;
867 3864 967 3904 nos
1009 3857 1229 3903 econtra
1289 3849 1514 3903 nitimur
1560 3859 1637 3911 ut,

100 3932 363 3991 animarum
413 3937 758 4008 negligentes
816 3954 1027 4005 curam,
1063 3940 1471 3995 accumulemus
1510 3940 1647 4011 lapt-

99 4023 189 4079 des.
223 4047 238 4078 ι
269 4028 341 4084 ita
372 4031 464 4087 ille
508 4032 563 4085 in
611 4030 1081 4087 Malmesburiensi
1118 4032 1210 4087 ubi
1256 4049 1442 4103 supra.
1489 4030 1646 4099 Quod

101 4119 373 4188 ponderent,
413 4138 637 4193 precor,
682 4124 776 4193 qui
814 4124 983 4179 nimia
1024 4125 1303 4196 prurigine
1333 4125 1415 4194 (ut
1457 4125 1530 4179 ita
1565 4124 1647 4179 di-

103 4210 215 4280 cam)
234 4225 567 4287 occupantur
587 4224 763 4272 vetera
787 4217 1034 4272 abolendi
1058 4226 1431 4273 monumenta.

575 4313 641 4352 AD
670 4310 969 4353 EPISTOLAI
1002 4312 1122 4352 XIII.

152 4387 320 4446 loonni
346 4391 840 4446 Northmaunorum
868 4389 1273 4459 archiepiscopo.
1308 4387 1638 4444 Northman-

1742 1931 1928 1979 notum
1947 1931 2030 1977 est
2067 1938 2134 1978 ex
2163 1923 2299 1980 libro
2331 1923 2658 1982 Pontificali.

1808 2011 1913 2067 Leo
1935 2013 2188 2070 Romana:
2210 2016 2369 2080 sedis,
2394 2016 2681 2089 etc.flujns
2700 2035 2860 2091 supra
2883 2022 3226 2078 meminimus
3253 2023 3320 2077 ad

1740 2103 1937 2173 epist.5
1950 2103 1996 2156 it.
2018 2101 2407 2160 Nonnullarum
2424 2105 2773 2181 [cum]eg.sse
2787 2113 3225 2166 consecrationes
3238 2129 3323 2168 ec-

1740 2194 2045 2261 clesiarum,
2075 2205 2237 2266 atque
2264 2197 2409 2252 inter
2431 2198 2566 2254 alias
2580 2199 3204 2271 Romaricensismemis
3224 2205 3322 2257 ha-

1740 2284 1853 2340 bita
1878 2286 2127 2355 synodo),
2155 2284 2493 2343 cumGallias
2513 2288 2689 2357 primo
2708 2291 2788 2344 sui
2812 2292 3157 2360 pontificatus
3179 2307 3323 2348 anno

1741 2374 2019 2440 lustraret,
2079 2384 2347 2430 testantur
2389 2376 2626 2433 Annales
2699 2379 3051 2435 ealesiastici
3113 2382 3317 2437 Caesar.

1741 2465 1980 2533 Baronii,
2012 2475 2140 2521 tom.
2174 2468 2211 2533 l,
2237 2468 2324 2522 ad.
2353 2484 2481 2523 ann.
2508 2468 2666 2525 1040.

1811 2553 2226 2611 Romericensem
2257 2556 2567 2612 Ecclesium.
2597 2557 2944 2615 Romericum
2972 2575 3065 2616 seu
3114 2558 3319 2617 Roma-

1743 2649 1913 2703 ricum
1961 2665 2137 2713 mons,
2176 2651 2327 2706 locus
2354 2652 2497 2706 haud
2553 2653 2741 2723 procul
2777 2669 2806 2708 a
2838 2654 3073 2709 Moselke
3116 2656 3234 2724 ripa
3265 2656 3319 2711 iu

1742 2741 1953 2812 Vogeso
1976 2752 2176 2797 monte.
2211 2743 2269 2797 S.
2296 2743 2619 2801 Romaricus
2662 2746 2791 2801 inibi
2850 2746 3156 2801 emnohinm
3193 2763 3320 2802 san-

1741 2836 2131 2893 ctimuuialium
2154 2837 2489 2904 construxit;
2522 2839 2665 2893 unde
2696 2839 2848 2895 locus
2888 2850 2972 2894 est
3022 2840 3321 2911 appellatus

1740 2929 1894 2985 Mnus
1925 2931 2269 2997 Romaricus,
2307 2939 2363 2987 ct
2408 2932 2714 2999 vernacule,
2768 2934 3029 2989 vocabulo
3058 2944 3318 3004 corrupto

1740 3019 2112 3089 Remiremont,
2143 3023 2293 3091 quasi
2325 3021 2753 3092 Romaricmout,
2784 3025 3054 3080 vocitatur
3090 3034 3141 3080 et
3184 3024 3322 3080 San-

1742 3122 1855 3166 ctus
1883 3112 2053 3169 Mons.
2080 3115 2242 3170 Multa
2291 3115 2357 3171 de
2385 3115 2443 3170 S.
2477 3116 2763 3171 Romarico
2790 3126 2843 3171 et
2890 3116 3006 3186 ejus
3046 3118 3315 3181 cmnobio,

1691 3200 1711 3221 ⁴
1743 3218 1843 3259 nec
1869 3219 1974 3259 non
2003 3206 2067 3260 de
2090 3205 2294 3262 Sancto
2322 3207 2501 3262 Monte
2532 3208 2683 3278 llugo
2707 3206 2991 3262 Menardus
3041 3208 3094 3262 in
3124 3208 3287 3263 obscr
3312 3246 3319 3252 .

1743 3292 2049 3349 rationibus
2070 3295 2136 3350 ad
2168 3297 2608 3369 martyrologium
2636 3297 3047 3352 Benedictinum
3079 3300 3145 3352 ad
3169 3298 3313 3352 diem

1742 3382 1797 3439 8.
1829 3384 2083 3439 Dccemb.

1816 3476 2148 3546 Manipulum
2201 3494 2311 3532 esse
2354 3495 2623 3534 commune
2668 3491 3053 3536 ornamentum.
3093 3480 3321 3536 Alcuine

1741 3581 1797 3628 et
1824 3570 2050 3627 Rabano
2079 3573 2385 3628 communis
2404 3583 2487 3628 est
2512 3575 2722 3629 czeteris
2743 3575 3023 3629 ordinibus
3067 3575 3319 3644 manipu-

1744 3664 1849 3728 lus,
1879 3662 2026 3717 velut
2049 3663 2277 3718 amictus
2304 3672 2359 3719 et
2393 3664 2534 3729 alba,
2574 3664 2840 3733 siquidem
2889 3680 2987 3736 pro
3044 3663 3318 3735 mappula,

1742 3770 1863 3825 qum
1892 3754 2113 3810 sinistro
2136 3763 2353 3825 aptatur
2377 3755 2617 3820 brachio,
2649 3756 2712 3810 ad
2760 3758 3017 3813 humores
3038 3774 3070 3813 e
3094 3758 3320 3813 naribus

1744 3857 1904 3917 atque
1925 3847 2095 3903 oculis
2119 3847 2416 3904 dellucntcs
2446 3848 2824 3920 extergendos,
2857 3850 3141 3921 accipitur.
3175 3849 3323 3919 Map-

1742 3937 1946 4005 pulam,
2000 3939 2218 4009 phanon
2275 3953 2369 3993 seu
2407 3938 2633 3995 mantile
2676 3938 2862 3996 dicunt
2902 3938 2977 3993 illi
3037 3949 3313 4003 auctores,

1740 4025 1949 4095 primus
1978 4025 2070 4081 lib.
2097 4027 2171 4081 De
2200 4026 2397 4083 divinis
2425 4027 2637 4092 ofﬁciis,
2672 4028 2811 4084 alter
2830 4044 2958 4083 vero
2979 4028 3055 4085 De
3080 4028 3317 4084 institut.

1741 4117 2060 4173 clericorum
2086 4117 2180 4173 lib.
2206 4135 2242 4183 ι,
2267 4135 2385 4190 cap.
2420 4120 2504 4173 18.
2541 4121 2614 4174 De
2643 4120 2912 4191 manipulo
2941 4137 3034 4176 seu
3065 4122 3320 4192 mappulo

1741 4210 2033 4279 praedictus
2077 4209 2365 4265 Menardus
2396 4209 2756 4267 Concordiam
2792 4214 3101 4284 regularum
3144 4215 3320 4284 expli-

1742 4315 1894 4365 cans,
1919 4317 2040 4373 pag.
2075 4302 2175 4358 891
2200 4319 2215 4367 ;
2252 4301 2532 4359 Gavantus
2558 4303 2613 4358 in
2644 4301 2893 4362 rubricas
2914 4305 3148 4360 missalis
3172 4316 3317 4377 part.

1740 4406 1801 4446 ιι.
1830 4392 1912 4446 tit.
1945 4394 1996 4448 1.

102 4495 256 4537 norum
304 4484 542 4556 appellat
588 4482 1054 4551 archiepiscopum
1123 4481 1637 4554 Rotbomagensem,
1673 4500 1716 4555 υ
1812 4482 1992 4538 Solent
2042 4483 2177 4551 ferre
2227 4486 2574 4557 manipulum.
2651 4487 2923 4558 Ahrogata
2976 4492 3319 4558 postmodum

101 4594 194 4632 eam
220 4582 278 4636 ob
303 4596 530 4636 causam
590 4579 715 4649 quia
757 4577 867 4647 juri
919 4578 1091 4648 ipsius
1135 4577 1345 4632 subsint
1399 4578 1637 4632 universi

102 4664 461 4727 Nnrthmanniac
477 4670 738 4742 episcopi.
772 4668 848 4723 Eo
871 4668 1035 4722 etiarn
1060 4668 1315 4738 loquendi
1344 4669 1506 4723 modo
1536 4668 1641 4721 uti-

103 4766 171 4811 tur
200 4763 340 4831 epist.
371 4764 441 4819 54
496 4761 757 4818 Scribens
816 4760 1111 4814 Domualdo
1163 4760 1328 4813 totius
1372 4759 1640 4814 Hibernia:

104 4838 494 4921 metropolitano,
515 4852 786 4908 llibemize
811 4852 1121 4922 episcopum
1147 4860 1441 4922 nuncupat.
1469 4852 1638 4905 Joano

104 4941 313 5013 uisgesm
339 4948 479 5019 stylo
504 4962 602 5001 suo
625 4946 899 5016 prosecuti
941 4952 1066 4998 sunt
1099 4942 1369 4999 Guillelm.
1401 4938 1640 4998 Gemcti-

102 5036 244 5089 ccnsis
272 5037 402 5092 Hist.
436 5039 534 5093 lib.
565 5053 660 5099 vn,
694 5051 814 5105 cap.
848 5034 941 5101 38,
991 5044 1045 5089 et
1087 5034 1184 5090 lib.
1236 5050 1359 5099 vnt,
1391 5049 1511 5104 cap.
1566 5036 1634 5099 ὃς

103 5122 283 5183 Ruben.
305 5131 368 5185 de
386 5131 566 5185 Monte
586 5133 639 5185 in
654 5130 923 5185 Chronico
953 5145 1056 5193 ms,
1084 5144 1209 5182 ann.
1243 5127 1378 5183 1067
1401 5137 1455 5184 et
1480 5128 1634 5184 1074.

101 5211 183 5268 Sed
206 5221 423 5275 maxime
450 5221 678 5277 Orderic
718 5218 875 5273 Vilal.
916 5218 1054 5274 Hist.
1085 5217 1178 5273 lib.
1216 5234 1285 5272 tv.
1317 5234 1438 5289 pag.
1489 5218 1593 5272 507
1621 5234 1635 5272 :

105 5302 353 5365 «Joannes
407 5313 473 5366 de
503 5313 631 5367 sedc
673 5310 1088 5375 Abrincatcnsi,
1127 5324 1288 5379 quam
1320 5309 1351 5361 7
1387 5323 1543 5363 anms
1585 5317 1640 5362 et

100 5408 293 5461 quatuor
320 5405 592 5461 mensibus
618 5412 853 5467 rexerat,
884 5412 938 5457 et
963 5400 1413 5471 metropolitanus
1437 5398 1638 5453 ltotho-

101 5495 331 5558 magensis
351 5495 520 5551 factus
542 5505 643 5551 est.
677 5495 778 5552 llic
817 5496 1012 5551 ardore
1063 5496 1324 5550 virtutum
1357 5494 1412 5547 in
1458 5493 1638 5548 verbis

100 5589 141 5631 ct
164 5588 394 5652 operibus
422 5589 794 5659 multipliciter
823 5587 1089 5654 fervebat,
1122 5589 1400 5657 nimioque
1432 5586 1548 5641 zelo
1584 5585 1636 5641 in

101 5671 224 5740 vitia,
256 5689 312 5733 ut
337 5678 565 5735 Phinces
618 5681 894 5740 saeviebat.
942 5701 960 5733 ι
1002 5689 1110 5736 etc.
1145 5680 1303 5735 Plura
1334 5679 1457 5734 vide
1496 5678 1634 5748 apud

101 5770 332 5841 eumdem,
362 5775 538 5838 lib.tv,
562 5792 685 5846 pag.
715 5776 848 5840 527;
877 5777 969 5831 lib.
998 5793 1044 5841 v,
1074 5792 1197 5847 pag.
1237 5775 1357 5830 551.
1387 5774 1450 5827 Et
1472 5773 1636 5829 Chro-

380 5871 641 5933 ΡΔτιιοι..
689 5871 814 5933 CL.

1740 4571 1847 4628 fuit
1896 4575 1995 4629 ista
2040 4579 2392 4633 consuetudo.
2443 4578 2648 4635 Concil.
2694 4579 3013 4638 Pictavense
3062 4599 3127 4647 ιι,
3158 4585 3322 4659 354

1741 4666 1842 4721 sub
1880 4664 2121 4721 Paschali
2158 4667 2219 4733 ll,
2253 4683 2369 4739 cap.
2407 4668 2441 4723 5
2480 4686 2494 4725 :
2534 4688 2551 4721 ι
2600 4670 2669 4727 Ut
2720 4686 2878 4725 nemo
2931 4676 3317 4731 monachorum

1741 4755 1997 4826 deinceps
2036 4759 2326 4831 manipulis
2360 4770 2562 4828 utatur,
2613 4763 2715 4817 nisi
2752 4761 2914 4818 fuerit
2956 4766 3319 4824 subdiaconus

1740 4845 2040 4901 ordinatus.
2094 4868 2112 4900 ι

1811 4936 1881 4990 Et
1904 4938 1966 4991 de
2005 4938 2302 4993 ordinando
2346 4940 2688 4995 subdiacono.
2719 4943 2850 5010 Qua:
2881 4943 2933 4998 in
2971 4931 3317 4999 ordinatione

1741 5027 2052 5083 subdiaconi
2083 5037 2208 5083 sunt
2235 5030 2562 5099 peragenda,
2595 5033 2848 5101 perdocte
2898 5049 3019 5087 cum
3062 5049 3129 5087 ex
3177 5050 3311 5087 con-

1740 5121 1899 5186 ciliis,
1930 5128 2043 5175 tum
2070 5135 2136 5174 ex
2166 5121 2404 5190 antiquis
2430 5121 2681 5178 Patribus
2724 5126 2861 5179 idem
2893 5125 2982 5195 qui
3011 5141 3171 5193 supra
3196 5124 3311 5177 Mr-

1738 5212 1940 5268 nardns
1966 5213 2018 5267 in
2049 5213 2245 5267 librum
2270 5213 2610 5271 Sacrament.
2644 5217 2701 5271 D.
2729 5216 2975 5287 Gregorii
3001 5233 3169 5287 papae,
3188 5232 3310 5288 pag.

1736 5304 1864 5369 280,
1892 5305 2161 5359 edisserit.

1808 5398 1939 5452 Cum
1989 5416 2125 5469 aqua
2152 5400 2358 5456 manili.
2400 5400 2475 5456 De
2501 5416 2653 5471 aqua:
2678 5401 2915 5468 manilis,
2969 5404 3192 5468 urceoli,
3251 5420 3313 5459 ac

1738 5492 2153 5562 mamanutergii
2192 5492 2588 5563 signiﬁcatione
2644 5493 2843 5548 videsis
2889 5494 3163 5562 eumdem,
3196 5494 3315 5551 loco

1739 5587 1929 5651 citato,
1957 5584 2086 5641 281.

2252 5691 2319 5730 AD
2351 5689 2646 5729 EPISTOIAM
2675 5690 2786 5729 XIV.

1812 5767 2164 5825 Temerarinm
2216 5768 2593 5838 superbamque
2652 5766 3017 5837 temeritatem,
3064 5778 3173 5834 etc,
3216 5769 3314 5826 llic

2728 5860 2804 5922 19
