3864 6304
551 312 654 369 5S7

1771 305 1999 364 DOMlNl
2031 304 2234 361 LUCJE
2277 304 2591 362 DACllEllll
3650 322 3718 384 ω

557 433 651 485 inn
674 444 800 485 nere
827 430 1037 485 videtur
1066 428 1208 499 quod
1237 429 1431 483 Joanni
1463 428 1603 483 inter
1632 428 1919 482 missarum
1960 426 2155 481 soleu:-
2186 432 2228 487 Λ
2258 424 2338 478 sui
2363 424 2539 494 gaudii
2570 423 2789 494 pneripi
2821 424 3083 489 dolentes,
3111 427 3389 495 pontiﬁcali
3421 439 3568 487 tamen
3590 448 3720 493 aucti».

553 523 643 575 nia
681 523 738 575 in
762 520 988 575 ecclesia
1019 520 1079 574 S.
1108 520 1350 574 Audoeui
1378 520 1595 584 accidit,
1624 527 1682 573 ut
1704 533 1773 573 ex
1801 518 1981 573 verbis
2004 516 2154 570 hisce

555 610 910 678 insequentis
935 609 1180 680 epistola:
1229 609 1460 677 conjicio
1517 608 1893 662 Perditissimw
1943 620 2154 674 congre-

553 701 828 770 gati'onis;
857 702 1001 769 quod
1026 701 1413 755 adnotabinms
1454 699 1675 754 ibidem.
1720 700 1897 768 Atque
1931 698 1983 752 id
2035 697 2152 767 qni-

554 798 677 848 dem
734 794 1019 863 speciatim
1072 805 1381 849 coaetaneus
1437 802 1650 857 auctor,
1700 807 1785 847 res
1834 791 2149 861 pontiticnm

556 885 1091 955 Rotlt-omagcusium
1120 899 1471 953 persequens,
1496 883 1781 952 expressit,
1809 882 1963 951 cujus
1988 882 2152 935 verba

562 974 797 1028 tametsi
829 974 1040 1043 longius
1062 984 1358 1029 excurrunt
1392 990 1496 1027 non
1529 975 1626 1028 abs
1663 990 1720 1027 re
1749 971 1910 1027 fuerit
1940 972 2149 1027 audire.

559 1065 651 1129 Sic
694 1065 861 1130 igitur
885 1066 1085 1119 habent
1117 1083 1128 1117 :

561 1133 636 1187 De
683 1132 911 1188 tumultu
944 1137 996 1188 in
1026 1137 1088 1188 Α.
1128 1135 1371 1188 Andoeni
1403 1135 1535 1201 festo
1575 1135 1657 1187 die
1686 1144 1730 1186 ct
1778 1134 2016 1196 nbbotia,
2064 1150 2154 1199 rer

643 1206 1111 1327 utre/iicpiscopum,
1139 1217 1367 1275 tempore
1384 1204 1424 1259 (1
1434 1204 1649 1258 uillelmi
1666 1203 2152 1275 Nortltitumuorunt

645 1292 662 1326 ί
684 1292 815 1327 una.
1412 1292 1413 1295 ‘
2138 1290 2143 1309 τ

593 1317 598 1326 .
645 1290 815 1328 (Πιηῦ.
1412 1292 1413 1295 “
2138 1290 2143 1309 ³

642 1368 814 1422 Causa
844 1367 944 1422 fuit
998 1368 1123 1439 quia
1170 1368 1467 1433 insolitum,
1507 1374 1566 1422 nt
1617 1368 1732 1423 loco
1793 1366 2150 1429 nobilissimo,

572 1470 625 1515 et
652 1461 720 1513 ab
750 1461 896 1515 onmi
948 1474 1003 1515 re
1033 1477 1125 1515 seu
1154 1460 1540 1515 consuetudine
1570 1460 1967 1529 archiprzesnlis
1995 1458 2155 1529 hujus

579 1552 746 1615 urbis,
775 1552 1059 1622 privilegio
1080 1552 1257 1606 Caroli
1290 1550 1463 1620 Magni
1496 1550 1667 1606 libero
1714 1552 1785 1605 sit
1817 1550 2150 1613 memoriale,’

576 1657 681 1710 quo
710 1658 768 1695 se
797 1644 1039 1712 przebent
1072 1659 1169 1696 nec
1197 1643 1249 1695 iu
1288 1642 1495 1712 magnis
1545 1643 1857 1697 excessibus
1916 1642 2154 1711 ipsorum

576 1736 786 1805 aliquod
810 1736 1036 1806 jnstilite
1063 1735 1264 1790 deberi.
1297 1733 1469 1788 Causa
1498 1743 1615 1787 erat
1640 1734 1766 1803 quia
1815 1733 2151 1799 Guillelmus,

573 1825 1070 1881 Northmanuorum
1096 1841 1277 1880 comes
1309 1835 1360 1879 et
1386 1825 1679 1895 Anglorum
1717 1840 1807 1879 rex
1868 1824 2152 1894 gloriosus,

577 1918 903 1972 Cenomanis
927 1935 1044 1971 cum
1072 1919 1414 1987 expeditione
1440 1936 1533 1973 sua
1564 1921 1895 1973 morabatur.
1916 1920 2157 1973 Aderant

573 2007 621 2062 ei
661 2008 799 2061 inter
826 2007 1065 2077 reliquiis
1100 2024 1351 2077 proceres
1384 2010 1483 2063 iste
1526 2009 1762 2064 Joannes
1814 2012 1956 2064 sedis
2004 2010 2158 2065 istius

576 2098 1045 2165 aribiepiscvpns,
1083 2109 1137 2150 ut
1184 2100 1264 2151 vir
1318 2099 1632 2153 excellentis
1696 2100 1921 2170 ingenii,
1965 2109 2019 2153 et
2051 2112 2155 2153 non

571 2188 865 2242 meﬁioeris
939 2190 1172 2243 (ous'lti.
1248 2190 1498 2244 Nlﬁtllls
1565 2207 1779 2259 queque
1835 2193 2157 2245 re'crendns

571 2280 739 2333 abbas
776 2280 1072 2347 supradicti
1113 2281 1369 2333 emnobii.
1426 2281 1744 2335 lmniinebat
1804 2280 2155 2335 eeletzcrrima

576 2370 811 2437 totisque
842 2369 982 2423 votis
1013 2370 1337 2437 excipienda
1383 2370 1713 2423 snit-tissimi
1767 2369 2007 2423 Andceni
2042 2370 2158 2423 dies

573 2458 839 2524 natalilia,
869 2468 920 2512 et
951 2459 1076 2527 quia
1115 2458 1281 2513 moris
1314 2466 1396 2512 est
1447 2469 1505 2512 ιιι
1552 2458 1991 2528 archiepiscnpus
2042 2459 2155 2527 ipsa

572 2550 658 2604 die
690 2549 820 2604 inibi
865 2550 1150 2604 missarum
1184 2550 1443 2604 solemnia
1474 2551 1731 2611 celebret,
1774 2568 1878 2604 non
1923 2567 2020 2621 pro
2050 2550 2153 2603 ulla

572 2641 786 2707 quidem
821 2641 902 2694 vel
952 2641 1119 2709 ipsius
1149 2640 1408 2709 jentacnti
1445 2642 1685 2697 vicissim
1712 2642 1837 2701 fine,
1875 2642 1967 2695 sed
2000 2643 2154 2710 quasi

574 2732 629 2784 in
662 2732 1217 2799 recompensationem
1250 2733 1680 2787 censeoratiouis
1708 2749 1837 2795 sum,
1865 2749 2025 2801 quam
2050 2751 2153 2787 turn

572 2822 672 2876 nisi
705 2822 756 2874 iu
782 2822 998 2889 pra-tata
1027 2822 1279 2885 ec.-lesia,
1315 2821 1468 2890 enjns
1490 2824 1645 2877 sedes
1676 2830 1993 2887 memorata,
2029 2825 2156 2879 licet

572 2917 841 2984 accipere,
877 2917 1135 2970 missione
1172 2932 1200 2968 a
1250 2931 1376 2984 rege
1416 2917 1602 2987 petit",
1660 2919 1871 2971 redibat
1920 2922 2152 2984 (oncite,

575 3004 771 3058 abbate
798 3006 1188 3073 pnenmninato
1219 3006 1429 3059 interim
1468 3008 1533 3059 ad
1587 3009 1936 3077 oceapatiora
1984 3026 2156 3064 rema-

575 3107 757 3159 nente.
824 3097 962 3161 Quid
997 3097 1183 3164 plura?
1235 3099 1385 3152 adest
1437 3098 1553 3151 dies
1602 3102 1929 3166 veneranda,
1973 3101 2152 3157 clerici
2187 3137 2227 3192 ρ

577 3185 799 3253 majoris
824 3187 1070 3241 ecclesiae
1093 3188 1250 3243 solito
1279 3204 1344 3242 eo
1374 3190 1721 3255 conveniunt,
1765 3201 1818 3244 et
1845 3193 1968 3261 quia
2019 3209 2158 3262 prce»-

579 3278 748 3332 misso
804 3279 993 3337 nuntio
1044 3288 1332 3332 venturum
1389 3294 1451 3335 se
1490 3282 1865 3345 mandaverat,
1920 3283 2158 3338 solemne

577 3369 866 3423 missarum
895 3369 1107 3424 interim
1139 3369 1408 3424 dill‘ertnr.
1464 3370 1591 3425 Post
1620 3373 1930 3439 aliquandiu
1967 3391 2094 3430 vero
2123 3391 2154 3432 e

576 3463 851 3517 communi
880 3462 1133 3524 consilio,
1166 3478 1231 3517 ne
1258 3465 1394 3533 quid
1416 3473 1573 3519 tanta:
1594 3467 1695 3521 diei
1726 3468 2155 3535 subtraherelur,

575 3554 702 3607 dum
734 3554 942 3617 veniat,
978 3553 1244 3607 iuitiatnr.
1280 3552 1452 3608 Tanta
1483 3570 1611 3611 vero
1639 3559 1972 3624 morositate,
2006 3569 2155 3630 tanta

571 3644 622 3696 i-.l
658 3642 859 3698 factum
911 3655 993 3698 est
1026 3645 1328 3710 devotione,
1359 3656 1543 3700 utnon
1577 3648 1771 3702 mirum
1806 3651 1931 3706 totis
1951 3653 2158 3706 ‘animis

574 3735 1032 3802 bostemgcncris
1064 3736 1289 3789 humani
1328 3739 1394 3790 ad
1428 3738 1566 3792 hanc
1608 3739 1870 3795 'liﬂllliilln
1934 3744 2156 3797 turban-

570 3827 696 3879 dam
727 3827 1017 3890 exat-sise,
1042 3827 1132 3896 qui
1163 3828 1403 3883 maximo
1422 3830 1531 3884 sibi
1564 3829 1717 3884 lucro
1742 3833 1975 3887 credidit
2002 3850 2154 3889 acce-

569 3918 719 3981 dere,
751 3918 828 3971 sic
862 3918 987 3971 illud
1022 3933 1229 3973 veneno
1269 3935 1381 3973 snze
1410 3921 1666 3989 nequitia:
1692 3929 1905 3991 tempus
1936 3923 2156 3978 inlicere

569 4008 713 4074 quod
751 4007 972 4062 interim
1007 4009 1109 4062 sibi
1160 4008 1379 4063 dolebat
1423 4010 1688 4078 deperire.
1741 4011 1923 4066 Finito
1976 4013 2157 4082 itaque

566 4099 759 4152 elcison
779 4115 901 4154 cum
923 4098 1136 4154 duobus
1161 4100 1430 4171 rhythmis
1453 4111 1644 4155 exacto
1658 4099 1836 4155 Gloria
1863 4104 1915 4157 in
1941 4108 2157 4161 excelsis

566 4192 700 4253 ﬂeo,
747 4190 891 4261 quod
939 4190 1237 4260 inemptum
1287 4191 1355 4246 ab
1393 4191 1591 4247 abbate
1630 4194 1861 4248 ltieardo
1908 4193 2155 4263 Sagiensi

564 4283 764 4337 chorus
791 4282 1150 4337 celeberrime
1179 4281 1357 4337 fuerat
1408 4292 1703 4338 exsecutus
1740 4300 1861 4337 etim
1908 4284 2156 4342 laudibus

564 4375 708 4437 suis;
741 4374 792 4428 id
814 4389 942 4428 vero
976 4383 1146 4428 totum
1187 4374 1596 4441 expendebatnr
1651 4375 1702 4429 in
1752 4376 2152 4446 prmstolatione

2262 518 2408 571 ritati
2446 517 2666 589 cedunt,
2710 517 2919 572 festivis
2966 536 3025 573 se
3073 522 3344 574 ornatibus
3394 535 3589 591 exuunt,
3628 534 3720 587 satis

2254 624 2376 664 cum
2422 610 2651 662 tumultu
2707 610 2939 665 ecclesia
2986 612 3346 680 egrediuntur.
3411 614 3510 670 llec
3544 620 3718 685 quidam,

2254 716 2379 770 pars
2424 700 2514 755 illo
2543 700 2634 754 alii
2671 700 2778 754 alio
2808 702 3121 767 succedunt,
3175 702 3393 757 invicca
3449 714 3497 758 et
3542 708 3594 761 ad
3632 724 3719 764 suos

2255 804 2418 859 supra
2456 804 2556 845 suo
2600 792 2803 859 pudore
2843 800 3158 855 maerentes,
3211 804 3587 860 commentatur.
3629 798 3720 851 Cum

2254 882 2433 937 subito
2454 882 2693 952 quidm],
2720 883 2973 937 mmroris
3000 882 3307 952 impatiens,
3355 885 3547 939 dubium
3567 890 3721 957 quidem

2253 990 2321 1028 an
2349 990 2417 1029 ex
2445 976 2575 1045 ipsis
2608 976 2688 1029 vel
2726 990 2914 1029 eorum
2947 974 3183 1041 famulis,
3240 978 3356 1045 plus
3396 977 3579 1042 furoris,
3604 982 3722 1037 nonus

2254 1068 2466 1122 consilii
2517 1069 2700 1121 animo
2762 1068 3042 1136 colligens,
3096 1067 3286 1121 turrim
3326 1080 3562 1139 properat,
3608 1071 3722 1143 majus

2255 1157 2496 1212 ecclesiae
2524 1159 2734 1227 signum
2767 1158 2965 1227 pulsat.
3001 1157 3136 1213 llinc
3182 1158 3325 1214 foras
3376 1163 3509 1214 ocior
3554 1164 3721 1223 tltit'ttlltl;

2255 1246 2719 1316 archiepiscopum
2753 1250 2925 1301 sancti
2952 1248 3199 1303 Audeeni
3231 1248 3430 1318 glebam
3462 1252 3518 1303 ad
3543 1250 3723 1318 maiorem

2255 1339 2541 1392 ecclesiam
2574 1349 2857 1408 asportare
2882 1340 3018 1394 velle
3043 1341 3355 1409 procL'tmat.
3386 1344 3722 1398 Proilitmtom-

2258 1446 2355 1486 nes
2383 1449 2412 1487 c
2441 1432 2714 1497 domibus,
2742 1434 2830 1487 alii
2864 1434 3127 1503 gladium,
3181 1435 3233 1489 hi
3264 1436 3521 1505 bipennem
3588 1440 3723 1491 diversi

2257 1526 2398 1593 quod
2453 1525 2686 1593 primum
2741 1527 2794 1579 in
2854 1527 3106 1581 manibus
3166 1540 3479 1589 occurrerat,
3520 1531 3724 1597 nuntiant.

2258 1614 2542 1668 ecclesiam
2578 1631 2699 1669 eum
2731 1615 2915 1671 furore
2968 1616 3292 1685 irrumpunt.
3325 1618 3527 1683 Quidam
3567 1620 3726 1671 curiosi-

2260 1715 2369 1759 tate
2402 1707 2507 1759 acti
2534 1707 2705 1760 cclata
2734 1708 3051 1763 monasterii
3082 1710 3462 1764 conscendunt.
3509 1712 3725 1777 AfClthpiSv

2259 1814 2426 1868 cepus
2492 1801 2698 1855 circum
2753 1802 2897 1855 circa
2936 1802 3233 1856 furentium
3283 1818 3338 1857 se
3405 1804 3565 1857 turmis
3606 1804 3723 1871 appeti

2260 1905 2645 1959 expavescens,
2674 1890 2794 1960 plus
2829 1902 3005 1946 tamen
3034 1893 3272 1963 desuper
3318 1893 3613 1948 imminentes
3651 1912 3725 1946 ιυρ-

2261 1988 2437 2047 tuens,
2471 1983 2538 2035 ab
2564 1982 2719 2036 altari
2748 1983 2813 2036 a.l
2838 1983 3020 2037 Valvas
3045 1984 3354 2038 monasterii
3378 1985 3534 2054 fugam
3555 1984 3723 2052 arrpuit.

2262 2072 2360 2127 Vix
2386 2073 2436 2125 el
2455 2090 2599 2142 :psus
2623 2072 2759 2128 intra
2782 2075 3042 2128 ambitum
3067 2089 3279 2139 carum,
3305 2075 3426 2144 ipsis
3447 2074 3723 2143 prinscbuis.

2259 2180 2319 2221 se
2351 2167 2553 2235 retepit
2593 2184 2606 2219 :
2641 2166 2877 2235 undique
2906 2169 3138 2221 'cireum
3192 2183 3251 2222 se
3296 2168 3467 2223 se'ilia
3509 2178 3551 2220 et
3592 2167 3723 2220 {emas

2260 2256 2537 2326 aggregari
2567 2256 2711 2309 fecit.
2744 2255 2995 2313 Nonnulli
3036 2267 3217 2312 tamen
3242 2258 3396 2330 355
3448 2258 3585 2328 partis
3616 2256 3723 2325 ipsius

2260 2348 2492 2418 arreptis
2516 2348 2880 2413 candelabris,
2941 2350 3117 2405 cereis
3166 2362 3221 2405 et
3254 2353 3482 2420 perticis,
3534 2352 3574 2403 in
3606 2366 3726 2403 ιιιοηιιο

2260 2441 2391 2495 chos
2418 2440 2653 2501 etl‘erati,
2682 2442 2774 2497 sed
2810 2443 2876 2496 ab
2923 2443 3004 2497 eis
3046 2460 3151 2498 non
3186 2445 3419 2514 segniter
3462 2442 3639 2512 excepti.
3664 2440 3725 2493 Pi:-

2258 2532 2351 2587 det
2387 2534 2568 2588 dlccre
2601 2550 2762 2603 quam
2814 2535 2957 2589 {male
2984 2537 3237 2607 exemplo
3288 2552 3373 2592 res
3419 2552 3476 2590 co
3500 2536 3568 2589 die
3607 2534 3725 2587 debuit

2260 2623 2629 2678 determinari.
2658 2624 2919 2679 Consistit
2951 2626 3087 2681 satis
3115 2628 3235 2696 ipso
3289 2626 3373 2682 (lie
3406 2626 3613 2681 meritum
3649 2639 3725 2675 saa-

2259 2715 2328 2768 cti
2358 2716 2611 2769 omnibus
2636 2715 2899 2782 adfuisse,
2945 2719 3036 2785 qui
3090 2717 3221 2772 hinc
3259 2718 3560 2773 saevientium
3602 2728 3726 2768 nlatztlS

2258 2806 2687 2875 comprimendo,
2727 2808 2853 2862 hinc
2877 2808 3289 2879 archiepiscopo
3317 2825 3429 2863 eum
3462 2809 3556 2863 suis
3578 2821 3627 2861 eo
3655 2820 3726 2855 ct-

2260 2899 2456 2953 mendo
2484 2899 2743 2968 periculo,
2781 2910 2991 2954 tantum
3059 2901 3217 2956 nefas
3273 2918 3374 2956 non
3407 2916 3551 2968 parvo
3586 2897 3725 2952 uinclis

2259 2990 2522 3045 miraculo
2550 2991 2722 3059 potuit
2763 3003 3033 3047 avertere.
3068 2992 3206 3048 Nam
3264 3004 3404 3048 tanta
3451 2991 3592 3046 sutile
3625 2988 3726 3041 ιιιιῑοὶς

2260 3081 2431 3149 caligo
2460 3082 2511 3135 id
2545 3083 2777 3152 spatium
2815 3086 3108 3141 sanctuarii
3165 3101 3272 3155 quo
3316 3084 3461 3139 loculi
3507 3090 3724 3137 sanctorum

2262 3172 2683 3227 continebantur
2726 3173 2989 3239 obtinuit,
3046 3184 3106 3229 ut
3139 3178 3230 3228 vix
3280 3174 3357 3228 vel
3398 3172 3624 3227 oculorum
3654 3164 3726 3217 aiic

2261 3262 2464 3331 corripi
2520 3266 2778 3332 potuerit.
2815 3264 2909 3319 ltei
2983 3268 3240 3335 congruit
3308 3264 3599 3319 miraculum.
3639 3256 3726 3323 Qui:

2261 3353 2403 3406 enim
2450 3368 2620 3408 saeue
2644 3355 2937 3424 Scriptura:
2968 3357 3201 3411 diversis
3252 3356 3304 3411 in
3336 3355 3458 3411 locis
3479 3367 3592 3407 nunc
3618 3347 3726 3402 deliu-

2260 3444 2539 3511 quentinm
2590 3446 2850 3511 czecitas,
2905 3464 3048 3503 nunc
3110 3448 3327 3502 Domini
3385 3444 3609 3518 protectio
3643 3438 3726 3505 ligﬂ'

2263 3544 2451 3600 ratur,
2473 3534 2597 3602 jure
2637 3538 2737 3592 hoc
2773 3541 2823 3593 in
2858 3540 2972 3608 ipsa
3033 3541 3177 3595 nube
3225 3540 3619 3612 prmtendcbatnr.
3644 3529 3726 3583 llnc

2262 3633 2868 3700 nempeinsensibilitcr
2908 3637 3203 3690 furentium
3259 3636 3503 3699 nubilum,
3541 3627 3646 3682 velut
3680 3623 3725 3675 (δ’

2261 3735 2379 3773 mus
2410 3724 2755 3786 ascendens,
2783 3726 2979 3779 divime
3027 3728 3219 3796 gratia:
3261 3740 3493 3782 serenum
3540 3716 3724 3773 ludebat.

2259 3808 2638 3865 llincmannm
2685 3812 2895 3867 Domini
2944 3828 3094 3869 reatu
3146 3818 3395 3886 ipsorum
3424 3814 3482 3869 ad
3519 3806 3725 3865 fericulum

2258 3914 2607 3969 provocatam
2638 3916 2862 3961 sam-tus
2893 3908 3187 3964 Audoeuus
3238 3910 3435 3963 meritis
3484 3904 3574 3959 suis
3605 3906 3725 3968 prett-

2259 3992 2433 4061 gendo
2456 3996 2789 4051 continebat.
2838 3998 2993 4053 Dicto
3042 3999 3175 4053 nihil
3222 3998 3451 4066 subrepit
3482 3986 3726 4064 qtzolrctu-

2258 4096 2434 4154 getur.
2461 4089 2690 4144 Tantum
2721 4093 2859 4146 ratio
2888 4092 3001 4161 ipsa
3026 4108 3056 4146 a
3091 4104 3205 4148 toto
3229 4096 3458 4164 pendens
3475 4087 3725 4152 sntl'ragatur.

2258 4180 2360 4249 lpsi
2392 4194 2524 4234 sane
2570 4179 2727 4248 cujus
2786 4182 3049 4252 patientia
3106 4184 3179 4238 sit
3236 4185 3510 4239 altissimus
3545 4172 3723 4230 rediit“.

2258 4271 2530 4325 aestimare
2548 4271 2808 4338 licuisset,
2835 4274 2917 4340 ni,
2942 4290 3001 4329 se
3025 4276 3075 4329 in
3102 4292 3199 4330 sua
3228 4267 3724 4347 pertinaciacontinctr.

2258 4382 2287 4421 a
2317 4367 2750 4424 consideratione
2801 4371 3026 4426 rationis
3056 4372 3299 4426 animum
3360 4370 3629 4425 revocasset.
3657 4352 3723 4408 56‘

563 4468 986 4537 archipraesulis.
1031 4469 1174 4524 Ecce
1212 4470 1475 4535 accurrit,
1508 4479 1570 4525 ut
1622 4474 1781 4527 turbo
1814 4475 2151 4543 tempestatis

2258 4460 2620 4516 animositatis
2648 4462 2766 4531 ejus
2794 4464 3113 4519 animositas
3163 4480 3269 4519 non
3311 4462 3501 4519 destitit
3534 4470 3585 4510 co
3614 4459 3725 4516 I159“

564 4574 780 4614 ontuem
813 4561 1147 4625 confundens
1180 4561 1323 4617 illius
1372 4563 1604 4632 gratiam
1637 4564 1993 4619 celebritatis.
2031 4566 2148 4622 llic
2191 4606 2195 4609 -

564 4663 801 4717 namque
842 4658 1009 4704 totam
1067 4651 1266 4705 mentis
1299 4651 1726 4720 indignationem
1755 4654 1938 4709 animo
1966 4659 2149 4711 conci-

561 4741 720 4810 piens
774 4741 915 4808 quod
949 4756 1053 4797 non
1077 4755 1251 4810 usque
1300 4757 1516 4811 quaque
1548 4741 1724 4798 fuerat
1781 4755 2143 4814 exspectatus,

564 4836 737 4889 torvis
773 4835 945 4890 oculis
984 4849 1081 4888 ore
1112 4835 1401 4889 furilmudo
1435 4837 1645 4890 cunctis
1673 4837 1969 4903 maledixit,
2018 4856 2146 4896 eon-

559 4918 875 4996 versusqu
888 4927 954 4980 ad
982 4927 1129 4997 ipsos
1194 4926 1491 4981 monachos
1540 4929 2033 4983 excmnmunicavit
2079 4945 2145 4986 ex

561 5021 890 5075 auctoritate
924 5019 1014 5073 Dei
1039 5028 1097 5073 et
1123 5035 1243 5081 sua,
1273 5017 1513 5071 oﬂicinm
1545 5034 1785 5088 pratscns
1817 5019 2146 5079 interdicens

557 5128 779 5168 (‘CsSill'C
810 5110 954 5166 fecit.
993 5112 1260 5166 Abbatem
1292 5109 1361 5163 ab
1389 5109 1545 5164 altari
1578 5110 1813 5166 evellens
1834 5111 2000 5166 divini
2029 5114 2147 5168 olli-

556 5208 700 5260 cinm
729 5204 1015 5259 ministerii
1045 5203 1345 5274 prohibuit.
1377 5202 1497 5272 lpse
1527 5202 1594 5257 ad
1619 5203 1998 5275 complendum
2025 5207 2143 5261 olli-

557 5300 699 5351 cium
732 5312 791 5351 se
816 5305 1117 5365 pra-parat;
1151 5293 1367 5349 clericis
1390 5294 1503 5351 suis
1535 5303 1593 5350 ut
1634 5310 1664 5351 a
1694 5294 1812 5352 loco
1843 5296 2144 5369 intercepto

558 5393 877 5457 peragerent
900 5386 1149 5455 imprat.

626 5477 769 5530 Nihil
802 5479 889 5532 hic
930 5479 1264 5533 reticendmn
1302 5476 1420 5532 fore
1462 5478 1797 5545 censuimus,
1828 5479 1970 5548 quod
2015 5480 2142 5536 dum

559 5568 716 5620 alteri
749 5571 890 5636 parti
919 5568 1148 5625 favendo
1200 5569 1627 5635 dissinmlamus,
1663 5570 1820 5624 alteri
1856 5579 2023 5626 totum
2051 5573 2144 5627 de-

562 5659 801 5724 rogando
830 5659 1094 5725 imputare
1124 5660 1423 5714 videamur.
1451 5658 1649 5715 Verum
1712 5661 1831 5717 falsi
1887 5665 2143 5736 astipula-

562 5748 833 5802 tioucnon
866 5748 1085 5818 indiget.
1123 5752 1363 5815 Fratres,
1397 5753 1499 5808 etsi
1540 5753 1794 5812 decorem
1848 5758 1950 5815 sibi
2007 5760 2139 5814 tanti

2256 4564 2363 4618 quo
2394 4565 2453 4605 se
2481 4549 2742 4606 invehens
2769 4553 2820 4606 in
2845 4568 2925 4618 se,
2955 4555 3114 4609 irruit
3142 4554 3196 4608 in
3227 4570 3306 4610 se.

2322 4643 2488 4713 Igitur
2524 4643 2825 4701 vicccomes
2852 4647 3089 4702 civitatis
3117 4648 3553 4717 archiepiscowm
3578 4638 3637 4694 sic
3655 4632 3721 4686 cir-

2250 4749 2575 4793 conventum
2625 4749 2683 4794 ut
2717 4739 2957 4810 agnovit,
2994 4741 3198 4797 veritus
3245 4758 3312 4798 ne
3360 4740 3477 4811 quid
3511 4724 3723 4789 inconsulto

2249 4831 2506 4887 adversus
2528 4832 2700 4903 ipsum
2722 4843 2996 4904 ageretur,
3044 4844 3096 4888 et
3120 4835 3236 4905 ipse
3260 4846 3369 4907 post
3401 4849 3461 4889 ne
3480 4830 3721 4899 argueretur.

2250 4919 2537 4977 militarem
2604 4938 2822 4978 manum
2890 4922 3053 4992 cogit.
3106 4927 3249 4997 regis
3300 4927 3515 4980 bannum
3553 4909 3724 4971 omni!“s

2247 5015 2552 5084 prmtendit,
2599 5017 2877 5085 suppetias
2906 5021 3160 5074 accurrit.
3187 5019 3303 5075 1am
3346 5018 3414 5072 nil
3442 5012 3719 5070 reluctantem.

2249 5108 2359 5164 imo
2388 5111 2606 5182 penitus
2628 5112 2984 5179 diuidentem,
3018 5116 3259 5186 periculo
3284 5113 3476 5171 eximit.

2318 5202 2539 5259 Fratres
2598 5204 2652 5259 in
2700 5206 2999 5261 crastinum
3050 5208 3117 5263 de
3158 5210 3267 5269 suis
3297 5208 3501 5276 eligunt.
3539 5201 3721 5270 Ρετφῖοδ

2246 5296 2428 5351 abbati
2476 5311 2576 5351 suo
2619 5299 2762 5369 quod
2807 5298 3009 5355 factum
3066 5300 3241 5356 fuerat
3297 5300 3641 5356 innotescerot.
3684 5288 3718 5331 τί

2247 5403 2428 5459 regem
2469 5403 2633 5460 super
2678 5389 2783 5446 hoc
2822 5406 3173 5462 suggesmrus
3198 5394 3383 5448 adiret.
3415 5390 3506 5445 Sed
3532 5375 3719 5443 arcltiel‘l‘

2247 5482 2393 5552 Scopi
2424 5484 2644 5539 nuntius
2685 5496 3059 5554 pmcesserat,
3100 5488 3347 5542 invidiam
3374 5495 3559 5539 omnem
3584 5478 3622 5529 in
3644 5483 3717 5523 ηιο·

2246 5574 2452 5627 nachos
2503 5583 2820 5630 retorserat.
2866 5576 2957 5632 Sic
2982 5578 3183 5633 infecto
3211 5578 3415 5647 negotio
3439 5572 3621 5628 reditum
3647 5565 3714 5611 σεί-

2247 5665 2383 5732 Ilex,
2416 5667 2539 5722 licet
2574 5678 2694 5739 post
2741 5671 2911 5741 ipsius
2947 5671 3332 5742 archiepiscopi
3358 5677 3409 5723 et
3448 5653 3713 5735 qttorllmtli’m

2246 5760 2542 5816 aulicorum
2595 5762 2874 5830 instinctu,
2932 5765 3111 5845 animo
3163 5764 3212 5818 in
3264 5759 3527 5815 monachos
3565 5755 3711 5803 anno,
