3864 6304
91 310 182 367 589

1114 308 1180 363 IN
1221 308 1435 365 EPIST.
1478 310 1538 365 Β.
1580 310 1970 368 LANFRANCI
2011 311 2241 370 NOTAE.

3233 326 3337 384 590

93 439 188 477 rem
228 431 402 477 tamen
440 438 511 478 ex
555 437 708 494 teque
752 438 1017 494 pensans,
1057 424 1185 478 hinc
1234 424 1643 480 immoderatam
1673 436 1723 492 Λ
1755 426 1951 481 nedum
1980 427 2270 497 religiosis,
2300 427 2453 486 nefas
2481 439 2565 486 est
2589 433 3084 509 tuendorum356
3112 439 3335 509 privile-

91 527 429 584 arrogauuam
460 554 478 580 ,
533 514 654 571 hinc
712 516 1077 572 inconsultum
1142 516 1430 571 tumultum
1484 516 1645 585 justis

90 608 443 663 libratiosibus
503 610 895 678 praeponderat.
955 609 1119 665 Jubet
1156 610 1318 681 igitur
1358 610 1642 667 ecclesiam

89 713 245 754 suum
269 700 336 754 ab
361 701 768 772 archiepiscopo
794 702 1153 757 reconciliari.
1178 702 1330 768 Quod
1362 717 1486 757 cum
1510 703 1644 757 satis

89 794 208 845 irato
253 802 306 846 et
357 792 645 847 reluctanti
711 793 893 848 animo
935 795 1219 861 abnueret,
1258 810 1353 849 rex
1392 794 1643 851 Michaeli

88 885 314 953 episcopo
352 885 748 947 Abrincacensi
796 887 896 943 loci
931 888 1431 944 reconciliationem
1460 890 1644 959 injun-

89 974 172 1035 Iit,
196 975 451 1043 pudorem
507 990 636 1031 vero
672 992 851 1041 suum,
897 976 953 1030 in
983 976 1164 1033 futuro
1193 978 1485 1035 vindictam
1508 995 1646 1049 prte-

89 1066 317 1129 tendcns,
383 1066 767 1122 dissimulavit.
840 1067 1082 1134 Quatuor
1132 1071 1297 1140 igitur
1349 1073 1643 1127 monachos

86 1156 190 1219 loci,
214 1172 341 1225 quos
363 1167 416 1211 et
443 1157 696 1213 factionis
717 1170 965 1215 auctores
982 1162 1248 1226 audierat,
1266 1163 1483 1217 totidem
1509 1164 1638 1217 alio-

86 1262 182 1299 rum
209 1248 579 1304 caenobiorum
628 1250 914 1307 abbatibus
955 1254 1228 1309 commisit
1270 1265 1539 1323 quatenus
1590 1265 1646 1311 et

90 1338 467 1409 archiepiscopo
504 1340 865 1409 satisfaceret,
909 1353 964 1400 et
1012 1344 1086 1398 illi
1116 1346 1167 1400 in
1206 1336 1644 1418 peregrinatione

86 1448 163 1481 sua
210 1431 411 1486 luerent
455 1434 601 1503 quod
639 1436 817 1491 minus
858 1439 1089 1493 consulti
1139 1453 1474 1509 peccassent.
1526 1441 1643 1496 Non

88 1522 229 1575 multo
273 1534 391 1592 post
452 1533 663 1591 tamen,
718 1541 775 1581 et
827 1528 1054 1583 rationis
1108 1530 1547 1588 consideratione
1589 1542 1645 1587 et

87 1614 226 1678 petitu
253 1614 467 1668 abbatis
497 1616 739 1685 ipsorum
773 1616 963 1683 flexus,
991 1619 1043 1673 in
1071 1622 1415 1688 pra-sentiam
1444 1623 1526 1678 sui
1550 1638 1644 1680 eos

90 1708 348 1772 revocavit,
380 1718 438 1763 et
472 1709 732 1766 Ecclesia:
764 1713 1144 1769 reconciliatos
1179 1715 1433 1770 reddidit.
1468 1716 1522 1771 In
1561 1718 1645 1773 his

1746 521 1962 589 giorum
2006 521 2202 591 gratia,
2243 522 2505 580 violentas
2538 541 2731 582 manus
2758 528 2968 597 (contra
2998 529 3341 603 Psalmogra-

1746 611 1836 680 phi
1867 622 2196 684 prmeeptum
2226 633 2240 668 :
2269 613 2448 671 Nolite
2470 628 2684 690 tangere
2710 619 2944 678 Christo:
2968 625 3129 697 meos)
3158 626 3335 699 (Psal.

1745 720 1851 768 Civ,
1890 706 1979 778 l5)
2027 707 2080 762 in
2130 720 2324 764 unctos
2360 708 2597 777 Domini,
2630 713 2915 783 episcopos
2958 715 3212 786 injicere;
3242 720 3336 789 qui

1745 798 1815 851 ah
1836 797 2115 867 Apostolo,
2143 815 2240 869 per
2267 803 2723 870 antonomasiam,
2772 806 3005 861 ministri
3033 808 3257 875 Christi,
3280 821 3337 866 et

1746 890 2144 959 dispensatores
2182 894 2571 964 mysteriorum
2627 896 2721 951 Dei
2768 897 2821 968 (1
2855 896 2980 953 Cor.
3027 901 3204 970 tv,l),
3230 903 3336 959 hoc

1746 994 1831 1039 est
1874 985 2296 1054 praedicationis,
2344 990 2634 1045 sacerdotii
2679 1000 2734 1047 et
2777 991 3007 1046 aliorum
3053 1008 3333 1050 sacrormn
3414 1019 3419 1023 υ

1746 1078 1997 1131 ordinum
2037 1078 2120 1149 (ut
2149 1079 2254 1133 fert
2293 1082 2473 1151 glossa
2517 1082 2577 1136 Β.
2612 1081 2951 1155 Lanfranci),
2986 1100 3335 1143 successores

1747 1179 1875 1224 sunt
1903 1170 2304 1238 apostolorum,
2336 1172 2609 1243 principes
2664 1174 2953 1240 Ecclesize,
2985 1177 3186 1245 angeli,
3237 1180 3331 1231 dii.

1818 1258 1957 1325 Quia
2012 1278 2103 1316 vos
2148 1262 2404 1330 oderunt,
2455 1274 2503 1317 et
2545 1265 2988 1333 exprobavertmt,
3048 1268 3333 1337 ejererunt.

1746 1350 2064 1422 Quanquam
2106 1355 2355 1424 superius
2386 1353 2618 1411 dixerint
2665 1358 2958 1413 monachos
2986 1358 3044 1412 8.
3085 1359 3333 1414 Audoeni

1747 1449 1969 1511 tangere
1990 1442 2091 1497 hac
2120 1443 2170 1496 in
2202 1442 2430 1512 cpistola
2464 1442 2525 1498 B.
2568 1442 2950 1511 Lanfrancum,
2987 1446 3336 1502 nihilominus

1745 1534 2045 1603 presbyteri
2097 1534 2188 1603 qui
2231 1532 2497 1590 Joannem
2551 1536 3017 1606 archiepiscopum
3056 1536 3327 1607 lapidibus

1745 1626 2020 1695 oppetiere
2073 1637 2297 1695 possunt
2323 1626 2585 1698 intelligi;
2618 1628 2762 1697 quod
2800 1630 2978 1699 prodit
3006 1629 3324 1689 Ordericus.

1747 1714 1840 1770 lib.
1876 1731 1948 1781 tv,
1996 1732 2118 1787 pag.
2153 1717 2257 1772 507
2288 1736 2300 1771 :
2339 1736 2357 1770 ι
2395 1719 2620 1773 Multum
2652 1728 2842 1774 contra
2882 1720 3184 1791 impudicos
3212 1736 3336 1791 pre-

86 1801 302 1855 amaibus
325 1818 547 1872 semper
574 1805 715 1875 apud
745 1805 918 1874 ipsum
942 1816 1159 1861 cantum
1189 1810 1399 1864 exstitit
1423 1826 1491 1865 ne
1514 1812 1645 1880 quid
1676 1796 1719 1850 Β
1746 1806 1995 1878 sbyteros
2044 1824 2144 1878 pro
2191 1810 2504 1866 aufercmlis
2534 1811 2816 1880 pellicibus
2855 1813 3122 1868 laboravit
3152 1814 3335 1884 (Joan-

89 1897 169 1949 sibi
214 1897 678 1968 archiepiscopus,
708 1900 862 1969 quasi
903 1902 1006 1955 sub
1034 1902 1406 1958 ecclesiastico
1436 1904 1642 1974 vigore,

90 1988 129 2038 in
150 1988 311 2043 causis
350 1976 517 2055 hujus
547 1990 792 2045 ecclesia:
821 1990 1117 2047 insolenter
1145 1995 1502 2063 arrogaverit.
1533 1994 1644 2052 lmo

90 2087 331 2148 postquam
386 2080 436 2135 ei
513 2081 730 2152 gemino
787 2081 1015 2137 fratrum
1085 2086 1398 2139 eormndcm
1452 2087 1645 2141 exsilio

88 2167 335 2234 satisfecit,
381 2186 505 2225 rem
554 2172 609 2225 in
645 2172 929 2228 consilium
960 2174 1132 2243 ponit,
1165 2176 1452 2231 concilium
1481 2178 1641 2247 cogit,

89 2259 207 2328 quod
238 2260 514 2316 abhatiam
554 2278 706 2318 suam
759 2264 895 2319 irato
947 2276 1002 2322 et
1057 2267 1417 2323 tmnultuante
1462 2269 1644 2323 animo

90 2353 328 2419 intrasset,
357 2357 511 2426 quod
545 2356 717 2413 turba
760 2373 925 2414 causa
967 2368 1025 2415 et
1064 2371 1294 2418 matema
1323 2362 1641 2428 exstitisset,

90 2445 203 2512 quod
240 2446 333 2502 loci
371 2448 880 2505 reconciliationem
919 2450 1021 2504 sibi
1061 2453 1405 2522 denegasset,
1440 2452 1643 2522 judicio

92 2538 341 2604 primatum
386 2556 619 2595 suorum
674 2550 945 2598 trecenzas
998 2542 1165 2599 libras
1205 2544 1403 2612 exegit.
1455 2544 1643 2599 ltelieti

91 2630 198 2682 satis
238 2630 332 2685 hac
362 2631 606 2685 vindicta
638 2632 983 2695 exsolvisset,
1014 2633 1057 2687 si
1092 2634 1280 2688 intime
1320 2633 1446 2701 facti
1474 2636 1643 2702 pumi-

92 2721 264 2786 tuisset,
321 2722 652 2793 Dominique
710 2725 1031 2793 patientiam
1100 2741 1210 2781 non
1266 2727 1640 2797 negligentiam

92 2823 310 2879 putasset.
342 2816 449 2871 Sed
482 2817 652 2870 animi
700 2833 1009 2882 rancorem,
1057 2833 1155 2874 nec
1197 2827 1375 2873 tamen
1407 2820 1641 2888 primum

92 2908 306 2965 adversus
331 2910 390 2966 S.
427 2910 679 2964 Audoeni
724 2910 1031 2966 crenobitas
1079 2919 1389 2979 acceperat.
1442 2919 1496 2964 et
1540 2912 1642 2966 hoc

92 3000 219 3057 modo
245 3002 410 3071 potuit
436 3002 624 3073 ponus
653 3003 971 3074 exaggerari
1030 3017 1190 3072 quam
1228 3002 1404 3057 leniri.
1454 3001 1638 3056 'l‘rium

92 3109 311 3148 annorum
352 3094 597 3165 spatium
626 3095 902 3149 evolutum
938 3104 1076 3160 erat,
1114 3103 1169 3150 et
1208 3109 1424 3164 semper
1464 3094 1645 3169 reptth

90 3197 182 3238 satu
219 3187 292 3240 sui
334 3187 586 3243 dolorem
617 3188 876 3242 continuo
906 3202 1089 3243 secum
1131 3187 1476 3251 corrodebat,
1511 3202 1640 3242 cono

92 3284 263 3346 grucnti
302 3299 431 3339 sane
473 3283 729 3354 exemplo
769 3299 1087 3355 suspensus,
1130 3283 1277 3339 velut
1314 3284 1640 3354 evangeliea:

92 3367 204 3423 illius
240 3373 477 3429 ficulneae
511 3373 735 3438 fructus,
767 3376 908 3429 unde
940 3375 1020 3429 sic
1046 3374 1290 3443 quiedam
1324 3383 1638 3444 exspectata

94 3464 233 3519 tribus
266 3466 501 3523 fructum
548 3485 652 3523 non
683 3469 863 3523 attulit
896 3470 1070 3524 annis.
1109 3469 1242 3524 Cum
1275 3479 1394 3539 post
1420 3470 1473 3523 id
1508 3478 1639 3523 tem-

93 3556 225 3620 poris,
250 3558 509 3615 redeunte
533 3560 726 3613 eadem
757 3558 1073 3624 festivitate,
1116 3560 1308 3628 paucis
1334 3566 1460 3613 ante
1488 3574 1640 3613 men-

95 3646 214 3701 silius
257 3650 488 3721 paralysi
541 3650 844 3718 perculsus,
904 3651 997 3705 sed
1040 3650 1109 3705 ab
1166 3651 1267 3705 hac
1319 3648 1639 3704 infirmitate

88 3733 174 3799 jam
201 3740 457 3807 respirans
485 3740 553 3792 ad
585 3738 982 3794 solemnitatem
1014 3740 1181 3805 venit,
1211 3747 1267 3794 et
1297 3739 1422 3808 quia
1451 3753 1550 3809 per
1580 3754 1638 3794 se

93 3825 273 3881 missam
313 3828 594 3884 celebrare
625 3842 729 3883 non
756 3830 951 3897 potuit,
984 3828 1300 3884 Vasleberto
1322 3828 1635 3884 Ebroicensi

92 3918 303 3991 fpiscoptt
334 3924 480 3979 vices
524 3938 650 3977 suas
676 3922 967 3977 commisit.
1004 3920 1125 3991 Ipse
1158 3922 1214 3976 in
1242 3921 1422 3976 medio
1450 3930 1638 3976 cauto-

94 4024 185 4065 rum
209 4015 373 4084 specie
415 4014 776 4087 prmecntoris
804 4014 976 4069 stetit.
1001 4012 1243 4068 Tandem
1275 4014 1421 4084 regia
1448 4022 1638 4068 aucto-

94 4107 236 4173 ritate,
280 4113 382 4168 imo
423 4110 679 4168 consultu
722 4110 964 4164 omnium
1018 4109 1263 4180 pulsatus
1315 4108 1631 4177 episc0patu

94 4203 222 4271 Catil,
247 4215 298 4262 et
334 4209 400 4263 ad
435 4206 730 4279 quamdam
760 4205 841 4260 sui
887 4205 1193 4275 patrimonii
1230 4203 1431 4269 villam,
1460 4202 1633 4257 sancti

93 4291 329 4355 Philiherti
371 4304 485 4367 die,
530 4301 768 4366 secedit;
805 4300 894 4354 ubi
926 4309 983 4355 et
1016 4298 1410 4369 aliquantisper
1443 4312 1634 4369 super-

94 4388 218 4445 vixit.
261 4395 583 4451 Duodecimn
630 4409 758 4449 vero
787 4396 869 4449 sui
907 4393 1228 4465 praesulatus
1266 4407 1441 4457 anno,
1490 4392 1631 4444 viam

1748 1899 1866 1968 nes)
1898 1912 1913 1951 :
1942 1914 1974 1953 a
2012 1900 2209 1968 quibus
2235 1900 2362 1955 dum
2411 1902 2464 1956 in
2506 1904 2716 1973 synodo
2755 1904 3089 1959 concubinas
3123 1907 3203 1960 eis
3232 1907 3332 1961 sub

1747 1988 2091 2044 anathemate
2117 1991 2451 2060 prohiberet,
2484 1990 2750 2062 lapidibus
2789 1996 3080 2063 percussus
3100 1995 3330 2066 aufugit,

1746 2078 2068 2149 fugiensque
2131 2082 2196 2135 de
2240 2082 2493 2145 ecclesia,
2553 2082 2715 2146 Deus,
2774 2096 3015 2138 venerunt
3067 2097 3238 2155 gentes
3277 2087 3334 2140 in

1746 2171 2097 2226 [nereditatem
2158 2183 2304 2228 tuam
2353 2172 2528 2245 (Psal.
2579 2192 2809 2242 uxvm,
2856 2177 2929 2248 l),
2967 2177 3180 2233 fortiter
3223 2180 3333 2235 cla-

1746 2264 1934 2316 mavit.
1971 2283 1991 2315 ι

2266 2373 2333 2410 ΑΙ)
2371 2372 2668 2413 EPISTOLAII
2707 2374 2796 2412 XV.

1818 2447 2198 2504 Perditissima:
2227 2453 2665 2523 congregationis.
2696 2453 3204 2526 Congrcgationem,
3229 2455 3332 2510 hoc.

1746 2536 1863 2595 loco
1900 2542 2198 2597 monachos
2226 2544 2396 2597 sancti
2425 2544 2669 2599 Audoeni
2718 2546 2866 2600 innui
2896 2546 3134 2614 videtur;
3160 2562 3328 2617 quos,

1744 2629 1925 2685 laxata
1968 2634 2270 2689 monastica
2318 2635 2625 2705 disciplina,
2668 2637 3033 2692 dissolutioris
3065 2640 3186 2693 vita:
3219 2649 3329 2692 tum

1744 2722 2020 2779 exstitisse
2063 2737 2385 2794 argumento
2423 2736 2507 2781 est
2557 2728 2846 2783 subsecuta
2894 2731 3128 2784 cmnobii
3158 2730 3331 2785 refor-

1745 2814 1909 2867 matio
1961 2814 2062 2869 sub
2093 2816 2318 2886 llclgoto
2352 2816 2573 2872 Cadomi
2621 2821 2824 2887 priore,
2869 2818 3074 2874 Nicolai
3109 2833 3329 2875 succes-

1744 2921 1894 2971 Sut‘c;
1929 2907 2070 2978 quod
2115 2909 2391 2963 memoria:
2442 2910 2682 2980 prodidit
2739 2911 3007 2966 llohertus
3045 2912 3110 2966 de
3150 2910 3330 2967 Monte

1745 3000 1797 3053 in
1838 3001 2111 3056 Chronico
2145 3016 2244 3056 ms.
2299 3011 2419 3071 post
2454 3004 2804 3072 appendicem
2847 3005 2914 3059 ad
2967 3004 3323 3075 Sigihertum,

1744 3094 1965 3149 abbatcs
1991 3108 2279 3150 recensens
2315 3096 2626 3151 monasterii
2659 3096 2932 3166 praedicti;
2978 3095 3079 3150 llic
3111 3097 3329 3169 (l‘lclgo-

1744 3186 1849 3255 tus)
1877 3187 2111 3239 ordinem
2137 3188 2450 3242 emendavit.

1814 3276 2058 3346 Episcopi
2098 3277 2431 3345 l’l’alrheliui,
2475 3294 2569 3335 seu
2619 3279 2965 3335 Walchelmi.
3023 3279 3326 3340 Bibliothe-

1741 3369 1921 3423 carius
1955 3369 2300 3424 Malumsbur.
2350 3372 2404 3425 in
2447 3373 2717 3443 episcopis
2742 3373 3103 3439 Vintonieus.,
3153 3375 3247 3431 lib.
3287 3392 3327 3431 tt

1742 3460 1818 3513 De
1851 3460 2045 3528 pontif.
2081 3480 2098 3513 ι
2150 3462 2410 3533 Stigando
2458 3464 2702 3532 deposito
2758 3465 3023 3518 successit
3080 3464 3330 3519 Valchel-

1740 3566 1885 3615 nius,
1936 3567 1966 3603 a
2020 3552 2296 3607 Willelmo
2351 3567 2481 3623 rege
2533 3554 2710 3618 datus,
2763 3551 2918 3621 cujus
2963 3556 3102 3608 bona
3160 3570 3327 3626 opera

1740 3638 1942 3694 fatuam
1991 3642 2261 3697 vincentia
2316 3643 2528 3698 senium
2566 3658 2597 3697 a
2633 3659 2691 3698 se
2720 3644 3007 3699 vetustatis
3040 3645 3322 3715 repellent,

1740 3735 1977 3805 quandiu
2025 3734 2154 3789 inibi
2202 3734 2359 3791 sedes
2396 3736 2727 3807 episcopalis
2757 3736 2995 3792 durabit.
3045 3736 3112 3791 Et
3149 3737 3328 3807 primo

1739 3831 1957 3901 quidem
1985 3828 2189 3885 advena
2222 3844 2393 3885 novus
2443 3829 2737 3884 monachos
2764 3844 2962 3885 exosus
2988 3830 3163 3884 fuerat
3187 3847 3200 3895 ;
3229 3833 3322 3886 sed

1738 3920 1899 3977 facile
1922 3929 2202 3976 correctus
2222 3920 2583 3975 umbraticum
2611 3919 2739 3973 illml
2761 3919 2946 3975 odium
2971 3935 3112 3990 saepe
3137 3920 3326 3990 deplo-

1740 4012 1902 4076 ravit,
1943 4011 2200 4081 deinceps
2237 4009 2424 4065 fovens
2451 4023 2547 4065 eos
2582 4017 2639 4063 ut
2680 4010 2842 4075 filios,
2867 4011 3097 4081 diligens
3124 4020 3184 4065 ιιι
3215 4011 3324 4065 fra-

1738 4113 1872 4169 tres,
1887 4104 2170 4170 honoratis
2196 4109 2252 4155 ut
2294 4101 2561 4157 dominos.
2594 4101 2767 4157 Unum
2795 4111 2880 4157 est
2923 4103 3319 4170 permaximum

1739 4192 1791 4246 in
1822 4167 1930 4262 quo
1978 4190 2221 4262 peccavit
2264 4191 2410 4261 quod
2455 4190 2522 4245 ad
2568 4199 2838 4245 trecentas
2891 4167 3113 4246 libratas
3143 4201 3322 4247 terras

1737 4283 2020 4337 monachis
2048 4282 2321 4347 auferens,
2354 4281 2472 4337 suis
2505 4289 2562 4337 et
2590 4295 2967 4336 successorum
2999 4283 3184 4338 usibus
3217 4282 3324 4338 im-

1735 4372 1945 4443 plicuit.
1982 4392 2000 4424 ι

95 4480 318 4540 “nivem
370 4486 557 4541 carnis
597 4485 893 4557 ingressus,
954 4484 1228 4538 hominem
1282 4482 1452 4537 eum.
1506 4480 1634 4535 ιηάρ
1666 4498 1710 4553 D
1807 4466 2132 4520 Inomnibus
2154 4466 2379 4535 obedire,
2427 4475 2629 4521 etiamst
2653 4482 2781 4536 ipse,
2803 4465 2944 4535 quod
2972 4465 3140 4520 absit!
3171 4466 3324 4522 aliter

95 4579 237 4629 tamen
266 4580 326 4632 ad
368 4578 645 4651 propriam
678 4579 862 4634 sedem
892 4577 1146 4641 refertur,
1169 4587 1219 4631 et
1252 4574 1548 4645 honorifice
1580 4573 1630 4628 in

95 4661 183 4729 ipsa
199 4669 410 4726 ecclesia
438 4671 742 4728 tumulatus
767 4679 873 4727 est.

150 4754 388 4818 Hactenus
415 4779 721 4834 anenymus
753 4763 843 4818 ille
867 4776 934 4817 ex
963 4758 1311 4830 chronologia
1334 4772 1436 4813 ms.
1465 4756 1630 4812 abha-

98 4846 161 4900 lie
187 4849 237 4905 8.
269 4852 529 4910 Audoeni.
569 4855 632 4909 Et
662 4856 775 4909 hinc
802 4854 1108 4908 eruditione
1137 4866 1291 4920 reque
1337 4866 1401 4905 ac
1429 4859 1629 4921 pietate

100 4933 140 4989 [ἶ.
185 4939 236 4995 ν.
283 4943 502 5001 Joannis
554 4944 607 5000 le
659 4944 859 5001 Prevdt
904 4943 1102 4998 imlicio
1151 4952 1207 4996 et
1248 4941 1513 4996 beneﬁcio
1561 4954 1627 4994 ex

100 5042 217 5095 Parte
243 5036 523 5106 debemus;
552 5054 671 5109 qua:
697 5048 750 5093 et
786 5039 992 5107 integra
1031 5037 1175 5091 inter
1197 5035 1447 5104 antiquas
1468 5034 1627 5088 sche-

98 5122 170 5178 tlas
200 5128 257 5181 ad
291 5126 569 5186 historiam
610 5130 819 5184 ordinis
852 5128 1023 5184 nostri
1071 5134 1289 5195 paratas
1318 5138 1624 5179 occurrere.

99 5212 335 5276 Coucisius
357 5223 679 5292 descriptam
711 5222 1044 5291 superiorem
1079 5218 1358 5274 historiam
1394 5216 1627 5286 reperies

99 5302 138 5356 in
159 5307 398 5367 Chronico
442 5313 500 5368 S.
554 5312 814 5381 Stephani
843 5313 1069 5367 Cadom.
1112 5311 1178 5365 ad
1209 5310 1410 5363 calcem
1438 5308 1624 5375 script.

98 5404 181 5448 \‘et.
224 5399 458 5459 Historia:
492 5404 813 5458 Northman.
845 5404 908 5457 ad
942 5419 1142 5457 annum
1189 5402 1344 5454 1073.
1400 5399 1626 5451 Matlnco

98 5480 273 5552 I‘zlridc,
298 5502 351 5547 et
374 5494 642 5565 Florilch
664 5496 732 5548 ad
763 5494 906 5548 hunc
936 5508 1159 5548 annum.
1190 5492 1497 5552 Caeterum,-
1522 5490 1625 5542 etsi

100 5569 569 5653 10-mnes(alio:,uin
621 5584 883 5654 religione
930 5593 984 5636 et
1032 5581 1255 5635 scientia
1288 5579 1489 5646 clarus)
1541 5579 1625 5631 in-

100 5671 303 5726 consulte
322 5686 375 5728 et
406 5693 591 5747 parum
622 5676 937 5745 prudenter,
970 5673 1098 5743 quin
1121 5682 1175 5728 et
1208 5671 1285 5725 ira
1310 5683 1623 5732 succensus,

103 5752 180 5812 hac
219 5762 265 5817 in
304 5782 356 5820 re
405 5785 519 5825 sese
564 5768 814 5840 gesserit,
867 5766 999 5821 viris
1050 5775 1227 5819 tamen
1279 5760 1623 5824 Christianis,

1735 4570 1880 4630 agat.
1921 4558 2183 4630 Apposite
2214 4560 2355 4615 hunc
2394 4558 2569 4615 locum
2596 4557 2661 4613 B.
2699 4556 2990 4613 Lanfrauci
3020 4558 3320 4631 discipulus

1734 4649 2023 4706 Anselmns
2055 4650 2291 4704 illustrat
2338 4649 2430 4705 lib.
2482 4666 2542 4705 ιιι
2578 4651 2737 4720 epist.
2770 4650 2841 4703 39
2876 4649 2943 4704 ad
2982 4648 3315 4705 Beccenses:

1741 4762 1760 4795 ι
1790 4742 2019 4798 Necesse
2063 4751 2145 4797 est
2194 4750 2273 4807 ut,
2315 4751 2501 4797 sancta
2551 4741 2905 4797 unanimitate
2960 4740 3221 4813 colligati,
3263 4753 3320 4799 ct

1737 4834 1901 4890 corde
1942 4843 1998 4889 et
2024 4835 2298 4890 voluntate
2335 4833 2555 4902 prtelato
2581 4841 2761 4887 vestro
2782 4834 3064 4897 obediatis,
3099 4834 3241 4889 facta
3267 4846 3322 4890 et

1734 4926 1882 4982 dicta
1913 4926 2031 4997 ejus
2085 4942 2191 4982 non
2232 4926 2559 4997 dijudicetis,
2598 4926 2693 4981 sed
2732 4925 2852 4980 sine
2877 4927 3021 4980 omni
3052 4935 3322 4982 retracta-

1736 5024 1902 5083 tione,
1946 5019 2100 5087 quasi
2133 5019 2392 5073 divinitus
2452 5018 2732 5087 inSpirata.
2779 5017 3089 5073 venerando
3142 5028 3325 5071 mente

1732 5114 1966 5183 benigna
2023 5113 2269 5168 servetis.
2323 5112 2424 5168 Ubi
2479 5112 2627 5168 enim
2685 5113 2890 5181 ιιι-ειυιί
2941 5114 3036 5183 jud
3059 5126 3152 5166 ces
3186 5110 3323 5165 liunt

1732 5204 2026 5275 (subjecti),
2070 5214 2258 5273 aperte
2302 5204 2392 5259 Dei
2436 5205 2763 5258 ordinationi
2800 5206 3161 5259 detrahuntet
3193 5204 3325 5256 ciu:-

1734 5296 2031 5357 tradicunt,
2058 5294 2255 5363 quibus
2279 5294 2416 5349 Deus
2443 5304 2497 5349 et
2533 5310 2642 5350 sua:
2668 5294 3075 5363 gubernationis
3100 5292 3319 5359 subtra-
3374 5344 3377 5347 ,

1732 5390 1814 5444 hit
1863 5387 2149 5451 auxilium,
2182 5396 2237 5441 ct
2274 5401 2367 5441 eos
2409 5386 2459 5440 in
2508 5386 2708 5456 [ποιπῆ
2750 5386 2951 5438 erroris
2985 5385 3315 5453 praecipitari

1733 5479 1993 5550 permittit
2020 5478 2335 5541 consilium;
2366 5477 2455 5532 ubi
2498 5493 2623 5531 vero
2654 5477 2909 5547 praelatus
2936 5491 3057 5530 cum
3088 5490 3314 5531 venera-

1736 5579 1902 5633 ttonc,
1938 5579 2194 5637 tanquam
2221 5569 2490 5632 Christus,
2523 5568 2843 5635 suscipitur;
2876 5568 2946 5621 ita
2976 5574 3088 5621 tota
3120 5565 3316 5622 domus

1729 5658 1928 5714 Christi
1958 5658 2161 5728 regitur
2186 5658 2431 5724 consilio,
2461 5666 2513 5712 ct
2550 5657 2846 5728 protegitur
2896 5666 2949 5711 et
2981 5664 3316 5714 sustentatur

1730 5757 1950 5821 auxilio,
1987 5775 2003 5807 ›
2040 5764 2145 5810 etc.
