3864 6304
573 296 666 354 591

1062 425 1126 462 ΑΟ
1166 421 1457 463 ιιινιςτιιι..ιιι
1498 421 1650 461 XVIII.

647 506 879 559 Obseruo
911 504 1069 572 digno
1108 503 1355 555 antistiti.
1385 500 1608 555 Obscrni
1642 513 1836 553 nomen
1881 498 2153 554 ascribere

573 598 825 665 episcopo
875 594 946 648 illi
991 594 1457 661 Exoniensentqne
1509 592 1684 660 ipsum
1730 590 1998 644 allirmare
2045 605 2152 643 nott

572 686 907 747 dubitamus;
936 684 1132 753 quippe
1165 684 1213 736 id
1253 693 1364 737 tum
1397 698 1460 735 es
1490 680 1727 750 epistolae
1757 688 2036 745 contextu,
2061 681 2149 734 ubi

570 795 676 833 una
712 796 834 834 cum
873 780 931 832 II.
983 780 1286 834 Lanlraueo
1313 779 1420 848 (cui
1453 778 1600 848 regni
1628 792 1858 842 summa,
1899 790 2023 843 rege
2058 776 2152 830 ab-

575 881 750 936 sente,
801 872 1123 924 demandata
1161 872 1299 939 erat)
1354 872 1419 924 ad
1450 868 1845 924 decernendum
1878 868 2149 938 negotium

570 963 899 1023 admittitur,
943 972 1053 1015 tum
1083 979 1149 1016 ex
1194 964 1260 1016 iis
1293 976 1414 1030 quat
1444 962 1509 1015 tle
1548 959 1792 1015 Obsertto
1822 957 1985 1012 habet
2016 957 2147 1011 Mal-

572 1053 983 1115 mesbttrieusis,
1037 1053 1127 1106 lib.
1168 1068 1203 1106 ιι
1253 1052 1325 1105 De
1374 1051 1591 1121 pontif.,
1630 1050 1771 1104 haud
1799 1050 1959 1104 dubie
1987 1050 2147 1103 statui

569 1154 749 1213 potest
782 1162 794 1199 :
834 1165 851 1196 ι
890 1144 1161 1198 Successit
1212 1142 1480 1206 Leofrico,
1527 1141 1700 1209 inquit
1741 1140 1847 1204 ille,
1876 1141 2150 1195 Obsernus

572 1236 715 1306 regis
748 1234 996 1289 Willelmi
1036 1243 1291 1303 tempore,
1325 1233 1541 1286 natione
1584 1230 2006 1294 Northmannus,
2046 1231 2151 1285 fra-

572 1338 656 1383 ter
686 1329 938 1383 \Villehni
1002 1328 1356 1398 prtccellentis
1412 1326 1649 1388 comitis,
1712 1326 1763 1379 in
1812 1324 1999 1396 Anglia
2050 1325 2150 1379 sub

572 1418 824 1473 Eduardo
871 1434 997 1488 rege
1028 1418 1325 1474 liberaliter
1359 1424 1414 1472 et
1438 1417 1733 1471 domestice
1760 1425 2147 1476 conversatus;

568 1509 765 1578 quippe
801 1509 893 1577 qui
946 1509 1322 1579 cognationem
1383 1508 1585 1577 regiam
1638 1507 1813 1561 vicino
1861 1506 2150 1577 attingeret

569 1600 756 1670 gradu,
785 1618 801 1649 ι
829 1607 936 1652 etc.
956 1668 959 1669 ν

640 1688 883 1744 Cwuobiu
930 1689 987 1745 S.
1040 1690 1326 1743 Edmundi.
1357 1690 1500 1744 Illius
1539 1690 1833 1745 meminere
1860 1690 2151 1760 scriptores

566 1781 973 1850 qttampluritui.
997 1781 1268 1835 Guillelm.
1294 1781 1635 1836 Malmesbur.
1674 1784 1746 1836 De
1772 1794 1909 1852 gest.
1927 1759 2149 1852 'Arug'oq
2188 1759 2228 1812 Β

570 1872 692 1926 libr.
752 1887 808 1935 tt,
864 1886 983 1941 cap.
1028 1871 1113 1934 Η,
1159 1882 1213 1927 et
1245 1873 1336 1927 lib.
1376 1890 1409 1926 tt
1453 1873 1526 1927 De
1565 1872 1753 1941 pontii.
1795 1874 1845 1926 in
1889 1874 2153 1943 episcopis

570 1962 863 2025 0ricutal.;
894 1961 1226 2032 llarpsfrld.,
1258 1965 1456 2037 Stcculo
1487 1981 1522 2017 ιι
1555 1979 1674 2033 cap.
1714 1966 1798 2029 Π,
1830 1966 1880 2019 itt
1913 1965 2035 2031 line,
2060 1966 2148 2034 qui

571 2055 638 2109 de
691 2056 920 2109 ctenobii
965 2055 1146 2109 Sancti
1188 2058 1451 2111 Elmundi
1501 2058 1783 2128 privilegio
1835 2059 2052 2115 disserit
2096 2060 2149 2114 iu

571 2147 713 2203 hunc
745 2148 958 2201 modum
999 2164 1012 2201 :
1051 2170 1066 2198 ι
1102 2150 1412 2204 Edmtutdus
1439 2165 1531 2204 rex
1557 2150 1767 2220 Edgarii
1798 2159 1950 2218 pater
1971 2165 2152 2205 coeno-

569 2239 660 2293 hiu
685 2255 715 2292 ιι
744 2256 771 2291 a
810 2239 1037 2307 publicis
1066 2242 1317 2296 omnibus
1357 2242 1572 2295 tributis
1598 2251 1652 2296 et
1682 2243 1827 2296 omni
1866 2243 2149 2312 episcopo-

572 2346 689 2382 rum
714 2329 1090 2400 jnrisdictioue
1119 2330 1329 2387 liberat.
1370 2351 1387 2385 ι
1419 2332 1486 2385 Ει
1507 2341 1627 2402 post
1658 2333 1761 2386 alia
1798 2351 1811 2385 :
1843 2351 1861 2383 ι
1894 2332 2152 2390 Solebant

569 2419 868 2491 antiquitus
900 2436 1052 2491 rcges
1078 2422 1326 2477 diadema
1372 2438 1529 2478 suum
1569 2438 1634 2479 eo
1678 2422 1920 2492 mittere,
1942 2434 2152 2494 postea-

567 2525 674 2579 que
706 2528 896 2583 magno
928 2514 1103 2583 pretio
1132 2515 1416 2570 redimere.
1456 2534 1474 2567 ι

640 2601 886 2656 Abbatem
918 2603 1239 2657 Balduinnm
1268 2604 1494 2659 detineo.
1534 2604 1672 2672 Quia
1704 2607 1951 2677 apprime
1982 2608 2151 2663 medi-

567 2691 746 2747 cinam
778 2700 950 2747 artem
995 2693 1226 2749 callebat
1264 2694 1387 2749 iste.
1421 2694 1476 2748 ltt
1507 2696 1928 2766 Angliamjussu
1972 2699 2146 2753 sancti

566 2783 799 2838 Eduardi
860 2785 1001 2853 regis
1058 2784 1453 2851 trattsl'retavit,
1527 2795 1586 2839 ut
1634 2786 1917 2842 Leftanum
1964 2788 2148 2844 Sancti

566 2873 834 2928 Edutundi
886 2876 1394 2943 archimandritam,
1447 2879 1539 2948 qui
1595 2880 1912 2934 curiositate
1950 2889 2147 2946 motus,

565 2965 655 3019 ubi
680 2975 925 3020 sanctum
957 2967 1198 3037 ejusdem
1241 2985 1439 3039 corpus
1464 2980 1761 3025 attrectare
1783 2971 2150 3041 praesumpsis—

566 3070 670 3124 set,
726 3060 1006 3113 ambarum
1059 3076 1313 3116 mammm
1359 3063 1512 3134 digiti
1560 3063 1751 3119 retorti
1805 3073 1952 3119 sunt.
2000 3083 2018 3116 ι
2062 3065 2150 3121 Ille

565 3150 888 3207 Balduinuut
926 3151 982 3206 S.
1033 3154 1272 3224 Dionysii
1313 3156 1635 3212 monachum
1662 3157 1778 3226 ejus
1799 3158 1932 3213 artis
1958 3158 2150 3228 (medi-

564 3246 726 3311 cium)
768 3245 999 3314 peritum
1032 3246 1372 3314 dirigcudum
1413 3250 1646 3304 curavit.
1675 3250 1774 3317 Qui
1811 3267 1932 3305 cum
1966 3252 2019 3305 in
2051 3268 2151 3307 ea:-

572 3333 705 3388 teris
735 3334 919 3403 probe,
959 3334 1011 3389 itt
1045 3336 1338 3406 digitorum
1366 3339 1651 3393 curatione
1687 3341 1821 3394 nihil
1861 3356 2148 3411 prornove-

569 3433 674 3489 ret,
738 3425 924 3479 mirari
982 3427 1150 3495 coepit
1227 3428 1420 3493 homo;
1490 3429 1583 3484 sed
1632 3444 1850 3485 causam
1899 3432 2072 3486 morbi
2120 3448 2149 3485 a

568 3516 866 3571 scientibus
892 3516 1138 3582 edoctus,
1173 3517 1226 3571 in
1268 3516 1387 3572 loco
1421 3519 1701 3584 remansit,
1733 3535 1974 3575 amorem
2007 3537 2150 3576 mar-

567 3610 702 3681 tyris
748 3610 872 3665 totis
913 3610 1225 3679 praecordiis
1255 3611 1554 3679 amplexus.
1601 3611 1826 3667 Leftano
1874 3629 1983 3667 non
2039 3614 2147 3669 taui

564 3703 826 3757 successit
855 3716 1018 3770 quam
1070 3703 1302 3757 accessit
1327 3702 1515 3768 abbas,
1560 3703 1652 3757 illo
1714 3705 2000 3759 amittente
2056 3705 2148 3778 [f.,

562 3802 853 3859 annuente,
886 3792 961 3846 En
1011 3792 1119 3864 P.],
1177 3808 1302 3863 rege
1338 3793 1569 3849 volente.
1597 3793 1709 3850 Sub
1731 3811 1795 3850 eo
1823 3804 1877 3850 et
1908 3811 2003 3865 per
2027 3812 2149 3851 euttt

559 3878 786 3942 libertas
840 3888 1150 3942 monasterii
1204 3889 1271 3942 ab
1320 3888 1629 3944 Alexandro
1681 3906 1819 3960 papa
1862 3891 2027 3956 data,
2092 3902 2152 3947 ιιι

558 3979 691 4033 tntlli
733 3980 986 4049 episcopo
1017 3978 1166 4035 locus
1212 3980 1300 4034 ille
1333 3980 1596 4036 subdatur
1647 3982 1701 4035 in
1740 3982 1941 4054 aliquo,
1971 3985 2151 4040 archi-

557 4073 794 4142 episcopi
831 4072 1202 4128 tantummodo
1229 4082 1417 4128 nutum
1467 4074 1518 4128 in
1553 4074 1810 4145 legitimis
1837 4076 2150 4153 357).ρο-

554 4172 855 4217 ειιιιιιτιιε.ι
883 4162 956 4217 Ita
980 4162 1494 4226 Malmesburiensis,
1529 4163 1644 4219 loco
1674 4167 1919 4235 proxime
1949 4169 2145 4235 citato;

552 4256 794 4311 Florent.
855 4255 1082 4326 Vigorn.
1128 4255 1196 4309 A.
1226 4254 1477 4311 0.1097.
1541 4256 1635 4313 Est
1682 4259 1750 4313 ad
1801 4259 2145 4331 Balduiutttn,
2193 4310 2199 4315 .

552 4347 723 4401 sancti
747 4347 983 4403 Anselnti
1014 4347 1106 4403 lib.
1140 4363 1202 4409 ιι.
1232 4348 1392 4417 epist.
1422 4348 1475 4401 4.

1068 4455 1137 4492 ιι)
1175 4455 1471 4495 ιειηδτοωιιι
1511 4457 1623 4496 XIX.

628 4529 876 4598 llerfaslo
916 4532 1177 4601 episcopo.
1222 4531 1374 4587 lluuc
1434 4534 1668 4601 primunt
1728 4537 1886 4591 Becei
1946 4554 2138 4592 mona-

556 4621 742 4684 chum,
772 4631 932 4690 atque
959 4622 1089 4675 inibi
1129 4622 1339 4678 litteras
1368 4624 1623 4679 didicisse
1653 4641 1934 4693 asserens,
1968 4631 2140 4699 turpi-

556 4722 638 4766 ter
673 4710 993 4765 alluciuatur
1044 4711 1367 4776 Godwituts,
1424 4713 1517 4768 lib.
1562 4715 1635 4768 De
1666 4716 1986 4785 prtcsulibus
2030 4721 2141 4774 An-

555 4802 695 4874 gliaz.
729 4799 974 4871 Namque
1002 4810 1057 4856 et
1097 4800 1147 4855 id
1176 4800 1335 4856 silent
1365 4803 1660 4872 scriptorcs
1686 4819 1896 4867 omnes,
1930 4816 1984 4860 et
2012 4824 2137 4877 per-

552 4895 705 4950 hibet
732 4892 851 4949 luce
886 4894 1187 4947 meridiana
1220 4892 1419 4948 clarius
1463 4894 1790 4949 Chronicum
1835 4897 2133 4961 Beccense,

550 5000 790 5041 necnon
834 4993 889 5039 et
929 4984 987 5038 Β.
1028 4983 1317 5039 Lattl'ranci
1352 4984 1471 5039 Vita
1496 5025 1511 5051 ,
1550 4997 1676 5040 ante
1721 4987 2009 5055 ipsummct
2045 5006 2135 5044 ar-

548 5078 952 5149 chiepiscopum
1007 5075 1224 5132 scholas
1273 5076 1578 5147 aperuisse,
1628 5078 1710 5133 vel
1765 5080 2015 5136 docuisse
2044 5099 2135 5138 ne-

549 5172 771 5225 miuem.
805 5168 897 5223 Ille
925 5177 1009 5223 est
1047 5166 1368 5231 ΙΙοιΐιιδῐιιε,
1405 5168 1498 5239 qui
1539 5169 1769 5224 concilio
1806 5170 2131 5235 Londonim,

549 5278 637 5315 an.
672 5260 834 5325 i075,
870 5259 1115 5314 interfuit
1146 5277 1158 5312 :
1197 5279 1215 5310 ι
1258 5258 1322 5313 Ει
1355 5274 1424 5314 ne
1462 5259 1596 5314 nihil
1634 5260 1827 5317 fecisse
1858 5264 2136 5318 videretur

550 5355 733 5423 (verba
756 5351 1161 5409 suntGuillelmi
1190 5350 1495 5417 Malntesb.,
1522 5352 1616 5408 lib.
1643 5368 1678 5407 ιι
1707 5352 1780 5407 De
1809 5355 2050 5426 pontil‘.),
2076 5366 2135 5412 ttt

548 5456 674 5500 sunt
720 5446 1076 5500 Nortltmauni
1127 5445 1285 5499 fama:
1323 5444 1376 5499 itt
1428 5444 1667 5499 futurunt
1711 5446 2131 5514 studiosissimi,

548 5537 916 5604 episcopatum
947 5537 1014 5591 de
1045 5535 1363 5590 llalmaham
1404 5535 1682 5590 transtulit
1728 5535 1795 5589 ad
1837 5534 2130 5591 Tltethfor-

550 5627 697 5676 dum.
726 5624 906 5677 Parca:
936 5626 1018 5679 (ut
1045 5626 1220 5695 aiunt)
1249 5627 1445 5683 mentis
1476 5627 1637 5683 homo
1656 5666 1669 5693 ,
1698 5636 1751 5680 et
1781 5627 2036 5683 nonnulla
2065 5645 2129 5684 cx

548 5723 701 5772 oartc
729 5712 923 5767 litteris
954 5711 1218 5770 eruditus.
1259 5736 1277 5767 ι

1775 291 1985 347 DOMNI
2023 288 2145 347 LU(

2276 290 2595 348 DACHERH
3655 305 3726 363 59‘!

2180 412 2223 469 Λ
2326 405 2667 470 Querintonia
2703 403 2766 457 de
2811 403 3017 457 clericis
3053 404 3253 459 abbatis
3287 405 3524 464 Ba'dufni.
3553 413 3615 468 Ne
3643 418 3727 483 jura
3816 446 3817 451 η

2260 495 2649 564 privilegiaqtte
2704 494 2953 549 cmunbio
2981 494 3038 549 S.
3072 495 3327 550 Edmundi
3363 514 3390 550 a
3426 504 3614 558 summis
3639 521 3730 573 poo-

2259 585 2493 640 tificibus
2522 600 2777 640 concessa
2805 586 3031 641 ulterius
3071 587 3321 656 infringat
3348 588 3611 657 llcrfastus,
3635 611 3730 664 per.

2254 680 2385 749 cipit
2438 682 2540 734 hac
2591 681 2641 733 in
2693 680 2920 749 cpistola
2974 680 3032 733 Β.
3084 680 3424 739 Lanfratteus.
3463 684 3541 739 Ille
3572 692 3728 751 ctenim.

2254 788 2394 843 :cgre
2440 774 2617 827 ferers
2656 773 2919 842 ejusmodi
2972 773 3366 840 immunitates,
3411 778 3611 846 quahbct
3644 782 3727 836 ὼιι

2253 865 2535 920 occisione
2559 880 2823 934 usurpare
2858 868 3100 920 tentabat
3125 884 3141 921 :
3165 867 3258 921 sel
3290 878 3489 921 ventum
3509 874 3729 938 pondenrc

2253 956 2563 1021 videbatur;
2611 971 2733 1009 nam
2773 956 3066 1012 Balduinus
3104 972 3223 1012 sese
3260 959 3425 1015 cidem
3469 973 3643 1018 strenue
3667 984 3731 1031 op-

2254 1045 2504 1115 ponebat,
2540 1045 2788 1115 illiusque
2816 1055 3041 1100 conatus
3078 1049 3217 1102 haud
3253 1048 3466 1120 impigre
3497 1058 3726 1123 metropoli-

2256 1143 2411 1189 tanus
2462 1135 2826 1201 Lanfrancus,
2884 1137 3015 1206 quin
3074 1138 3238 1191 etiam
3287 1149 3341 1193 et
3396 1141 3638 1211 Gregorius
3682 1161 3728 1197 ιιι

2252 1242 2386 1297 papa
2407 1268 2424 1293 ,
2464 1228 2767 1295 illidebant,
2796 1238 2856 1284 ιιι
2886 1238 3036 1300 patet
3072 1246 3137 1285 cx
3164 1230 3398 1300 ejusdem
3437 1232 3636 1305 Gregorii
3657 1251 3731 1304 qr.

2253 1318 2390 1371 stola
2415 1317 2685 1387 sequenti.

2765 1427 2833 1465 ΔΙ)
2877 1428 3177 1469 ιεριετοιλιι
3220 1431 3333 1470 XXI.

2324 1505 2451 1558 Cum
2484 1504 2680 1559 nullius
2710 1516 2839 1560 esset
2881 1508 3105 1561 ordinis.
3152 1508 3516 1580 Receptissima
3553 1510 3629 1567 fuit
3661 1513 3727 1566 ista

2252 1598 2584 1652 consuetudo
2606 1597 2663 1651 in
2690 1596 2932 1651 Ecclesia
2954 1638 2973 1662 ,
3000 1608 3059 1652 ttt
3095 1600 3275 1655 nullus
3305 1601 3406 1655 nisi
3429 1616 3456 1653 ει
3483 1603 3665 1657 minimis
3684 1608 3729 1655 ait

2254 1690 2483 1755 majores
2531 1691 2796 1744 evehatur
2839 1689 3082 1746 ordines.
3120 1691 3289 1748 Caius
3331 1707 3457 1763 papa
3500 1694 3628 1749 Felici
3654 1699 3727 1764 cpi-

2254 1795 2415 1850 scopo
2444 1798 2456 1834 :
2499 1800 2515 1832 ι
2546 1780 2676 1835 Illud
2710 1796 2808 1834 nos
2840 1791 3141 1839 statuentes
3177 1785 3328 1840 vobis
3353 1796 3405 1840 et
3430 1787 3631 1841 omnibus
3652 1802 3727 1840 se-

2254 1887 2379 1926 vare
2402 1873 2743 1939 mandamus,
2778 1882 2837 1927 ιιι
2861 1876 2927 1927 ad
2959 1874 3178 1931 ordines
3204 1877 3568 1932 ecclesiasticos
3592 1880 3648 1933 sic
3672 1893 3727 1931 as-

2253 1963 2486 2017 cendant
2513 1963 2568 2016 ιιι
2608 1964 2850 2018 Ecclesia
2883 1965 2972 2033 qui
3005 1966 3249 2021 ordinari
3292 1980 3560 2033 merentur,
3590 1970 3628 2022 id
3653 1978 3724 2025 est.

2253 2056 2293 2111 si
2328 2058 2449 2126 quis
2489 2058 2774 2129 episcopus
2811 2075 2932 2116 esse
2972 2070 3251 2125 meretur,
3292 2063 3359 2118 sit
3398 2063 3592 2133 primum
3619 2062 3725 2117 ostia-

2255 2146 2385 2209 rius.
2420 2147 2617 2203 deinde
2639 2148 2828 2216 lector,
2866 2160 3053 2221 postea
3083 2154 3389 2208 exorcista.
3424 2154 3531 2207 inde
3556 2164 3724 2208 sacretnr

2254 2237 2557 2310 acolythus,
2593 2241 2808 2295 demum
2851 2257 2979 2297 vero
3015 2241 3405 2306 subdiaconus,
3434 2243 3722 2299 deindcdiaco-

2253 2342 2373 2392 nus,
2402 2336 2456 2383 et
2486 2338 2670 2398 postea
2696 2333 2998 2402 presbyter,
3026 2341 3082 2387 et
3112 2334 3332 2401 exinde,
3364 2334 3406 2390 si
3426 2336 3725 2402 ttterctttr,epi-

2254 2436 2447 2490 scopus
2473 2423 2775 2477 ordinetur.
2819 2442 2837 2474 ι

2324 2510 2673 2566 Diacanatum
2724 2515 2771 2567 ei
2818 2518 3042 2584 anlerte.
3084 2515 3358 2582 Quantum
3404 2518 3464 2572 ad
3498 2517 3723 2572 exercitium

2252 2602 2518 2669 videlicet,
2571 2620 2674 2658 non
2712 2606 2890 2674 quoad
2930 2617 3150 2662 statum.
3188 2608 3265 2663 Ita
3307 2610 3490 2678 passim
3523 2610 3725 2677 Ιοιμιιιιτιειι

2254 2692 2440 2748 Patres
2472 2694 2523 2747 itt
2563 2694 2803 2751 Decretis
2840 2697 3082 2755 distinet.
3125 2698 3197 2754 50
3239 2719 3253 2753 :
3295 2702 3531 2755 Accedens
3556 2701 3610 2752 αλ
3636 2696 3725 2751 (Ior-

2250 2798 2463 2853 gonum,
2515 2792 2571 2839 et
2621 2784 2798 2855 glossa
2851 2787 2903 2840 in
2955 2789 3098 2843 ident
3142 2804 3267 2860 cap.
3314 2789 3602 2844 Diliicultatis
3634 2787 3727 2840 ltqu

2253 2874 2451 2928 nodum
2478 2874 2632 2930 docte
2657 2877 2817 2931 solvit
2834 2877 3011 2933 Estius
3037 2879 3090 2933 itt
3120 2880 3153 2933 6
3180 2882 3442 2944 Sentent.,
3469 2880 3655 2934 distinct.
3669 2877 3726 2935 25.

2255 2966 2283 3040 §
2320 2967 2371 3022 6.
2403 2967 2469 3022 Et
2496 2969 2563 3024 de
2605 2969 2689 3025 his
2727 2971 2820 3040 qui
2861 2973 3247 3041 praetermissis
3287 2969 3727 3029 inferioribusadstt-

2254 3056 2496 3127 perieres
2523 3059 2740 3114 ordines
2767 3061 3169 3130 provehantur,
3199 3064 3432 3120 distinet.
3455 3063 3547 3116 ἦξε
3576 3080 3591 3115 ι
3622 3059 3728 3114 Solli-

2254 3150 2433 3204 citudo
2479 3150 2785 3206 dilectionis
2821 3161 2922 3207 tute
2954 3154 3161 3209 studuit
3202 3164 3378 3210 utrunt
3415 3163 3613 3226 portator
3642 3151 3727 3204 ista
3822 3164 3823 3207 ι

2253 3256 2371 3294 runt
2402 3241 2703 3298 litterarum
2750 3243 3073 3325 diaconatus
3097 3255 3153 3301 et
3181 3242 3727 3318 presbyteratusollicirn

2254 3333 2476 3390 idoneus
2528 3334 2600 3388 sit
2649 3320 2932 3407 peragere,
2991 3353 3195 3406 necne;
3247 3356 3369 3396 cum
3412 3339 3457 3393 id
3493 3343 3729 3407 praeposteri
3822 3320 3823 3379 Ῠ

2252 3438 2433 3488 cursu.
2469 3427 2891 3485 subdiaconatus
2922 3431 3113 3486 ordine
3144 3433 3458 3504 postposito,
3495 3428 3727 3499 uestiget”

2253 3516 2429 3585 potius
2451 3533 2609 3587 quam
2636 3520 2886 3589 superbia
2928 3535 3291 3593 cognoscatur
3318 3524 3602 3587 ascendisse.
3630 3517 3683 3573 Un
3700 3522 3729 3567 ’σε

2253 3621 2351 3660 nos
2373 3609 2703 3664 consulendo
2726 3611 2983 3667 charitati
3008 3622 3113 3669 ture
3139 3617 3457 3671 mandamus
3479 3624 3527 3668 ιιι
3557 3612 3608 3666 alt
3633 3606 3728 3663 omni

2251 3694 2426 3751 ollicio
2479 3700 2803 3755 sacerdotali
2848 3718 2972 3758 eum
3010 3707 3338 3773 prohibeas,
3370 3708 3521 3761 donec
3561 3700 3729 3772 proxiwo

2252 3788 2495 3849 Quatuor
2530 3792 2857 3863 Temporuut
2885 3795 3092 3864 jejunio
3134 3801 3533 3855 subdiaconatus
3564 3792 3727 3848 ministr-

2253 3881 2390 3935 rium
2421 3882 2523 3938 sibi
2556 3884 2657 3940 rite
2689 3886 2970 3956 imponas,
3003 3889 3085 3944 sic
3134 3899 3188 3944 ct
3226 3892 3471 3959 deinceps
3503 3888 3557 3942 ad
3590 3882 3726 3950 anima

2250 3971 2424 4028 ofﬁcia
2476 3987 2599 4030 eum
2650 3977 2827 4032 redire
2880 3979 3169 4036 concedas.
3204 4001 3225 4036 ι
3271 3982 3406 4050 Quid
3450 3991 3583 4050 porro
3616 3988 3728 4044 ιω

2253 4064 2517 4136 prolapsis
2554 4069 2606 4121 itt
2636 4070 2821 4126 carnis
2850 4072 3039 4127 vitium
3085 4072 3425 4143 imponatur,
3462 4075 3615 4127 docent
3637 4067 3725 4116 itte

2251 4157 2383 4212 alios
2406 4172 2596 4214 canon.
2638 4163 2867 4230 apostol.
2893 4163 3005 4218 9.5:
3050 4182 3068 4217 ι
3117 4165 3174 4220 Si
3210 4182 3247 4236 q
3269 4167 3333 4222 tis
3360 4167 3725 4236 episeopos,pr'

2250 4251 2452 4320 sbyter,
2476 4261 2568 4307 aut
2591 4253 2872 4321 diaconus,
2898 4266 3021 4327 post
3039 4258 3278 4315 diaconii
3305 4259 3512 4328 gradum
3528 4258 3725 4319 mch

2250 4340 2411 4397 fuerit
2445 4343 2766 4412 fornicatus,
2809 4356 2899 4403 aut
2928 4350 3267 4418 moechatus,
3305 4352 3588 4422 deponatur,
3609 4336 3728 4405 et.”

2172 4455 2220 4514 ι)
2249 4434 2475 4490 ecclesia
2502 4436 2804 4508 proiectus,
2849 4442 2990 4496 inter
3016 4443 3103 4498 lai.
3121 4459 3185 4499 os
3221 4454 3347 4516 agat
3374 4439 3686 4515 paenitentiam.
3710 4447 3723 4478 ι

2246 4526 2306 4580 D.
2344 4526 2636 4597 Gregorius
2680 4530 2939 4588 Januario
2970 4536 3226 4606 epise0po
3263 4536 3565 4592 Calaritaao.
3596 4528 3661 4581 Lb-
3686 4534 3723 4571 ιιι

2242 4619 2401 4687 epist.
2452 4621 2522 4675 26
2555 4640 2568 4675 :
2603 4642 2620 4675 ι
2662 4624 2764 4691 Qui
2819 4636 2942 4695 post
2984 4640 3270 4699 acceptum
3318 4641 3515 4685 sacrum
3553 4619 3723 4675 onliueu

2243 4708 2423 4779 lapsus
2473 4713 2526 4768 in
2563 4726 2842 4783 peccatum
2883 4720 3069 4775 carnis
3122 4720 3309 4786 fuerit,
3334 4735 3480 4776 sacro
3517 4708 3721 4772 ordinein

2241 4817 2425 4860 careat
2450 4816 2509 4860 ttt
2538 4808 2605 4862 ad
2639 4809 2831 4867 altaris
2880 4812 3244 4870 ministerium
3270 4816 3480 4870 ulterius
3514 4814 3722 4864 nonam“

2240 4894 2382 4950 dat.)
2417 4898 2660 4955 Distinet.
2687 4902 2777 4965 50,
2806 4918 2856 4957 c.
2893 4905 2996 4959 16:
3036 4927 3054 4959 ι
3081 4904 3136 4961 Si
3159 4908 3281 4977 quis
3306 4906 3485 4962 amodo
3501 4900 3720 4970 episcopi“.

2240 4992 2541 5062 presbyter,
2571 4994 2652 5048 vel
2698 4996 2959 5052 diaconus
2990 4998 3246 5054 feminam
3278 4995 3525 5067 acceperit
3543 4989 3721 5045 telam“

2241 5090 2385 5147 plant
2425 5084 2731 5145 retinuerit,
2766 5088 2984 5157 proprio
3024 5090 3198 5159 gradu
3235 5090 3456 5153 decidat,
3483 5093 3618 5153 usque
3639 5076 3722 5129 dum

2240 5173 2304 5224 ad
2336 5174 2758 5231 satisfactionem
2793 5180 2994 5235 veniat.
3035 5201 3054 5232 ι

2320 5261 2408 5316 γει
2437 5264 2489 5317 in
2519 5267 2736 5335 synodo.
2771 5266 2884 5322 Non
2915 5272 3076 5326 modo
3101 5272 3171 5327 ob
3203 5273 3420 5336 crimen,
3442 5278 3596 5323 verum
3611 5256 3724 5314 otiati!

2238 5352 2437 5422 injuste
2472 5354 2768 5423 depositos,
2801 5360 2977 5414 media
3032 5361 3086 5415 in
3141 5361 3361 5432 synodo,
3400 5368 3540 5427 atque
3572 5354 3645 5407 hac
3666 5358 3721 5396 η’

2236 5445 2385 5499 tione
2414 5446 2773 5503 restituendos
2806 5451 3109 5521 episcopos,
3139 5453 3493 5524 presbyteros.
3518 5446 3719 5499 diaconos

2235 5545 2289 5590 et
2317 5536 2698 5601 subdiacouos,
2724 5541 3020 5607 pra‘scribit
3047 5545 3331 5600 concilium
3360 5540 3574 5596 Toletan.
3596 5544 3636 5585 lli
3656 5526 3722 5578 ειιιι

2238 5628 2473 5684 llonorio
2502 5644 2539 5693 I,
2566 5645 2687 5699 cap.
2711 5630 2779 5686 £8
2812 5648 2825 5685 :
2857 5634 3206 5707 «Episcopus,
3237 5636 3517 5709 presbyter,
3539 5627 3723 5713 iliacos?

2234 5731 2325 5776 aut
2356 5721 2743 5793 subdiaconus,
2776 5726 2823 5782 si
2869 5744 2898 5783 a
2935 5730 3105 5801 gradu
3138 5746 3237 5791 suo
3265 5730 3446 5801 injuste
3483 5721 3667 5792 ᾱεὲοίωδ
3688 5720 3724 5759 ω
