3864 6304
1256 320 1279 341 ς

89 416 173 473 593

88 525 287 585 secunda
314 521 516 595 synodo
547 521 809 576 innocens
839 519 1127 591 reperitur,
1156 536 1263 575 non
1295 529 1474 591 potest
1503 534 1625 575 esse
1655 528 1702 588 Α

89 621 202 690 quod
246 617 434 681 fuerat,
483 615 579 669 nisi
634 615 835 686 gradus
881 616 1110 669 amissos
1172 615 1400 683 recipiat
1441 628 1627 669 coram

92 711 269 773 altario,
322 709 385 763 de
432 723 590 761 manu
644 707 880 776 episcom
940 709 1201 772 orarium,
1260 707 1518 761 annulum
1567 714 1627 761 et

90 800 318 857 baculum.
348 800 403 853 Si
433 798 737 869 presbyter,
767 799 1008 854 orarium
1037 808 1091 855 et
1111 800 1417 870 planctum;
1445 800 1488 855 si
1514 799 1628 854 dia-

87 908 222 949 conus
246 891 478 945 orarium
518 899 572 944 et
601 888 807 955 albam;
834 890 876 945 si
909 891 1271 946 subdiaconus
1300 901 1548 961 patenum
1578 897 1631 945 et

89 984 290 1039 enicem.
330 1001 348 1034 ι
385 981 689 1036 Notandum
714 996 843 1036 vero
869 991 952 1038 est
976 983 1372 1052 posterioribus
1392 982 1627 1048 szeculis,

88 1086 217 1144 atque
254 1074 564 1139 etiamnum,
593 1074 768 1129 solum
801 1089 995 1147 papam
1027 1076 1311 1130 restituere
1355 1075 1630 1145 depositos

89 1170 131 1231 ἓ.
158 1178 345 1233 αυτηει..
392 1168 446 1233 6,
497 1167 622 1223 ideo
667 1176 723 1223 et
751 1168 928 1238 glossa
964 1183 1129 1239 super
1174 1183 1293 1237 cap.
1343 1169 1507 1239 episc.
1544 1167 1628 1234 11,

86 1266 242 1328 quast.
262 1257 315 1312 '5.

522 1365 591 1404 AD
628 1363 930 1404 ενιετοωιιι
966 1364 1120 1403 XXIII.

67 1424 70 1437 ’
146 1437 398 1492 Hereberto
446 1437 941 1508 Episcopo.'llujus
989 1439 1230 1509 epistola:
1277 1439 1430 1495 titulo
1461 1439 1630 1494 liere-

92 1530 200 1585 bcrti
240 1545 424 1585 nomen
460 1530 775 1596 indidimus,
831 1532 1269 1601 quandoquidem
1317 1540 1371 1587 et
1422 1540 1633 1602 tempus

89 1631 133 1673 ct
160 1635 230 1675 res
253 1621 372 1689 ipsa:
402 1622 758 1677 concordant.
800 1623 877 1677 Ea
911 1632 1230 1694 tempestate
1262 1625 1426 1679 vitam
1458 1625 1636 1695 egisse

93 1711 397 1768 lierebcrtum
432 1714 748 1785 episcopmn
778 1715 1191 1783 Norviceusem,
1229 1732 1328 1772 nec
1359 1734 1462 1771 non
1493 1726 1548 1772 et
1575 1718 1630 1770 S.

92 1805 308 1861 Edmundi
345 1808 585 1863 coanobii
611 1810 773 1881 (quod
816 1810 882 1865 ad
930 1811 1209 1866 dioecesim
1250 1810 1633 1866 Norviccnsem

92 1898 303 1967 pertinet)
360 1898 483 1969 jura
519 1899 637 1955 sive
690 1900 967 1972 privilegia
1030 1901 1329 1972 infringere
1377 1902 1631 1967 voluisse,
1670 1888 1709 1940 Β

90 1988 415 2061 nolunt
451 1999 624 2046 estex
658 1992 908 2047 Eadmeri
954 1991 1091 2071 llisrt.
1126 1993 1217 2048 lib.
1250 2010 1332 2047 ut.
1370 1994 1635 2049 Hereber-

92 2094 178 2139 ttuu
218 2094 402 2152 autem,
455 2086 823 2158 voluptatibus
862 2088 1091 2143 nimium
1153 2088 1521 2159 induigentem
1571 2104 1636 2143 ac

92 2174 365 2231 Simoniaeze
414 2177 646 2233 haeresis
691 2177 810 2233 labe
835 2193 1144 2248 aspersum,
1203 2178 1296 2235 sed
1338 2177 1637 2247 juventutis

92 2265 236 2322 calore
262 2266 521 2336 tepefaeto
556 2268 624 2322 ad
657 2268 1084 2323 emendatiorem
1128 2269 1295 2323 vitam
1331 2258 1635 2323 traductum

94 2358 250 2413 asserit
289 2357 500 2415 Guillel.
554 2359 928 2425 Malmesbur.,
968 2361 1043 2415 De
1084 2360 1278 2431 pontil‘.
1334 2360 1426 2414 lib.
1470 2376 1529 2423 ιι,
1582 2360 1636 2415 in

92 2448 312 2520 episcopis
338 2450 686 2506 orientalium
719 2451 1039 2522 Anglorum.
1069 2452 1339 2508 Luctuosa
1373 2454 1531 2523 plane
1550 2468 1637 2507 res

94 2550 157 2595 est
176 2542 422 2599 antistites
453 2545 655 2600 intueri
690 2547 995 2611 nonnullos,
1032 2548 1150 2618 qui,
1187 2548 1384 2603 anima:
1419 2564 1483 2604 ac
1508 2548 1638 2603 dio}

92 2624 244 2690 cescos
287 2651 409 2691 cura
460 2640 869 2717 praetermissa,
901 2640 966 2693 ad
997 2640 1339 2711 abrogandas
1369 2649 1637 2695 monaste-

97 2730 258 2784 riorum
281 2730 586 2795 libertates,
618 2747 646 2786 a
673 2733 876 2788 sanctis
914 2733 1173 2789 Ecclesiae
1198 2733 1521 2803 praesulibus
1553 2733 1637 2802 pia

94 2830 138 2874 et
172 2821 294 2891 justa
341 2825 405 2879 de
460 2840 632 2880 causa
688 2840 996 2891 concessas,
1049 2826 1289 2880 animum
1340 2824 1635 2896 appellant,

97 2922 322 2985 totamque
365 2917 693 2973 industriam
749 2929 803 2973 et
840 2918 1019 2973 oleum
1071 2916 1407 2988 impendant,
1457 2919 1640 2973 verius

94 3004 252 3070 dicam,
285 3008 605 3079 deperdant,
639 3009 713 3064 uti
756 3008 1089 3065 llerebertus
1114 3010 1221 3076 ille,
1253 3019 1307 3065 et
1335 3010 1640 3066 ltichardus

98 3093 421 3153 bunelmensis
468 3100 782 3170 episcopus,
831 3098 987 3167 cujus
1033 3100 1403 3156 miserandum
1434 3100 1638 3156 exitum

94 3204 274 3246 cernere
300 3204 379 3249 est
412 3196 558 3265 apud
586 3194 773 3249 Matth.
808 3195 1080 3261 Paridem,
1104 3194 1329 3261 llistor.,
1355 3210 1479 3266 pag.
1508 3194 1634 3261 213,

97 3298 212 3336 nunt.
236 3287 280 3358 ι,
305 3296 357 3341 et
382 3287 515 3354 229,
549 3304 700 3342 num.
734 3289 785 3356 1,
814 3288 1014 3343 ultima!
1032 3289 1305 3344 editionis.

147 3375 332 3433 Divinas
372 3381 579 3435 litteras
631 3380 741 3453 lege
772 3421 788 3447 ,
847 3389 955 3436 etc.
1018 3381 1274 3453 Vcstigiis
1325 3391 1641 3438 sanctorum

97 3467 274 3525 Patrum
314 3473 537 3530 ﬁrmiter
577 3473 936 3545 religioseque
970 3474 1244 3530 inhaerens
1282 3474 1344 3529 Β.
1374 3475 1643 3545 archiepi-

97 3576 251 3631 scopus
274 3564 626 3637 llerebertutn
654 3569 932 3631 admonet,
959 3566 1154 3622 concil.
1190 3565 1365 3621 Tolet.
1411 3581 1491 3630 tu,
1516 3582 1637 3636 cap.

99 3652 179 3707 2i:
202 3656 556 3726 «Ignorantia,
586 3668 763 3713 mater
785 3667 1103 3715 cunctorum
1118 3674 1386 3721 errorum,
1408 3658 1640 3713 maxime

100 3745 141 3799 in
164 3752 503 3807 sacerdotibus
526 3732 623 3806 Dei
649 3751 872 3805 vitanda
895 3759 1002 3817 est,
1032 3751 1124 3821 qui
1152 3748 1379 3804 docendi
1407 3748 1640 3805 cilicium

99 3836 140 3890 in
176 3841 355 3910 populis
381 3850 762 3914 susceperunt.
800 3861 819 3894 ι
870 3841 934 3896 Ει
973 3850 1095 3910 post
1148 3855 1360 3910 pauca;
1399 3858 1417 3891 ι
1457 3840 1643 3896 Sciant

99 3926 228 3997 igitur
276 3934 581 3989 sacerdotes
639 3932 953 4002 Scripturas
1014 3946 1221 3998 sacras,
1296 3940 1351 3986 et
1406 3947 1643 3988 canones

101 4022 395 4092 meditentur,
439 4034 498 4079 ut
545 4040 707 4079 omne
756 4038 891 4093 opus
923 4038 1110 4078 eorum
1159 4023 1210 4076 in
1261 4023 1643 4091 praedicatione

101 4113 241 4169 divina
262 4130 310 4171 et
342 4118 591 4173 doctrina
621 4116 905 4179 consistat,
935 4124 1096 4184 atque
1122 4114 1392 4173 :editiceut
1415 4124 1642 4170 cunctos

100 4212 184 4257 tam
205 4206 310 4261 ﬁdei
334 4208 566 4264 scicntia
591 4221 752 4276 quam
778 4220 1004 4275 operum
1027 4204 1331 4273 disciplina.
1362 4204 1643 4274 Siquidem

101 4308 248 4363 pastor
279 4302 356 4372 (ut
383 4302 570 4355 aiebat
622 4298 681 4354 S.
728 4297 1049 4361 Antiochus,
1106 4297 1293 4352 liomil.
1343 4298 1467 4367 111)
1502 4305 1642 4350 totus

102 4401 222 4443 mens
264 4399 313 4446 et
351 4391 540 4448 oculus
586 4405 707 4445 esse
752 4390 933 4454 debet,
962 4395 1020 4442 ut
1054 4404 1123 4443 ne
1155 4404 1257 4441 uua
1288 4388 1503 4456 quidem
1538 4386 1641 4440 sibi

99 4480 265 4534 Credita
287 4485 542 4552 pecudum
576 4481 802 4537 ridicula
846 4480 961 4544 ﬁat,
1014 4488 1068 4535 et.
1098 4479 1314 4548 indigna
1346 4493 1465 4549 qua:
1503 4477 1639 4531 rcci-

1104 403 1169 459 lN
1208 403 1421 460 EPIST.
1465 403 1527 458 Β.
1566 402 1962 462 LANFRANCI
1998 404 2231 462 ΝΟΤίΕ.

3200 415 3307 472 591

1802 520 1869 575 1η
1899 521 2117 576 decretis
2147 522 2355 591 legitur.
2386 524 2609 580 Decreta
2641 525 2910 598 intelligit,
2935 535 2993 581 ut
3026 542 3113 582 res
3136 527 3315 583 docet.

1736 620 1846 665 tum
1874 627 2205 666 summorum
2235 614 2548 683 pontiﬁcum
2576 618 2829 685 epistolas
2862 619 3185 685 decretales,
3204 629 3317 673 ttuu

1731 702 1892 757 etiam
1951 703 2208 774 synodica
2248 706 2602 761 conciliorum
2654 710 2901 775 decreta;
2949 727 3066 779 qum
3111 712 3319 781 Corpus

1734 810 2000 850 canonum
2032 798 2294 864 continet,
2327 797 2481 868 cujus
2529 802 2777 857 meminit
2818 802 3073 859 Nicolaus
3103 804 3143 869 l,
3182 805 3313 860 dist.

1735 888 1801 944 19
1834 906 1846 941 :
1877 886 1938 943 Si
1964 888 2343 947 Romanorum.

1738 1042 1741 1045 ἢ
1805 977 1870 1032 In
1918 978 2040 1033 aliis
2069 980 2482 1037 ortltodoxorum
2529 982 2751 1039 Patrum
2796 986 3110 1039 autltcnticis
3147 985 3314 1040 libris.

1733 1065 1879 1123 inter
1907 1068 2042 1124 alios
2078 1067 2402 1129 llincmarus
2428 1072 2711 1131 Remeusis
2735 1075 3177 1147 archiepiscopus
3200 1077 3319 1146 pln-

1734 1160 1885 1213 ribus
1953 1161 2018 1215 dc
2070 1161 2361 1231 primatum
2411 1172 2575 1235 atque
2627 1168 3160 1238 archiepiscoporum
3200 1168 3322 1239 jure

1735 1248 1974 1319 disputat
2000 1250 2264 1321 opusculo
2283 1251 2375 1320 M,
2400 1255 2463 1308 ad
2491 1255 2777 1327 episeOpos
2799 1257 2865 1313 de
2889 1256 3015 1327 jure
3053 1266 3324 1330 metropo-

1734 1340 2053 1410 litanorum,
2086 1359 2207 1415 pag.
2234 1344 2335 1400 7|9
2366 1354 2495 1400 tom.
2527 1347 2591 1403 ll.

1746 1502 1749 1505 _
2231 1453 2300 1492 AD
2338 1454 2638 1496 EPISTOLM!
2682 1458 2827 1497 xxiv.

1808 1525 2067 1581 Mauritio
2096 1527 2338 1583 salutem.
2380 1530 2446 1583 A.
2505 1530 2565 1587 C.
2612 1533 2829 1587 circiter
2867 1532 3020 1599 1089,
3065 1542 3325 1604 regnante

1736 1619 2022 1676 Guillelmo
2068 1621 2229 1688 llul'o,
2288 1623 2494 1679 electus
2566 1635 2651 1682 est
2702 1626 2986 1682 Mauritius
3034 1627 3324 1681 Lontlonim

1736 1713 1905 1783 episc.
1956 1732 1974 1764 ι
2012 1712 2220 1785 Ilugoni
2260 1716 2525 1770 successit
2557 1716 2841 1773 Mauritius
2882 1717 3081 1788 (inquit
3109 1716 3327 1769 Malme-

1737 1806 1886 1861 sbur.
1917 1806 2010 1861 lib.
2050 1822 2087 1860 ιι
2118 1808 2192 1862 De
2228 1809 2469 1878 pontif.),
2496 1809 2635 1880 regis
2670 1809 3044 1874 canceltarius,
3082 1808 3328 1877 quamvis

1738 1898 1789 1951 iu
1820 1899 2139 1968 quibusdam
2173 1916 2444 1971 prospera:
2470 1902 2644 1968 famae,
2668 1902 3026 1974 praedicabilis
3047 1902 3326 1965 cllicacize,

1739 1995 2201 2064 magnanimitatis
2250 2007 2402 2051 certe
2446 1998 2614 2067 ipsius
2664 2008 2749 2052 est
2788 1999 3049 2053 indicium
3099 1997 3325 2051 basilica

1736 2085 1798 2151 Β.
1833 2085 1985 2141 Pauli
2016 2103 2181 2157 quam
2219 2088 2495 2144 inchoavit
2522 2090 2845 2157 Loudonite;
2880 2099 3025 2145 tanta
3058 2099 3142 2145 cst
3168 2090 3329 2144 deco-

1740 2176 1814 2230 ris
1864 2178 2263 2248 magniticentia
2302 2188 2360 2233 ut
2406 2180 2600 2235 merito
2649 2179 2792 2235 inter
2828 2180 3088 2251 praeclara
3140 2192 3329 2233 mune-

1738 2276 1888 2323 retur
1914 2270 2160 2325 azditicia.
2202 2290 2219 2322 ι
2268 2272 2595 2327 Considebat
2635 2273 2687 2326 in
2730 2272 2959 2326 concilio
3007 2272 3058 2325 in
3093 2270 3328 2325 ecclesia

1739 2358 1797 2414 S.
1823 2359 1970 2415 Petri
1994 2360 2151 2431 juxta
2194 2362 2528 2417 Londouiam
2555 2370 2684 2417 anu.
2720 2362 2880 2425 1102,
2910 2361 3232 2432 prmsidcnte
3266 2360 3323 2416 Β.

1742 2451 2023 2507 Ansclmo.
2059 2452 2340 2519 Edtnerus,
2378 2453 2513 2508 llist.
2553 2470 2813 2509 novorum
2851 2455 2887 2507 Ι.
2924 2469 3003 2518 ιιι,
3050 2469 3173 2523 pag.
3202 2453 3288 2506 67.

1812 2548 1911 2600 Aut
1938 2547 2194 2616 formatas
2219 2547 2440 2604 litteras.
2490 2548 2548 2606 Id
2575 2565 2747 2622 genus
2788 2550 3094 2606 litterarum
3125 2547 3331 2602 formo.

1740 2637 1845 2692 iam
1882 2636 2047 2693 habes
2089 2649 2211 2707 post
2239 2640 2432 2695 concil.
2465 2640 2901 2697 Chalcedonense
2935 2657 2972 2704 ι,
3001 2655 3102 2695 nec
3138 2655 3245 2694 non
3278 2640 3330 2691 in

1740 2732 2036 2803 appendice
2064 2735 2130 2787 ad
2166 2742 2297 2788 tom.
2340 2735 2381 2789 ll
2428 2734 2794 2792 Conciliorum
2821 2734 3008 2791 Gallia:
3036 2733 3332 2805 permultas

1741 2840 1905 2895 opera
1920 2822 2111 2879 Jacobi
2137 2824 2411 2880 Sirmondi
2430 2826 2668 2896 primum
2694 2826 2994 2897 etulgatas.
3020 2822 3329 2883 Canonicze,

1742 2915 2152 2980 ecclesiasticae,
2205 2917 2684 2981 conmmrdatitite.
2731 2915 3228 2977 commendatoriaz,
3274 2922 3335 2969 et

1742 3006 2064 3062 dimissoriae
2108 3008 2467 3079 appellantur.
2499 3009 2563 3063 Et
2594 3024 2721 3063 vero
2755 3009 3055 3079 antiquitus
3088 3008 3334 3062 formatis

1744 3099 1940 3154 litteris
1971 3100 2037 3162 ad
2068 3100 2328 3178 unitatem
2357 3100 2611 3156 Ecclesia:
2637 3102 2958 3169 servandam
2984 3101 3063 3155 uti
3087 3099 3334 3154 solebant

1746 3190 2045 3257 antistites,
2119 3192 2260 3246 sicut
2320 3202 2513 3249 auctor
2566 3203 2651 3248 est
2711 3192 2940 3261 Optatus
2997 3190 3334 3245 Milevitanus

1707 3282 1713 3297 ⁷
1745 3293 1933 3340 contra
1964 3283 2176 3351 Parm.,
2225 3286 2317 3339 lib.
2350 3302 2384 3340 tl
2410 3327 2423 3350 ,
2457 3287 2523 3341 de
2559 3285 2819 3340 Romanis
2850 3285 3124 3339 disserens
3152 3281 3332 3352 ponti-

1746 3374 1938 3429 licibus
1988 3374 2074 3428 bis
2099 3376 2278 3429 verbis
2314 3394 2326 3430 :
2367 3393 2385 3427 ι
2424 3377 2557 3431 Cum
2591 3391 2699 3445 quo
2726 3373 2970 3445 (Siricio)
3004 3373 3157 3428 nobis
3194 3382 3336 3426 totus

1745 3463 1893 3520 orbis
1919 3466 2251 3521 commercio
2294 3464 2669 3530 formularum,
2701 3466 2753 3518 iu
2786 3478 2890 3518 una
2937 3461 3335 3517 communionis

1745 3557 2003 3612 societate
2053 3557 2368 3619 concordat,
2405 3576 2422 3607 ι
2479 3565 2584 3612 etc.
2640 3545 2699 3609 ἰ).
2758 3554 3043 3625 Augustin,
3120 3552 3335 3607 Eleusin

1746 3650 2162 3721 disputationem
2224 3665 2387 3719 quam
2419 3665 2542 3708 cum
2591 3648 2853 3703 Fortunio
2882 3646 3146 3701 habuerat
3193 3646 3332 3700 refe-

1746 3758 1893 3809 rens,
1923 3742 2083 3813 epist.
2120 3742 2243 3808 165,
2279 3754 2400 3813 post
2427 3742 2665 3808 initium,
2694 3742 2773 3797 sic
2809 3741 3046 3811 loquitur
3075 3756 3089 3793 :
3123 3761 3138 3791 ι
3178 3740 3335 3806 ρων-

1747 3835 1932 3889 rebam
1980 3843 2161 3889 utrum
2190 3834 2446 3907 epistolas
2475 3834 3012 3900 communicatorias,
3055 3849 3188 3903 quas
3228 3833 3336 3887 for—

1746 3935 1921 3981 malas
1934 3925 2184 3994 dicimus,
2208 3936 2394 3998 posset
2417 3942 2524 3997 quo
2546 3926 2738 3982 vellem
2762 3926 2912 3992 dare,
2931 3923 3335 3980 etallirmabam

1744 4019 1887 4087 quod
1912 4018 2262 4075 manifestum
2297 4028 2417 4076 erat
2443 4019 2715 4084 omnibus,
2749 4038 2766 4071 ι
2803 4026 2907 4073 etc.

1817 4110 1966 4171 Sicut
2016 4129 2240 4167 canones
2278 4112 2482 4181 jubent.
2523 4112 2732 4167 Canon.
2782 4109 3149 4180 apostolorum
3206 4108 3278 4162 52
3319 4122 3333 4160 :

1743 4206 1941 4267 Μηδένα
1965 4211 2065 4262 τῶν
2091 4206 2224 4269 ξένον
2246 4201 2552 4267 ἐπισκόπων,
2574 4204 2603 4263 ἦ
2619 4203 3009 4279 πρεσϐυτέρων,
3037 4199 3067 4261 ἢ
3092 4197 3336 4255 διακόνων

1702 4300 1865 4357 ⁴ἄνευ
1916 4306 2239 4355 συστατικῶν
2274 4294 2681 4373 προσδέχεσθαι,
2737 4298 2817 4349 καὶ
2866 4295 3235 4367 ἐπιφερομένων
3284 4291 3337 4348 δὲ

1743 4398 1927 4458 αὐτῶν,
1985 4391 2447 4459 ἀνακρινὲσθωσαν.
2480 4393 2563 4444 καὶ
2597 4392 2641 4444 εἰ
2684 4391 2773 4458 μέν
2824 4384 2946 4443 ὦσιν
2990 4392 3201 4459 κήρυκες
3248 4395 3340 4449 τῆς

1745 4482 2039 4544 Εὐσεεεὰις,
2061 4477 2555 4555 προσδεχέσοωσαυ.
2582 4478 2625 4531 εἰ
2647 4476 2699 4532 δὲ
2730 4480 2800 4548 μή
2824 4496 2902 4549 γε,
2926 4477 2992 4531 τὰ
3010 4475 3138 4551 πρὸς
3158 4477 3338 4552 χρείας

104 4567 241 4633 Ibatur
284 4587 311 4625 a
362 4574 613 4637 Domino,
659 4591 677 4623 ι
731 4580 835 4627 etc.
888 4572 1025 4626 Vide
1056 4568 1360 4625 llormisdac
1400 4567 1557 4638 epist.
1584 4566 1638 4632 4,

1748 4574 1919 4631 animi;
1948 4570 2452 4642 ἐπιχορηγήσαντες.
2498 4568 2568 4626 εἰς
2598 4566 2853 4619 κεινωνίαν
2892 4565 3077 4624 αὐτοὺς
3116 4572 3183 4633 μή
3212 4582 3339 4635 προ-

103 4674 195 4728 Cap.
221 4665 264 4730 1,
302 4668 364 4721 ad
392 4669 563 4737 episc.
597 4666 858 4737 llispan.;
894 4664 1214 4719 Turoncuse
1247 4662 1441 4717 concil.
1475 4663 1558 4725 ni,
1588 4678 1638 4716 c.

105 4752 152 4816 ὧς
176 4754 361 4814 Nicena:
389 4761 582 4831 synod.
610 4776 669 4825 ll,
700 4776 747 4815 c.
771 4760 837 4824 9.;
870 4759 930 4813 S.
962 4758 1185 4829 Cregor.
1228 4756 1323 4811 lib.
1357 4770 1452 4819 vn,
1481 4754 1640 4824 epist.

110 4844 200 4898 ll0.
222 4849 364 4907 Solus
386 4852 674 4908 Salvianus
698 4850 1024 4907 Massiliens.
1058 4851 1343 4921 presbyter
1375 4848 1641 4919 produca—

110 4940 190 4998 tur,
212 4940 475 5012 episcopos
518 4942 600 4996 sic
622 4941 923 5011 alloquens,
957 4939 1080 4995 libr.
1126 4956 1165 4993 ιι
1194 4941 1261 4993 ad
1304 4939 1511 4995 Eceles.
1554 4954 1644 4993 ca-

109 5022 211 5078 thol.
239 5039 348 5097 post
368 5032 513 5087 med.
545 5049 558 5086 :
589 5049 608 5083 l
644 5031 913 5100 Quidquid
946 5032 1010 5086 de
1032 5030 1151 5084 aliis
1170 5031 1420 5085 omnibus
1440 5031 1642 5085 tliCltttlt

108 5120 188 5177 est,
212 5118 362 5187 magis
387 5120 591 5189 absque
615 5119 778 5174 dubio
810 5120 877 5175 ad
900 5135 991 5175 cos
1017 5119 1251 5190 pertinet
1280 5119 1370 5187 qui
1398 5121 1645 5189 exemplo

108 5208 316 5265 otnmbus
341 5227 461 5269 esse
484 5214 704 5279 debent,
727 5223 781 5268 et
812 5228 948 5283 quos
976 5213 1159 5282 utique
1187 5220 1337 5267 tanto
1366 5221 1645 5268 antestare

108 5301 282 5358 rzeteris
302 5314 510 5376 oportet
540 5306 826 5361 devotione
861 5315 1065 5375 quanto
1088 5313 1367 5360 autestaut
1398 5305 1649 5361 omnibus

108 5390 345 5459 dignitate.
395 5398 537 5455 Nihil
566 5400 711 5455 enim
744 5408 827 5454 est
859 5398 1069 5468 turpius
1098 5413 1262 5468 quam
1293 5397 1647 5454 excellentem

106 5494 205 5539 esse
245 5491 528 5557 quemlibet
561 5490 814 5555 culmine,
888 5497 937 5545 et
988 5489 1372 5560 despicabilem
1421 5482 1647 5542 vilitate.

108 5572 224 5636 Quid
272 5591 350 5635 est
399 5582 542 5637 enim
591 5581 738 5638 aliud
791 5581 1126 5652 principatus
1181 5582 1297 5637 sine
1330 5581 1648 5637 meritorum

109 5667 420 5740 sublimitate,
473 5677 574 5732 nisi
623 5676 845 5731 honoris
889 5676 1076 5730 titulus
1105 5675 1221 5730 sine
1269 5675 1520 5729 homine?
1547 5674 1652 5729 Aut

110 5756 215 5820 ‘lttid
240 5771 317 5815 est
359 5764 585 5837 dignitas
637 5767 690 5822 in
738 5764 981 5838 indigno,
1028 5766 1131 5822 nisi
1173 5773 1553 5823 ornamentum
1599 5767 1649 5820 iu

112 5841 231 5901 late?
264 5869 279 5901 ι
312 5862 408 5909 etc,

1744 4660 2009 4725 σδέξησοε.
2042 4657 2199 4713 πολλά
2228 4657 2325 4732 γὰρ
2368 4660 2497 4712 κατὰ
2538 4662 2871 4732 συναρπαγὴν
2897 4659 3111 4729 γίνεται,
3152 4655 3203 4707 id
3232 4665 3337 4717 est,

1752 4771 1770 4804 ι
1804 4750 1991 4805 Nullus
2014 4750 2422 4819 peregrinorum
2461 4750 2836 4818 episcoporum
2875 4749 2961 4805 vel
2998 4749 3339 4820 presbytero-

1750 4860 1893 4909 rum,
1928 4841 2011 4896 vel
2046 4840 2397 4895 diaconorum
2438 4841 2555 4894 sine
2600 4841 3061 4896 commendatitiis
3103 4840 3338 4909 recipia-

1749 4943 1879 4989 tur:
1916 4943 1971 4987 et
2016 4946 2109 4986 cas
2138 4932 2263 4983 dum
2307 4945 2492 4984 secum
2535 4930 2717 4986 ferunt
2755 4932 2854 5003 ipsi
2900 4935 3185 5004 diligenter
3212 4948 3338 4987 esas

1749 5025 2057 5088 minentur,
2094 5030 2149 5077 et
2188 5023 2232 5075 si
2269 5023 2485 5093 quidem
2533 5023 2733 5078 fuerint
2773 5042 3051 5095 prteconcs
3086 5028 3335 5095 pietatis,

1750 5115 2115 5186 recipiantur;
2153 5114 2238 5168 sin
2280 5113 2494 5180 minus,
2535 5114 2638 5170 illis
2670 5114 2739 5169 ad
2783 5117 2983 5171 victum
3029 5120 3336 5170 necessaria

1749 5225 1873 5264 cum
1906 5208 2265 5277 praibueritis,
2322 5209 2550 5263 ulterius
2594 5210 2741 5279 ipsos
2789 5210 2840 5263 in
2890 5208 3225 5264 consortium
3274 5227 3340 5263 ne

1753 5300 2057 5372 recipiatis;
2108 5301 2275 5355 multa
2321 5304 2467 5356 enim
2516 5319 2612 5373 per
2659 5303 3064 5371 subreptioncm
3120 5300 3277 5356 ﬁunt.
3316 5320 3333 5349 ›

1754 5394 2003 5465 Synodus
2042 5393 2392 5459 Chalcedon.,
2436 5412 2559 5451 can.
2614 5397 2707 5460 l3,
2764 5396 2907 5449 idem
2966 5392 3225 5463 praecipit.
3278 5393 3346 5446 Et

1753 5487 1946 5558 synod.
1987 5501 2038 5541 VI
2070 5485 2121 5539 in
2157 5485 2361 5551 TI‘UllO,
2389 5503 2508 5541 can.
2548 5489 2608 5540 17
2639 5505 2652 5541 :
2684 5486 2848 5557 359
2899 5485 3162 5560 Ὀρὶζομεν
3210 5488 3340 5542 ὥστε

1752 5575 1944 5650 μηδένα
1971 5584 2073 5630 τῶν
2099 5575 2336 5631 ἁπάντων
2358 5583 2624 5649 κληρικῶν,
2656 5573 2744 5649 κᾷν
2773 5578 2822 5630 ἓν
2846 5576 3122 5649 οἶῳδὴποτε
3146 5580 3345 5649 τυγχά-

1754 5689 1813 5742 up
1850 5666 2047 5739 βαομῷ,
2091 5663 2264 5721 ἄδειαν
2306 5666 2482 5738 ἔχειν,
2518 5667 2660 5728 ἐκτὸς
2689 5677 2778 5729 τῆς
2801 5674 2895 5723 τοῦ
2927 5671 3109 5725 οἰκείου
3140 5671 3347 5725 ἐπισκό-

1755 5781 1854 5815 που
1918 5759 2172 5833 ἐγγράφου
2230 5761 2540 5821 ἀπολυτικῆς
2572 5800 2585 5825 ,
2627 5761 2675 5813 ἐν
2736 5762 2885 5838 ἑτέρᾳ
2936 5762 3349 5817 κατατάττεσθαι

1753 5851 2036 5924 ’Βκνλησὶίε
2075 5853 2182 5906 ἐπεὶ
2226 5852 2249 5908 ὁ
2299 5859 2368 5926 μὴ
2413 5862 2561 5912 τοῦτο
2610 5855 3348 5931 παραφυλαττίμενοςτασαν·
