  <div class='ocr_page' id='page_1' title='image "/cluster/home/n/w/nwhite01/storage/ocr_20150623/150/hvd.32044015473788/302.png"; bbox 0 0 3864 6304; ppageno 0'>
   <div class='ocr_carea' id='block_1_1' title="bbox 109 394 201 451">
    <p class='ocr_par' dir='ltr' id='par_1_1' title="bbox 109 394 201 451">
     <span class='ocr_line' id='line_1_1' title="bbox 109 394 201 451; baseline -0.043 1"><span class='ocrx_word' id='word_1_1' title='bbox 109 394 201 451; x_wconf 75' lang='grc' dir='ltr'><strong>5θῖ</strong></span> 
     </span>
    </p>
   </div>
   <div class='ocr_carea' id='block_1_2' title="bbox 1153 382 2276 444">
    <p class='ocr_par' dir='ltr' id='par_1_2' title="bbox 1153 382 2276 444">
     <span class='ocr_line' id='line_1_2' title="bbox 1153 382 2276 444; baseline -0.001 -1"><span class='ocrx_word' id='word_1_2' title='bbox 1153 387 1220 443; x_wconf 89' lang='lat' dir='ltr'><strong>IN</strong></span> <span class='ocrx_word' id='word_1_3' title='bbox 1260 386 1473 444; x_wconf 80' lang='lat' dir='ltr'><strong>EPIST.</strong></span> <span class='ocrx_word' id='word_1_4' title='bbox 1516 387 1575 442; x_wconf 82' lang='grc' dir='ltr'><strong>Β.</strong></span> <span class='ocrx_word' id='word_1_5' title='bbox 1617 382 2008 439; x_wconf 67' lang='lat' dir='ltr'><strong>LAXFRANCI</strong></span> <span class='ocrx_word' id='word_1_6' title='bbox 2046 384 2276 443; x_wconf 62' lang='lat' dir='ltr'><strong>NOTAE.</strong></span> 
     </span>
    </p>
   </div>
   <div class='ocr_carea' id='block_1_3' title="bbox 3247 388 3350 459">
    <p class='ocr_par' dir='ltr' id='par_1_3' title="bbox 3247 388 3350 459">
     <span class='ocr_line' id='line_1_3' title="bbox 3247 388 3350 459; baseline 0 -12"><span class='ocrx_word' id='word_1_7' title='bbox 3247 388 3350 459; x_wconf 75' lang='lat'><strong>598</strong></span> 
     </span>
    </p>
   </div>
   <div class='ocr_carea' id='block_1_4' title="bbox 111 499 3350 579">
    <p class='ocr_par' dir='ltr' id='par_1_4' title="bbox 111 499 3350 579">
     <span class='ocr_line' id='line_1_4' title="bbox 111 499 3350 579; baseline -0.002 -14"><span class='ocrx_word' id='word_1_8' title='bbox 111 513 262 567; x_wconf 83' lang='lat' dir='ltr'><strong>libera</strong></span> <span class='ocrx_word' id='word_1_9' title='bbox 306 506 600 563; x_wconf 77' lang='lat' dir='ltr'><strong>securitate</strong></span> <span class='ocrx_word' id='word_1_10' title='bbox 639 518 864 575; x_wconf 70' lang='lat' dir='ltr'><strong>qumque</strong></span> <span class='ocrx_word' id='word_1_11' title='bbox 908 502 973 556; x_wconf 91' lang='lat' dir='ltr'><strong>ad</strong></span> <span class='ocrx_word' id='word_1_12' title='bbox 1009 501 1128 569; x_wconf 85' lang='lat' dir='ltr'><strong>jura</strong></span> <span class='ocrx_word' id='word_1_13' title='bbox 1173 501 1426 556; x_wconf 76' lang='lat' dir='ltr'><strong>Ecclesize</strong></span> <span class='ocrx_word' id='word_1_14' title='bbox 1446 500 1681 555; x_wconf 50' lang='lat' dir='ltr'><strong>Cautum</strong></span> <span class='ocrx_word' id='word_1_15' title='bbox 1708 503 1753 561; x_wconf 79' lang='grc' dir='ltr'><strong>Α</strong></span> <span class='ocrx_word' id='word_1_16' title='bbox 1784 514 1882 567; x_wconf 89' lang='lat' dir='ltr'><strong>per</strong></span> <span class='ocrx_word' id='word_1_17' title='bbox 1911 515 1969 555; x_wconf 86' lang='lat' dir='ltr'><strong>sc</strong></span> <span class='ocrx_word' id='word_1_18' title='bbox 1998 500 2275 567; x_wconf 81' lang='lat' dir='ltr'><strong>clauserit,</strong></span> <span class='ocrx_word' id='word_1_19' title='bbox 2309 499 2485 579; x_wconf 86' lang='lat' dir='ltr'><strong>minor</strong></span> <span class='ocrx_word' id='word_1_20' title='bbox 2534 500 2700 555; x_wconf 87' lang='lat' dir='ltr'><strong>clavis</strong></span> <span class='ocrx_word' id='word_1_21' title='bbox 2743 501 2954 572; x_wconf 88' lang='lat' dir='ltr'><strong>aperire</strong></span> <span class='ocrx_word' id='word_1_22' title='bbox 2998 519 3102 558; x_wconf 91' lang='lat' dir='ltr'><strong>non</strong></span> <span class='ocrx_word' id='word_1_23' title='bbox 3126 506 3350 573; x_wconf 85' lang='lat' dir='ltr'><strong>valebit;</strong></span> 
     </span>
    </p>
   </div>
   <div class='ocr_carea' id='block_1_5' title="bbox 111 588 1676 666">
    <p class='ocr_par' dir='ltr' id='par_1_5' title="bbox 111 588 1676 666">
     <span class='ocr_line' id='line_1_5' title="bbox 111 588 1676 666; baseline -0.009 -10"><span class='ocrx_word' id='word_1_24' title='bbox 111 599 286 656; x_wconf 86' lang='lat' dir='ltr'><strong>riensis</strong></span> <span class='ocrx_word' id='word_1_25' title='bbox 316 596 647 665; x_wconf 86' lang='lat' dir='ltr'><strong>pertinentia</strong></span> <span class='ocrx_word' id='word_1_26' title='bbox 674 595 856 666; x_wconf 84' lang='lat' dir='ltr'><strong>potiri,</strong></span> <span class='ocrx_word' id='word_1_27' title='bbox 888 609 1030 661; x_wconf 65' lang='lat' dir='ltr'><strong>sirpe</strong></span> <span class='ocrx_word' id='word_1_28' title='bbox 1067 592 1206 645; x_wconf 87' lang='lat' dir='ltr'><strong>fatus</strong></span> <span class='ocrx_word' id='word_1_29' title='bbox 1234 590 1393 645; x_wconf 83' lang='lat' dir='ltr'><strong>Pater</strong></span> <span class='ocrx_word' id='word_1_30' title='bbox 1419 588 1676 643; x_wconf 87' lang='lat' dir='ltr'><strong>Lanfran-</strong></span> 
     </span>
    </p>
   </div>
   <div class='ocr_carea' id='block_1_6' title="bbox 110 681 1675 752">
    <p class='ocr_par' dir='ltr' id='par_1_6' title="bbox 110 681 1675 752">
     <span class='ocr_line' id='line_1_6' title="bbox 110 681 1675 752; baseline -0.008 -6"><span class='ocrx_word' id='word_1_31' title='bbox 110 706 191 747; x_wconf 82' lang='lat' dir='ltr'><strong>cus</strong></span> <span class='ocrx_word' id='word_1_32' title='bbox 231 687 548 752; x_wconf 78' lang='lat' dir='ltr'><strong>intenderit,</strong></span> <span class='ocrx_word' id='word_1_33' title='bbox 591 695 644 740; x_wconf 91' lang='lat' dir='ltr'><strong>et</strong></span> <span class='ocrx_word' id='word_1_34' title='bbox 691 700 758 740; x_wconf 72' lang='lat' dir='ltr'><strong>ex</strong></span> <span class='ocrx_word' id='word_1_35' title='bbox 790 685 855 739; x_wconf 86' lang='lat' dir='ltr'><strong>iis</strong></span> <span class='ocrx_word' id='word_1_36' title='bbox 904 698 1022 752; x_wconf 68' lang='lat' dir='ltr'><strong>qua:</strong></span> <span class='ocrx_word' id='word_1_37' title='bbox 1053 681 1470 752; x_wconf 83' lang='lat' dir='ltr'><strong>designavimus,</strong></span> <span class='ocrx_word' id='word_1_38' title='bbox 1516 688 1569 735; x_wconf 90' lang='lat' dir='ltr'><strong>et</strong></span> <span class='ocrx_word' id='word_1_39' title='bbox 1608 694 1675 734; x_wconf 74' lang='lat' dir='ltr'><strong>ex</strong></span> 
     </span>
    </p>
   </div>
   <div class='ocr_carea' id='block_1_7' title="bbox 110 769 1677 850">
    <p class='ocr_par' dir='ltr' id='par_1_7' title="bbox 110 769 1677 850">
     <span class='ocr_line' id='line_1_7' title="bbox 110 769 1677 850; baseline -0.006 -16"><span class='ocrx_word' id='word_1_40' title='bbox 110 778 311 850; x_wconf 76' lang='lat' dir='ltr'><strong>epistola</strong></span> <span class='ocrx_word' id='word_1_41' title='bbox 332 792 504 847; x_wconf 87' lang='lat' dir='ltr'><strong>quam</strong></span> <span class='ocrx_word' id='word_1_42' title='bbox 529 791 651 832; x_wconf 86' lang='lat' dir='ltr'><strong>ecce</strong></span> <span class='ocrx_word' id='word_1_43' title='bbox 672 774 1096 840; x_wconf 74' lang='lat' dir='ltr'><strong>subsmibemus,</strong></span> <span class='ocrx_word' id='word_1_44' title='bbox 1121 773 1290 828; x_wconf 88' lang='lat' dir='ltr'><strong>cuivis</strong></span> <span class='ocrx_word' id='word_1_45' title='bbox 1314 771 1456 827; x_wconf 89' lang='lat' dir='ltr'><strong>scire</strong></span> <span class='ocrx_word' id='word_1_46' title='bbox 1480 769 1677 826; x_wconf 89' lang='lat' dir='ltr'><strong>volenti</strong></span> 
     </span>
    </p>
   </div>
   <div class='ocr_carea' id='block_1_8' title="bbox 108 866 851 941">
    <p class='ocr_par' dir='ltr' id='par_1_8' title="bbox 108 866 851 941">
     <span class='ocr_line' id='line_1_8' title="bbox 108 866 851 941; baseline -0.001 -21"><span class='ocrx_word' id='word_1_47' title='bbox 108 878 269 938; x_wconf 81' lang='lat' dir='ltr'><strong>patere</strong></span> <span class='ocrx_word' id='word_1_48' title='bbox 298 867 437 922; x_wconf 86' lang='lat' dir='ltr'><strong>satis</strong></span> <span class='ocrx_word' id='word_1_49' title='bbox 470 866 598 934; x_wconf 89' lang='lat' dir='ltr'><strong>erit,</strong></span> <span class='ocrx_word' id='word_1_50' title='bbox 634 886 651 918; x_wconf 82' lang='grc' dir='ltr'><strong>ι</strong></span> <span class='ocrx_word' id='word_1_51' title='bbox 689 873 794 920; x_wconf 86' lang='lat' dir='ltr'><strong>etc.</strong></span> <span class='ocrx_word' id='word_1_52' title='bbox 844 935 851 941; x_wconf 31' lang='lat'><strong>‘</strong></span> 
     </span>
    </p>
   </div>
   <div class='ocr_carea' id='block_1_9' title="bbox 163 974 1676 1049">
    <p class='ocr_par' dir='ltr' id='par_1_9' title="bbox 163 974 1676 1049">
     <span class='ocr_line' id='line_1_9' title="bbox 163 974 1676 1049; baseline -0.003 -14"><span class='ocrx_word' id='word_1_53' title='bbox 163 979 411 1049; x_wconf 82' lang='lat' dir='ltr'><strong>Stigando</strong></span> <span class='ocrx_word' id='word_1_54' title='bbox 462 977 796 1033; x_wconf 76' lang='lat' dir='ltr'><strong>Cicestrenst.</strong></span> <span class='ocrx_word' id='word_1_55' title='bbox 867 996 887 1029; x_wconf 78' lang='grc' dir='ltr'><strong>ι</strong></span> <span class='ocrx_word' id='word_1_56' title='bbox 945 976 1233 1049; x_wconf 84' lang='lat' dir='ltr'><strong>Stigandus</strong></span> <span class='ocrx_word' id='word_1_57' title='bbox 1286 991 1391 1031; x_wconf 88' lang='lat' dir='ltr'><strong>non</strong></span> <span class='ocrx_word' id='word_1_58' title='bbox 1446 976 1533 1031; x_wconf 79' lang='lat' dir='ltr'><strong>ille</strong></span> <span class='ocrx_word' id='word_1_59' title='bbox 1576 974 1676 1047; x_wconf 79' lang='lat' dir='ltr'><strong>(ait</strong></span> 
     </span>
    </p>
   </div>
   <div class='ocr_carea' id='block_1_10' title="bbox 108 1058 1674 1139">
    <p class='ocr_par' dir='ltr' id='par_1_10' title="bbox 108 1058 1674 1139">
     <span class='ocr_line' id='line_1_10' title="bbox 108 1058 1674 1139; baseline -0.002 -15"><span class='ocrx_word' id='word_1_60' title='bbox 108 1069 610 1135; x_wconf 74' lang='lat' dir='ltr'><strong>llalmesbnriensis,</strong></span> <span class='ocrx_word' id='word_1_61' title='bbox 660 1069 754 1125; x_wconf 85' lang='lat' dir='ltr'><strong>lib.</strong></span> <span class='ocrx_word' id='word_1_62' title='bbox 807 1085 845 1124; x_wconf 85' lang='grc' dir='ltr'><strong>ιι</strong></span> <span class='ocrx_word' id='word_1_63' title='bbox 895 1070 968 1125; x_wconf 90' lang='lat' dir='ltr'><strong>De</strong></span> <span class='ocrx_word' id='word_1_64' title='bbox 1011 1058 1205 1139; x_wconf 76' lang='lat' dir='ltr'><strong>pontif.</strong></span> <span class='ocrx_word' id='word_1_65' title='bbox 1262 1069 1314 1123; x_wconf 88' lang='lat' dir='ltr'><strong>in</strong></span> <span class='ocrx_word' id='word_1_66' title='bbox 1363 1068 1534 1137; x_wconf 72' lang='lat' dir='ltr'><strong>calce)</strong></span> <span class='ocrx_word' id='word_1_67' title='bbox 1582 1058 1674 1137; x_wconf 80' lang='lat' dir='ltr'><strong>qui</strong></span> 
     </span>
    </p>
   </div>
   <div class='ocr_carea' id='block_1_11' title="bbox 106 1160 1676 1234">
    <p class='ocr_par' dir='ltr' id='par_1_11' title="bbox 106 1160 1676 1234">
     <span class='ocr_line' id='line_1_11' title="bbox 106 1160 1676 1234; baseline -0.003 -15"><span class='ocrx_word' id='word_1_68' title='bbox 106 1174 271 1234; x_wconf 84' lang='lat' dir='ltr'><strong>postea</strong></span> <span class='ocrx_word' id='word_1_69' title='bbox 318 1162 423 1216; x_wconf 83' lang='lat' dir='ltr'><strong>fuit</strong></span> <span class='ocrx_word' id='word_1_70' title='bbox 461 1164 749 1232; x_wconf 79' lang='lat' dir='ltr'><strong>episcopus</strong></span> <span class='ocrx_word' id='word_1_71' title='bbox 805 1161 1192 1225; x_wconf 77' lang='lat' dir='ltr'><strong>V’intouiensis,</strong></span> <span class='ocrx_word' id='word_1_72' title='bbox 1237 1170 1289 1215; x_wconf 87' lang='lat' dir='ltr'><strong>et</strong></span> <span class='ocrx_word' id='word_1_73' title='bbox 1320 1160 1676 1230; x_wconf 87' lang='lat' dir='ltr'><strong>archiepisco-</strong></span> 
     </span>
    </p>
   </div>
   <div class='ocr_carea' id='block_1_12' title="bbox 108 1252 1675 1323">
    <p class='ocr_par' dir='ltr' id='par_1_12' title="bbox 108 1252 1675 1323">
     <span class='ocr_line' id='line_1_12' title="bbox 108 1252 1675 1323; baseline -0.003 -14"><span class='ocrx_word' id='word_1_74' title='bbox 108 1271 191 1323; x_wconf 86' lang='lat' dir='ltr'><strong>pus</strong></span> <span class='ocrx_word' id='word_1_75' title='bbox 216 1253 649 1310; x_wconf 85' lang='lat' dir='ltr'><strong>Cantuaricnsis.</strong></span> <span class='ocrx_word' id='word_1_76' title='bbox 685 1254 782 1309; x_wconf 89' lang='lat' dir='ltr'><strong>llic</strong></span> <span class='ocrx_word' id='word_1_77' title='bbox 823 1254 1117 1322; x_wconf 82' lang='lat' dir='ltr'><strong>Stigandus</strong></span> <span class='ocrx_word' id='word_1_78' title='bbox 1168 1271 1198 1308; x_wconf 89' lang='lat' dir='ltr'><strong>a</strong></span> <span class='ocrx_word' id='word_1_79' title='bbox 1248 1252 1520 1307; x_wconf 86' lang='lat' dir='ltr'><strong>Willelmo</strong></span> <span class='ocrx_word' id='word_1_80' title='bbox 1549 1267 1675 1322; x_wconf 84' lang='lat' dir='ltr'><strong>rege</strong></span> 
     </span>
    </p>
   </div>
   <div class='ocr_carea' id='block_1_13' title="bbox 110 1344 1673 1416">
    <p class='ocr_par' dir='ltr' id='par_1_13' title="bbox 110 1344 1673 1416">
     <span class='ocr_line' id='line_1_13' title="bbox 110 1344 1673 1416; baseline -0.001 -16"><span class='ocrx_word' id='word_1_81' title='bbox 110 1346 168 1400; x_wconf 87' lang='lat' dir='ltr'><strong>ibi</strong></span> <span class='ocrx_word' id='word_1_82' title='bbox 215 1346 387 1402; x_wconf 88' lang='lat' dir='ltr'><strong>factus</strong></span> <span class='ocrx_word' id='word_1_83' title='bbox 436 1347 750 1416; x_wconf 85' lang='lat' dir='ltr'><strong>episcopus,</strong></span> <span class='ocrx_word' id='word_1_84' title='bbox 802 1347 1033 1400; x_wconf 90' lang='lat' dir='ltr'><strong>mutavit</strong></span> <span class='ocrx_word' id='word_1_85' title='bbox 1075 1347 1255 1411; x_wconf 86' lang='lat' dir='ltr'><strong>sedent</strong></span> <span class='ocrx_word' id='word_1_86' title='bbox 1285 1345 1337 1399; x_wconf 91' lang='lat' dir='ltr'><strong>in</strong></span> <span class='ocrx_word' id='word_1_87' title='bbox 1374 1344 1673 1403; x_wconf 81' lang='lat' dir='ltr'><strong>Cicestram</strong></span> 
     </span>
    </p>
   </div>
   <div class='ocr_carea' id='block_1_14' title="bbox 108 1436 1674 1507">
    <p class='ocr_par' dir='ltr' id='par_1_14' title="bbox 108 1436 1674 1507">
     <span class='ocr_line' id='line_1_14' title="bbox 108 1436 1674 1507; baseline 0.001 -17"><span class='ocrx_word' id='word_1_88' title='bbox 108 1437 332 1491; x_wconf 63' lang='lat' dir='ltr'><strong>diaeresis</strong></span> <span class='ocrx_word' id='word_1_89' title='bbox 362 1453 479 1495; x_wconf 73' lang='lat' dir='ltr'><strong>suae</strong></span> <span class='ocrx_word' id='word_1_90' title='bbox 531 1438 806 1492; x_wconf 87' lang='lat' dir='ltr'><strong>civitatem</strong></span> <span class='ocrx_word' id='word_1_91' title='bbox 855 1453 1020 1507; x_wconf 91' lang='lat' dir='ltr'><strong>prope</strong></span> <span class='ocrx_word' id='word_1_92' title='bbox 1051 1451 1219 1500; x_wconf 85' lang='lat' dir='ltr'><strong>mare,</strong></span> <span class='ocrx_word' id='word_1_93' title='bbox 1263 1436 1348 1491; x_wconf 92' lang='lat' dir='ltr'><strong>ubi</strong></span> <span class='ocrx_word' id='word_1_94' title='bbox 1378 1436 1674 1505; x_wconf 89' lang='lat' dir='ltr'><strong>antiquitus</strong></span> 
     </span>
    </p>
   </div>
   <div class='ocr_carea' id='block_1_15' title="bbox 110 1530 1676 1599">
    <p class='ocr_par' dir='ltr' id='par_1_15' title="bbox 110 1530 1676 1599">
     <span class='ocr_line' id='line_1_15' title="bbox 110 1530 1676 1599; baseline 0.001 -17"><span class='ocrx_word' id='word_1_95' title='bbox 110 1540 152 1583; x_wconf 89' lang='lat' dir='ltr'><strong>et</strong></span> <span class='ocrx_word' id='word_1_96' title='bbox 180 1533 228 1586; x_wconf 87' lang='lat' dir='ltr'><strong>S.</strong></span> <span class='ocrx_word' id='word_1_97' title='bbox 252 1531 395 1585; x_wconf 87' lang='lat' dir='ltr'><strong>Petri</strong></span> <span class='ocrx_word' id='word_1_98' title='bbox 428 1531 890 1586; x_wconf 83' lang='lat' dir='ltr'><strong>monasteriuntet</strong></span> <span class='ocrx_word' id='word_1_99' title='bbox 912 1530 1260 1599; x_wconf 72' lang='lat' dir='ltr'><strong>congregatio</strong></span> <span class='ocrx_word' id='word_1_100' title='bbox 1287 1532 1676 1584; x_wconf 83' lang='lat' dir='ltr'><strong>sanctimonia-</strong></span> 
     </span>
    </p>
   </div>
   <div class='ocr_carea' id='block_1_16' title="bbox 109 1621 1672 1693">
    <p class='ocr_par' dir='ltr' id='par_1_16' title="bbox 109 1621 1672 1693">
     <span class='ocr_line' id='line_1_16' title="bbox 109 1621 1672 1693; baseline -0.001 -17"><span class='ocrx_word' id='word_1_101' title='bbox 109 1626 217 1679; x_wconf 81' lang='lat' dir='ltr'><strong>linat</strong></span> <span class='ocrx_word' id='word_1_102' title='bbox 291 1623 497 1689; x_wconf 79' lang='lat' dir='ltr'><strong>fuerat,</strong></span> <span class='ocrx_word' id='word_1_103' title='bbox 538 1643 557 1675; x_wconf 71' lang='grc' dir='ltr'><strong>ι</strong></span> <span class='ocrx_word' id='word_1_104' title='bbox 616 1632 722 1679; x_wconf 92' lang='lat' dir='ltr'><strong>etc.</strong></span> <span class='ocrx_word' id='word_1_105' title='bbox 793 1623 871 1679; x_wconf 85' lang='lat' dir='ltr'><strong>De</strong></span> <span class='ocrx_word' id='word_1_106' title='bbox 938 1622 1196 1692; x_wconf 81' lang='lat' dir='ltr'><strong>Stigando</strong></span> <span class='ocrx_word' id='word_1_107' title='bbox 1230 1621 1323 1677; x_wconf 83' lang='lat' dir='ltr'><strong>ad</strong></span> <span class='ocrx_word' id='word_1_108' title='bbox 1388 1621 1672 1693; x_wconf 87' lang='lat' dir='ltr'><strong>epistolam</strong></span> 
     </span>
    </p>
   </div>
   <div class='ocr_carea' id='block_1_17' title="bbox 108 1716 249 1780">
    <p class='ocr_par' dir='ltr' id='par_1_17' title="bbox 108 1716 249 1780">
     <span class='ocr_line' id='line_1_17' title="bbox 108 1716 249 1780; baseline 0.007 -12"><span class='ocrx_word' id='word_1_109' title='bbox 108 1716 181 1780; x_wconf 71' lang='lat'><strong>‘25,</strong></span> <span class='ocrx_word' id='word_1_110' title='bbox 201 1716 249 1771; x_wconf 75' lang='grc' dir='ltr'>ιι.</span> 
     </span>
    </p>
   </div>
   <div class='ocr_carea' id='block_1_18' title="bbox 165 1827 1109 1899">
    <p class='ocr_par' dir='ltr' id='par_1_18' title="bbox 165 1827 1109 1899">
     <span class='ocr_line' id='line_1_18' title="bbox 165 1827 1109 1899; baseline 0 -17"><span class='ocrx_word' id='word_1_111' title='bbox 165 1828 553 1883; x_wconf 75' lang='lat' dir='ltr'><strong>Arrhidiaconi.</strong></span> <span class='ocrx_word' id='word_1_112' title='bbox 610 1827 749 1895; x_wconf 83' lang='lat' dir='ltr'><strong>Quid</strong></span> <span class='ocrx_word' id='word_1_113' title='bbox 798 1838 980 1899; x_wconf 83' lang='lat' dir='ltr'><strong>agere,</strong></span> <span class='ocrx_word' id='word_1_114' title='bbox 1022 1829 1109 1899; x_wconf 91' lang='lat' dir='ltr'><strong>qui</strong></span> 
     </span>
    </p>
   </div>
   <div class='ocr_carea' id='block_1_19' title="bbox 107 1919 1703 1991">
    <p class='ocr_par' dir='ltr' id='par_1_19' title="bbox 107 1919 1703 1991">
     <span class='ocr_line' id='line_1_19' title="bbox 107 1919 1703 1991; baseline -0.001 -18"><span class='ocrx_word' id='word_1_115' title='bbox 107 1921 239 1974; x_wconf 85' lang='lat' dir='ltr'><strong>docet</strong></span> <span class='ocrx_word' id='word_1_116' title='bbox 265 1919 618 1987; x_wconf 74' lang='lat' dir='ltr'><strong>llincmrrus,</strong></span> <span class='ocrx_word' id='word_1_117' title='bbox 653 1930 780 1975; x_wconf 86' lang='lat' dir='ltr'><strong>tom.</strong></span> <span class='ocrx_word' id='word_1_118' title='bbox 812 1920 855 1984; x_wconf 84' lang='grc' dir='ltr'><strong>Ι,</strong></span> <span class='ocrx_word' id='word_1_119' title='bbox 882 1937 1001 1991; x_wconf 87' lang='lat' dir='ltr'><strong>pag.</strong></span> <span class='ocrx_word' id='word_1_120' title='bbox 1034 1921 1157 1983; x_wconf 78' lang='lat'><strong>758,</strong></span> <span class='ocrx_word' id='word_1_121' title='bbox 1189 1921 1240 1973; x_wconf 93' lang='lat' dir='ltr'><strong>in</strong></span> <span class='ocrx_word' id='word_1_122' title='bbox 1284 1920 1535 1989; x_wconf 87' lang='lat' dir='ltr'><strong>capitulis</strong></span> <span class='ocrx_word' id='word_1_123' title='bbox 1576 1935 1670 1973; x_wconf 85' lang='lat' dir='ltr'><strong>ar-</strong></span> <span class='ocrx_word' id='word_1_124' title='bbox 1702 1942 1703 1945; x_wconf 51' lang='grc' dir='ltr'><strong>η</strong></span> 
     </span>
    </p>
   </div>
   <div class='ocr_carea' id='block_1_20' title="bbox 106 2008 1670 2081">
    <p class='ocr_par' dir='ltr' id='par_1_20' title="bbox 106 2008 1670 2081">
     <span class='ocr_line' id='line_1_20' title="bbox 106 2008 1670 2081; baseline 0.001 -18"><span class='ocrx_word' id='word_1_125' title='bbox 106 2008 490 2065; x_wconf 85' lang='lat' dir='ltr'><strong>thidiaconibus</strong></span> <span class='ocrx_word' id='word_1_126' title='bbox 530 2012 770 2081; x_wconf 77' lang='lat' dir='ltr'><strong>presbyt.</strong></span> <span class='ocrx_word' id='word_1_127' title='bbox 827 2010 999 2075; x_wconf 89' lang='lat' dir='ltr'><strong>datis;</strong></span> <span class='ocrx_word' id='word_1_128' title='bbox 1036 2011 1291 2075; x_wconf 75' lang='lat' dir='ltr'><strong>maxime,</strong></span> <span class='ocrx_word' id='word_1_129' title='bbox 1340 2011 1562 2080; x_wconf 14' lang='lat' dir='ltr'><strong>cap.e5,</strong></span> <span class='ocrx_word' id='word_1_130' title='bbox 1605 2008 1670 2066; x_wconf 86' lang='lat' dir='ltr'><strong>ue</strong></span> 
     </span>
    </p>
   </div>
   <div class='ocr_carea' id='block_1_21' title="bbox 108 2104 1671 2175">
    <p class='ocr_par' dir='ltr' id='par_1_21' title="bbox 108 2104 1671 2175">
     <span class='ocr_line' id='line_1_21' title="bbox 108 2104 1671 2175; baseline 0.004 -20"><span class='ocrx_word' id='word_1_131' title='bbox 108 2104 332 2171; x_wconf 75' lang='lat' dir='ltr'><strong>pecunias</strong></span> <span class='ocrx_word' id='word_1_132' title='bbox 375 2119 407 2157; x_wconf 89' lang='lat' dir='ltr'><strong>a</strong></span> <span class='ocrx_word' id='word_1_133' title='bbox 465 2104 803 2173; x_wconf 79' lang='lat' dir='ltr'><strong>presbyteris</strong></span> <span class='ocrx_word' id='word_1_134' title='bbox 846 2104 1066 2175; x_wconf 81' lang='lat' dir='ltr'><strong>exigant</strong></span> <span class='ocrx_word' id='word_1_135' title='bbox 1116 2105 1410 2160; x_wconf 80' lang='lat' dir='ltr'><strong>interdicit.</strong></span> <span class='ocrx_word' id='word_1_136' title='bbox 1470 2105 1535 2159; x_wconf 86' lang='lat' dir='ltr'><strong>Et</strong></span> <span class='ocrx_word' id='word_1_137' title='bbox 1581 2106 1671 2161; x_wconf 85' lang='lat' dir='ltr'><strong>lvo</strong></span> 
     </span>
    </p>
   </div>
   <div class='ocr_carea' id='block_1_22' title="bbox 106 2196 1669 2266">
    <p class='ocr_par' dir='ltr' id='par_1_22' title="bbox 106 2196 1669 2266">
     <span class='ocr_line' id='line_1_22' title="bbox 106 2196 1669 2266; baseline 0.003 -19"><span class='ocrx_word' id='word_1_138' title='bbox 106 2197 426 2251; x_wconf 68' lang='lat' dir='ltr'><strong>tiaraotcnsis</strong></span> <span class='ocrx_word' id='word_1_139' title='bbox 456 2198 747 2266; x_wconf 83' lang='lat' dir='ltr'><strong>cpiscopus</strong></span> <span class='ocrx_word' id='word_1_140' title='bbox 773 2206 829 2251; x_wconf 90' lang='lat' dir='ltr'><strong>ut</strong></span> <span class='ocrx_word' id='word_1_141' title='bbox 860 2198 1152 2252; x_wconf 81' lang='lat' dir='ltr'><strong>monachos</strong></span> <span class='ocrx_word' id='word_1_142' title='bbox 1181 2197 1238 2251; x_wconf 89' lang='lat' dir='ltr'><strong>S.</strong></span> <span class='ocrx_word' id='word_1_143' title='bbox 1263 2197 1408 2252; x_wconf 83' lang='lat' dir='ltr'><strong>Petri</strong></span> <span class='ocrx_word' id='word_1_144' title='bbox 1430 2196 1669 2265; x_wconf 86' lang='lat' dir='ltr'><strong>ejusdem</strong></span> 
     </span>
    </p>
   </div>
   <div class='ocr_carea' id='block_1_23' title="bbox 108 2286 1668 2369">
    <p class='ocr_par' dir='ltr' id='par_1_23' title="bbox 108 2286 1668 2369">
     <span class='ocr_line' id='line_1_23' title="bbox 108 2286 1668 2369; baseline 0.001 -31"><span class='ocrx_word' id='word_1_145' title='bbox 108 2286 315 2369; x_wconf 71' lang='lat' dir='ltr'><strong>civitatis</strong></span> <span class='ocrx_word' id='word_1_146' title='bbox 344 2288 412 2342; x_wconf 84' lang='lat' dir='ltr'><strong>ab</strong></span> <span class='ocrx_word' id='word_1_147' title='bbox 462 2287 975 2342; x_wconf 88' lang='lat' dir='ltr'><strong>archidiacouorum</strong></span> <span class='ocrx_word' id='word_1_148' title='bbox 1012 2288 1297 2343; x_wconf 82' lang='lat' dir='ltr'><strong>vexatione</strong></span> <span class='ocrx_word' id='word_1_149' title='bbox 1349 2288 1668 2352; x_wconf 86' lang='lat' dir='ltr'><strong>vindicaret,</strong></span> 
     </span>
    </p>
   </div>
   <div class='ocr_carea' id='block_1_24' title="bbox 105 2376 1667 2450">
    <p class='ocr_par' dir='ltr' id='par_1_24' title="bbox 105 2376 1667 2450">
     <span class='ocr_line' id='line_1_24' title="bbox 105 2376 1667 2450; baseline 0.001 -21"><span class='ocrx_word' id='word_1_150' title='bbox 105 2376 288 2431; x_wconf 82' lang='lat' dir='ltr'><strong>iilorutn</strong></span> <span class='ocrx_word' id='word_1_151' title='bbox 334 2388 388 2434; x_wconf 90' lang='lat' dir='ltr'><strong>et</strong></span> <span class='ocrx_word' id='word_1_152' title='bbox 417 2379 596 2449; x_wconf 80' lang='lat' dir='ltr'><strong>quieti</strong></span> <span class='ocrx_word' id='word_1_153' title='bbox 650 2379 703 2433; x_wconf 90' lang='lat' dir='ltr'><strong>itt</strong></span> <span class='ocrx_word' id='word_1_154' title='bbox 744 2391 1016 2450; x_wconf 87' lang='lat' dir='ltr'><strong>posterum</strong></span> <span class='ocrx_word' id='word_1_155' title='bbox 1061 2378 1388 2445; x_wconf 83' lang='lat' dir='ltr'><strong>consuleret,</strong></span> <span class='ocrx_word' id='word_1_156' title='bbox 1422 2377 1667 2432; x_wconf 83' lang='lat' dir='ltr'><strong>Paschali</strong></span> 
     </span>
    </p>
   </div>
   <div class='ocr_carea' id='block_1_25' title="bbox 108 2468 1134 2536">
    <p class='ocr_par' dir='ltr' id='par_1_25' title="bbox 108 2468 1134 2536">
     <span class='ocr_line' id='line_1_25' title="bbox 108 2468 1134 2536; baseline 0.004 -18"><span class='ocrx_word' id='word_1_157' title='bbox 108 2484 235 2536; x_wconf 76' lang='lat' dir='ltr'><strong>papa:</strong></span> <span class='ocrx_word' id='word_1_158' title='bbox 261 2468 350 2523; x_wconf 87' lang='lat' dir='ltr'><strong>dat</strong></span> <span class='ocrx_word' id='word_1_159' title='bbox 378 2469 598 2524; x_wconf 83' lang='lat' dir='ltr'><strong>litteras</strong></span> <span class='ocrx_word' id='word_1_160' title='bbox 623 2470 675 2524; x_wconf 87' lang='lat' dir='ltr'><strong>in</strong></span> <span class='ocrx_word' id='word_1_161' title='bbox 700 2470 841 2524; x_wconf 86' lang='lat' dir='ltr'><strong>hunc</strong></span> <span class='ocrx_word' id='word_1_162' title='bbox 873 2469 1089 2523; x_wconf 89' lang='lat' dir='ltr'><strong>modum</strong></span> <span class='ocrx_word' id='word_1_163' title='bbox 1121 2488 1134 2522; x_wconf 89' lang='lat'>:</span> 
     </span>
    </p>
   </div>
   <div class='ocr_carea' id='block_1_26' title="bbox 163 2580 1671 2652">
    <p class='ocr_par' dir='ltr' id='par_1_26' title="bbox 163 2580 1671 2652">
     <span class='ocr_line' id='line_1_26' title="bbox 163 2580 1671 2652; baseline 0.005 -19"><span class='ocrx_word' id='word_1_164' title='bbox 163 2580 410 2636; x_wconf 69' lang='lat' dir='ltr'><strong>Pascuau</strong></span> <span class='ocrx_word' id='word_1_165' title='bbox 480 2598 699 2637; x_wconf 90' lang='lat' dir='ltr'><strong>summo</strong></span> <span class='ocrx_word' id='word_1_166' title='bbox 743 2584 984 2652; x_wconf 81' lang='lat' dir='ltr'><strong>pontiﬁci</strong></span> <span class='ocrx_word' id='word_1_167' title='bbox 1039 2583 1129 2637; x_wconf 88' lang='lat' dir='ltr'><strong>lvo</strong></span> <span class='ocrx_word' id='word_1_168' title='bbox 1168 2584 1389 2639; x_wconf 90' lang='lat' dir='ltr'><strong>humilis</strong></span> <span class='ocrx_word' id='word_1_169' title='bbox 1413 2586 1671 2641; x_wconf 66' lang='lat' dir='ltr'><strong>Ecclesia:</strong></span> 
     </span>
    </p>
   </div>
   <div class='ocr_carea' id='block_1_27' title="bbox 108 2676 1671 2748">
    <p class='ocr_par' dir='ltr' id='par_1_27' title="bbox 108 2676 1671 2748">
     <span class='ocr_line' id='line_1_27' title="bbox 108 2676 1671 2748; baseline 0.004 -21"><span class='ocrx_word' id='word_1_170' title='bbox 108 2676 425 2731; x_wconf 72' lang='lat' dir='ltr'><strong>Caruotensis</strong></span> <span class='ocrx_word' id='word_1_171' title='bbox 464 2676 742 2740; x_wconf 85' lang='lat' dir='ltr'><strong>minister,</strong></span> <span class='ocrx_word' id='word_1_172' title='bbox 786 2693 908 2730; x_wconf 87' lang='lat' dir='ltr'><strong>etnn</strong></span> <span class='ocrx_word' id='word_1_173' title='bbox 946 2676 1124 2731; x_wconf 87' lang='lat' dir='ltr'><strong>debita</strong></span> <span class='ocrx_word' id='word_1_174' title='bbox 1173 2678 1481 2733; x_wconf 88' lang='lat' dir='ltr'><strong>obedientia</strong></span> <span class='ocrx_word' id='word_1_175' title='bbox 1517 2680 1671 2748; x_wconf 86' lang='lat' dir='ltr'><strong>quid-</strong></span> 
     </span>
    </p>
   </div>
   <div class='ocr_carea' id='block_1_28' title="bbox 108 2767 1670 2841">
    <p class='ocr_par' dir='ltr' id='par_1_28' title="bbox 108 2767 1670 2841">
     <span class='ocr_line' id='line_1_28' title="bbox 108 2767 1670 2841; baseline 0.006 -25"><span class='ocrx_word' id='word_1_176' title='bbox 108 2768 211 2833; x_wconf 83' lang='lat' dir='ltr'><strong>quid</strong></span> <span class='ocrx_word' id='word_1_177' title='bbox 240 2768 287 2821; x_wconf 90' lang='lat' dir='ltr'><strong>iu</strong></span> <span class='ocrx_word' id='word_1_178' title='bbox 317 2768 560 2823; x_wconf 85' lang='lat' dir='ltr'><strong>terrenis</strong></span> <span class='ocrx_word' id='word_1_179' title='bbox 590 2777 642 2821; x_wconf 90' lang='lat' dir='ltr'><strong>et</strong></span> <span class='ocrx_word' id='word_1_180' title='bbox 672 2767 987 2823; x_wconf 86' lang='lat' dir='ltr'><strong>coelestibus</strong></span> <span class='ocrx_word' id='word_1_181' title='bbox 1019 2768 1332 2824; x_wconf 87' lang='lat' dir='ltr'><strong>desiderare</strong></span> <span class='ocrx_word' id='word_1_182' title='bbox 1361 2780 1413 2825; x_wconf 89' lang='lat' dir='ltr'><strong>et</strong></span> <span class='ocrx_word' id='word_1_183' title='bbox 1444 2787 1670 2841; x_wconf 82' lang='lat' dir='ltr'><strong>sperare</strong></span> 
     </span>
    </p>
   </div>
   <div class='ocr_carea' id='block_1_29' title="bbox 111 2861 730 2927">
    <p class='ocr_par' dir='ltr' id='par_1_29' title="bbox 111 2861 730 2927">
     <span class='ocr_line' id='line_1_29' title="bbox 111 2861 730 2927; baseline 0.002 -15"><span class='ocrx_word' id='word_1_184' title='bbox 111 2869 257 2927; x_wconf 81' lang='lat' dir='ltr'><strong>potest</strong></span> <span class='ocrx_word' id='word_1_185' title='bbox 284 2876 435 2915; x_wconf 86' lang='lat' dir='ltr'><strong>mens</strong></span> <span class='ocrx_word' id='word_1_186' title='bbox 468 2861 730 2916; x_wconf 84' lang='lat' dir='ltr'><strong>humana.</strong></span> 
     </span>
    </p>
   </div>
   <div class='ocr_carea' id='block_1_30' title="bbox 165 2974 1666 3045">
    <p class='ocr_par' dir='ltr' id='par_1_30' title="bbox 165 2974 1666 3045">
     <span class='ocr_line' id='line_1_30' title="bbox 165 2974 1666 3045; baseline 0.005 -18"><span class='ocrx_word' id='word_1_187' title='bbox 165 2974 283 3027; x_wconf 76' lang='lat' dir='ltr'><strong>Cum</strong></span> <span class='ocrx_word' id='word_1_188' title='bbox 341 2975 680 3030; x_wconf 83' lang='lat' dir='ltr'><strong>auctoritate</strong></span> <span class='ocrx_word' id='word_1_189' title='bbox 730 2976 1025 3044; x_wconf 82' lang='lat' dir='ltr'><strong>apostolica</strong></span> <span class='ocrx_word' id='word_1_190' title='bbox 1080 2978 1269 3031; x_wconf 89' lang='lat' dir='ltr'><strong>moniti</strong></span> <span class='ocrx_word' id='word_1_191' title='bbox 1335 2987 1392 3033; x_wconf 88' lang='lat' dir='ltr'><strong>et</strong></span> <span class='ocrx_word' id='word_1_192' title='bbox 1446 2981 1666 3045; x_wconf 87' lang='lat' dir='ltr'><strong>muniti,</strong></span> 
     </span>
    </p>
   </div>
   <div class='ocr_carea' id='block_1_31' title="bbox 112 3066 1670 3141">
    <p class='ocr_par' dir='ltr' id='par_1_31' title="bbox 112 3066 1670 3141">
     <span class='ocr_line' id='line_1_31' title="bbox 112 3066 1670 3141; baseline 0.006 -22"><span class='ocrx_word' id='word_1_193' title='bbox 112 3066 614 3133; x_wconf 63' lang='lat' dir='ltr'><strong>paciecclesiasticze</strong></span> <span class='ocrx_word' id='word_1_194' title='bbox 643 3077 697 3122; x_wconf 82' lang='lat' dir='ltr'><strong>et</strong></span> <span class='ocrx_word' id='word_1_195' title='bbox 744 3068 913 3137; x_wconf 86' lang='lat' dir='ltr'><strong>quieti</strong></span> <span class='ocrx_word' id='word_1_196' title='bbox 948 3070 1263 3124; x_wconf 76' lang='lat' dir='ltr'><strong>monasticze</strong></span> <span class='ocrx_word' id='word_1_197' title='bbox 1288 3086 1509 3141; x_wconf 85' lang='lat' dir='ltr'><strong>operam</strong></span> <span class='ocrx_word' id='word_1_198' title='bbox 1541 3074 1670 3128; x_wconf 88' lang='lat' dir='ltr'><strong>dare</strong></span> 
     </span>
    </p>
   </div>
   <div class='ocr_carea' id='block_1_32' title="bbox 111 3155 1671 3230">
    <p class='ocr_par' dir='ltr' id='par_1_32' title="bbox 111 3155 1671 3230">
     <span class='ocr_line' id='line_1_32' title="bbox 111 3155 1671 3230; baseline 0.006 -22"><span class='ocrx_word' id='word_1_199' title='bbox 111 3155 373 3224; x_wconf 77' lang='lat' dir='ltr'><strong>debemus,</strong></span> <span class='ocrx_word' id='word_1_200' title='bbox 439 3160 502 3213; x_wconf 86' lang='lat' dir='ltr'><strong>in</strong></span> <span class='ocrx_word' id='word_1_201' title='bbox 552 3158 747 3227; x_wconf 87' lang='lat' dir='ltr'><strong>quibus</strong></span> <span class='ocrx_word' id='word_1_202' title='bbox 800 3159 868 3213; x_wconf 85' lang='lat' dir='ltr'><strong>ad</strong></span> <span class='ocrx_word' id='word_1_203' title='bbox 914 3160 1021 3214; x_wconf 89' lang='lat' dir='ltr'><strong>hoc</strong></span> <span class='ocrx_word' id='word_1_204' title='bbox 1075 3160 1402 3230; x_wconf 88' lang='lat' dir='ltr'><strong>implendum</strong></span> <span class='ocrx_word' id='word_1_205' title='bbox 1465 3164 1671 3218; x_wconf 78' lang='lat' dir='ltr'><strong>nisibus</strong></span> 
     </span>
    </p>
   </div>
   <div class='ocr_carea' id='block_1_33' title="bbox 112 3248 1671 3319">
    <p class='ocr_par' dir='ltr' id='par_1_33' title="bbox 112 3248 1671 3319">
     <span class='ocr_line' id='line_1_33' title="bbox 112 3248 1671 3319; baseline 0.008 -22"><span class='ocrx_word' id='word_1_206' title='bbox 112 3248 279 3302; x_wconf 82' lang='lat' dir='ltr'><strong>nostris</strong></span> <span class='ocrx_word' id='word_1_207' title='bbox 302 3264 405 3303; x_wconf 90' lang='lat' dir='ltr'><strong>non</strong></span> <span class='ocrx_word' id='word_1_208' title='bbox 434 3248 758 3311; x_wconf 81' lang='lat' dir='ltr'><strong>sttlIieimus,</strong></span> <span class='ocrx_word' id='word_1_209' title='bbox 791 3249 1138 3319; x_wconf 87' lang='lat' dir='ltr'><strong>apostolieant</strong></span> <span class='ocrx_word' id='word_1_210' title='bbox 1174 3253 1354 3306; x_wconf 84' lang='lat' dir='ltr'><strong>sedent</strong></span> <span class='ocrx_word' id='word_1_211' title='bbox 1386 3254 1671 3310; x_wconf 87' lang='lat' dir='ltr'><strong>consulere</strong></span> 
     </span>
    </p>
   </div>
   <div class='ocr_carea' id='block_1_34' title="bbox 112 3339 1670 3414">
    <p class='ocr_par' dir='ltr' id='par_1_34' title="bbox 112 3339 1670 3414">
     <span class='ocr_line' id='line_1_34' title="bbox 112 3339 1670 3414; baseline 0.008 -24"><span class='ocrx_word' id='word_1_212' title='bbox 112 3339 347 3408; x_wconf 80' lang='lat' dir='ltr'><strong>cogimur,</strong></span> <span class='ocrx_word' id='word_1_213' title='bbox 378 3350 436 3393; x_wconf 92' lang='lat' dir='ltr'><strong>ut</strong></span> <span class='ocrx_word' id='word_1_214' title='bbox 467 3355 595 3394; x_wconf 86' lang='lat' dir='ltr'><strong>eam</strong></span> <span class='ocrx_word' id='word_1_215' title='bbox 636 3340 932 3395; x_wconf 86' lang='lat' dir='ltr'><strong>sentiamus</strong></span> <span class='ocrx_word' id='word_1_216' title='bbox 959 3341 1303 3412; x_wconf 85' lang='lat' dir='ltr'><strong>adjuvantem</strong></span> <span class='ocrx_word' id='word_1_217' title='bbox 1329 3385 1343 3409; x_wconf 93' lang='lat'><strong>,</strong></span> <span class='ocrx_word' id='word_1_218' title='bbox 1375 3361 1536 3414; x_wconf 87' lang='lat' dir='ltr'><strong>quam</strong></span> <span class='ocrx_word' id='word_1_219' title='bbox 1574 3348 1670 3401; x_wconf 88' lang='lat' dir='ltr'><strong>ha-</strong></span> 
     </span>
    </p>
   </div>
   <div class='ocr_carea' id='block_1_35' title="bbox 113 3426 1670 3505">
    <p class='ocr_par' dir='ltr' id='par_1_35' title="bbox 113 3426 1670 3505">
     <span class='ocr_line' id='line_1_35' title="bbox 113 3426 1670 3505; baseline 0.007 -26"><span class='ocrx_word' id='word_1_220' title='bbox 113 3426 296 3484; x_wconf 84' lang='lat' dir='ltr'><strong>buimus</strong></span> <span class='ocrx_word' id='word_1_221' title='bbox 341 3431 735 3500; x_wconf 82' lang='lat' dir='ltr'><strong>imperantem,</strong></span> <span class='ocrx_word' id='word_1_222' title='bbox 774 3440 1045 3499; x_wconf 74' lang='lat' dir='ltr'><strong>quatenus</strong></span> <span class='ocrx_word' id='word_1_223' title='bbox 1083 3431 1417 3489; x_wconf 71' lang='lat' dir='ltr'><strong>excellentia:</strong></span> <span class='ocrx_word' id='word_1_224' title='bbox 1461 3446 1670 3505; x_wconf 86' lang='lat' dir='ltr'><strong>aposto-</strong></span> 
     </span>
    </p>
   </div>
   <div class='ocr_carea' id='block_1_36' title="bbox 115 3519 1671 3594">
    <p class='ocr_par' dir='ltr' id='par_1_36' title="bbox 115 3519 1671 3594">
     <span class='ocr_line' id='line_1_36' title="bbox 115 3519 1671 3594; baseline 0.009 -25"><span class='ocrx_word' id='word_1_225' title='bbox 115 3519 210 3573; x_wconf 77' lang='lat' dir='ltr'><strong>lica:</strong></span> <span class='ocrx_word' id='word_1_226' title='bbox 251 3537 350 3576; x_wconf 92' lang='lat' dir='ltr'><strong>non</strong></span> <span class='ocrx_word' id='word_1_227' title='bbox 402 3523 707 3590; x_wconf 74' lang='lat' dir='ltr'><strong>incongrue</strong></span> <span class='ocrx_word' id='word_1_228' title='bbox 756 3523 1037 3577; x_wconf 90' lang='lat' dir='ltr'><strong>dicamus:</strong></span> <span class='ocrx_word' id='word_1_229' title='bbox 1075 3542 1093 3575; x_wconf 83' lang='lat' dir='ltr'><strong>t</strong></span> <span class='ocrx_word' id='word_1_230' title='bbox 1132 3524 1203 3577; x_wconf 90' lang='lat' dir='ltr'><strong>Da</strong></span> <span class='ocrx_word' id='word_1_231' title='bbox 1234 3526 1377 3594; x_wconf 91' lang='lat' dir='ltr'><strong>quod</strong></span> <span class='ocrx_word' id='word_1_232' title='bbox 1400 3524 1578 3594; x_wconf 89' lang='lat' dir='ltr'><strong>jubes,</strong></span> <span class='ocrx_word' id='word_1_233' title='bbox 1616 3538 1671 3583; x_wconf 92' lang='lat' dir='ltr'><strong>et</strong></span> 
     </span>
    </p>
   </div>
   <div class='ocr_carea' id='block_1_37' title="bbox 110 3609 1671 3680">
    <p class='ocr_par' dir='ltr' id='par_1_37' title="bbox 110 3609 1671 3680">
     <span class='ocr_line' id='line_1_37' title="bbox 110 3609 1671 3680; baseline 0.012 -23"><span class='ocrx_word' id='word_1_234' title='bbox 110 3609 216 3676; x_wconf 83' lang='lat' dir='ltr'><strong>jube</strong></span> <span class='ocrx_word' id='word_1_235' title='bbox 262 3614 399 3680; x_wconf 88' lang='lat' dir='ltr'><strong>quod</strong></span> <span class='ocrx_word' id='word_1_236' title='bbox 462 3612 569 3666; x_wconf 83' lang='lat' dir='ltr'><strong>vis.</strong></span> <span class='ocrx_word' id='word_1_237' title='bbox 615 3631 632 3663; x_wconf 75' lang='grc' dir='ltr'><strong>ι</strong></span> <span class='ocrx_word' id='word_1_238' title='bbox 708 3611 861 3678; x_wconf 82' lang='lat' dir='ltr'><strong>Quod</strong></span> <span class='ocrx_word' id='word_1_239' title='bbox 926 3615 1047 3670; x_wconf 91' lang='lat' dir='ltr'><strong>ideo</strong></span> <span class='ocrx_word' id='word_1_240' title='bbox 1108 3616 1412 3672; x_wconf 82' lang='lat' dir='ltr'><strong>celsitudini</strong></span> <span class='ocrx_word' id='word_1_241' title='bbox 1476 3632 1671 3676; x_wconf 74' lang='lat' dir='ltr'><strong>vestra:</strong></span> 
     </span>
    </p>
   </div>
   <div class='ocr_carea' id='block_1_38' title="bbox 116 3702 1668 3774">
    <p class='ocr_par' dir='ltr' id='par_1_38' title="bbox 116 3702 1668 3774">
     <span class='ocr_line' id='line_1_38' title="bbox 116 3702 1668 3774; baseline 0.008 -21"><span class='ocrx_word' id='word_1_242' title='bbox 116 3702 511 3769; x_wconf 76' lang='lat' dir='ltr'><strong>puelibavimus,</strong></span> <span class='ocrx_word' id='word_1_243' title='bbox 537 3705 661 3774; x_wconf 88' lang='lat' dir='ltr'><strong>quia</strong></span> <span class='ocrx_word' id='word_1_244' title='bbox 692 3705 939 3759; x_wconf 85' lang='lat' dir='ltr'><strong>volumus</strong></span> <span class='ocrx_word' id='word_1_245' title='bbox 968 3716 1150 3761; x_wconf 90' lang='lat' dir='ltr'><strong>notum</strong></span> <span class='ocrx_word' id='word_1_246' title='bbox 1181 3723 1299 3763; x_wconf 87' lang='lat' dir='ltr'><strong>esse</strong></span> <span class='ocrx_word' id='word_1_247' title='bbox 1320 3710 1668 3766; x_wconf 89' lang='lat' dir='ltr'><strong>sollicitudini</strong></span> 
     </span>
    </p>
   </div>
   <div class='ocr_carea' id='block_1_39' title="bbox 117 3796 1673 3859">
    <p class='ocr_par' dir='ltr' id='par_1_39' title="bbox 117 3796 1673 3859">
     <span class='ocr_line' id='line_1_39' title="bbox 117 3796 1673 3859; baseline 0.012 -17"><span class='ocrx_word' id='word_1_248' title='bbox 117 3802 277 3849; x_wconf 62' lang='lat' dir='ltr'><strong>vestrae</strong></span> <span class='ocrx_word' id='word_1_249' title='bbox 311 3798 360 3851; x_wconf 88' lang='lat' dir='ltr'><strong>itt</strong></span> <span class='ocrx_word' id='word_1_250' title='bbox 399 3797 665 3851; x_wconf 77' lang='lat' dir='ltr'><strong>suburbio</strong></span> <span class='ocrx_word' id='word_1_251' title='bbox 699 3796 1015 3853; x_wconf 88' lang='lat' dir='ltr'><strong>Caruotcnsi</strong></span> <span class='ocrx_word' id='word_1_252' title='bbox 1058 3800 1220 3853; x_wconf 90' lang='lat' dir='ltr'><strong>situm</strong></span> <span class='ocrx_word' id='word_1_253' title='bbox 1251 3816 1372 3856; x_wconf 85' lang='lat' dir='ltr'><strong>esse</strong></span> <span class='ocrx_word' id='word_1_254' title='bbox 1402 3814 1673 3859; x_wconf 81' lang='lat' dir='ltr'><strong>monaste-</strong></span> 
     </span>
    </p>
   </div>
   <div class='ocr_carea' id='block_1_40' title="bbox 118 3887 1671 3952">
    <p class='ocr_par' dir='ltr' id='par_1_40' title="bbox 118 3887 1671 3952">
     <span class='ocr_line' id='line_1_40' title="bbox 118 3887 1671 3952; baseline 0.009 -16"><span class='ocrx_word' id='word_1_255' title='bbox 118 3887 233 3939; x_wconf 82' lang='lat' dir='ltr'><strong>rium</strong></span> <span class='ocrx_word' id='word_1_256' title='bbox 284 3890 346 3942; x_wconf 75' lang='grc' dir='ltr'><strong>Ίιι</strong></span> <span class='ocrx_word' id='word_1_257' title='bbox 391 3892 602 3944; x_wconf 88' lang='lat' dir='ltr'><strong>honore</strong></span> <span class='ocrx_word' id='word_1_258' title='bbox 658 3890 719 3943; x_wconf 84' lang='grc' dir='ltr'><strong>Β.</strong></span> <span class='ocrx_word' id='word_1_259' title='bbox 746 3888 921 3952; x_wconf 86' lang='lat' dir='ltr'><strong>Petri,</strong></span> <span class='ocrx_word' id='word_1_260' title='bbox 954 3890 1022 3945; x_wconf 82' lang='lat' dir='ltr'><strong>ab</strong></span> <span class='ocrx_word' id='word_1_261' title='bbox 1053 3895 1486 3949; x_wconf 84' lang='lat' dir='ltr'><strong>antecessoribus</strong></span> <span class='ocrx_word' id='word_1_262' title='bbox 1537 3897 1671 3951; x_wconf 86' lang='lat' dir='ltr'><strong>meis</strong></span> 
     </span>
    </p>
   </div>
   <div class='ocr_carea' id='block_1_41' title="bbox 118 3974 1673 4055">
    <p class='ocr_par' dir='ltr' id='par_1_41' title="bbox 118 3974 1673 4055">
     <span class='ocr_line' id='line_1_41' title="bbox 118 3974 1673 4055; baseline 0.008 -29"><span class='ocrx_word' id='word_1_263' title='bbox 118 3974 383 4044; x_wconf 73' lang='lat' dir='ltr'><strong>fundatum,</strong></span> <span class='ocrx_word' id='word_1_264' title='bbox 426 3989 483 4034; x_wconf 89' lang='lat' dir='ltr'><strong>et</strong></span> <span class='ocrx_word' id='word_1_265' title='bbox 519 3980 587 4034; x_wconf 89' lang='lat' dir='ltr'><strong>de</strong></span> <span class='ocrx_word' id='word_1_266' title='bbox 621 3980 774 4035; x_wconf 89' lang='lat' dir='ltr'><strong>bonis</strong></span> <span class='ocrx_word' id='word_1_267' title='bbox 800 3980 1153 4036; x_wconf 82' lang='lat' dir='ltr'><strong>Carnotensis</strong></span> <span class='ocrx_word' id='word_1_268' title='bbox 1189 3983 1465 4047; x_wconf 63' lang='lat' dir='ltr'><strong>ecclesiae,</strong></span> <span class='ocrx_word' id='word_1_269' title='bbox 1512 3993 1673 4055; x_wconf 83' lang='lat' dir='ltr'><strong>prout</strong></span> 
     </span>
    </p>
   </div>
   <div class='ocr_carea' id='block_1_42' title="bbox 118 4068 1671 4145">
    <p class='ocr_par' dir='ltr' id='par_1_42' title="bbox 118 4068 1671 4145">
     <span class='ocr_line' id='line_1_42' title="bbox 118 4068 1671 4145; baseline 0.008 -27"><span class='ocrx_word' id='word_1_270' title='bbox 118 4068 315 4125; x_wconf 76' lang='lat' dir='ltr'><strong>facultas</strong></span> <span class='ocrx_word' id='word_1_271' title='bbox 353 4070 502 4125; x_wconf 88' lang='lat' dir='ltr'><strong>ferre</strong></span> <span class='ocrx_word' id='word_1_272' title='bbox 530 4072 723 4141; x_wconf 84' lang='lat' dir='ltr'><strong>potuit,</strong></span> <span class='ocrx_word' id='word_1_273' title='bbox 758 4071 1099 4141; x_wconf 88' lang='lat' dir='ltr'><strong>ampliatum,</strong></span> <span class='ocrx_word' id='word_1_274' title='bbox 1142 4073 1193 4127; x_wconf 94' lang='lat' dir='ltr'><strong>in</strong></span> <span class='ocrx_word' id='word_1_275' title='bbox 1236 4090 1343 4145; x_wconf 90' lang='lat' dir='ltr'><strong>quo</strong></span> <span class='ocrx_word' id='word_1_276' title='bbox 1381 4074 1671 4144; x_wconf 83' lang='lat' dir='ltr'><strong>aliquando</strong></span> 
     </span>
    </p>
   </div>
   <div class='ocr_carea' id='block_1_43' title="bbox 118 4157 1668 4232">
    <p class='ocr_par' dir='ltr' id='par_1_43' title="bbox 118 4157 1668 4232">
     <span class='ocr_line' id='line_1_43' title="bbox 118 4157 1668 4232; baseline 0.006 -24"><span class='ocrx_word' id='word_1_277' title='bbox 118 4157 278 4229; x_wconf 70' lang='lat' dir='ltr'><strong>religio</strong></span> <span class='ocrx_word' id='word_1_278' title='bbox 306 4162 500 4232; x_wconf 79' lang='lat' dir='ltr'><strong>viguit,</strong></span> <span class='ocrx_word' id='word_1_279' title='bbox 533 4162 822 4231; x_wconf 86' lang='lat' dir='ltr'><strong>aliquando</strong></span> <span class='ocrx_word' id='word_1_280' title='bbox 858 4162 1046 4230; x_wconf 88' lang='lat' dir='ltr'><strong>tepuit,</strong></span> <span class='ocrx_word' id='word_1_281' title='bbox 1075 4179 1217 4228; x_wconf 89' lang='lat' dir='ltr'><strong>cum,</strong></span> <span class='ocrx_word' id='word_1_282' title='bbox 1247 4165 1386 4219; x_wconf 89' lang='lat' dir='ltr'><strong>sicut</strong></span> <span class='ocrx_word' id='word_1_283' title='bbox 1420 4180 1536 4219; x_wconf 92' lang='lat' dir='ltr'><strong>mos</strong></span> <span class='ocrx_word' id='word_1_284' title='bbox 1565 4174 1668 4232; x_wconf 83' lang='lat' dir='ltr'><strong>est,</strong></span> 
     </span>
    </p>
   </div>
   <div class='ocr_carea' id='block_1_44' title="bbox 119 4250 1671 4328">
    <p class='ocr_par' dir='ltr' id='par_1_44' title="bbox 119 4250 1671 4328">
     <span class='ocr_line' id='line_1_44' title="bbox 119 4250 1671 4328; baseline 0.008 -27"><span class='ocrx_word' id='word_1_285' title='bbox 119 4250 368 4309; x_wconf 85' lang='lat' dir='ltr'><strong>deficiente</strong></span> <span class='ocrx_word' id='word_1_286' title='bbox 428 4255 746 4325; x_wconf 80' lang='lat' dir='ltr'><strong>integritate</strong></span> <span class='ocrx_word' id='word_1_287' title='bbox 800 4255 1182 4325; x_wconf 72' lang='lat' dir='ltr'><strong>prmlatorum,</strong></span> <span class='ocrx_word' id='word_1_288' title='bbox 1255 4260 1508 4328; x_wconf 88' lang='lat' dir='ltr'><strong>subsequi</strong></span> <span class='ocrx_word' id='word_1_289' title='bbox 1563 4275 1671 4314; x_wconf 86' lang='lat' dir='ltr'><strong>non</strong></span> 
     </span>
    </p>
   </div>
   <div class='ocr_carea' id='block_1_45' title="bbox 119 4345 1674 4420">
    <p class='ocr_par' dir='ltr' id='par_1_45' title="bbox 119 4345 1674 4420">
     <span class='ocr_line' id='line_1_45' title="bbox 119 4345 1674 4420; baseline 0.007 -25"><span class='ocrx_word' id='word_1_290' title='bbox 119 4345 265 4409; x_wconf 87' lang='lat' dir='ltr'><strong>potuit</strong></span> <span class='ocrx_word' id='word_1_291' title='bbox 308 4347 522 4401; x_wconf 84' lang='lat' dir='ltr'><strong>sanitas</strong></span> <span class='ocrx_word' id='word_1_292' title='bbox 573 4347 933 4401; x_wconf 87' lang='lat' dir='ltr'><strong>subditorum.</strong></span> <span class='ocrx_word' id='word_1_293' title='bbox 982 4346 1087 4403; x_wconf 88' lang='lat' dir='ltr'><strong>Sed</strong></span> <span class='ocrx_word' id='word_1_294' title='bbox 1129 4350 1276 4418; x_wconf 87' lang='lat' dir='ltr'><strong>quia,</strong></span> <span class='ocrx_word' id='word_1_295' title='bbox 1316 4352 1425 4407; x_wconf 79' lang='lat' dir='ltr'><strong>Deo</strong></span> <span class='ocrx_word' id='word_1_296' title='bbox 1467 4366 1674 4420; x_wconf 71' lang='lat' dir='ltr'><strong>prmve-</strong></span> 
     </span>
    </p>
   </div>
   <div class='ocr_carea' id='block_1_46' title="bbox 121 4434 1673 4507">
    <p class='ocr_par' dir='ltr' id='par_1_46' title="bbox 121 4434 1673 4507">
     <span class='ocr_line' id='line_1_46' title="bbox 121 4434 1673 4507; baseline 0.008 -25"><span class='ocrx_word' id='word_1_297' title='bbox 121 4434 303 4500; x_wconf 84' lang='lat' dir='ltr'><strong>uiente,</strong></span> <span class='ocrx_word' id='word_1_298' title='bbox 347 4446 401 4490; x_wconf 87' lang='lat' dir='ltr'><strong>et</strong></span> <span class='ocrx_word' id='word_1_299' title='bbox 448 4435 713 4492; x_wconf 87' lang='lat' dir='ltr'><strong>nonnullo</strong></span> <span class='ocrx_word' id='word_1_300' title='bbox 757 4436 935 4490; x_wconf 89' lang='lat' dir='ltr'><strong>studio</strong></span> <span class='ocrx_word' id='word_1_301' title='bbox 992 4446 1175 4491; x_wconf 85' lang='lat' dir='ltr'><strong>nostro</strong></span> <span class='ocrx_word' id='word_1_302' title='bbox 1224 4450 1566 4507; x_wconf 85' lang='lat' dir='ltr'><strong>cooperante,</strong></span> <span class='ocrx_word' id='word_1_303' title='bbox 1619 4441 1673 4494; x_wconf 88' lang='lat' dir='ltr'><strong>in</strong></span> 
     </span>
    </p>
   </div>
   <div class='ocr_carea' id='block_1_47' title="bbox 121 4524 1749 4603">
    <p class='ocr_par' dir='ltr' id='par_1_47' title="bbox 121 4524 1749 4603">
     <span class='ocr_line' id='line_1_47' title="bbox 121 4524 1749 4603; baseline 0.008 -29"><span class='ocrx_word' id='word_1_304' title='bbox 121 4524 342 4587; x_wconf 67' lang='lat' dir='ltr'><strong>praedicto</strong></span> <span class='ocrx_word' id='word_1_305' title='bbox 381 4526 741 4583; x_wconf 87' lang='lat' dir='ltr'><strong>monasterio</strong></span> <span class='ocrx_word' id='word_1_306' title='bbox 764 4527 1041 4598; x_wconf 72' lang='lat' dir='ltr'><strong>religionis</strong></span> <span class='ocrx_word' id='word_1_307' title='bbox 1078 4529 1233 4599; x_wconf 83' lang='lat' dir='ltr'><strong>vigor</strong></span> <span class='ocrx_word' id='word_1_308' title='bbox 1271 4531 1531 4594; x_wconf 85' lang='lat' dir='ltr'><strong>reﬂoruit,</strong></span> <span class='ocrx_word' id='word_1_309' title='bbox 1581 4547 1671 4586; x_wconf 87' lang='lat' dir='ltr'><strong>ne-</strong></span> <span class='ocrx_word' id='word_1_310' title='bbox 1700 4546 1749 4603; x_wconf 87' lang='grc' dir='ltr'>ι)</span> 
     </span>
    </p>
   </div>
   <div class='ocr_carea' id='block_1_48' title="bbox 122 4616 1669 4687">
    <p class='ocr_par' dir='ltr' id='par_1_48' title="bbox 122 4616 1669 4687">
     <span class='ocr_line' id='line_1_48' title="bbox 122 4616 1669 4687; baseline 0.009 -25"><span class='ocrx_word' id='word_1_311' title='bbox 122 4616 382 4670; x_wconf 81' lang='lat' dir='ltr'><strong>cessariani</strong></span> <span class='ocrx_word' id='word_1_312' title='bbox 465 4618 811 4673; x_wconf 87' lang='lat' dir='ltr'><strong>monasteriis</strong></span> <span class='ocrx_word' id='word_1_313' title='bbox 876 4619 1112 4687; x_wconf 90' lang='lat' dir='ltr'><strong>quietem</strong></span> <span class='ocrx_word' id='word_1_314' title='bbox 1163 4619 1425 4675; x_wconf 85' lang='lat' dir='ltr'><strong>vellemus</strong></span> <span class='ocrx_word' id='word_1_315' title='bbox 1496 4622 1669 4676; x_wconf 89' lang='lat' dir='ltr'><strong>eidem</strong></span> 
     </span>
    </p>
   </div>
   <div class='ocr_carea' id='block_1_49' title="bbox 124 4709 1674 4781">
    <p class='ocr_par' dir='ltr' id='par_1_49' title="bbox 124 4709 1674 4781">
     <span class='ocr_line' id='line_1_49' title="bbox 124 4709 1674 4781; baseline 0.009 -28"><span class='ocrx_word' id='word_1_316' title='bbox 124 4710 417 4763; x_wconf 89' lang='lat' dir='ltr'><strong>monasterio</strong></span> <span class='ocrx_word' id='word_1_317' title='bbox 469 4709 776 4779; x_wconf 81' lang='lat' dir='ltr'><strong>providere;</strong></span> <span class='ocrx_word' id='word_1_318' title='bbox 810 4719 863 4763; x_wconf 89' lang='lat' dir='ltr'><strong>et</strong></span> <span class='ocrx_word' id='word_1_319' title='bbox 893 4710 962 4764; x_wconf 86' lang='lat' dir='ltr'><strong>ab</strong></span> <span class='ocrx_word' id='word_1_320' title='bbox 988 4711 1223 4780; x_wconf 78' lang='lat' dir='ltr'><strong>auguriis</strong></span> <span class='ocrx_word' id='word_1_321' title='bbox 1259 4720 1310 4764; x_wconf 87' lang='lat' dir='ltr'><strong>et</strong></span> <span class='ocrx_word' id='word_1_322' title='bbox 1348 4714 1674 4781; x_wconf 77' lang='lat' dir='ltr'><strong>gravamitti-</strong></span> 
     </span>
    </p>
   </div>
   <div class='ocr_carea' id='block_1_50' title="bbox 125 4793 1675 4871">
    <p class='ocr_par' dir='ltr' id='par_1_50' title="bbox 125 4793 1675 4871">
     <span class='ocr_line' id='line_1_50' title="bbox 125 4793 1675 4871; baseline 0.01 -26"><span class='ocrx_word' id='word_1_323' title='bbox 125 4793 232 4860; x_wconf 85' lang='lat' dir='ltr'><strong>bus,</strong></span> <span class='ocrx_word' id='word_1_324' title='bbox 278 4816 393 4869; x_wconf 76' lang='lat' dir='ltr'><strong>qua:</strong></span> <span class='ocrx_word' id='word_1_325' title='bbox 444 4817 540 4856; x_wconf 87' lang='lat' dir='ltr'><strong>sua</strong></span> <span class='ocrx_word' id='word_1_326' title='bbox 590 4810 895 4871; x_wconf 74' lang='lat' dir='ltr'><strong>qtuerentes</strong></span> <span class='ocrx_word' id='word_1_327' title='bbox 952 4803 1322 4859; x_wconf 87' lang='lat' dir='ltr'><strong>archidiaconi</strong></span> <span class='ocrx_word' id='word_1_328' title='bbox 1377 4803 1448 4858; x_wconf 88' lang='lat' dir='ltr'><strong>ibi</strong></span> <span class='ocrx_word' id='word_1_329' title='bbox 1496 4803 1675 4861; x_wconf 85' lang='lat' dir='ltr'><strong>facere</strong></span> 
     </span>
    </p>
   </div>
   <div class='ocr_carea' id='block_1_51' title="bbox 126 4889 1674 4967">
    <p class='ocr_par' dir='ltr' id='par_1_51' title="bbox 126 4889 1674 4967">
     <span class='ocr_line' id='line_1_51' title="bbox 126 4889 1674 4967; baseline 0.008 -27"><span class='ocrx_word' id='word_1_330' title='bbox 126 4889 405 4957; x_wconf 86' lang='lat' dir='ltr'><strong>moliuntur,</strong></span> <span class='ocrx_word' id='word_1_331' title='bbox 456 4893 672 4963; x_wconf 87' lang='lat' dir='ltr'><strong>penitus</strong></span> <span class='ocrx_word' id='word_1_332' title='bbox 725 4894 985 4960; x_wconf 87' lang='lat' dir='ltr'><strong>liberare;</strong></span> <span class='ocrx_word' id='word_1_333' title='bbox 1052 4895 1194 4964; x_wconf 86' lang='lat' dir='ltr'><strong>quod</strong></span> <span class='ocrx_word' id='word_1_334' title='bbox 1247 4897 1413 4951; x_wconf 82' lang='lat' dir='ltr'><strong>etiam</strong></span> <span class='ocrx_word' id='word_1_335' title='bbox 1455 4898 1674 4967; x_wconf 87' lang='lat' dir='ltr'><strong>quidatn</strong></span> 
     </span>
    </p>
   </div>
   <div class='ocr_carea' id='block_1_52' title="bbox 124 4984 1677 5056">
    <p class='ocr_par' dir='ltr' id='par_1_52' title="bbox 124 4984 1677 5056">
     <span class='ocr_line' id='line_1_52' title="bbox 124 4984 1677 5056; baseline 0.008 -26"><span class='ocrx_word' id='word_1_336' title='bbox 124 4989 463 5040; x_wconf 87' lang='lat' dir='ltr'><strong>antecessores</strong></span> <span class='ocrx_word' id='word_1_337' title='bbox 501 4985 674 5039; x_wconf 92' lang='lat' dir='ltr'><strong>nostri</strong></span> <span class='ocrx_word' id='word_1_338' title='bbox 714 5000 771 5042; x_wconf 89' lang='lat' dir='ltr'><strong>se</strong></span> <span class='ocrx_word' id='word_1_339' title='bbox 798 4984 990 5045; x_wconf 85' lang='lat' dir='ltr'><strong>fecisse</strong></span> <span class='ocrx_word' id='word_1_340' title='bbox 1015 4997 1360 5056; x_wconf 87' lang='lat' dir='ltr'><strong>putaverunt,</strong></span> <span class='ocrx_word' id='word_1_341' title='bbox 1394 4989 1484 5044; x_wconf 88' lang='lat' dir='ltr'><strong>sed</strong></span> <span class='ocrx_word' id='word_1_342' title='bbox 1514 4989 1677 5046; x_wconf 90' lang='lat' dir='ltr'><strong>liber-</strong></span> 
     </span>
    </p>
   </div>
   <div class='ocr_carea' id='block_1_53' title="bbox 127 5072 1674 5149">
    <p class='ocr_par' dir='ltr' id='par_1_53' title="bbox 127 5072 1674 5149">
     <span class='ocr_line' id='line_1_53' title="bbox 127 5072 1674 5149; baseline 0.008 -26"><span class='ocrx_word' id='word_1_343' title='bbox 127 5075 194 5123; x_wconf 85' lang='lat' dir='ltr'><strong>tas</strong></span> <span class='ocrx_word' id='word_1_344' title='bbox 231 5072 313 5128; x_wconf 87' lang='lat' dir='ltr'><strong>illa</strong></span> <span class='ocrx_word' id='word_1_345' title='bbox 350 5075 589 5143; x_wconf 83' lang='lat' dir='ltr'><strong>integras</strong></span> <span class='ocrx_word' id='word_1_346' title='bbox 630 5076 772 5131; x_wconf 89' lang='lat' dir='ltr'><strong>vires</strong></span> <span class='ocrx_word' id='word_1_347' title='bbox 812 5092 918 5133; x_wconf 88' lang='lat' dir='ltr'><strong>non</strong></span> <span class='ocrx_word' id='word_1_348' title='bbox 959 5076 1169 5144; x_wconf 83' lang='lat' dir='ltr'><strong>habuit,</strong></span> <span class='ocrx_word' id='word_1_349' title='bbox 1213 5080 1339 5148; x_wconf 88' lang='lat' dir='ltr'><strong>quia</strong></span> <span class='ocrx_word' id='word_1_350' title='bbox 1377 5081 1674 5149; x_wconf 88' lang='lat' dir='ltr'><strong>apostolica</strong></span> 
     </span>
    </p>
   </div>
   <div class='ocr_carea' id='block_1_54' title="bbox 127 5166 1678 5242">
    <p class='ocr_par' dir='ltr' id='par_1_54' title="bbox 127 5166 1678 5242">
     <span class='ocr_line' id='line_1_54' title="bbox 127 5166 1678 5242; baseline 0.007 -27"><span class='ocrx_word' id='word_1_351' title='bbox 127 5166 419 5223; x_wconf 85' lang='lat' dir='ltr'><strong>auctoritate</strong></span> <span class='ocrx_word' id='word_1_352' title='bbox 445 5169 654 5223; x_wconf 89' lang='lat' dir='ltr'><strong>munita</strong></span> <span class='ocrx_word' id='word_1_353' title='bbox 686 5184 792 5231; x_wconf 85' lang='lat' dir='ltr'><strong>non</strong></span> <span class='ocrx_word' id='word_1_354' title='bbox 823 5168 944 5222; x_wconf 92' lang='lat' dir='ltr'><strong>fuit.</strong></span> <span class='ocrx_word' id='word_1_355' title='bbox 992 5168 1237 5224; x_wconf 83' lang='lat' dir='ltr'><strong>Postulat</strong></span> <span class='ocrx_word' id='word_1_356' title='bbox 1265 5171 1448 5242; x_wconf 88' lang='lat' dir='ltr'><strong>itaque</strong></span> <span class='ocrx_word' id='word_1_357' title='bbox 1483 5173 1678 5241; x_wconf 73' lang='lat' dir='ltr'><strong>prmiti-</strong></span> 
     </span>
    </p>
   </div>
   <div class='ocr_carea' id='block_1_55' title="bbox 124 5254 1677 5332">
    <p class='ocr_par' dir='ltr' id='par_1_55' title="bbox 124 5254 1677 5332">
     <span class='ocr_line' id='line_1_55' title="bbox 124 5254 1677 5332; baseline 0.01 -27"><span class='ocrx_word' id='word_1_358' title='bbox 124 5254 183 5308; x_wconf 85' lang='lat' dir='ltr'><strong>eti</strong></span> <span class='ocrx_word' id='word_1_359' title='bbox 210 5262 509 5319; x_wconf 81' lang='lat' dir='ltr'><strong>monasterii</strong></span> <span class='ocrx_word' id='word_1_360' title='bbox 547 5270 659 5316; x_wconf 90' lang='lat' dir='ltr'><strong>tota</strong></span> <span class='ocrx_word' id='word_1_361' title='bbox 704 5262 1053 5332; x_wconf 82' lang='lat' dir='ltr'><strong>congregatio</strong></span> <span class='ocrx_word' id='word_1_362' title='bbox 1083 5270 1160 5326; x_wconf 87' lang='grc' dir='ltr'>ιιι,</span> <span class='ocrx_word' id='word_1_363' title='bbox 1208 5278 1305 5331; x_wconf 87' lang='lat' dir='ltr'><strong>per</strong></span> <span class='ocrx_word' id='word_1_364' title='bbox 1333 5263 1677 5321; x_wconf 88' lang='lat' dir='ltr'><strong>mediationis</strong></span> 
     </span>
    </p>
   </div>
   <div class='ocr_carea' id='block_1_56' title="bbox 130 5353 1678 5417">
    <p class='ocr_par' dir='ltr' id='par_1_56' title="bbox 130 5353 1678 5417">
     <span class='ocr_line' id='line_1_56' title="bbox 130 5353 1678 5417; baseline 0.011 -22"><span class='ocrx_word' id='word_1_365' title='bbox 130 5356 297 5402; x_wconf 65' lang='lat' dir='ltr'><strong>nostrae</strong></span> <span class='ocrx_word' id='word_1_366' title='bbox 324 5353 784 5417; x_wconf 83' lang='lat' dir='ltr'><strong>mediocritatem,</strong></span> <span class='ocrx_word' id='word_1_367' title='bbox 830 5353 970 5407; x_wconf 90' lang='lat' dir='ltr'><strong>idem</strong></span> <span class='ocrx_word' id='word_1_368' title='bbox 1000 5355 1387 5413; x_wconf 77' lang='lat' dir='ltr'><strong>monuSterium</strong></span> <span class='ocrx_word' id='word_1_369' title='bbox 1416 5372 1535 5411; x_wconf 88' lang='lat' dir='ltr'><strong>cum</strong></span> <span class='ocrx_word' id='word_1_370' title='bbox 1564 5356 1678 5412; x_wconf 89' lang='lat' dir='ltr'><strong>suis</strong></span> 
     </span>
    </p>
   </div>
   <div class='ocr_carea' id='block_1_57' title="bbox 126 5442 1677 5507">
    <p class='ocr_par' dir='ltr' id='par_1_57' title="bbox 126 5442 1677 5507">
     <span class='ocr_line' id='line_1_57' title="bbox 126 5442 1677 5507; baseline 0.008 -16"><span class='ocrx_word' id='word_1_371' title='bbox 126 5442 431 5507; x_wconf 84' lang='lat' dir='ltr'><strong>appendiciis</strong></span> <span class='ocrx_word' id='word_1_372' title='bbox 463 5445 564 5500; x_wconf 91' lang='lat' dir='ltr'><strong>sub</strong></span> <span class='ocrx_word' id='word_1_373' title='bbox 611 5445 833 5499; x_wconf 85' lang='lat' dir='ltr'><strong>tutelam</strong></span> <span class='ocrx_word' id='word_1_374' title='bbox 884 5454 1085 5500; x_wconf 61' lang='lat' dir='ltr'><strong>sanctie</strong></span> <span class='ocrx_word' id='word_1_375' title='bbox 1115 5445 1372 5501; x_wconf 81' lang='lat' dir='ltr'><strong>Romana:</strong></span> <span class='ocrx_word' id='word_1_376' title='bbox 1422 5447 1677 5503; x_wconf 64' lang='lat' dir='ltr'><strong>Ecclesiae</strong></span> 
     </span>
    </p>
   </div>
   <div class='ocr_carea' id='block_1_58' title="bbox 128 5530 1675 5605">
    <p class='ocr_par' dir='ltr' id='par_1_58' title="bbox 128 5530 1675 5605">
     <span class='ocr_line' id='line_1_58' title="bbox 128 5530 1675 5605; baseline 0.009 -26"><span class='ocrx_word' id='word_1_377' title='bbox 128 5530 458 5602; x_wconf 79' lang='lat' dir='ltr'><strong>suscipiatur;</strong></span> <span class='ocrx_word' id='word_1_378' title='bbox 497 5544 553 5589; x_wconf 89' lang='lat' dir='ltr'><strong>et</strong></span> <span class='ocrx_word' id='word_1_379' title='bbox 581 5535 828 5602; x_wconf 90' lang='lat' dir='ltr'><strong>libertas,</strong></span> <span class='ocrx_word' id='word_1_380' title='bbox 855 5550 1017 5605; x_wconf 88' lang='lat' dir='ltr'><strong>quam</strong></span> <span class='ocrx_word' id='word_1_381' title='bbox 1048 5537 1473 5605; x_wconf 82' lang='lat' dir='ltr'><strong>praedecessorcs</strong></span> <span class='ocrx_word' id='word_1_382' title='bbox 1506 5539 1675 5593; x_wconf 86' lang='lat' dir='ltr'><strong>nostri</strong></span> 
     </span>
    </p>
   </div>
   <div class='ocr_carea' id='block_1_59' title="bbox 130 5625 1676 5698">
    <p class='ocr_par' dir='ltr' id='par_1_59' title="bbox 130 5625 1676 5698">
     <span class='ocr_line' id='line_1_59' title="bbox 130 5625 1676 5698; baseline 0.013 -31"><span class='ocrx_word' id='word_1_383' title='bbox 130 5625 428 5681; x_wconf 84' lang='lat' dir='ltr'><strong>monasterio</strong></span> <span class='ocrx_word' id='word_1_384' title='bbox 474 5636 528 5681; x_wconf 92' lang='lat' dir='ltr'><strong>et</strong></span> <span class='ocrx_word' id='word_1_385' title='bbox 563 5628 1004 5698; x_wconf 84' lang='lat' dir='ltr'><strong>possessionibus</strong></span> <span class='ocrx_word' id='word_1_386' title='bbox 1037 5630 1350 5685; x_wconf 88' lang='lat' dir='ltr'><strong>monasterii</strong></span> <span class='ocrx_word' id='word_1_387' title='bbox 1401 5647 1676 5687; x_wconf 87' lang='lat' dir='ltr'><strong>concesse-</strong></span> 
     </span>
    </p>
   </div>
   <div class='ocr_carea' id='block_1_60' title="bbox 132 5714 1673 5792">
    <p class='ocr_par' dir='ltr' id='par_1_60' title="bbox 132 5714 1673 5792">
     <span class='ocr_line' id='line_1_60' title="bbox 132 5714 1673 5792; baseline 0.014 -35"><span class='ocrx_word' id='word_1_388' title='bbox 132 5719 270 5775; x_wconf 89' lang='lat' dir='ltr'><strong>runt,</strong></span> <span class='ocrx_word' id='word_1_389' title='bbox 313 5714 455 5771; x_wconf 83' lang='lat' dir='ltr'><strong>salvo</strong></span> <span class='ocrx_word' id='word_1_390' title='bbox 489 5717 612 5786; x_wconf 88' lang='lat' dir='ltr'><strong>jure</strong></span> <span class='ocrx_word' id='word_1_391' title='bbox 658 5717 1007 5774; x_wconf 88' lang='lat' dir='ltr'><strong>Carnolensis</strong></span> <span class='ocrx_word' id='word_1_392' title='bbox 1062 5721 1332 5791; x_wconf 84' lang='lat' dir='ltr'><strong>episCOpi,</strong></span> <span class='ocrx_word' id='word_1_393' title='bbox 1384 5724 1673 5792; x_wconf 80' lang='lat' dir='ltr'><strong>apostolica</strong></span> 
     </span>
    </p>
   </div>
   <div class='ocr_carea' id='block_1_61' title="bbox 132 5806 1673 5887">
    <p class='ocr_par' dir='ltr' id='par_1_61' title="bbox 132 5806 1673 5887">
     <span class='ocr_line' id='line_1_61' title="bbox 132 5806 1673 5887; baseline 0.01 -30"><span class='ocrx_word' id='word_1_394' title='bbox 132 5806 428 5866; x_wconf 83' lang='lat' dir='ltr'><strong>auctoritate</strong></span> <span class='ocrx_word' id='word_1_395' title='bbox 458 5812 763 5869; x_wconf 88' lang='lat' dir='ltr'><strong>roborctur.</strong></span> <span class='ocrx_word' id='word_1_396' title='bbox 807 5814 962 5882; x_wconf 83' lang='lat' dir='ltr'><strong>Quod</strong></span> <span class='ocrx_word' id='word_1_397' title='bbox 994 5814 1136 5870; x_wconf 88' lang='lat' dir='ltr'><strong>enim</strong></span> <span class='ocrx_word' id='word_1_398' title='bbox 1168 5815 1479 5887; x_wconf 79' lang='lat' dir='ltr'><strong>principalis</strong></span> <span class='ocrx_word' id='word_1_399' title='bbox 1509 5817 1673 5876; x_wconf 75' lang='lat' dir='ltr'><strong>clavis</strong></span> 
     </span>
    </p>
   </div>
   <div class='ocr_carea' id='block_1_62' title="bbox 1779 587 3349 658">
    <p class='ocr_par' dir='ltr' id='par_1_62' title="bbox 1779 587 3349 658">
     <span class='ocr_line' id='line_1_62' title="bbox 1779 587 3349 658; baseline 0.004 -16"><span class='ocrx_word' id='word_1_400' title='bbox 1779 597 1834 643; x_wconf 89' lang='lat' dir='ltr'><strong>et</strong></span> <span class='ocrx_word' id='word_1_401' title='bbox 1878 589 2018 658; x_wconf 88' lang='lat' dir='ltr'><strong>quod</strong></span> <span class='ocrx_word' id='word_1_402' title='bbox 2063 589 2354 657; x_wconf 88' lang='lat' dir='ltr'><strong>aperuerit,</strong></span> <span class='ocrx_word' id='word_1_403' title='bbox 2411 587 2660 644; x_wconf 81' lang='lat' dir='ltr'><strong>claudere</strong></span> <span class='ocrx_word' id='word_1_404' title='bbox 2707 607 2811 645; x_wconf 91' lang='lat' dir='ltr'><strong>non</strong></span> <span class='ocrx_word' id='word_1_405' title='bbox 2857 592 3069 647; x_wconf 81' lang='lat' dir='ltr'><strong>valebit.</strong></span> <span class='ocrx_word' id='word_1_406' title='bbox 3105 593 3349 649; x_wconf 83' lang='lat' dir='ltr'><strong>Misimus</strong></span> 
     </span>
    </p>
   </div>
   <div class='ocr_carea' id='block_1_63' title="bbox 1782 680 3358 755">
    <p class='ocr_par' dir='ltr' id='par_1_63' title="bbox 1782 680 3358 755">
     <span class='ocr_line' id='line_1_63' title="bbox 1782 680 3358 755; baseline 0.003 -20"><span class='ocrx_word' id='word_1_407' title='bbox 1782 693 1916 750; x_wconf 80' lang='lat' dir='ltr'><strong>ergo</strong></span> <span class='ocrx_word' id='word_1_408' title='bbox 1967 680 2255 749; x_wconf 89' lang='lat' dir='ltr'><strong>quemdam</strong></span> <span class='ocrx_word' id='word_1_409' title='bbox 2290 680 2534 751; x_wconf 57' lang='lat' dir='ltr'><strong>praedicti</strong></span> <span class='ocrx_word' id='word_1_410' title='bbox 2583 685 2898 738; x_wconf 87' lang='lat' dir='ltr'><strong>monasterii</strong></span> <span class='ocrx_word' id='word_1_411' title='bbox 2949 684 3171 740; x_wconf 89' lang='lat' dir='ltr'><strong>fratrem</strong></span> <span class='ocrx_word' id='word_1_412' title='bbox 3220 702 3358 755; x_wconf 75' lang='lat' dir='ltr'><strong>pra:-</strong></span> 
     </span>
    </p>
   </div>
   <div class='ocr_carea' id='block_1_64' title="bbox 1778 772 3359 847">
    <p class='ocr_par' dir='ltr' id='par_1_64' title="bbox 1778 772 3359 847">
     <span class='ocr_line' id='line_1_64' title="bbox 1778 772 3359 847; baseline 0.005 -20"><span class='ocrx_word' id='word_1_413' title='bbox 1778 772 2012 828; x_wconf 90' lang='lat' dir='ltr'><strong>sentium</strong></span> <span class='ocrx_word' id='word_1_414' title='bbox 2059 772 2306 839; x_wconf 86' lang='lat' dir='ltr'><strong>latorem,</strong></span> <span class='ocrx_word' id='word_1_415' title='bbox 2347 773 2436 843; x_wconf 90' lang='lat' dir='ltr'><strong>qui</strong></span> <span class='ocrx_word' id='word_1_416' title='bbox 2477 773 2688 843; x_wconf 90' lang='lat' dir='ltr'><strong>plenius</strong></span> <span class='ocrx_word' id='word_1_417' title='bbox 2743 783 2799 829; x_wconf 93' lang='lat' dir='ltr'><strong>ct</strong></span> <span class='ocrx_word' id='word_1_418' title='bbox 2826 777 3113 847; x_wconf 84' lang='lat' dir='ltr'><strong>specialius</strong></span> <span class='ocrx_word' id='word_1_419' title='bbox 3143 794 3202 831; x_wconf 91' lang='lat' dir='ltr'><strong>ea</strong></span> <span class='ocrx_word' id='word_1_420' title='bbox 3240 795 3359 847; x_wconf 73' lang='lat' dir='ltr'><strong>qua:</strong></span> 
     </span>
    </p>
   </div>
   <div class='ocr_carea' id='block_1_65' title="bbox 1776 862 3356 933">
    <p class='ocr_par' dir='ltr' id='par_1_65' title="bbox 1776 862 3356 933">
     <span class='ocr_line' id='line_1_65' title="bbox 1776 862 3356 933; baseline 0.003 -17"><span class='ocrx_word' id='word_1_421' title='bbox 1776 862 1993 918; x_wconf 89' lang='lat' dir='ltr'><strong>liberari</strong></span> <span class='ocrx_word' id='word_1_422' title='bbox 2037 871 2091 917; x_wconf 88' lang='lat' dir='ltr'><strong>et</strong></span> <span class='ocrx_word' id='word_1_423' title='bbox 2128 862 2343 925; x_wconf 81' lang='lat' dir='ltr'><strong>defendi</strong></span> <span class='ocrx_word' id='word_1_424' title='bbox 2380 862 2681 933; x_wconf 88' lang='lat' dir='ltr'><strong>apostolica</strong></span> <span class='ocrx_word' id='word_1_425' title='bbox 2721 867 3047 922; x_wconf 81' lang='lat' dir='ltr'><strong>auctoritate</strong></span> <span class='ocrx_word' id='word_1_426' title='bbox 3084 870 3356 929; x_wconf 74' lang='lat' dir='ltr'><strong>convenit;</strong></span> 
     </span>
    </p>
   </div>
   <div class='ocr_carea' id='block_1_66' title="bbox 1779 953 3387 1020">
    <p class='ocr_par' dir='ltr' id='par_1_66' title="bbox 1779 953 3387 1020">
     <span class='ocr_line' id='line_1_66' title="bbox 1779 953 3387 1020; baseline 0.002 -11"><span class='ocrx_word' id='word_1_427' title='bbox 1779 953 2098 1009; x_wconf 85' lang='lat' dir='ltr'><strong>nominatim</strong></span> <span class='ocrx_word' id='word_1_428' title='bbox 2128 954 2483 1020; x_wconf 87' lang='lat' dir='ltr'><strong>determinet;</strong></span> <span class='ocrx_word' id='word_1_429' title='bbox 2520 963 2575 1010; x_wconf 91' lang='lat' dir='ltr'><strong>et</strong></span> <span class='ocrx_word' id='word_1_430' title='bbox 2622 954 2989 1011; x_wconf 89' lang='lat' dir='ltr'><strong>instrumenta</strong></span> <span class='ocrx_word' id='word_1_431' title='bbox 3036 958 3387 1012; x_wconf 66' lang='lat' dir='ltr'><strong>confirmaro</strong></span> 
     </span>
    </p>
   </div>
   <div class='ocr_carea' id='block_1_67' title="bbox 1774 1044 3017 1119">
    <p class='ocr_par' dir='ltr' id='par_1_67' title="bbox 1774 1044 3017 1119">
     <span class='ocr_line' id='line_1_67' title="bbox 1774 1044 3017 1119; baseline -0.002 -17"><span class='ocrx_word' id='word_1_432' title='bbox 1774 1044 1865 1119; x_wconf 79' lang='lat' dir='ltr'><strong>{f.,</strong></span> <span class='ocrx_word' id='word_1_433' title='bbox 1893 1044 2251 1119; x_wconf 68' lang='lat' dir='ltr'><strong>conﬁrmatae]</strong></span> <span class='ocrx_word' id='word_1_434' title='bbox 2277 1045 2544 1102; x_wconf 86' lang='lat' dir='ltr'><strong>libertatis</strong></span> <span class='ocrx_word' id='word_1_435' title='bbox 2564 1046 2730 1101; x_wconf 82' lang='lat' dir='ltr'><strong>nobis</strong></span> <span class='ocrx_word' id='word_1_436' title='bbox 2760 1055 3017 1117; x_wconf 78' lang='lat' dir='ltr'><strong>reportet.</strong></span> 
     </span>
    </p>
   </div>
   <div class='ocr_carea' id='block_1_68' title="bbox 1847 1137 3366 1208">
    <p class='ocr_par' dir='ltr' id='par_1_68' title="bbox 1847 1137 3366 1208">
     <span class='ocr_line' id='line_1_68' title="bbox 1847 1137 3366 1208; baseline -0.001 -14"><span class='ocrx_word' id='word_1_437' title='bbox 1847 1138 2122 1195; x_wconf 82' lang='lat' dir='ltr'><strong>Hactenus</strong></span> <span class='ocrx_word' id='word_1_438' title='bbox 2157 1139 2335 1194; x_wconf 87' lang='lat' dir='ltr'><strong>lvonis</strong></span> <span class='ocrx_word' id='word_1_439' title='bbox 2373 1138 2601 1208; x_wconf 82' lang='lat' dir='ltr'><strong>epistola</strong></span> <span class='ocrx_word' id='word_1_440' title='bbox 2632 1153 2662 1193; x_wconf 92' lang='lat' dir='ltr'><strong>e</strong></span> <span class='ocrx_word' id='word_1_441' title='bbox 2701 1139 2921 1193; x_wconf 89' lang='lat' dir='ltr'><strong>scriniis</strong></span> <span class='ocrx_word' id='word_1_442' title='bbox 2968 1138 3027 1191; x_wconf 83' lang='grc' dir='ltr'><strong>Β.</strong></span> <span class='ocrx_word' id='word_1_443' title='bbox 3084 1137 3266 1191; x_wconf 79' lang='lat' dir='ltr'><strong>Mariae</strong></span> <span class='ocrx_word' id='word_1_444' title='bbox 3297 1138 3366 1193; x_wconf 84' lang='lat' dir='ltr'><strong>de</strong></span> 
     </span>
    </p>
   </div>
   <div class='ocr_carea' id='block_1_69' title="bbox 1776 1228 3385 1299">
    <p class='ocr_par' dir='ltr' id='par_1_69' title="bbox 1776 1228 3385 1299">
     <span class='ocr_line' id='line_1_69' title="bbox 1776 1228 3385 1299; baseline -0.002 -15"><span class='ocrx_word' id='word_1_445' title='bbox 1776 1229 2033 1296; x_wconf 88' lang='lat' dir='ltr'><strong>Ebronio,</strong></span> <span class='ocrx_word' id='word_1_446' title='bbox 2070 1230 2324 1285; x_wconf 67' lang='lat' dir='ltr'><strong>dioecesis</strong></span> <span class='ocrx_word' id='word_1_447' title='bbox 2344 1228 2799 1295; x_wconf 85' lang='lat' dir='ltr'><strong>Cenomanensis,</strong></span> <span class='ocrx_word' id='word_1_448' title='bbox 2843 1236 3041 1283; x_wconf 70' lang='lat' dir='ltr'><strong>nostra:</strong></span> <span class='ocrx_word' id='word_1_449' title='bbox 3071 1240 3385 1299; x_wconf 77' lang='lat' dir='ltr'><strong>congrega—‘</strong></span> 
     </span>
    </p>
   </div>
   <div class='ocr_carea' id='block_1_70' title="bbox 1779 1322 2322 1379">
    <p class='ocr_par' dir='ltr' id='par_1_70' title="bbox 1779 1322 2322 1379">
     <span class='ocr_line' id='line_1_70' title="bbox 1779 1322 2322 1379; baseline -0.007 0"><span class='ocrx_word' id='word_1_450' title='bbox 1779 1323 1940 1379; x_wconf 89' lang='lat' dir='ltr'><strong>tionis</strong></span> <span class='ocrx_word' id='word_1_451' title='bbox 1975 1322 2322 1379; x_wconf 89' lang='lat' dir='ltr'><strong>monasterii.</strong></span> 
     </span>
    </p>
   </div>
   <div class='ocr_carea' id='block_1_71' title="bbox 1848 1409 3370 1483">
    <p class='ocr_par' dir='ltr' id='par_1_71' title="bbox 1848 1409 3370 1483">
     <span class='ocr_line' id='line_1_71' title="bbox 1848 1409 3370 1483; baseline -0.003 -17"><span class='ocrx_word' id='word_1_452' title='bbox 1848 1413 1978 1480; x_wconf 79' lang='lat' dir='ltr'><strong>Qua:</strong></span> <span class='ocrx_word' id='word_1_453' title='bbox 2004 1412 2313 1483; x_wconf 81' lang='lat' dir='ltr'><strong>antiquitus,</strong></span> <span class='ocrx_word' id='word_1_454' title='bbox 2333 1420 2439 1468; x_wconf 88' lang='lat' dir='ltr'><strong>etc.</strong></span> <span class='ocrx_word' id='word_1_455' title='bbox 2467 1412 2639 1480; x_wconf 88' lang='lat' dir='ltr'><strong>Quam</strong></span> <span class='ocrx_word' id='word_1_456' title='bbox 2670 1410 2902 1465; x_wconf 84' lang='lat' dir='ltr'><strong>viriliter</strong></span> <span class='ocrx_word' id='word_1_457' title='bbox 2928 1409 3084 1482; x_wconf 71' lang='lat'><strong>361</strong></span> <span class='ocrx_word' id='word_1_458' title='bbox 3111 1424 3241 1463; x_wconf 89' lang='lat' dir='ltr'><strong>sane</strong></span> <span class='ocrx_word' id='word_1_459' title='bbox 3284 1418 3370 1462; x_wconf 78' lang='lat' dir='ltr'><strong>at-</strong></span> 
     </span>
    </p>
   </div>
   <div class='ocr_carea' id='block_1_72' title="bbox 1774 1500 3395 1573">
    <p class='ocr_par' dir='ltr' id='par_1_72' title="bbox 1774 1500 3395 1573">
     <span class='ocr_line' id='line_1_72' title="bbox 1774 1500 3395 1573; baseline -0.003 -15"><span class='ocrx_word' id='word_1_460' title='bbox 1774 1517 1879 1573; x_wconf 80' lang='lat' dir='ltr'><strong>que</strong></span> <span class='ocrx_word' id='word_1_461' title='bbox 1902 1504 1969 1558; x_wconf 88' lang='lat' dir='ltr'><strong>ad</strong></span> <span class='ocrx_word' id='word_1_462' title='bbox 2002 1503 2188 1557; x_wconf 88' lang='lat' dir='ltr'><strong>horam</strong></span> <span class='ocrx_word' id='word_1_463' title='bbox 2222 1516 2252 1556; x_wconf 91' lang='lat' dir='ltr'><strong>a</strong></span> <span class='ocrx_word' id='word_1_464' title='bbox 2280 1502 2341 1556; x_wconf 86' lang='grc' dir='ltr'><strong>Β.</strong></span> <span class='ocrx_word' id='word_1_465' title='bbox 2371 1502 2679 1557; x_wconf 88' lang='lat' dir='ltr'><strong>Lanfraneo</strong></span> <span class='ocrx_word' id='word_1_466' title='bbox 2710 1500 2966 1555; x_wconf 60' lang='lat' dir='ltr'><strong>Ecclesiae</strong></span> <span class='ocrx_word' id='word_1_467' title='bbox 2993 1500 3395 1554; x_wconf 59' lang='lat' dir='ltr'><strong>Cantuarieusi</strong></span> 
     </span>
    </p>
   </div>
   <div class='ocr_carea' id='block_1_73' title="bbox 1775 1590 3390 1665">
    <p class='ocr_par' dir='ltr' id='par_1_73' title="bbox 1775 1590 3390 1665">
     <span class='ocr_line' id='line_1_73' title="bbox 1775 1590 3390 1665; baseline -0.006 -15"><span class='ocrx_word' id='word_1_468' title='bbox 1775 1594 2080 1651; x_wconf 89' lang='lat' dir='ltr'><strong>consultum</strong></span> <span class='ocrx_word' id='word_1_469' title='bbox 2107 1602 2194 1649; x_wconf 86' lang='lat' dir='ltr'><strong>est</strong></span> <span class='ocrx_word' id='word_1_470' title='bbox 2226 1595 2238 1646; x_wconf 90' lang='lat'><strong>!</strong></span> <span class='ocrx_word' id='word_1_471' title='bbox 2272 1594 2473 1665; x_wconf 86' lang='lat' dir='ltr'><strong>quippe</strong></span> <span class='ocrx_word' id='word_1_472' title='bbox 2507 1594 2662 1663; x_wconf 89' lang='lat' dir='ltr'><strong>cujus</strong></span> <span class='ocrx_word' id='word_1_473' title='bbox 2689 1591 3164 1662; x_wconf 61' lang='lat' dir='ltr'><strong>possessiones-ab</strong></span> <span class='ocrx_word' id='word_1_474' title='bbox 3192 1590 3390 1644; x_wconf 53' lang='lat' dir='ltr'><strong>omnir</strong></span> 
     </span>
    </p>
   </div>
   <div class='ocr_carea' id='block_1_74' title="bbox 1774 1683 3373 1758">
    <p class='ocr_par' dir='ltr' id='par_1_74' title="bbox 1774 1683 3373 1758">
     <span class='ocr_line' id='line_1_74' title="bbox 1774 1683 3373 1758; baseline -0.004 -15"><span class='ocrx_word' id='word_1_475' title='bbox 1774 1688 1875 1743; x_wconf 90' lang='lat' dir='ltr'><strong>bus</strong></span> <span class='ocrx_word' id='word_1_476' title='bbox 1928 1687 2253 1758; x_wconf 69' lang='lat' dir='ltr'><strong>(pmsertim</strong></span> <span class='ocrx_word' id='word_1_477' title='bbox 2298 1685 2686 1757; x_wconf 83' lang='lat' dir='ltr'><strong>Optimatibus)</strong></span> <span class='ocrx_word' id='word_1_478' title='bbox 2744 1683 3192 1739; x_wconf 87' lang='lat' dir='ltr'><strong>distrahebantur</strong></span> <span class='ocrx_word' id='word_1_479' title='bbox 3248 1692 3373 1737; x_wconf 84' lang='lat' dir='ltr'><strong>ante</strong></span> 
     </span>
    </p>
   </div>
   <div class='ocr_carea' id='block_1_75' title="bbox 1773 1762 3372 1849">
    <p class='ocr_par' dir='ltr' id='par_1_75' title="bbox 1773 1762 3372 1849">
     <span class='ocr_line' id='line_1_75' title="bbox 1773 1762 3372 1849; baseline -0.006 -15"><span class='ocrx_word' id='word_1_480' title='bbox 1773 1762 1890 1847; x_wconf 71' lang='lat' dir='ltr'><strong>ejus</strong></span> <span class='ocrx_word' id='word_1_481' title='bbox 1936 1779 1989 1833; x_wconf 89' lang='lat' dir='ltr'><strong>in</strong></span> <span class='ocrx_word' id='word_1_482' title='bbox 2030 1778 2276 1849; x_wconf 82' lang='lat' dir='ltr'><strong>Angliam</strong></span> <span class='ocrx_word' id='word_1_483' title='bbox 2308 1777 2624 1841; x_wconf 82' lang='lat' dir='ltr'><strong>adventum,</strong></span> <span class='ocrx_word' id='word_1_484' title='bbox 2660 1784 2716 1831; x_wconf 89' lang='lat' dir='ltr'><strong>et</strong></span> <span class='ocrx_word' id='word_1_485' title='bbox 2742 1774 3023 1829; x_wconf 88' lang='lat' dir='ltr'><strong>libertates</strong></span> <span class='ocrx_word' id='word_1_486' title='bbox 3051 1788 3143 1828; x_wconf 91' lang='lat' dir='ltr'><strong>seu</strong></span> <span class='ocrx_word' id='word_1_487' title='bbox 3173 1773 3372 1826; x_wconf 78' lang='lat' dir='ltr'><strong>immu-</strong></span> 
     </span>
    </p>
   </div>
   <div class='ocr_carea' id='block_1_76' title="bbox 1118 1827 3375 1939">
    <p class='ocr_par' dir='ltr' id='par_1_76' title="bbox 1118 1827 3375 1939">
     <span class='ocr_line' id='line_1_76' title="bbox 1118 1827 3375 1939; baseline -0.004 -14"><span class='ocrx_word' id='word_1_488' title='bbox 1118 1828 1146 1939; x_wconf 58' lang='grc' dir='ltr'><strong>ξι</strong></span> <span class='ocrx_word' id='word_1_489' title='bbox 1704 1855 1746 1908; x_wconf 75' lang='grc' dir='ltr'>Β</span> <span class='ocrx_word' id='word_1_490' title='bbox 1772 1827 1969 1925; x_wconf 49' lang='lat' dir='ltr'><strong>u‘itates</strong></span> <span class='ocrx_word' id='word_1_491' title='bbox 1983 1868 2095 1939; x_wconf 82' lang='lat' dir='ltr'><strong>jam</strong></span> <span class='ocrx_word' id='word_1_492' title='bbox 2115 1827 2303 1923; x_wconf 48' lang='lat' dir='ltr'><strong>inultis</strong></span> <span class='ocrx_word' id='word_1_493' title='bbox 2330 1876 2475 1923; x_wconf 89' lang='lat' dir='ltr'><strong>retro</strong></span> <span class='ocrx_word' id='word_1_494' title='bbox 2499 1866 2655 1936; x_wconf 77' lang='lat' dir='ltr'><strong>annis</strong></span> <span class='ocrx_word' id='word_1_495' title='bbox 2679 1880 2878 1935; x_wconf 86' lang='lat' dir='ltr'><strong>susque</strong></span> <span class='ocrx_word' id='word_1_496' title='bbox 2900 1865 3074 1935; x_wconf 84' lang='lat' dir='ltr'><strong>deque</strong></span> <span class='ocrx_word' id='word_1_497' title='bbox 3096 1863 3375 1918; x_wconf 79' lang='lat' dir='ltr'><strong>habeban-</strong></span> 
     </span>
    </p>
   </div>
   <div class='ocr_carea' id='block_1_77' title="bbox 1776 1955 3367 2031">
    <p class='ocr_par' dir='ltr' id='par_1_77' title="bbox 1776 1955 3367 2031">
     <span class='ocr_line' id='line_1_77' title="bbox 1776 1955 3367 2031; baseline -0.006 -15"><span class='ocrx_word' id='word_1_498' title='bbox 1776 1971 1900 2028; x_wconf 90' lang='lat' dir='ltr'><strong>tur;</strong></span> <span class='ocrx_word' id='word_1_499' title='bbox 1935 1975 2032 2031; x_wconf 90' lang='lat' dir='ltr'><strong>pro</strong></span> <span class='ocrx_word' id='word_1_500' title='bbox 2062 1959 2260 2030; x_wconf 90' lang='lat' dir='ltr'><strong>quibus</strong></span> <span class='ocrx_word' id='word_1_501' title='bbox 2303 1958 2639 2029; x_wconf 81' lang='lat' dir='ltr'><strong>inquirendis</strong></span> <span class='ocrx_word' id='word_1_502' title='bbox 2680 1955 2959 2026; x_wconf 75' lang='lat' dir='ltr'><strong>atquoad</strong></span> <span class='ocrx_word' id='word_1_503' title='bbox 3005 1969 3161 2010; x_wconf 89' lang='lat' dir='ltr'><strong>usum</strong></span> <span class='ocrx_word' id='word_1_504' title='bbox 3206 1968 3367 2007; x_wconf 89' lang='lat' dir='ltr'><strong>revo-</strong></span> 
     </span>
    </p>
   </div>
   <div class='ocr_carea' id='block_1_78' title="bbox 1775 2046 3376 2117">
    <p class='ocr_par' dir='ltr' id='par_1_78' title="bbox 1775 2046 3376 2117">
     <span class='ocr_line' id='line_1_78' title="bbox 1775 2046 3376 2117; baseline -0.004 -11"><span class='ocrx_word' id='word_1_505' title='bbox 1775 2053 1985 2117; x_wconf 89' lang='lat' dir='ltr'><strong>candis,</strong></span> <span class='ocrx_word' id='word_1_506' title='bbox 2041 2054 2334 2107; x_wconf 87' lang='lat' dir='ltr'><strong>immensos</strong></span> <span class='ocrx_word' id='word_1_507' title='bbox 2389 2051 2604 2105; x_wconf 88' lang='lat' dir='ltr'><strong>labores</strong></span> <span class='ocrx_word' id='word_1_508' title='bbox 2664 2059 2720 2104; x_wconf 91' lang='lat' dir='ltr'><strong>ct</strong></span> <span class='ocrx_word' id='word_1_509' title='bbox 2780 2048 3008 2105; x_wconf 86' lang='lat' dir='ltr'><strong>sudores</strong></span> <span class='ocrx_word' id='word_1_510' title='bbox 3063 2046 3376 2101; x_wconf 79' lang='lat' dir='ltr'><strong>exantlasse</strong></span> 
     </span>
    </p>
   </div>
   <div class='ocr_carea' id='block_1_79' title="bbox 1775 2138 3372 2213">
    <p class='ocr_par' dir='ltr' id='par_1_79' title="bbox 1775 2138 3372 2213">
     <span class='ocr_line' id='line_1_79' title="bbox 1775 2138 3372 2213; baseline -0.005 -14"><span class='ocrx_word' id='word_1_511' title='bbox 1775 2144 2052 2199; x_wconf 73' lang='lat' dir='ltr'><strong>memoriae</strong></span> <span class='ocrx_word' id='word_1_512' title='bbox 2087 2142 2421 2213; x_wconf 87' lang='lat' dir='ltr'><strong>consignavit</strong></span> <span class='ocrx_word' id='word_1_513' title='bbox 2452 2141 2767 2199; x_wconf 85' lang='lat' dir='ltr'><strong>Eadmerns,</strong></span> <span class='ocrx_word' id='word_1_514' title='bbox 2811 2139 2927 2193; x_wconf 85' lang='lat' dir='ltr'><strong>loco</strong></span> <span class='ocrx_word' id='word_1_515' title='bbox 2957 2138 3141 2201; x_wconf 87' lang='lat' dir='ltr'><strong>citato,</strong></span> <span class='ocrx_word' id='word_1_516' title='bbox 3174 2153 3296 2207; x_wconf 71' lang='lat' dir='ltr'><strong>pag.</strong></span> <span class='ocrx_word' id='word_1_517' title='bbox 3317 2138 3372 2200; x_wconf 88' lang='lat'><strong>9,</strong></span> 
     </span>
    </p>
   </div>
   <div class='ocr_carea' id='block_1_80' title="bbox 1775 2226 3361 2301">
    <p class='ocr_par' dir='ltr' id='par_1_80' title="bbox 1775 2226 3361 2301">
     <span class='ocr_line' id='line_1_80' title="bbox 1775 2226 3361 2301; baseline -0.007 -10"><span class='ocrx_word' id='word_1_518' title='bbox 1775 2237 1862 2291; x_wconf 90' lang='lat' dir='ltr'><strong>ubi</strong></span> <span class='ocrx_word' id='word_1_519' title='bbox 1893 2235 2134 2291; x_wconf 89' lang='lat' dir='ltr'><strong>Odoncm</strong></span> <span class='ocrx_word' id='word_1_520' title='bbox 2168 2234 2311 2301; x_wconf 76' lang='lat' dir='ltr'><strong>regis</strong></span> <span class='ocrx_word' id='word_1_521' title='bbox 2344 2233 2584 2295; x_wconf 85' lang='lat' dir='ltr'><strong>fratrem,</strong></span> <span class='ocrx_word' id='word_1_522' title='bbox 2626 2234 2938 2300; x_wconf 80' lang='lat' dir='ltr'><strong>episcopum</strong></span> <span class='ocrx_word' id='word_1_523' title='bbox 2986 2226 3361 2296; x_wconf 84' lang='lat' dir='ltr'><strong>Bujocenscm,</strong></span> 
     </span>
    </p>
   </div>
   <div class='ocr_carea' id='block_1_81' title="bbox 1774 2319 3375 2391">
    <p class='ocr_par' dir='ltr' id='par_1_81' title="bbox 1774 2319 3375 2391">
     <span class='ocr_line' id='line_1_81' title="bbox 1774 2319 3375 2391; baseline -0.004 -10"><span class='ocrx_word' id='word_1_524' title='bbox 1774 2334 1827 2381; x_wconf 91' lang='lat' dir='ltr'><strong>et</strong></span> <span class='ocrx_word' id='word_1_525' title='bbox 1854 2325 2057 2381; x_wconf 75' lang='lat' dir='ltr'><strong>Cantize</strong></span> <span class='ocrx_word' id='word_1_526' title='bbox 2105 2325 2379 2387; x_wconf 87' lang='lat' dir='ltr'><strong>comitem,</strong></span> <span class='ocrx_word' id='word_1_527' title='bbox 2425 2324 2493 2378; x_wconf 86' lang='lat' dir='ltr'><strong>ad</strong></span> <span class='ocrx_word' id='word_1_528' title='bbox 2539 2323 2919 2391; x_wconf 82' lang='lat' dir='ltr'><strong>disceptandas</strong></span> <span class='ocrx_word' id='word_1_529' title='bbox 2961 2319 3375 2376; x_wconf 75' lang='lat' dir='ltr'><strong>Cantuariensis</strong></span> 
     </span>
    </p>
   </div>
   <div class='ocr_carea' id='block_1_82' title="bbox 1774 2410 3369 2485">
    <p class='ocr_par' dir='ltr' id='par_1_82' title="bbox 1774 2410 3369 2485">
     <span class='ocr_line' id='line_1_82' title="bbox 1774 2410 3369 2485; baseline -0.005 -13"><span class='ocrx_word' id='word_1_530' title='bbox 1774 2417 2029 2473; x_wconf 72' lang='lat' dir='ltr'><strong>Ecclesia:</strong></span> <span class='ocrx_word' id='word_1_531' title='bbox 2060 2431 2250 2471; x_wconf 85' lang='lat' dir='ltr'><strong>causas</strong></span> <span class='ocrx_word' id='word_1_532' title='bbox 2267 2430 2452 2470; x_wconf 87' lang='lat' dir='ltr'><strong>coram</strong></span> <span class='ocrx_word' id='word_1_533' title='bbox 2478 2415 2633 2484; x_wconf 81' lang='lat' dir='ltr'><strong>regni</strong></span> <span class='ocrx_word' id='word_1_534' title='bbox 2660 2413 3008 2485; x_wconf 82' lang='lat' dir='ltr'><strong>primoribus.</strong></span> <span class='ocrx_word' id='word_1_535' title='bbox 3032 2410 3186 2480; x_wconf 82' lang='lat' dir='ltr'><strong>jussu</strong></span> <span class='ocrx_word' id='word_1_536' title='bbox 3205 2412 3369 2479; x_wconf 82' lang='lat' dir='ltr'><strong>regis.</strong></span> 
     </span>
    </p>
   </div>
   <div class='ocr_carea' id='block_1_83' title="bbox 1773 2501 3365 2579">
    <p class='ocr_par' dir='ltr' id='par_1_83' title="bbox 1773 2501 3365 2579">
     <span class='ocr_line' id='line_1_83' title="bbox 1773 2501 3365 2579; baseline -0.004 -18"><span class='ocrx_word' id='word_1_537' title='bbox 1773 2515 2097 2579; x_wconf 79' lang='lat' dir='ltr'><strong>provocarat</strong></span> <span class='ocrx_word' id='word_1_538' title='bbox 2137 2521 2363 2577; x_wconf 81' lang='lat' dir='ltr'><strong>magnus</strong></span> <span class='ocrx_word' id='word_1_539' title='bbox 2418 2504 2794 2559; x_wconf 80' lang='lat' dir='ltr'><strong>Lanfrancus:</strong></span> <span class='ocrx_word' id='word_1_540' title='bbox 2841 2521 2859 2553; x_wconf 85' lang='grc' dir='ltr'><strong>ι</strong></span> <span class='ocrx_word' id='word_1_541' title='bbox 2893 2501 3135 2556; x_wconf 88' lang='lat' dir='ltr'><strong>Tandem</strong></span> <span class='ocrx_word' id='word_1_542' title='bbox 3189 2501 3365 2555; x_wconf 86' lang='lat' dir='ltr'><strong>valida</strong></span> 
     </span>
    </p>
   </div>
   <div class='ocr_carea' id='block_1_84' title="bbox 1775 2593 3363 2662">
    <p class='ocr_par' dir='ltr' id='par_1_84' title="bbox 1775 2593 3363 2662">
     <span class='ocr_line' id='line_1_84' title="bbox 1775 2593 3363 2662; baseline -0.006 -9"><span class='ocrx_word' id='word_1_543' title='bbox 1775 2599 1985 2653; x_wconf 88' lang='lat' dir='ltr'><strong>ratione</strong></span> <span class='ocrx_word' id='word_1_544' title='bbox 2037 2598 2321 2659; x_wconf 80' lang='lat' dir='ltr'><strong>subnixus,</strong></span> <span class='ocrx_word' id='word_1_545' title='bbox 2361 2613 2427 2657; x_wconf 75' lang='lat' dir='ltr'><strong>ex</strong></span> <span class='ocrx_word' id='word_1_546' title='bbox 2482 2596 2756 2651; x_wconf 89' lang='lat' dir='ltr'><strong>communi</strong></span> <span class='ocrx_word' id='word_1_547' title='bbox 2802 2596 3045 2650; x_wconf 83' lang='lat' dir='ltr'><strong>omnium</strong></span> <span class='ocrx_word' id='word_1_548' title='bbox 3105 2593 3363 2662; x_wconf 61' lang='lat' dir='ltr'><strong>astipula:</strong></span> 
     </span>
    </p>
   </div>
   <div class='ocr_carea' id='block_1_85' title="bbox 1777 2688 3371 2761">
    <p class='ocr_par' dir='ltr' id='par_1_85' title="bbox 1777 2688 3371 2761">
     <span class='ocr_line' id='line_1_85' title="bbox 1777 2688 3371 2761; baseline -0.008 -12"><span class='ocrx_word' id='word_1_549' title='bbox 1777 2692 1919 2749; x_wconf 71' lang='lat' dir='ltr'><strong>tione</strong></span> <span class='ocrx_word' id='word_1_550' title='bbox 1944 2700 1997 2745; x_wconf 91' lang='lat' dir='ltr'><strong>ct</strong></span> <span class='ocrx_word' id='word_1_551' title='bbox 2018 2690 2255 2761; x_wconf 85' lang='lat' dir='ltr'><strong>judicio,</strong></span> <span class='ocrx_word' id='word_1_552' title='bbox 2288 2690 2360 2743; x_wconf 89' lang='lat' dir='ltr'><strong>ibi</strong></span> <span class='ocrx_word' id='word_1_553' title='bbox 2391 2699 2585 2744; x_wconf 85' lang='lat' dir='ltr'><strong>cuncta</strong></span> <span class='ocrx_word' id='word_1_554' title='bbox 2621 2688 2963 2758; x_wconf 85' lang='lat' dir='ltr'><strong>recuperavit</strong></span> <span class='ocrx_word' id='word_1_555' title='bbox 3010 2703 3129 2757; x_wconf 73' lang='lat' dir='ltr'><strong>qua:</strong></span> <span class='ocrx_word' id='word_1_556' title='bbox 3153 2695 3371 2739; x_wconf 87' lang='lat' dir='ltr'><strong>ostensa</strong></span> 
     </span>
    </p>
   </div>
   <div class='ocr_carea' id='block_1_86' title="bbox 1774 2769 3374 2852">
    <p class='ocr_par' dir='ltr' id='par_1_86' title="bbox 1774 2769 3374 2852">
     <span class='ocr_line' id='line_1_86' title="bbox 1774 2769 3374 2852; baseline -0.003 -17"><span class='ocrx_word' id='word_1_557' title='bbox 1774 2791 1900 2836; x_wconf 87' lang='lat' dir='ltr'><strong>sunt</strong></span> <span class='ocrx_word' id='word_1_558' title='bbox 1928 2769 2229 2852; x_wconf 83' lang='lat' dir='ltr'><strong>antiquitus</strong></span> <span class='ocrx_word' id='word_1_559' title='bbox 2256 2782 2323 2835; x_wconf 84' lang='lat' dir='ltr'><strong>ad</strong></span> <span class='ocrx_word' id='word_1_560' title='bbox 2343 2780 2468 2849; x_wconf 83' lang='lat' dir='ltr'><strong>jura</strong></span> <span class='ocrx_word' id='word_1_561' title='bbox 2501 2779 2757 2835; x_wconf 71' lang='lat' dir='ltr'><strong>Ecclesia:</strong></span> <span class='ocrx_word' id='word_1_562' title='bbox 2789 2779 2991 2835; x_wconf 79' lang='lat' dir='ltr'><strong>Christi</strong></span> <span class='ocrx_word' id='word_1_563' title='bbox 3020 2778 3374 2835; x_wconf 79' lang='lat' dir='ltr'><strong>Cantuaricu-</strong></span> 
     </span>
    </p>
   </div>
   <div class='ocr_carea' id='block_1_87' title="bbox 1774 2871 3376 2943">
    <p class='ocr_par' dir='ltr' id='par_1_87' title="bbox 1774 2871 3376 2943">
     <span class='ocr_line' id='line_1_87' title="bbox 1774 2871 3376 2943; baseline -0.004 -14"><span class='ocrx_word' id='word_1_564' title='bbox 1774 2874 1849 2929; x_wconf 83' lang='lat' dir='ltr'><strong>sis</strong></span> <span class='ocrx_word' id='word_1_565' title='bbox 1875 2873 2217 2943; x_wconf 64' lang='lat' dir='ltr'><strong>pertinuisse,</strong></span> <span class='ocrx_word' id='word_1_566' title='bbox 2263 2881 2369 2928; x_wconf 87' lang='lat' dir='ltr'><strong>tam</strong></span> <span class='ocrx_word' id='word_1_567' title='bbox 2412 2873 2464 2925; x_wconf 92' lang='lat' dir='ltr'><strong>iu</strong></span> <span class='ocrx_word' id='word_1_568' title='bbox 2501 2871 2685 2935; x_wconf 86' lang='lat' dir='ltr'><strong>terris,</strong></span> <span class='ocrx_word' id='word_1_569' title='bbox 2717 2888 2879 2940; x_wconf 87' lang='lat' dir='ltr'><strong>quam</strong></span> <span class='ocrx_word' id='word_1_570' title='bbox 2908 2872 2962 2926; x_wconf 92' lang='lat' dir='ltr'><strong>in</strong></span> <span class='ocrx_word' id='word_1_571' title='bbox 2989 2871 3217 2926; x_wconf 88' lang='lat' dir='ltr'><strong>diversis</strong></span> <span class='ocrx_word' id='word_1_572' title='bbox 3244 2886 3376 2922; x_wconf 85' lang='lat' dir='ltr'><strong>cou-</strong></span> 
     </span>
    </p>
   </div>
   <div class='ocr_carea' id='block_1_88' title="bbox 1774 2962 3367 3032">
    <p class='ocr_par' dir='ltr' id='par_1_88' title="bbox 1774 2962 3367 3032">
     <span class='ocr_line' id='line_1_88' title="bbox 1774 2962 3367 3032; baseline -0.003 -15"><span class='ocrx_word' id='word_1_573' title='bbox 1774 2964 2168 3025; x_wconf 79' lang='lat' dir='ltr'><strong>suctudinihus,</strong></span> <span class='ocrx_word' id='word_1_574' title='bbox 2201 2982 2218 3013; x_wconf 78' lang='grc' dir='ltr'><strong>ι</strong></span> <span class='ocrx_word' id='word_1_575' title='bbox 2251 2972 2356 3018; x_wconf 87' lang='lat' dir='ltr'><strong>etc.</strong></span> <span class='ocrx_word' id='word_1_576' title='bbox 2392 2962 2470 3017; x_wconf 79' lang='lat' dir='ltr'><strong>Ad</strong></span> <span class='ocrx_word' id='word_1_577' title='bbox 2512 2962 2794 3032; x_wconf 84' lang='lat' dir='ltr'><strong>privilegia</strong></span> <span class='ocrx_word' id='word_1_578' title='bbox 2822 2962 3234 3017; x_wconf 87' lang='lat' dir='ltr'><strong>Cantuariensis</strong></span> 
     </span>
    </p>
   </div>
   <div class='ocr_carea' id='block_1_89' title="bbox 1774 3056 3373 3127">
    <p class='ocr_par' dir='ltr' id='par_1_89' title="bbox 1774 3056 3373 3127">
     <span class='ocr_line' id='line_1_89' title="bbox 1774 3056 3373 3127; baseline -0.006 -16"><span class='ocrx_word' id='word_1_579' title='bbox 1774 3057 1953 3113; x_wconf 78' lang='lat' dir='ltr'><strong>clesize</strong></span> <span class='ocrx_word' id='word_1_580' title='bbox 1978 3059 2120 3127; x_wconf 89' lang='lat' dir='ltr'><strong>quod</strong></span> <span class='ocrx_word' id='word_1_581' title='bbox 2144 3057 2361 3120; x_wconf 87' lang='lat' dir='ltr'><strong>attinet,</strong></span> <span class='ocrx_word' id='word_1_582' title='bbox 2394 3057 2603 3112; x_wconf 83' lang='lat' dir='ltr'><strong>solebat</strong></span> <span class='ocrx_word' id='word_1_583' title='bbox 2627 3056 3094 3126; x_wconf 82' lang='lat' dir='ltr'><strong>archiepiscopus,</strong></span> <span class='ocrx_word' id='word_1_584' title='bbox 3125 3070 3373 3124; x_wconf 74' lang='lat' dir='ltr'><strong>quacum</strong></span> 
     </span>
    </p>
   </div>
   <div class='ocr_carea' id='block_1_90' title="bbox 1775 3150 3367 3222">
    <p class='ocr_par' dir='ltr' id='par_1_90' title="bbox 1775 3150 3367 3222">
     <span class='ocr_line' id='line_1_90' title="bbox 1775 3150 3367 3222; baseline -0.001 -20"><span class='ocrx_word' id='word_1_585' title='bbox 1775 3168 1879 3222; x_wconf 85' lang='lat' dir='ltr'><strong>que.</strong></span> <span class='ocrx_word' id='word_1_586' title='bbox 1916 3152 1969 3204; x_wconf 83' lang='lat' dir='ltr'><strong>in</strong></span> <span class='ocrx_word' id='word_1_587' title='bbox 2015 3150 2239 3207; x_wconf 72' lang='lat' dir='ltr'><strong>dimcesi</strong></span> <span class='ocrx_word' id='word_1_588' title='bbox 2270 3151 2413 3206; x_wconf 73' lang='lat' dir='ltr'><strong>villa:</strong></span> <span class='ocrx_word' id='word_1_589' title='bbox 2460 3152 2603 3206; x_wconf 87' lang='lat' dir='ltr'><strong>illius</strong></span> <span class='ocrx_word' id='word_1_590' title='bbox 2632 3159 2686 3206; x_wconf 88' lang='lat' dir='ltr'><strong>et</strong></span> <span class='ocrx_word' id='word_1_591' title='bbox 2733 3152 2980 3206; x_wconf 77' lang='lat' dir='ltr'><strong>ecclesia:</strong></span> <span class='ocrx_word' id='word_1_592' title='bbox 3035 3151 3329 3207; x_wconf 69' lang='lat' dir='ltr'><strong>existerent</strong></span> <span class='ocrx_word' id='word_1_593' title='bbox 3354 3192 3367 3211; x_wconf 87' lang='lat'><strong>,</strong></span> 
     </span>
    </p>
   </div>
   <div class='ocr_carea' id='block_1_91' title="bbox 1774 3239 3381 3313">
    <p class='ocr_par' dir='ltr' id='par_1_91' title="bbox 1774 3239 3381 3313">
     <span class='ocr_line' id='line_1_91' title="bbox 1774 3239 3381 3313; baseline -0.001 -16"><span class='ocrx_word' id='word_1_594' title='bbox 1774 3242 2100 3312; x_wconf 56' lang='lat' dir='ltr'><strong>episcopalia</strong></span> <span class='ocrx_word' id='word_1_595' title='bbox 2125 3241 2249 3311; x_wconf 86' lang='lat' dir='ltr'><strong>jura</strong></span> <span class='ocrx_word' id='word_1_596' title='bbox 2278 3252 2535 3313; x_wconf 87' lang='lat' dir='ltr'><strong>tanqttant</strong></span> <span class='ocrx_word' id='word_1_597' title='bbox 2566 3244 2618 3297; x_wconf 92' lang='lat' dir='ltr'><strong>in</strong></span> <span class='ocrx_word' id='word_1_598' title='bbox 2649 3243 2864 3312; x_wconf 87' lang='lat' dir='ltr'><strong>propria</strong></span> <span class='ocrx_word' id='word_1_599' title='bbox 2892 3256 3149 3297; x_wconf 74' lang='lat' dir='ltr'><strong>exercere</strong></span> <span class='ocrx_word' id='word_1_600' title='bbox 3175 3256 3189 3305; x_wconf 91' lang='lat'><strong>;</strong></span> <span class='ocrx_word' id='word_1_601' title='bbox 3224 3239 3381 3296; x_wconf 83' lang='lat' dir='ltr'><strong>velut</strong></span> 
     </span>
    </p>
   </div>
   <div class='ocr_carea' id='block_1_92' title="bbox 1775 3332 3376 3403">
    <p class='ocr_par' dir='ltr' id='par_1_92' title="bbox 1775 3332 3376 3403">
     <span class='ocr_line' id='line_1_92' title="bbox 1775 3332 3376 3403; baseline -0.004 -17"><span class='ocrx_word' id='word_1_602' title='bbox 1775 3334 1911 3387; x_wconf 90' lang='lat' dir='ltr'><strong>inter</strong></span> <span class='ocrx_word' id='word_1_603' title='bbox 1942 3350 2101 3403; x_wconf 88' lang='lat' dir='ltr'><strong>quam</strong></span> <span class='ocrx_word' id='word_1_604' title='bbox 2136 3334 2395 3403; x_wconf 88' lang='lat' dir='ltr'><strong>plurintos</strong></span> <span class='ocrx_word' id='word_1_605' title='bbox 2418 3334 2839 3392; x_wconf 75' lang='lat' dir='ltr'><strong>attetoresdocct</strong></span> <span class='ocrx_word' id='word_1_606' title='bbox 2873 3333 2929 3386; x_wconf 89' lang='lat' dir='ltr'><strong>S.</strong></span> <span class='ocrx_word' id='word_1_607' title='bbox 2966 3332 3253 3385; x_wconf 80' lang='lat' dir='ltr'><strong>Anseltnus</strong></span> <span class='ocrx_word' id='word_1_608' title='bbox 3276 3332 3376 3388; x_wconf 77' lang='lat' dir='ltr'><strong>lib,</strong></span> 
     </span>
    </p>
   </div>
   <div class='ocr_carea' id='block_1_93' title="bbox 1776 3408 3376 3494">
    <p class='ocr_par' dir='ltr' id='par_1_93' title="bbox 1776 3408 3376 3494">
     <span class='ocr_line' id='line_1_93' title="bbox 1776 3408 3376 3494; baseline -0.002 -16"><span class='ocrx_word' id='word_1_609' title='bbox 1776 3440 1861 3486; x_wconf 88' lang='grc' dir='ltr'>ιιι,</span> <span class='ocrx_word' id='word_1_610' title='bbox 1894 3426 2056 3494; x_wconf 85' lang='lat' dir='ltr'><strong>epist.</strong></span> <span class='ocrx_word' id='word_1_611' title='bbox 2092 3426 2159 3480; x_wconf 85' lang='lat' dir='ltr'><strong>l9</strong></span> <span class='ocrx_word' id='word_1_612' title='bbox 2194 3443 2206 3478; x_wconf 87' lang='lat'>:</span> <span class='ocrx_word' id='word_1_613' title='bbox 2244 3442 2263 3475; x_wconf 84' lang='grc' dir='ltr'><strong>ι</strong></span> <span class='ocrx_word' id='word_1_614' title='bbox 2308 3425 2535 3494; x_wconf 84' lang='lat' dir='ltr'><strong>Semper</strong></span> <span class='ocrx_word' id='word_1_615' title='bbox 2583 3408 3025 3492; x_wconf 80' lang='lat' dir='ltr'><strong>archiepiscopus</strong></span> <span class='ocrx_word' id='word_1_616' title='bbox 3070 3422 3376 3475; x_wconf 72' lang='lat' dir='ltr'><strong>Cautuariat</strong></span> 
     </span>
    </p>
   </div>
   <div class='ocr_carea' id='block_1_94' title="bbox 1775 3514 3371 3587">
    <p class='ocr_par' dir='ltr' id='par_1_94' title="bbox 1775 3514 3371 3587">
     <span class='ocr_line' id='line_1_94' title="bbox 1775 3514 3371 3587; baseline -0.003 -18"><span class='ocrx_word' id='word_1_617' title='bbox 1775 3518 1915 3571; x_wconf 88' lang='lat' dir='ltr'><strong>hanc</strong></span> <span class='ocrx_word' id='word_1_618' title='bbox 1954 3517 2142 3571; x_wconf 80' lang='lat' dir='ltr'><strong>habuit</strong></span> <span class='ocrx_word' id='word_1_619' title='bbox 2182 3525 2501 3587; x_wconf 87' lang='lat' dir='ltr'><strong>potestatem</strong></span> <span class='ocrx_word' id='word_1_620' title='bbox 2533 3526 2588 3572; x_wconf 80' lang='lat' dir='ltr'><strong>et</strong></span> <span class='ocrx_word' id='word_1_621' title='bbox 2628 3517 3099 3578; x_wconf 77' lang='lat' dir='ltr'><strong>consuetudinem,</strong></span> <span class='ocrx_word' id='word_1_622' title='bbox 3135 3514 3371 3566; x_wconf 88' lang='lat' dir='ltr'><strong>utiutra</strong></span> 
     </span>
    </p>
   </div>
   <div class='ocr_carea' id='block_1_95' title="bbox 1774 3608 3421 3685">
    <p class='ocr_par' dir='ltr' id='par_1_95' title="bbox 1774 3608 3421 3685">
     <span class='ocr_line' id='line_1_95' title="bbox 1774 3608 3421 3685; baseline -0.004 -21"><span class='ocrx_word' id='word_1_623' title='bbox 1774 3611 2138 3679; x_wconf 78' lang='lat' dir='ltr'><strong>enjuscunqne</strong></span> <span class='ocrx_word' id='word_1_624' title='bbox 2163 3611 2400 3680; x_wconf 85' lang='lat' dir='ltr'><strong>episcopi</strong></span> <span class='ocrx_word' id='word_1_625' title='bbox 2418 3610 2694 3665; x_wconf 72' lang='lat' dir='ltr'><strong>dimee’sim</strong></span> <span class='ocrx_word' id='word_1_626' title='bbox 2717 3610 2939 3663; x_wconf 88' lang='lat' dir='ltr'><strong>haberet</strong></span> <span class='ocrx_word' id='word_1_627' title='bbox 2961 3608 3198 3662; x_wconf 76' lang='lat' dir='ltr'><strong>Ecclesia</strong></span> <span class='ocrx_word' id='word_1_628' title='bbox 3234 3608 3381 3661; x_wconf 77' lang='lat' dir='ltr'><strong>Can&#39;</strong></span> <span class='ocrx_word' id='word_1_629' title='bbox 3418 3684 3421 3685; x_wconf 13' lang='grc' dir='ltr'><em>ν</em></span> 
     </span>
    </p>
   </div>
   <div class='ocr_carea' id='block_1_96' title="bbox 1777 3699 3381 3773">
    <p class='ocr_par' dir='ltr' id='par_1_96' title="bbox 1777 3699 3381 3773">
     <span class='ocr_line' id='line_1_96' title="bbox 1777 3699 3381 3773; baseline -0.002 -17"><span class='ocrx_word' id='word_1_630' title='bbox 1777 3703 1964 3757; x_wconf 74' lang='lat' dir='ltr'><strong>tnaria:</strong></span> <span class='ocrx_word' id='word_1_631' title='bbox 1986 3702 2165 3756; x_wconf 89' lang='lat' dir='ltr'><strong>villant</strong></span> <span class='ocrx_word' id='word_1_632' title='bbox 2195 3711 2285 3756; x_wconf 88' lang='lat' dir='ltr'><strong>attt</strong></span> <span class='ocrx_word' id='word_1_633' title='bbox 2319 3702 2622 3770; x_wconf 88' lang='lat' dir='ltr'><strong>ecclesiam,</strong></span> <span class='ocrx_word' id='word_1_634' title='bbox 2654 3705 2773 3773; x_wconf 71' lang='lat' dir='ltr'><strong>qum</strong></span> <span class='ocrx_word' id='word_1_635' title='bbox 2816 3700 3054 3770; x_wconf 80' lang='lat' dir='ltr'><strong>ejusdem</strong></span> <span class='ocrx_word' id='word_1_636' title='bbox 3110 3699 3381 3768; x_wconf 75' lang='lat' dir='ltr'><strong>archiepi~</strong></span> 
     </span>
    </p>
   </div>
   <div class='ocr_carea' id='block_1_97' title="bbox 1775 3792 3381 3867">
    <p class='ocr_par' dir='ltr' id='par_1_97' title="bbox 1775 3792 3381 3867">
     <span class='ocr_line' id='line_1_97' title="bbox 1775 3792 3381 3867; baseline -0.004 -17"><span class='ocrx_word' id='word_1_637' title='bbox 1775 3796 1919 3864; x_wconf 89' lang='lat' dir='ltr'><strong>scopi</strong></span> <span class='ocrx_word' id='word_1_638' title='bbox 1949 3795 2302 3867; x_wconf 79' lang='lat' dir='ltr'><strong>pr0priijuris</strong></span> <span class='ocrx_word' id='word_1_639' title='bbox 2321 3806 2527 3862; x_wconf 85' lang='lat' dir='ltr'><strong>essent,</strong></span> <span class='ocrx_word' id='word_1_640' title='bbox 2549 3796 2808 3865; x_wconf 88' lang='lat' dir='ltr'><strong>quidquid</strong></span> <span class='ocrx_word' id='word_1_641' title='bbox 2833 3798 2900 3849; x_wconf 88' lang='lat' dir='ltr'><strong>de</strong></span> <span class='ocrx_word' id='word_1_642' title='bbox 2926 3795 3115 3849; x_wconf 86' lang='lat' dir='ltr'><strong>eadem</strong></span> <span class='ocrx_word' id='word_1_643' title='bbox 3140 3794 3262 3847; x_wconf 88' lang='lat' dir='ltr'><strong>villa</strong></span> <span class='ocrx_word' id='word_1_644' title='bbox 3292 3792 3381 3845; x_wconf 85' lang='lat' dir='ltr'><strong>vel</strong></span> 
     </span>
    </p>
   </div>
   <div class='ocr_carea' id='block_1_98' title="bbox 1774 3892 3372 3965">
    <p class='ocr_par' dir='ltr' id='par_1_98' title="bbox 1774 3892 3372 3965">
     <span class='ocr_line' id='line_1_98' title="bbox 1774 3892 3372 3965; baseline -0.001 -18"><span class='ocrx_word' id='word_1_645' title='bbox 1774 3894 2005 3951; x_wconf 84' lang='lat' dir='ltr'><strong>ecclesia</strong></span> <span class='ocrx_word' id='word_1_646' title='bbox 2057 3895 2355 3964; x_wconf 86' lang='lat' dir='ltr'><strong>pertineret</strong></span> <span class='ocrx_word' id='word_1_647' title='bbox 2401 3895 2469 3948; x_wconf 89' lang='lat' dir='ltr'><strong>ad</strong></span> <span class='ocrx_word' id='word_1_648' title='bbox 2518 3895 2822 3965; x_wconf 89' lang='lat' dir='ltr'><strong>episcopale</strong></span> <span class='ocrx_word' id='word_1_649' title='bbox 2871 3892 3127 3947; x_wconf 85' lang='lat' dir='ltr'><strong>oﬂlcium.</strong></span> <span class='ocrx_word' id='word_1_650' title='bbox 3178 3893 3372 3946; x_wconf 79' lang='lat' dir='ltr'><strong>Adhuc</strong></span> 
     </span>
    </p>
   </div>
   <div class='ocr_carea' id='block_1_99' title="bbox 1776 3984 3380 4053">
    <p class='ocr_par' dir='ltr' id='par_1_99' title="bbox 1776 3984 3380 4053">
     <span class='ocr_line' id='line_1_99' title="bbox 1776 3984 3380 4053; baseline -0.001 -18"><span class='ocrx_word' id='word_1_651' title='bbox 1776 3985 1968 4037; x_wconf 84' lang='lat' dir='ltr'><strong>vivunt</strong></span> <span class='ocrx_word' id='word_1_652' title='bbox 2013 3984 2439 4040; x_wconf 85' lang='lat' dir='ltr'><strong>innumerabiles</strong></span> <span class='ocrx_word' id='word_1_653' title='bbox 2501 3985 2745 4039; x_wconf 84' lang='lat' dir='ltr'><strong>homines</strong></span> <span class='ocrx_word' id='word_1_654' title='bbox 2782 3984 2871 4053; x_wconf 91' lang='lat' dir='ltr'><strong>qui</strong></span> <span class='ocrx_word' id='word_1_655' title='bbox 2923 3984 3173 4037; x_wconf 83' lang='lat' dir='ltr'><strong>viderunt</strong></span> <span class='ocrx_word' id='word_1_656' title='bbox 3222 3990 3380 4034; x_wconf 82' lang='lat' dir='ltr'><strong>ante-</strong></span> 
     </span>
    </p>
   </div>
   <div class='ocr_carea' id='block_1_100' title="bbox 1776 4074 3378 4141">
    <p class='ocr_par' dir='ltr' id='par_1_100' title="bbox 1776 4074 3378 4141">
     <span class='ocr_line' id='line_1_100' title="bbox 1776 4074 3378 4141; baseline -0.002 -15"><span class='ocrx_word' id='word_1_657' title='bbox 1776 4088 2046 4128; x_wconf 88' lang='lat' dir='ltr'><strong>ecssorem</strong></span> <span class='ocrx_word' id='word_1_658' title='bbox 2078 4090 2282 4141; x_wconf 89' lang='lat' dir='ltr'><strong>meum,</strong></span> <span class='ocrx_word' id='word_1_659' title='bbox 2314 4076 2644 4130; x_wconf 86' lang='lat' dir='ltr'><strong>venerabilis</strong></span> <span class='ocrx_word' id='word_1_660' title='bbox 2676 4075 2953 4131; x_wconf 70' lang='lat' dir='ltr'><strong>memoria:</strong></span> <span class='ocrx_word' id='word_1_661' title='bbox 2976 4074 3378 4133; x_wconf 87' lang='lat' dir='ltr'><strong>Laufrancum,</strong></span> 
     </span>
    </p>
   </div>
   <div class='ocr_carea' id='block_1_101' title="bbox 1776 4154 3369 4222">
    <p class='ocr_par' dir='ltr' id='par_1_101' title="bbox 1776 4154 3369 4222">
     <span class='ocr_line' id='line_1_101' title="bbox 1776 4154 3369 4222; baseline -0.002 -4"><span class='ocrx_word' id='word_1_662' title='bbox 1776 4165 2027 4221; x_wconf 85' lang='lat' dir='ltr'><strong>dedicare</strong></span> <span class='ocrx_word' id='word_1_663' title='bbox 2070 4167 2328 4222; x_wconf 86' lang='lat' dir='ltr'><strong>ecclesias</strong></span> <span class='ocrx_word' id='word_1_664' title='bbox 2370 4167 2618 4221; x_wconf 87' lang='lat' dir='ltr'><strong>villarum</strong></span> <span class='ocrx_word' id='word_1_665' title='bbox 2659 4154 2878 4222; x_wconf 89' lang='lat' dir='ltr'><strong>suarum</strong></span> <span class='ocrx_word' id='word_1_666' title='bbox 2914 4168 3055 4220; x_wconf 87' lang='lat' dir='ltr'><strong>intra</strong></span> <span class='ocrx_word' id='word_1_667' title='bbox 3100 4165 3369 4218; x_wconf 67' lang='lat' dir='ltr'><strong>diceeeses‘</strong></span> 
     </span>
    </p>
   </div>
   <div class='ocr_carea' id='block_1_102' title="bbox 1775 4254 3365 4326">
    <p class='ocr_par' dir='ltr' id='par_1_102' title="bbox 1775 4254 3365 4326">
     <span class='ocr_line' id='line_1_102' title="bbox 1775 4254 3365 4326; baseline -0.001 -18"><span class='ocrx_word' id='word_1_668' title='bbox 1775 4256 2004 4309; x_wconf 88' lang='lat' dir='ltr'><strong>aliorum</strong></span> <span class='ocrx_word' id='word_1_669' title='bbox 2023 4257 2421 4326; x_wconf 87' lang='lat' dir='ltr'><strong>episcoporum,</strong></span> <span class='ocrx_word' id='word_1_670' title='bbox 2447 4257 2579 4326; x_wconf 89' lang='lat' dir='ltr'><strong>ipsis</strong></span> <span class='ocrx_word' id='word_1_671' title='bbox 2605 4258 2900 4312; x_wconf 86' lang='lat' dir='ltr'><strong>scientibus</strong></span> <span class='ocrx_word' id='word_1_672' title='bbox 2926 4257 3045 4310; x_wconf 88' lang='lat' dir='ltr'><strong>sine</strong></span> <span class='ocrx_word' id='word_1_673' title='bbox 3071 4254 3365 4309; x_wconf 81' lang='lat' dir='ltr'><strong>calumnia.</strong></span> 
     </span>
    </p>
   </div>
   <div class='ocr_carea' id='block_1_103' title="bbox 1777 4348 2766 4414">
    <p class='ocr_par' dir='ltr' id='par_1_103' title="bbox 1777 4348 2766 4414">
     <span class='ocr_line' id='line_1_103' title="bbox 1777 4348 2766 4414; baseline 0.002 -15"><span class='ocrx_word' id='word_1_674' title='bbox 1777 4348 1929 4414; x_wconf 81' lang='lat' dir='ltr'><strong>Quod</strong></span> <span class='ocrx_word' id='word_1_675' title='bbox 1959 4348 2121 4403; x_wconf 84' lang='lat' dir='ltr'><strong>etiam</strong></span> <span class='ocrx_word' id='word_1_676' title='bbox 2150 4348 2208 4404; x_wconf 76' lang='grc' dir='ltr'><strong>ὃ.</strong></span> <span class='ocrx_word' id='word_1_677' title='bbox 2236 4348 2568 4413; x_wconf 75' lang='lat' dir='ltr'><strong>Dunstanus,</strong></span> <span class='ocrx_word' id='word_1_678' title='bbox 2603 4368 2629 4405; x_wconf 69' lang='grc' dir='ltr'><strong>ι</strong></span> <span class='ocrx_word' id='word_1_679' title='bbox 2660 4357 2766 4403; x_wconf 82' lang='lat' dir='ltr'><strong>etc.</strong></span> 
     </span>
    </p>
   </div>
   <div class='ocr_carea' id='block_1_104' title="bbox 2253 4450 2900 4513">
    <p class='ocr_par' dir='ltr' id='par_1_104' title="bbox 2253 4450 2900 4513">
     <span class='ocr_line' id='line_1_104' title="bbox 2253 4450 2900 4513; baseline -0.006 -1"><span class='ocrx_word' id='word_1_680' title='bbox 2253 4473 2322 4512; x_wconf 68' lang='lat' dir='ltr'><strong>an</strong></span> <span class='ocrx_word' id='word_1_681' title='bbox 2364 4450 2667 4513; x_wconf 69' lang='lat' dir='ltr'><strong>srts&#39;rouu</strong></span> <span class='ocrx_word' id='word_1_682' title='bbox 2709 4471 2900 4510; x_wconf 76' lang='lat' dir='ltr'><strong>xxviii.</strong></span> 
     </span>
    </p>
   </div>
   <div class='ocr_carea' id='block_1_105' title="bbox 1849 4569 3302 4641">
    <p class='ocr_par' dir='ltr' id='par_1_105' title="bbox 1849 4569 3302 4641">
     <span class='ocr_line' id='line_1_105' title="bbox 1849 4569 3302 4641; baseline -0.001 -16"><span class='ocrx_word' id='word_1_683' title='bbox 1849 4569 2128 4640; x_wconf 82' lang='lat' dir='ltr'><strong>Sligundo.</strong></span> <span class='ocrx_word' id='word_1_684' title='bbox 2178 4570 2253 4624; x_wconf 90' lang='lat' dir='ltr'><strong>De</strong></span> <span class='ocrx_word' id='word_1_685' title='bbox 2279 4586 2386 4639; x_wconf 93' lang='lat' dir='ltr'><strong>quo</strong></span> <span class='ocrx_word' id='word_1_686' title='bbox 2426 4570 2626 4624; x_wconf 90' lang='lat' dir='ltr'><strong>dictum</strong></span> <span class='ocrx_word' id='word_1_687' title='bbox 2667 4580 2747 4624; x_wconf 91' lang='lat' dir='ltr'><strong>est</strong></span> <span class='ocrx_word' id='word_1_688' title='bbox 2777 4569 3024 4639; x_wconf 76' lang='lat' dir='ltr'><strong>proxima</strong></span> <span class='ocrx_word' id='word_1_689' title='bbox 3055 4570 3302 4641; x_wconf 79' lang='lat' dir='ltr'><strong>epistola.</strong></span> 
     </span>
    </p>
   </div>
   <div class='ocr_carea' id='block_1_106' title="bbox 2270 4694 2865 4749">
    <p class='ocr_par' dir='ltr' id='par_1_106' title="bbox 2270 4694 2865 4749">
     <span class='ocr_line' id='line_1_106' title="bbox 2270 4694 2865 4749; baseline 0 -12"><span class='ocrx_word' id='word_1_690' title='bbox 2270 4700 2337 4749; x_wconf 76' lang='grc' dir='ltr'><strong>Αι)</strong></span> <span class='ocrx_word' id='word_1_691' title='bbox 2376 4694 2675 4738; x_wconf 56' lang='grc' dir='ltr'>ιιι-ιετοιηςιι</span> <span class='ocrx_word' id='word_1_692' title='bbox 2715 4699 2865 4737; x_wconf 64' lang='grc' dir='ltr'>χχιχ.</span> 
     </span>
    </p>
   </div>
   <div class='ocr_carea' id='block_1_107' title="bbox 1850 4798 3369 4875">
    <p class='ocr_par' dir='ltr' id='par_1_107' title="bbox 1850 4798 3369 4875">
     <span class='ocr_line' id='line_1_107' title="bbox 1850 4798 3369 4875; baseline 0 -22"><span class='ocrx_word' id='word_1_693' title='bbox 1850 4799 2075 4854; x_wconf 80' lang='lat' dir='ltr'><strong>Roberto</strong></span> <span class='ocrx_word' id='word_1_694' title='bbox 2128 4798 2411 4855; x_wconf 73' lang='lat' dir='ltr'><strong>Cestreitsi.</strong></span> <span class='ocrx_word' id='word_1_695' title='bbox 2449 4798 2619 4870; x_wconf 88' lang='lat' dir='ltr'><strong>llujus</strong></span> <span class='ocrx_word' id='word_1_696' title='bbox 2670 4798 2912 4868; x_wconf 70' lang='lat' dir='ltr'><strong>epistolas</strong></span> <span class='ocrx_word' id='word_1_697' title='bbox 2945 4800 3102 4875; x_wconf 87' lang='lat' dir='ltr'><strong>tituto</strong></span> <span class='ocrx_word' id='word_1_698' title='bbox 3167 4812 3369 4854; x_wconf 88' lang='lat' dir='ltr'><strong>nomen</strong></span> 
     </span>
    </p>
   </div>
   <div class='ocr_carea' id='block_1_108' title="bbox 1779 4893 3370 4965">
    <p class='ocr_par' dir='ltr' id='par_1_108' title="bbox 1779 4893 3370 4965">
     <span class='ocr_line' id='line_1_108' title="bbox 1779 4893 3370 4965; baseline -0.003 -15"><span class='ocrx_word' id='word_1_699' title='bbox 1779 4895 2170 4950; x_wconf 88' lang='lat' dir='ltr'><strong>restituendum</strong></span> <span class='ocrx_word' id='word_1_700' title='bbox 2218 4894 2368 4961; x_wconf 71' lang='lat' dir='ltr'><strong>duxi,</strong></span> <span class='ocrx_word' id='word_1_701' title='bbox 2394 4895 2661 4965; x_wconf 54' lang='lat' dir='ltr'><strong>siqu-idem</strong></span> <span class='ocrx_word' id='word_1_702' title='bbox 2693 4893 2931 4950; x_wconf 88' lang='lat' dir='ltr'><strong>litteram</strong></span> <span class='ocrx_word' id='word_1_703' title='bbox 2960 4893 3022 4949; x_wconf 85' lang='grc' dir='ltr'><strong>Ρ.</strong></span> <span class='ocrx_word' id='word_1_704' title='bbox 3053 4894 3329 4964; x_wconf 72' lang='lat' dir='ltr'><strong>prmiixam</strong></span> <span class='ocrx_word' id='word_1_705' title='bbox 3354 4932 3370 4955; x_wconf 93' lang='lat'><strong>,</strong></span> 
     </span>
    </p>
   </div>
   <div class='ocr_carea' id='block_1_109' title="bbox 1779 4984 3371 5055">
    <p class='ocr_par' dir='ltr' id='par_1_109' title="bbox 1779 4984 3371 5055">
     <span class='ocr_line' id='line_1_109' title="bbox 1779 4984 3371 5055; baseline -0.005 -15"><span class='ocrx_word' id='word_1_706' title='bbox 1779 4986 1984 5040; x_wconf 87' lang='lat' dir='ltr'><strong>librarii</strong></span> <span class='ocrx_word' id='word_1_707' title='bbox 2017 4985 2232 5039; x_wconf 85' lang='lat' dir='ltr'><strong>inscitia</strong></span> <span class='ocrx_word' id='word_1_708' title='bbox 2249 4986 2506 5055; x_wconf 75' lang='lat' dir='ltr'><strong>scriptam</strong></span> <span class='ocrx_word' id='word_1_709' title='bbox 2544 4984 2703 5039; x_wconf 84' lang='lat' dir='ltr'><strong>facile</strong></span> <span class='ocrx_word' id='word_1_710' title='bbox 2741 4985 2883 5054; x_wconf 87' lang='lat' dir='ltr'><strong>apud</strong></span> <span class='ocrx_word' id='word_1_711' title='bbox 2920 5000 3111 5038; x_wconf 83' lang='lat' dir='ltr'><strong>omnes</strong></span> <span class='ocrx_word' id='word_1_712' title='bbox 3140 4984 3371 5051; x_wconf 50' lang='lat' dir='ltr'><strong>scripto:</strong></span> 
     </span>
    </p>
   </div>
   <div class='ocr_carea' id='block_1_110' title="bbox 1779 5072 3359 5147">
    <p class='ocr_par' dir='ltr' id='par_1_110' title="bbox 1779 5072 3359 5147">
     <span class='ocr_line' id='line_1_110' title="bbox 1779 5072 3359 5147; baseline -0.004 -17"><span class='ocrx_word' id='word_1_713' title='bbox 1779 5094 1867 5133; x_wconf 91' lang='lat' dir='ltr'><strong>res</strong></span> <span class='ocrx_word' id='word_1_714' title='bbox 1895 5077 2245 5146; x_wconf 83' lang='lat' dir='ltr'><strong>deprehendi;</strong></span> <span class='ocrx_word' id='word_1_715' title='bbox 2270 5078 2359 5147; x_wconf 89' lang='lat' dir='ltr'><strong>qui</strong></span> <span class='ocrx_word' id='word_1_716' title='bbox 2392 5076 2458 5131; x_wconf 88' lang='lat' dir='ltr'><strong>de</strong></span> <span class='ocrx_word' id='word_1_717' title='bbox 2482 5076 2572 5133; x_wconf 89' lang='lat' dir='ltr'><strong>hic</strong></span> <span class='ocrx_word' id='word_1_718' title='bbox 2596 5077 2835 5133; x_wconf 77' lang='lat' dir='ltr'><strong>exaratis</strong></span> <span class='ocrx_word' id='word_1_719' title='bbox 2864 5091 2896 5131; x_wconf 87' lang='lat' dir='ltr'><strong>a</strong></span> <span class='ocrx_word' id='word_1_720' title='bbox 2932 5072 3321 5139; x_wconf 64' lang='lat' dir='ltr'><strong>B,Lanfrauco</strong></span> <span class='ocrx_word' id='word_1_721' title='bbox 3345 5111 3359 5133; x_wconf 89' lang='lat'><strong>,</strong></span> 
     </span>
    </p>
   </div>
   <div class='ocr_carea' id='block_1_111' title="bbox 1780 5150 3371 5237">
    <p class='ocr_par' dir='ltr' id='par_1_111' title="bbox 1780 5150 3371 5237">
     <span class='ocr_line' id='line_1_111' title="bbox 1780 5150 3371 5237; baseline -0.006 -13"><span class='ocrx_word' id='word_1_722' title='bbox 1780 5185 1847 5224; x_wconf 88' lang='lat' dir='ltr'><strong>ne</strong></span> <span class='ocrx_word' id='word_1_723' title='bbox 1880 5169 2161 5222; x_wconf 86' lang='lat' dir='ltr'><strong>verbnlunt</strong></span> <span class='ocrx_word' id='word_1_724' title='bbox 2209 5168 2426 5237; x_wconf 88' lang='lat' dir='ltr'><strong>quidem</strong></span> <span class='ocrx_word' id='word_1_725' title='bbox 2474 5171 2753 5223; x_wconf 80' lang='lat' dir='ltr'><strong>ascribunt</strong></span> <span class='ocrx_word' id='word_1_726' title='bbox 2807 5150 2971 5222; x_wconf 77' lang='lat' dir='ltr'><strong>Petro</strong></span> <span class='ocrx_word' id='word_1_727' title='bbox 2997 5166 3182 5236; x_wconf 85' lang='lat' dir='ltr'><strong>(quem</strong></span> <span class='ocrx_word' id='word_1_728' title='bbox 3232 5166 3371 5219; x_wconf 72' lang='lat' dir='ltr'><strong>indi,-</strong></span> 
     </span>
    </p>
   </div>
   <div class='ocr_carea' id='block_1_112' title="bbox 1778 5260 3377 5333">
    <p class='ocr_par' dir='ltr' id='par_1_112' title="bbox 1778 5260 3377 5333">
     <span class='ocr_line' id='line_1_112' title="bbox 1778 5260 3377 5333; baseline -0.006 -12"><span class='ocrx_word' id='word_1_729' title='bbox 1778 5281 1905 5321; x_wconf 86' lang='lat' dir='ltr'><strong>care</strong></span> <span class='ocrx_word' id='word_1_730' title='bbox 1929 5265 2141 5319; x_wconf 88' lang='lat' dir='ltr'><strong>videtur</strong></span> <span class='ocrx_word' id='word_1_731' title='bbox 2172 5264 2257 5333; x_wconf 85' lang='lat' dir='ltr'><strong>P.)</strong></span> <span class='ocrx_word' id='word_1_732' title='bbox 2299 5264 2393 5319; x_wconf 86' lang='lat' dir='ltr'><strong>sed</strong></span> <span class='ocrx_word' id='word_1_733' title='bbox 2425 5265 2661 5320; x_wconf 81' lang='lat' dir='ltr'><strong>Robotto</strong></span> <span class='ocrx_word' id='word_1_734' title='bbox 2703 5263 2843 5317; x_wconf 91' lang='lat' dir='ltr'><strong>illius</strong></span> <span class='ocrx_word' id='word_1_735' title='bbox 2875 5260 3200 5323; x_wconf 89' lang='lat' dir='ltr'><strong>successori,</strong></span> <span class='ocrx_word' id='word_1_736' title='bbox 3230 5260 3377 5329; x_wconf 89' lang='lat' dir='ltr'><strong>quod</strong></span> 
     </span>
    </p>
   </div>
   <div class='ocr_carea' id='block_1_113' title="bbox 1779 5350 3379 5410">
    <p class='ocr_par' dir='ltr' id='par_1_113' title="bbox 1779 5350 3379 5410">
     <span class='ocr_line' id='line_1_113' title="bbox 1779 5350 3379 5410; baseline -0.003 -1"><span class='ocrx_word' id='word_1_737' title='bbox 1779 5372 1807 5409; x_wconf 88' lang='lat' dir='ltr'><strong>a</strong></span> <span class='ocrx_word' id='word_1_738' title='bbox 1843 5357 1999 5410; x_wconf 90' lang='lat' dir='ltr'><strong>nobis</strong></span> <span class='ocrx_word' id='word_1_739' title='bbox 2041 5355 2409 5410; x_wconf 80' lang='lat' dir='ltr'><strong>declarabitur</strong></span> <span class='ocrx_word' id='word_1_740' title='bbox 2447 5354 2587 5408; x_wconf 88' lang='lat' dir='ltr'><strong>infra</strong></span> <span class='ocrx_word' id='word_1_741' title='bbox 2618 5371 2635 5407; x_wconf 84' lang='lat'><strong>:</strong></span> <span class='ocrx_word' id='word_1_742' title='bbox 2669 5373 2697 5407; x_wconf 80' lang='grc' dir='ltr'><strong>ι</strong></span> <span class='ocrx_word' id='word_1_743' title='bbox 2721 5354 2811 5407; x_wconf 90' lang='lat' dir='ltr'><strong>llla</strong></span> <span class='ocrx_word' id='word_1_744' title='bbox 2851 5360 3032 5406; x_wconf 87' lang='lat' dir='ltr'><strong>autent</strong></span> <span class='ocrx_word' id='word_1_745' title='bbox 3068 5350 3379 5407; x_wconf 81' lang='lat' dir='ltr'><strong>Cestrensis</strong></span> 
     </span>
    </p>
   </div>
   <div class='ocr_carea' id='block_1_114' title="bbox 1779 5443 3380 5517">
    <p class='ocr_par' dir='ltr' id='par_1_114' title="bbox 1779 5443 3380 5517">
     <span class='ocr_line' id='line_1_114' title="bbox 1779 5443 3380 5517; baseline -0.001 -16"><span class='ocrx_word' id='word_1_746' title='bbox 1779 5446 2003 5513; x_wconf 87' lang='lat' dir='ltr'><strong>civitas,</strong></span> <span class='ocrx_word' id='word_1_747' title='bbox 2035 5445 2134 5516; x_wconf 90' lang='lat' dir='ltr'><strong>(ait</strong></span> <span class='ocrx_word' id='word_1_748' title='bbox 2173 5444 2521 5500; x_wconf 84' lang='lat' dir='ltr'><strong>Malmesbur.</strong></span> <span class='ocrx_word' id='word_1_749' title='bbox 2572 5446 2663 5501; x_wconf 91' lang='lat' dir='ltr'><strong>lib.</strong></span> <span class='ocrx_word' id='word_1_750' title='bbox 2712 5460 2788 5507; x_wconf 81' lang='grc' dir='ltr'><strong>ιν,</strong></span> <span class='ocrx_word' id='word_1_751' title='bbox 2831 5445 2903 5517; x_wconf 80' lang='lat' dir='ltr'><strong>De</strong></span> <span class='ocrx_word' id='word_1_752' title='bbox 2936 5443 3157 5513; x_wconf 85' lang='lat' dir='ltr'><strong>ponlit&#39;.)</strong></span> <span class='ocrx_word' id='word_1_753' title='bbox 3187 5443 3380 5500; x_wconf 83' lang='lat' dir='ltr'><strong>Cestra</strong></span> 
     </span>
    </p>
   </div>
   <div class='ocr_carea' id='block_1_115' title="bbox 1780 5533 3378 5607">
    <p class='ocr_par' dir='ltr' id='par_1_115' title="bbox 1780 5533 3378 5607">
     <span class='ocr_line' id='line_1_115' title="bbox 1780 5533 3378 5607; baseline -0.001 -16"><span class='ocrx_word' id='word_1_754' title='bbox 1780 5537 2045 5607; x_wconf 82' lang='lat' dir='ltr'><strong>legionum</strong></span> <span class='ocrx_word' id='word_1_755' title='bbox 2091 5536 2307 5602; x_wconf 92' lang='lat' dir='ltr'><strong>dicitur,</strong></span> <span class='ocrx_word' id='word_1_756' title='bbox 2346 5538 2491 5605; x_wconf 88' lang='lat' dir='ltr'><strong>quod</strong></span> <span class='ocrx_word' id='word_1_757' title='bbox 2534 5536 2607 5591; x_wconf 88' lang='lat' dir='ltr'><strong>ibi</strong></span> <span class='ocrx_word' id='word_1_758' title='bbox 2646 5534 2854 5590; x_wconf 87' lang='lat' dir='ltr'><strong>emeriti</strong></span> <span class='ocrx_word' id='word_1_759' title='bbox 2899 5533 3168 5605; x_wconf 81' lang='lat' dir='ltr'><strong>legionum</strong></span> <span class='ocrx_word' id='word_1_760' title='bbox 3224 5550 3378 5592; x_wconf 85' lang='lat' dir='ltr'><strong>rese.</strong></span> 
     </span>
    </p>
   </div>
   <div class='ocr_carea' id='block_1_116' title="bbox 1778 5632 3109 5701">
    <p class='ocr_par' dir='ltr' id='par_1_116' title="bbox 1778 5632 3109 5701">
     <span class='ocr_line' id='line_1_116' title="bbox 1778 5632 3109 5701; baseline -0.002 -15"><span class='ocrx_word' id='word_1_761' title='bbox 1778 5632 1926 5697; x_wconf 87' lang='lat' dir='ltr'><strong>dere,</strong></span> <span class='ocrx_word' id='word_1_762' title='bbox 1942 5651 1959 5683; x_wconf 77' lang='grc' dir='ltr'><strong>ι</strong></span> <span class='ocrx_word' id='word_1_763' title='bbox 1992 5639 2098 5686; x_wconf 89' lang='lat' dir='ltr'><strong>etc.</strong></span> <span class='ocrx_word' id='word_1_764' title='bbox 2933 5670 2943 5684; x_wconf 90' lang='lat'><strong>.</strong></span> <span class='ocrx_word' id='word_1_765' title='bbox 3108 5698 3109 5701; x_wconf 19' lang='grc' dir='ltr'><strong>η</strong></span> 
     </span>
    </p>
   </div>
   <div class='ocr_carea' id='block_1_117' title="bbox 1849 5719 3409 5789">
    <p class='ocr_par' dir='ltr' id='par_1_117' title="bbox 1849 5719 3409 5789">
     <span class='ocr_line' id='line_1_117' title="bbox 1849 5719 3409 5789; baseline -0.002 -13"><span class='ocrx_word' id='word_1_766' title='bbox 1849 5722 2093 5778; x_wconf 73' lang='lat' dir='ltr'><strong>Cicuobio</strong></span> <span class='ocrx_word' id='word_1_767' title='bbox 2126 5720 2487 5775; x_wconf 78' lang='lat' dir='ltr'><strong>(.‘onventrcio.</strong></span> <span class='ocrx_word' id='word_1_768' title='bbox 2513 5720 2620 5775; x_wconf 87' lang='lat' dir='ltr'><strong>Seu</strong></span> <span class='ocrx_word' id='word_1_769' title='bbox 2643 5719 3047 5784; x_wconf 77' lang='lat' dir='ltr'><strong>Couventrcizn;</strong></span> <span class='ocrx_word' id='word_1_770' title='bbox 3080 5719 3237 5789; x_wconf 87' lang='lat' dir='ltr'><strong>cujus</strong></span> <span class='ocrx_word' id='word_1_771' title='bbox 3266 5721 3376 5774; x_wconf 81' lang='lat' dir='ltr'><strong>ori-</strong></span> <span class='ocrx_word' id='word_1_772' title='bbox 3404 5784 3409 5789; x_wconf 11' lang='grc' dir='ltr'><strong>ἢ</strong></span> 
     </span>
    </p>
   </div>
   <div class='ocr_carea' id='block_1_118' title="bbox 1782 5804 3378 5887">
    <p class='ocr_par' dir='ltr' id='par_1_118' title="bbox 1782 5804 3378 5887">
     <span class='ocr_line' id='line_1_118' title="bbox 1782 5804 3378 5887; baseline -0.001 -18"><span class='ocrx_word' id='word_1_773' title='bbox 1782 5816 1960 5887; x_wconf 76' lang='lat' dir='ltr'><strong>ginem</strong></span> <span class='ocrx_word' id='word_1_774' title='bbox 2011 5814 2246 5884; x_wconf 78' lang='lat' dir='ltr'><strong>explicat</strong></span> <span class='ocrx_word' id='word_1_775' title='bbox 2308 5812 2448 5868; x_wconf 86' lang='lat' dir='ltr'><strong>idem</strong></span> <span class='ocrx_word' id='word_1_776' title='bbox 2509 5822 2699 5871; x_wconf 87' lang='lat' dir='ltr'><strong>auctor</strong></span> <span class='ocrx_word' id='word_1_777' title='bbox 2743 5812 2930 5871; x_wconf 77' lang='lat' dir='ltr'><strong>eodem</strong></span> <span class='ocrx_word' id='word_1_778' title='bbox 2988 5813 3146 5870; x_wconf 87' lang='lat' dir='ltr'><strong>loco:</strong></span> <span class='ocrx_word' id='word_1_779' title='bbox 3184 5830 3202 5866; x_wconf 92' lang='grc' dir='ltr'><strong>ι</strong></span> <span class='ocrx_word' id='word_1_780' title='bbox 3248 5804 3378 5879; x_wconf 73' lang='lat' dir='ltr'><strong>L‘rat</strong></span> 
     </span>
    </p>
   </div>
  </div>
