3864 6304
521 334 627 391 599

510 452 564 505 in
611 452 827 509 dimcesi
857 456 1128 514 Cestrensi
1157 461 1528 523 Conventrcia:
1557 473 1882 535 emnobium.
1916 494 1945 531 a
1976 493 2088 532 ma-
2115 480 2162 536 Α
2188 479 2340 535 fuere

509 541 956 612 gnilieenlissituo
1003 554 1199 606 comite
1268 554 1515 614 Leofrico
1574 569 1629 616 et
1675 579 1843 622 uxore
1888 568 2091 625 Godiva

509 643 907 701 constructum,
961 648 1110 694 tanto
1157 644 1275 699 auri
1322 656 1375 702 et
1417 653 1647 719 argenti
1680 658 1991 722 spectaculo
2037 670 2094 717 ut

506 725 726 793 angusti
774 726 1088 784 vilerentur
1138 732 1233 801 ipsi
1281 739 1515 805 parietes
1570 742 1932 803 Ecclesiarutn
1978 752 2091 807 the-

501 826 793 870 saurorum
818 824 1190 890 receptaculis,
1210 828 1468 887 miraculo
1490 848 1650 903 porro
1668 839 1951 896 visentium
1968 860 2089 899 ocn-

500 903 586 960 lis.
608 925 628 958 ι

573 997 742 1052 Arcas
778 1018 955 1057 eorum
989 1005 1210 1078 fregisti.
1258 1022 1366 1068 etc.
1426 1015 1757 1088 Dilapidasse
1805 1023 2087 1084 facultates

502 1086 737 1144 emnobii
779 1091 1151 1153 Conventreiae
1191 1099 1356 1159 llobet
1372 1116 1481 1160 tum
1524 1086 1763 1181 sugillat,
1794 1115 1880 1169 ubi
1920 1132 2082 1187 supra

497 1174 995 1241 Malmesburiensis
1041 1204 1055 1240 :
1095 1209 1113 1240 ι
1148 1190 1228 1245 Ex
1282 1211 1385 1250 una
1446 1199 1618 1265 trabe,
1670 1204 1876 1273 inquit,
1925 1209 2083 1277 quin-

497 1260 690 1338 gentas
733 1289 944 1334 marcus
969 1284 1175 1350 argenti
1214 1290 1445 1344 eorrasit
1470 1306 1595 1361 qua:
1632 1296 1831 1352 scrinia
1868 1308 2084 1356 susten-

497 1359 705 1416 tabant.
734 1363 922 1423 Plures
963 1368 1035 1425 ibi
1088 1361 1332 1433 moratus
1376 1359 1568 1448 annos,
1616 1386 1750 1441 nihil
1797 1391 2081 1459 probitatis

497 1453 744 1510 exhibuit
783 1456 902 1514 loco
924 1476 938 1490 °
982 1463 1118 1520 adeo
1144 1481 1331 1524 sacras
1364 1482 1495 1542 opes
1536 1453 1839 1547 dilapidans
1865 1487 2080 1553 pecula-

492 1550 583 1599 tus
637 1549 843 1605 crimen
898 1552 1152 1624 incurrit,
1207 1566 1625 1633 repetundarum
1679 1588 1804 1629 rcus
1863 1576 2077 1637 futurus

487 1639 795 1714 episcopus,
823 1647 869 1703 si
887 1660 1034 1706 esset
1064 1666 1351 1714 accusator
1383 1672 1625 1731 paratus.
1656 1665 1946 1728 Monachus
1975 1677 2079 1731 mi-

489 1734 711 1790 serabili
750 1740 891 1811 stipe
920 1743 1106 1801 cibans
1144 1763 1247 1805 nec
1293 1754 1553 1823 regularis
1582 1760 1788 1817 ordinis
1834 1781 2072 1824 amorem

1696 360 1908 419 DOSlNl
1951 366 2156 424 LUCRE
2202 370 2517 430 DACllERll

3660 408 3743 463 θα)

2372 483 2655 542 llihluiuus
2678 490 2743 545 de
2775 492 3028 562 Rameru,
3053 499 3374 561 Gnillehnus
3401 524 3577 567 comes
3604 515 3749 574 Sues~

2194 572 2486 640 sionensis,
2534 580 2625 649 qui
2679 586 2864 653 genuit
2917 588 3242 660 Rcualdum,
3293 608 3351 652 et
3397 599 3665 671 Joannem,
3706 620 3748 663 et

2194 662 2496 723 Manassem
2542 673 2634 741 qui
2674 672 2777 730 fuit
2815 679 3100 752 cpiscopus
3146 683 3583 761 Suessionensis,
3615 716 3631 747 ι
3658 711 3744 753 etc.

2192 755 2272 813 οι)
2298 774 2492 823 pravos
2521 779 2697 822 mores
2717 772 2897 827 verbis
2919 775 3417 839 vehementioribus
3443 786 3745 859 increpatum

2192 848 2244 917 (a
2275 848 2333 904 S.
2375 851 2627 913 Brunone
2663 858 3149 922 Carthusianorum
3183 871 3498 932 institutore
3523 887 3747 949 maxime,

2191 939 2277 993 cui
2306 950 2360 994 et
2389 956 2575 998 ansam
2613 948 2914 1017 praebuere,
2956 965 3012 1009 ut
3061 960 3264 1016 mundo
3311 975 3616 1023 extremum
3653 974 3746 1029 vale

2186 1028 2411 1102 diceret)
2441 1046 2763 1104 suspensum
2792 1057 2858 1096 ac
2898 1045 3112 1101 tandem
3145 1050 3449 1120 depositum
3477 1056 3742 1120 Manassae

2186 1135 2292 1175 non
2323 1122 2486 1178 semel
2511 1126 2640 1181 dicit
2672 1126 2825 1201 llugo
2863 1132 3309 1208 Flaviniacensis,
3345 1146 3498 1201 testis
3542 1149 3747 1222 locuples

2186 1209 2239 1264 in
2276 1210 2512 1270 Historia
2543 1232 2644 1272 ms.
2681 1237 2701 1271 ι
2733 1221 3037 1282 Accusatus
3091 1230 3167 1284 ait
3198 1231 3310 1298 ille,
3345 1235 3396 1289 in
3421 1240 3608 1294 eodem
3635 1261 3742 1299 con-

2182 1301 2308 1358 cilio
2353 1304 2753 1384 (Lugdunensi)
2786 1313 3072 1375 Remensis
3118 1321 3376 1381 Ecclesia:
3423 1329 3638 1389 iuvasor
3678 1336 3743 1392 Si-

2182 1394 2461 1457 moniacus
2512 1398 2789 1460 Manasses
2839 1422 2869 1461 a
2918 1409 3132 1467 clericis
3176 1414 3563 1487 Remensibus,
3595 1442 3645 1480 ει
3674 1445 3741 1482 su.

2180 1498 2406 1554 spcnsus
2434 1488 2504 1544 ab
2539 1489 2715 1548 ofﬁcio
2748 1510 2764 1562 ;
2803 1498 2894 1567 qui
2932 1499 3226 1559 advocatus
3266 1509 3335 1563 ad
3365 1513 3669 1581 concilium,
3694 1530 3743 1573 nt

2179 1589 2237 1630 se
2266 1589 2544 1647 purgaret,
2616 1600 2723 1639 non
2763 1589 2928 1643 venit.
2970 1591 3113 1661 Qui,
3154 1611 3277 1652 cum
3321 1605 3597 1662 canonicis
3650 1608 3738 1664 lte-

2177 1669 2379 1723 mensis
2420 1668 2674 1730 Ecclesiae
2710 1684 3121 1740 accusatoribus
3158 1689 3304 1755 suis,
3343 1707 3375 1745 a
3411 1696 3635 1753 concilio
3672 1714 3739 1753 re-

2177 1757 2758 1834 deuntibus,plurimas
2778 1784 3025 1841 parasset
3054 1775 3301 1846 insidias,
3335 1783 3551 1839 demum
3575 1787 3737 1844 domos

490 1828 707 1882 curavit
750 1836 1063 1891 accendere.
1098 1855 1197 1895 nec
1232 1842 1331 1898 nisi
1363 1847 1429 1901 ad
1459 1851 1770 1917 popularem
1811 1856 2056 1916 litterata

2178 1866 2364 1907 eorum
2416 1855 2596 1927 fregit,
2643 1862 2963 1930 prtebendas
3009 1883 3196 1924 eorum
3234 1876 3495 1944 vendidit,
3524 1890 3577 1935 ει
3620 1882 3737 1938 tona

491 1931 612 1972 ram
640 1935 833 1990 passus
868 1934 951 1981 est
978 1930 1241 2001 aspirare,
1287 1951 1355 1993 ne
1393 1940 1590 2011 regula:
1623 1944 1790 2015 rigor,
1823 1958 1876 2005 et
1900 1953 2074 2008 scien-

488 2008 581 2063 tia:
608 2011 760 2083 vigor
784 2015 1030 2074 redderet
1064 2021 1237 2080 elatos
1273 2008 1561 2095 contravse,
1594 2053 1610 2086 ι
1643 2008 1753 2094 εἷο.

561 2098 693 2155 Cum
740 2104 946 2174 familia
985 2120 1078 2165 tua
1131 2131 1435 2176 constantem
1486 2124 1620 2181 bona
1675 2136 2070 2195 monachorum.

487 2187 847 2299 Quamobrem
881 2204 1169 2261 concilium
1208 2208 1482 2299 Hei-dense
1514 2223 1767 2289 pontifice

480 2293 538 2334 Δ.
565 2296 617 2337 ε.
647 2283 752 2379 524
781 2303 800 2344 :
833 2305 852 2340 ι
888 2290 963 2346 Ea
988 2309 1110 2365 qua:
1140 2297 1194 2353 in
1227 2298 1352 2369 jure
1392 2283 1709 2369 monasterii
1737 2317 1804 2372 de

486 2372 629 2429 tibus
648 2375 966 2450 oﬂ‘eruntur,
990 2385 1041 2441 in
1069 2390 1214 2446 nullo
1236 2393 1537 2456 dimcesana
1567 2403 1685 2477 lege
1705 2409 1772 2466 ab
1800 2372 2067 2486 episcopis

488 2465 893 2537 contingantur.
926 2491 947 2527 ι
987 2475 1193 2534 Concil.
1223 2465 1656 2552 Herudfordensc
1680 2538 1696 2565 ,
1748 2465 1856 2557 cui:
1875 2465 2066 2575 prtezi-

488 2552 641 2575 ΑΛ-.
670 2558 731 2575 ηη
840 2563 854 2575 -
1040 2569 1070 2575 -

482 2552 647 2611 debat
670 2558 985 2623 Theodorus
1031 2569 1458 2648 Cantuariensis,
1493 2583 1652 2656 llist.,
1678 2552 2066 2669 Latii-57;};-

480 2647 613 2716 cipit
640 2666 761 2724 cap.
780 2654 823 2739 '3
846 2675 863 2711 :
889 2677 908 2711 ι
935 2658 1006 2715 Ut
1027 2678 1255 2737 quaeque
1272 2647 1594 2733 monasteria
1621 2647 1730 2740 beo
1746 2647 2063 2749 consecrata

478 2738 615 2795 nulli
666 2745 1043 2817 episcoporum
1090 2755 1251 2813 liceat
1301 2777 1366 2817 ea
1418 2765 1471 2819 in
1526 2767 1708 2837 aliquo
1760 2775 2063 2848 inquietare

479 2833 804 2903 monachos,
854 2856 955 2897 nec
986 2846 1280 2919 quidquam
1303 2855 1371 2910 de
1396 2871 1584 2916 eorum
1606 2866 1767 2924 rebus
1802 2872 2064 2934 violenter

477 2920 812 2985 abstrahere.
825 2932 930 3004 iis.
950 2935 1111 3005 Beda,
1144 2941 1269 2999 libr.
1290 2962 1367 3015 1v,
1382 2948 1543 3020 llist.,
1571 2971 1691 3028 cap.
1712 2920 1778 3015 '5‘:

473 3028 606 3086 ergo
644 3020 727 3075 vel
774 3022 877 3080 hoc
915 3026 1058 3086 illius
1088 3034 1325 3106 episcopi
1373 3046 1620 3114 exemplo
1636 3020 1733 3120 qui
1767 3052 1822 3110 in
1868 3020 2056 3116 mena:

2176 1958 2363 2001 eorum
2392 1946 2635 2019 diripuit.
2652 1951 2777 2009 lude
2804 1972 2925 2012 cum
2953 1975 2983 2013 a
3010 1960 3177 2017 Roma
3202 1964 3415 2025 litteras
3448 1974 3736 2043 accepimt,

2175 2044 2230 2090 ct
2264 2046 2321 2091 ut
2364 2038 2417 2092 in
2465 2042 2695 2099 concilio
2738 2062 2859 2105 eum
2910 2065 3008 2105 sex
3047 2069 3105 2108 se
3151 2070 3407 2129 purgaret
3456 2065 3735 2137 episcopis.

2174 2125 2400 2182 Romam
2429 2130 2543 2187 ivit.
2572 2153 2591 2186 ι
2621 2133 2687 2191 Ει
2715 2147 2837 2206 post
2853 2140 3042 2206 multa,
3060 2152 3125 2200 de
3148 2125 3385 2205 concilio
3414 2125 3734 2227 congregato,

2172 2219 2264 2275 cui
2307 2223 2631 2291 przesidebat
2682 2229 2836 2300 llugo
2883 2232 3097 2292 Dicnsis
3141 2240 3456 2311 episcopus,
3497 2219 3735 2316 loquens,

2172 2313 2248 2369 ait
2276 2332 2289 2370 :
2328 2335 2346 2368 ι
2371 2316 2623 2389 Synodali
2646 2321 2856 2393 judicio
2884 2313 3608 2410 esttlepositus(blanasses)
3630 2342 3734 2410 quia

2168 2422 2228 2462 se
2256 2425 2488 2481 purgare
2524 2413 2699 2469 noluit
2728 2432 2742 2483 ;
2779 2426 2888 2472 tum
2920 2421 3045 2490 quia
3088 2424 3424 2482 audientiam
3471 2430 3733 2498 Educusis,

2168 2500 2500 2560 Pictavensis
2521 2546 2535 2571 ,
2562 2515 2619 2562 et
2668 2508 2836 2579 ipsius
2877 2510 3257 2583 Lugdunensis
3282 2520 3625 2593 subterfugit.
3656 2545 3673 2576 ι

2236 2592 2427 2665 Regius
2474 2614 2537 2651 ac
2597 2611 2774 2654 noster
2823 2604 3001 2670 homo,
3044 2614 3155 2663 etc.
3205 2608 3265 2664 Β.
3314 2611 3603 2669 Αιιεειηιυε
3637 2626 3728 2669 tum

2166 2682 2333 2739 abbas
2368 2684 2838 2756 Bccccnsis,lib.t,
2863 2694 3021 2764 epist.
3048 2696 3365 2763 46,!urtum
3407 2703 3554 2758 istud
3583 2708 3729 2775 aperit

2165 2776 2242 2849 (ni
2281 2778 2459 2852 fallor)
2502 2782 2587 2838 his
2618 2785 2845 2843 verbis:
2910 2806 2929 2839 ‹
2967 2790 3101 2847 Tam
3140 2796 3381 2852 crudelis
3419 2807 3633 2871 tamque
3666 2801 3727 2857 cl-

2163 2868 2374 2927 frenata
2420 2875 2814 2933 malitiosorum
2863 2879 3144 2939 hominum
3195 2886 3249 2941 in
3291 2888 3530 2947 Francia
3555 2894 3725 2949 debac-

2162 2965 2355 3021 cbatur
2384 2969 2623 3036 sazvitas,
2660 2981 2717 3026 ut
2748 2987 2848 3028 nec
2878 2990 2985 3043 me,
3011 2992 3110 3031 nec
3140 2978 3376 3053 aliquem
3404 2986 3725 3051 monachum,

2159 3067 2253 3112 aut
2285 3062 2595 3131 quempiam
2636 3065 2873 3135 equitem
2922 3070 3147 3125 audeam
3209 3082 3361 3130 tanto
3411 3083 3725 3135 committere

1532 3106 1549 3114 _
1660 3106 1676 3120 ,
1770 3106 1822 3110 7,-
1868 3106 2025 3116 ___-.._
2160 3106 2253 3112 ..-ν
2287 3106 2595 3131 -ι-νυ-ν---υ
2637 3106 2873 3135 mla-unn-
2922 3106 3147 3125 uuuuuu
3209 3106 3361 3130 ιιιιιιυ
3411 3106 3723 3135 υυιιιωιιιιπις

470 3106 697 3163 “mrum
752 3112 1030 3189 ντίνίιθεῑει
1083 3122 1374 3196 οωειτεηι.
1419 3130 1804 3211 Ιυάὶιῑοιιηιιιυε
1849 3146 1951 3204 hac
2000 3151 2053 3208 in
2083 3173 2127 3235 ρ
2160 3154 2414 3219 periculo.
2445 3154 2523 3210 Re
2552 3156 2695 3212 enim
2722 3174 2849 3215 vera
2891 3161 3143 3219 dominus
3186 3165 3457 3226 Rodulfus
3523 3187 3640 3227 cum
3682 3182 3723 3228 te

471 3211 533 3235 ra
573 3200 792 3235 Dat-mm
849 3214 1144 3235 --...-_.:--
1382 3224 1393 3235 .
1577 3230 1588 3235 -

470 3211 533 3254 re
573 3200 795 3259 Patrum
847 3214 1168 3283 sententias,
1210 3234 1338 3278 num
1378 3224 1649 3286 immerito
1688 3239 1885 3295 summi
1918 3240 2056 3298 Pon-

469 3289 643 3350 tifices
696 3296 989 3358 identidem
1040 3308 1283 3369 eximant
1350 3324 1727 3394 monasteria;
1778 3331 2054 3393 enimvero

464 3384 802 3494 ξςίυἰίεθίαλ
812 3391 1123 3457 Gallicanos
1166 3406 1447 3481 episcopos
1493 3414 1618 3473 olim
1679 3384 2054 3494 alloquebatur

463 3470 718 3586 Nifolaus
740 3479 790 3586 l,‘
810 3485 967 3555 epist.
998 3488 1069 3545 52
1094 3470 1479 3572 ad-cpiscopos

462 3566 566 3621 sub
594 3568 797 3645 tinent)
835 3578 981 3635 sedis
1023 3588 1330 3667 apostolicae
1378 3566 1610 3665 tegmina
1658 3566 1805 3671 sunt:
1839 3608 1937 3679 (ut
1975 3612 2051 3668 ita

463 3658 751 3735 dicamus)
803 3669 970 3728 totius
1030 3664 1287 3737 Ecclesiae
1347 3658 1667 3759 catholica;
1725 3658 2053 3772 privilegia,

1652 3750 1665 3759 .
1725 3750 1745 3765 ,λ
1793 3750 2047 3772 unum.

463 3750 708 3821 inquam,
726 3757 886 3828 hujus
911 3762 1164 3824 Ecclesiae
1198 3776 1495 3835 munimina
1537 3796 1664 3840 sunt
1692 3788 1836 3845 circa
1860 3805 2050 3851 omnes

463 3840 699 3948 impetus
743 3852 1125 3918 pravitatum.»
1172 3860 1242 3919 Et
1268 3863 1462 3926 Petrus
1488 3840 1763 3935 Blesensis
1782 3840 2050 3948 ξιῖιᾷτίνῖ

462 3929 618 4003 lcgiis
646 3939 951 4000 edisserens
968 3952 1377 4024 monachorum,
1400 3974 1488 4031 ep.
1513 3962 1581 4019 68
1599 3983 1613 4019 :

463 4024 586 4081 dem
603 4030 746 4099 quod
763 4032 831 4089 ob
856 4037 1092 4106 quietem
1111 4024 1584 4125 monasteriorum,
1599 4068 1653 4115 et
1673 4024 2047 4137 episcoporbm

462 4122 806 4188 tyrannidem
833 4168 850 4195 ,
900 4129 1001 4188 has
1050 4141 1418 4211 exemptiones
1456 4122 1775 4224 plerumque
1816 4122 2045 4219 R-omani

457 4217 746 4285 pontifices
790 4222 1150 4289 indulserunt.
1186 4254 1207 4289 ι
1247 4235 1357 4295 Nec
1393 4217 1610 4311 quidem
1638 4217 2047 4320 praetereundus

456 4317 541 4363 est
569 4310 719 4371 locus
764 4316 990 4391 insignis
1024 4338 1092 4380 ex
1136 4330 1366 4388 concilio
1402 4310 1573 4392 Tolet.
1603 4310 1687 4408 n3,
1718 4357 1766 4399 c.
1795 4345 1886 4413 5i,
1918 4350 2044 4419 quia

457 4403 740 4471 epistolam
765 4411 903 4469 hanc
943 4422 1111 4475 totam
1134 4420 1407 4484 illustrare
1432 4431 1662 4489 videtur.
1688 4454 1707 4488 ι
1728 4403 2041 4498 Νιιηιίίιίιιηι

2159 3245 2381 3302 reducto
2417 3249 2654 3319 rediret,
2696 3253 2749 3307 in
2798 3255 3272 3329 archiepiscopatu
3318 3261 3577 3320 Remensi
3622 3282 3722 3321 cum

2159 3335 2393 3406 famulis,
2443 3342 2597 3412 equis
2648 3344 2841 3401 ablatis
2871 3349 3152 3415 omnibus,
3183 3361 3379 3421 captus
3433 3368 3545 3425 est,
3572 3375 3719 3429 quiau-

2156 3440 2317 3495 quam
2359 3442 2419 3483 se
2480 3429 2581 3485 sub
2619 3433 3013 3507 archiepiscopi
3057 3437 3345 3498 liemensis
3395 3447 3620 3505 tuitionc
3661 3451 3721 3503 ire

2154 3517 2431 3574 clamaret.
2468 3520 2570 3588 Qui
2609 3522 2921 3594 aliquandiu
2969 3529 3193 3597 detenti,
3239 3533 3325 3587 vix
3372 3538 3590 3595 tandem
3635 3556 3717 3595 uno

2152 3622 2294 3678 equo
2320 3618 2555 3677 retento,
2592 3612 2818 3670 relaxati
2852 3627 2997 3672 sunt.
3039 3638 3059 3673 ι

2225 3698 2542 3757 Rosnacum.
2563 3703 2790 3779 Ronnay
2807 3723 2976 3780 pagus
3004 3712 3082 3781 (ut
3109 3712 3325 3786 Opinor)
3354 3715 3467 3773 duo
3495 3718 3713 3775 milliaria

2152 3788 2361 3845 distans
2391 3806 2419 3845 a
2454 3791 2659 3848 Remis.

2643 3904 2712 3944 AD
2749 3906 3045 3950 EPISTOLAM
3083 3912 3233 3953 XXXI.

2221 3976 2474 4035 Mamilio
2501 3982 2759 4053 episcopo.
2806 3985 2883 4041 De
2921 4004 3028 4058 quo
3060 3988 3262 4047 dictum
3287 4004 3373 4048 est
3426 3994 3496 4051 ad
3538 3995 3710 4067 cpisto-

2149 4067 2253 4123 lam
2281 4068 2372 4137 25,
2399 4086 2519 4142 qua:
2545 4073 2719 4129 eidem
2748 4076 3083 4135 inscribitur.

2637 4186 2705 4224 AD
2742 4187 3037 4228 EPISTOLAM
3075 4192 3245 4233 XXXII.

2220 4252 2515 4326 Goisfredo,
2543 4258 2658 4315 sive
2690 4260 2930 4319 Goﬂ‘rido
2955 4262 3287 4322 Constantia:
3315 4268 3372 4322 in
3406 4268 3706 4326 Northmaa-

2148 4347 2234 4403 nia
2264 4348 2536 4420 episcopo.
2568 4350 2759 4407 Adfuit
2784 4352 2927 4410 inter
2955 4365 3181 4412 caeteros
3216 4358 3427 4429 Anglia:
3474 4364 3704 4432 pracsult‘s

2147 4439 2377 4495 concilio
2401 4439 2797 4510 Londouire,A.
2831 4446 2892 4500 C.
2930 4447 3088 4504 l075.
3116 4448 3242 4505 Milo
3267 4450 3320 4506 in
3352 4450 3474 4507 Vita
3493 4453 3550 4508 Β.
3583 4454 3700 4508 Lan-

457 4500 541 4544 εει
569 4501 818 4561 praesenti
846 4507 1078 4564 concilio
1100 4516 1243 4581 quod
1265 4522 1515 4576 monachi
1542 4526 1835 4599 episcopali
1862 4530 2035 4604 impe-
2070 4520 2116 4575 Ι)
2142 4531 2333 4599 franei,
2362 4545 2481 4604 cap.
2522 4534 2607 4601 l2,
2637 4500 2761 4607 pag.
2796 4537 2890 4604 15;
2930 4538 3228 4597 Goli'ridum
3269 4545 3349 4599 sic
3378 4545 3698 4600 commendat

1116 4580 1131 4581 κ
1575 4580 1589 4593 ι
1674 4580 1683 4581 ί
1704 4580 1711 4581 ί
1727 4580 1749 4598 τ
1768 4580 1835 4599 .“"
1862 4580 2005 4604 ""I‘"

457 4580 539 4635 rio
559 4588 740 4642 servili
756 4594 903 4655 operi
925 4602 1320 4674 maneipentur,
1346 4620 1398 4664 et
1414 4611 1536 4682 jura
1554 4622 2032 4689 monasteriorum,

456 4683 646 4729 contra
703 4681 944 4740 instituta
1006 4703 1314 4763 canonum,
1379 4681 1563 4758 illicita
1619 4713 2035 4781 praesumptione

456 4777 811 4837 usurpantur,
844 4775 918 4829 ita
953 4787 1009 4833 ut
1045 4795 1183 4850 pene
1230 4800 1294 4841 ex
1326 4794 1575 4849 coenobio
1605 4775 1875 4866 possessio
1907 4803 2031 4870 ﬁat,

450 4867 617 4929 atque
658 4861 878 4923 illustris
918 4875 1096 4939 portio
1122 4876 1322 4935 Christi
1360 4884 1426 4939 ad
1469 4861 1821 4955 ignominiam
1856 4899 2030 4952 servi-

449 4960 731 5026 tutemque
766 4960 1032 5019 deveniat.
1074 4969 1413 5045 Quapropter
1441 4980 1602 5052 362
1633 4999 1913 5045 monemus
1937 5006 2031 5048 eos

444 5047 535 5115 qui
588 5048 848 5112 Ecclesiis
892 5065 1154 5130 pra-sunt,
1182 5074 1245 5120 ut
1294 5068 1431 5126 ultra
1449 5047 1608 5129 italia
1656 5092 1765 5134 non
1821 5095 2028 5141 oraesu-

441 5150 608 5206 mant,
646 5163 667 5197 ι
696 5153 806 5202 ειε.

949 5261 1019 5301 Αἰ)
1055 5263 1352 5307 ενιετοιλιι
1388 5268 1418 5308 Χ
1428 5272 1516 5310 XX.

510 5326 746 5388 Πευκεωέ
770 5338 1155 5410 archiepiscopo
1177 5343 1433 5403 Monaesi.
1450 5348 1561 5405 lloc
1581 5338 1795 5409 nomine
1816 5358 2022 5427 primo;

438 5431 599 5484 quem
622 5422 802 5478 obiter
822 5426 901 5483 sic
928 5433 1246 5505 perstringit
1267 5436 1551 5496 Albericus
1574 5422 1945 5503 Cistertiensis
1968 5422 2021 5502 in

436 5506 710 5570 Chronico
743 5522 977 5576 nondum
1009 5525 1178 5593 edito,
1206 5526 1272 5582 ad
1299 5544 1431 5584 ann.
1469 5532 1608 5587 1070
1638 5552 1654 5588 :
1692 5555 1713 5587 ο
1748 5536 2023 5594 Manasses

434 5601 495 5654 ιιι
520 5605 803 5677 episcopus
832 5611 1136 5683 Remensis,
1162 5628 1217 5674 et
1242 5623 1393 5678 sedet
1415 5640 1585 5680 annos
1614 5626 1679 5680 16
1705 5644 1718 5693 ;
1754 5627 1892 5684 filius
1924 5630 2024 5685 fuit

434 5690 704 5752 Manassis
739 5698 899 5755 Calva
931 5704 1093 5760 Asina
1122 5709 1298 5765 dictus
1324 5727 1388 5766 ex
1417 5713 1662 5770 Beatrire
1690 5690 1756 5772 de
1796 5717 2013 5774 Raecio.

430 5780 509 5838 De
537 5798 645 5855 qua
692 5801 817 5843 ann.
864 5791 990 5847 l05l
1022 5833 1037 5860 ,
1080 5797 1273 5854 fratres
1318 5802 1477 5871 hujus
1524 5792 1785 5863 Manassis
1842 5810 2013 5879 patris

2137 4622 2431 4679 Ordericus
2459 4633 2666 4693 noster,
2694 4627 2786 4683 lib.
2817 4645 2867 4683 IV
2886 4629 3021 4686 Hist.
3048 4648 3172 4703 pag.
3202 4634 3307 4691 523
3334 4650 3349 4690 :
3389 4637 3697 4692 «Gaufredus

2135 4715 2571 4773 Constantiensis
2614 4719 2901 4789 cpiscopus
2926 4724 2993 4778 de
3026 4726 3192 4781 nobili
3222 4725 3693 4784 Northmannorum

2134 4807 2389 4877 progenie
2414 4817 2589 4875 ortus,
2611 4811 2701 4879 qui
2734 4814 3013 4870 certamini
3060 4817 3312 4874 Senlacio
3366 4820 3549 4878 fautor
3585 4836 3693 4876 acer

2132 4906 2188 4952 et
2234 4900 2546 4957 consolator
2591 4902 2836 4958 interfuit
2859 4946 2873 4970 ,
2906 4915 2959 4962 et
2998 4907 3121 4964 aliis
3161 4912 3522 4979 conﬂictibus,
3551 4934 3568 4966 ι
3599 4924 3687 4967 etc.

2133 4988 2282 5054 ltem,
2325 4991 2417 5048 lib.
2449 5009 2531 5058 ιιι,
2576 5009 2701 5063 pag.
2728 4996 2836 5052 495
2865 5011 2879 5050 :
2913 5016 2933 5051 ι
2969 4999 3173 5055 Eodem
3223 5011 3467 5075 tempore
3515 5004 3686 5059 North-

2132 5082 2345 5136 mannia
2400 5085 2661 5154 prmclare
2707 5088 2925 5157 vigebat
2970 5091 3308 5162 sapientibus
3355 5097 3685 5152 ecclesiarum

2129 5172 2368 5242 przclatis
2415 5182 2469 5231 et
2511 5177 2902 5245 optimatibus;
2944 5197 3069 5237 nam
3118 5198 3277 5240 sacer
3322 5186 3595 5243 Maurilius
3629 5201 3681 5239 cx

2130 5266 2399 5321 monacho
2445 5267 2895 5339 melropolitanus
2926 5274 3249 5342 praesidebat
3286 5279 3555 5334 cathedra:
3594 5276 3681 5330 Ro-

2128 5356 2485 5427 thomagensi,
2531 5370 2637 5415 etc.
2679 5360 2994 5420 Goisfredus
3030 5365 3434 5425 Constantiensi
3461 5411 3476 5438 ,
3512 5390 3531 5424 ι
3588 5379 3677 5423 etc.

2127 5447 2195 5503 Et
2223 5451 2461 5517 tandem,
2503 5453 2595 5508 lib.
2625 5470 2699 5521 tv,
2743 5470 2868 5527 pag.
2901 5457 3026 5513 5M.

2199 5539 2447 5605 Quamvis
2470 5543 2642 5598 aii/mc
2664 5546 2915 5615 professw
2936 5564 3038 5601 non
3067 5549 3190 5604 sint.
3219 5549 3436 5608 Priscus
3465 5567 3570 5607 mos
3593 5550 3675 5602 fuit

2123 5624 2372 5695 religiose
2420 5628 2776 5696 observatas,
2815 5641 2872 5687 ut
2911 5634 2997 5687 vir
3033 5636 3288 5690 nimirum
3335 5648 3430 5693 aut
3474 5637 3651 5693 femina

2122 5720 2495 5790 cujuscunque
2525 5732 2700 5777 status
2722 5725 2805 5779 vel
2841 5727 3163 5785 conditionis
3188 5733 3504 5797 existerent,
3530 5726 3667 5785 simul

2121 5829 2183 5867 ac
2236 5822 2441 5868 vestem
2498 5818 2870 5875 menachalctn
2898 5820 3225 5891 induissent,
3269 5840 3364 5881 seu
3392 5840 3485 5897 pro
3526 5818 3665 5877 altari
