3886 6292
516 379 623 438 603

511 508 826 564 priusquam
879 480 1062 563 regula
1115 490 1288 546 sancti
1339 489 1616 546 Benedicti
1667 489 1720 544 itt
1772 505 1835 542 ea
1899 486 2094 542 tradita
2125 489 2174 549 Α

513 587 727 644 fuisset.
767 602 888 640 cum
921 585 1162 652 legamus
1201 594 1449 639 sanctum
1491 583 1782 638 Martinnm
1822 587 1877 636 et
1909 595 2100 635 mona-

513 679 675 732 elnun
728 677 895 731 fuisse
950 685 1007 731 et
1067 677 1166 732 sub
1218 691 1276 730 se
1330 675 1630 729 monachos
1679 673 1935 728 habuisse
2009 671 2103 740 qui

511 768 683 829 multo
743 780 870 822 ante
921 777 1166 822 sanetum
1221 767 1569 822 Benedictum
1626 765 1748 820 fuit.
1790 785 1809 816 ι
1869 764 2100 835 Ecquid,

515 859 732 921 amabo,
760 859 844 912 his
878 858 1058 912 verbis
1098 857 1446 928 expressius?
1478 855 1666 910 Nonne
1694 856 1988 925 imperator
2017 855 2104 911 ille

515 951 706 1025 (multa
739 951 1046 1007 eruditione
1075 951 1356 1022 praeditus)
1397 953 1554 1008 docet
1592 950 1764 1006 solam
1794 949 2106 1006 Benedicti-

516 1061 642 1099 nam
677 1053 788 1099 tum
820 1054 1036 1099 exstare
1067 1045 1328 1116 regulam.
1357 1055 1520 1115 atque
1549 1045 1600 1098 in
1627 1059 1746 1099 eam
1777 1045 2102 1100 sententiam

520 1138 600 1194 ire
618 1136 823 1192 univer.
839 1137 932 1192 os?
955 1137 1042 1192 illa
1066 1139 1277 1194 scilicet
1299 1146 1624 1208 tempestate
1645 1137 1788 1193 solos
1802 1137 2107 1193 Benedicti-

515 1246 616 1284 nos
645 1230 940 1286 asceticam
988 1231 1153 1284 vitam
1201 1247 1386 1302 agere,
1433 1247 1555 1286 cum
1592 1240 1648 1285 et
1688 1241 1896 1299 quaerat
1924 1239 2106 1286 utrum

515 1323 681 1394 aliqui
715 1325 968 1380 monachi
999 1340 1120 1380 esse
1144 1335 1368 1394 possent
1401 1333 1601 1395 praeter
1627 1341 1720 1380 eos
1741 1325 2106 1404 qui'regulam

528 1419 702 1472 sancti
735 1417 1012 1473 Benedicti
1036 1420 1347 1485 observant,
1375 1429 1429 1474 et
1459 1419 1688 1473 ullorum
1718 1420 2104 1474 monachorum

519 1512 532 1565 l
556 1511 663 1566 afld
702 1513 1032 1579 meminerit,
1057 1513 1157 1568 nisi
1196 1513 1643 1568 Martinianorum
1668 1513 1876 1568 duobus
1899 1512 2108 1568 saaculis

519 1604 644 1656 divo
676 1603 972 1660 Benedicto
1003 1607 1396 1676 antiquiorum.

588 1693 811 1762 Verum,
852 1706 910 1751 ut
951 1697 1086 1752 nihil
1129 1699 1389 1753 intactum
1421 1707 1728 1766 remaneat,
1766 1710 1822 1755 et
1847 1699 2108 1756 habemus

523 1788 830 1858 impositam
865 1791 1058 1847 nubem
1092 1792 1308 1846 testium
1335 1791 1523 1860 (Hebr.
1555 1808 1654 1856 xu,
1681 1792 1733 1863 l)
1767 1793 1834 1864 (si
1858 1793 2106 1863 Apostoli

524 1880 686 1931 verba
712 1879 872 1934 liceat
898 1882 1181 1953 usurpare)
1205 1883 1400 1953 quibus
1420 1882 1824 1940 evidentissime
1846 1895 2106 1956 appareat

522 1974 764 2041 regulam
797 1976 934 2030 hanc
962 1992 1059 2046 per
1082 1978 1389 2032 universam
1418 1977 1649 2033 Galliam
1677 1978 1843 2033 fuisse
1865 1997 1894 2034 ιι
1925 1995 2108 2033 mona-

519 2064 640 2117 (his
662 2074 967 2133 susceptam
998 2067 1170 2122 tribus
1197 2067 1368 2123 ferme
1389 2069 1600 2124 szeeulis
1623 2079 1749 2124 ante
1774 2069 2108 2125 Ludovicum

523 2155 676 2209 Pinm
705 2157 794 2226 (de
839 2166 1028 2211 sancto
1076 2158 1283 2222 Mauro,
1315 2159 1404 2228 qui
1437 2160 1646 2229 primus
1688 2160 1835 2214 illam
1865 2161 2106 2224 advexit,

519 2264 585 2302 ex
616 2250 899 2317 industria,
931 2253 1129 2322 quippe
1157 2253 1246 2322 qui
1289 2253 1360 2307 sit
1396 2255 1575 2308 notior
1606 2269 1767 2323 quam
1798 2253 1864 2307 de
1903 2269 1968 2308 eo
2004 2254 2108 2308 dici

521 2341 686 2396 multa
719 2342 971 2410 debeant,
1007 2345 1233 2416 silebo);
1266 2345 1394 2401 libet
1419 2347 1578 2400 altius
1614 2357 1856 2418 repetere
1880 2363 1942 2403 ac
1982 2363 2107 2418 pro-

520 2433 735 2488 trahere
796 2447 1142 2497 sermnnem.
1205 2437 1433 2507 ideoque
1500 2438 1678 2492 fontes
1737 2438 1882 2508 ipsos
1934 2439 2106 2493 adire.

518 2525 820 2581 Concilium
864 2527 1202 2596 Turonense,
1251 2545 1379 2584 ann.
1424 2531 1554 2586 tihr.
1606 2530 1709 2586 8l5
1753 2532 2106 2598 celebratum,

519 2631 638 2685 cap.
662 2616 767 2672 25:
801 2617 1158 2674 «Monasteria
1187 2621 1596 2686 n'tonachornm,
1625 2621 1677 2674 in
1703 2621 1900 2691 quibus
1927 2622 2109 2692 regula

518 2707 662 2762 beati
688 2707 964 2764 Benedicti
989 2709 1164 2764 Patris
1189 2712 1634 2773 conservabatur,
1670 2713 1763 2766 sed
1791 2728 1932 2768 nunc
1960 2712 2102 2768 forte

521 2800 887 2871 qualicunque
943 2802 1271 2872 negligentia
1332 2803 1660 2872 subrepente
1709 2804 1990 2859 remissius
2045 2820 2110 2860 ac

522 2892 836 2949 dissolutius
863 2896 1189 2961 custoditur,
1215 2897 1298 2952 vel
1326 2907 1471 2951 certe
1500 2905 1714 2966 pemtns
1741 2897 1908 2953 oblita
1941 2898 2108 2966 negli-

519 2988 687 3057 gitur,
725 2989 923 3044 bonum
952 2989 1166 3044 videtur
1192 2998 1249 3042 ut
1274 2990 1340 3044 ad
1369 2990 1655 3059 pristinum
1704 2997 1903 3044 statum
1933 3005 2110 3045 rever-

523 3088 688 3144 tatur,
727 3100 744 3131 ι
780 3091 887 3136 etc.
924 3081 1301 3150 Explicatione
1346 3081 1446 3136 ista
1489 3097 1597 3136 non
1641 3081 1900 3152 indigent,
1946 3083 2106 3138 verba

519 3186 796 3240 namque:
832 3195 850 3222 ι
887 3169 1026 3225 Olim
1066 3165 1249 3241 regula
1285 3171 1456 3225 sancti
1495 3171 1772 3226 Benedicti
1811 3188 2108 3228 conserva-
2135 3193 2181 3254 ρ

519 3262 701 3325 batur,
743 3283 762 3315 ›
801 3273 877 3328 et,
938 3281 957 3314 ι
1011 3263 1078 3317 ad
1125 3263 1414 3332 pristinum
1462 3272 1662 3318 statum
1703 3274 2028 3330 revertatur,
2081 3286 2100 3318 ι

520 3354 652 3407 nihil
701 3355 844 3408 aliud
902 3354 1161 3408 denotant
1217 3369 1399 3424 quam,
1458 3354 1628 3409 multo
1683 3365 1809 3410 ante
1864 3366 2106 3425 tempora

521 3445 721 3513 quibus
764 3443 897 3498 illud
939 3444 1220 3500 decretum
1256 3445 1524 3499 saneitmn
1569 3455 1674 3510 est,
1707 3447 1906 3517 reguhe
1939 3447 2108 3503 Bene-

523 3535 740 3590 dictina:
793 3550 949 3589 usum
983 3536 1414 3605 exercitiumque
1439 3537 1716 3592 exstitisse
1744 3538 1884 3606 apud
1920 3553 2110 3592 mona-

521 3627 674 3680 chos.
705 3625 768 3680 Et
801 3625 885 3679 illa
911 3642 1022 3694 Ipsa
1043 3627 2106 3692 coniirmatconciliumCabillouensett,

523 3718 592 3770 ab
642 3718 911 3788 episcopis
957 3720 1248 3788 provincia:
1295 3719 1670 3790 Lugdunensis
1717 3737 1844 3775 ann.
1897 3721 2107 3791 imperii

526 3805 698 3865 Caroli
738 3807 912 3879 Magni
957 3825 1076 3876 xm,
1108 3825 1227 3880 cap.
1257 3811 1328 3865 2‘2
1361 3829 1372 3864 :
1414 3831 1430 3863 ι
1469 3813 1543 3868 De
1573 3813 1860 3867 abbatibus
1895 3821 1950 3866 et
1993 3829 2108 3866 mo-

525 3915 538 3953 t
561 3899 712 3954 achis
755 3898 963 3957 idcirco
985 3903 1070 3957 hic
1095 3919 1263 3972 pauca
1285 3903 1596 3968 scribimus,
1623 3906 1747 3973 quia
1772 3919 1909 3974 pene
1929 3905 2111 3960 omnia

526 3994 852 4048 monasteria
896 3995 1162 4065 regular-ia
1212 3997 1262 4050 in
1309 3996 1394 4050 his
1441 3997 1748 4064 regionibus
1793 3999 2108 4066 constituta,

523 4086 822 4142 secundum
855 4089 1093 4158 regulam
1125 4090 1297 4144 sancti
1333 4089 1612 4144 Benedicti
1641 4105 1698 4144 se
1727 4091 1909 4145 vivere
1940 4090 2110 4145 faten-

525 4187 629 4232 tur.
658 4178 965 4249 lnqniratur
990 4196 1121 4250 ergo
1152 4181 1441 4252 diligenter
1487 4181 1576 4235 ubi
1609 4183 1904 4236 secundum
1931 4183 2104 4252 ipsum

521 4269 767 4324 ordinem
788 4272 1009 4336 vivitur,
1034 4280 1090 4326 et
1112 4251 1204 4326 ubi
1233 4271 1302 4326 ab
1325 4273 1439 4342 ipso
1461 4273 1653 4328 ordine
1677 4273 1979 4342 digressum
2006 4283 2109 4340 est,

526 4367 584 4413 ut
628 4360 782 4428 juxta
825 4360 1068 4428 ejusdem
1138 4361 1288 4416 beati'
1333 4363 1434 4416 viri
1491 4362 1882 4418 institutionem
1930 4365 2114 4419 vivere

521 4459 750 4514 certent,
803 4469 822 4502 ι
878 4459 984 4504 etc.
1031 4449 1140 4506 Nec
1185 4452 1385 4505 morari
1427 4452 1624 4505 debent
1668 4453 1977 4522 quempiam
2023 4451 2114 4506 illa”

521 4541 708 4605 verba,
748 4561 766 4592 ‹
796 4556 932 4610 pene
961 4543 1144 4598 omnia
1165 4545 1492 4600 monasteria
1519 4547 1813 4616 regularia,
1855 4567 1873 4599 ι
1907 4546 2106 4617 quippe
2139 4558 2182 4613 Ι)

521 4641 720 4700 przeter
764 4634 1154 4688 monachorum
1200 4637 1470 4702 emtioliia,
1511 4648 1753 4695 erantet
1793 4640 2104 4695 mansiones

521 4725 844 4778 clericorum
882 4728 1161 4794 canonice,
1209 4729 1312 4784 hoc
1342 4739 1422 4785 est
1454 4732 1555 4786 sub
1595 4731 1777 4801 regula
1805 4731 2102 4784 viventium

523 4817 600 4884 (in
626 4817 672 4868 le
716 4818 1036 4888 canonicos)
1067 4835 1185 4888 qum
1224 4824 1554 4877 monasteria
1603 4839 1820 4892 quoque
1863 4823 2100 4892 appella-

521 4907 751 4973 bantur;
784 4910 1122 4978 polissimnm
1157 4929 1284 4969 vero
1315 4915 1402 4969 ubi
1430 4914 1818 4984 Codegrandus
1852 4914 2104 4970 Metensis

520 4999 806 5069 episcopus
841 5005 1223 5060 canonieorum
1271 5007 1511 5074 reg-uiam
1556 5006 1725 5059 edidit
1768 5006 1950 5075 (quam
2000 5023 2100 5060 ms.

520 5101 802 5147 asscrvant
846 5096 1196 5151 eruditissimi
1239 5099 1338 5152 viri
1383 5098 1618 5153 Jacobns
1663 5099 2010 5164 Sirmondns,
2049 5112 2104 5156 et

517 5183 752 5242 Joannes
777 5187 828 5243 le
853 5187 1070 5259 Prévot)
1101 5206 1412 5260 quanquam
1467 5200 1521 5245 et
1555 5203 1733 5245 exstet
1771 5193 1874 5245 alia
1920 5193 2102 5262 regula

520 5294 612 5332 seu
647 5278 820 5336 forma
859 5281 1216 5338 institutionis
1244 5283 1629 5339 canonicorum
1663 5295 1794 5340 tom.
1827 5287 1866 5340 ll
1891 5287 2099 5342 Concil.

522 5370 685 5435 Gall.,
717 5389 838 5446 pag.
881 5375 1007 5432 529.

590 5467 768 5538 Atque
804 5469 870 5522 ad
915 5469 1250 5540 propositum
1292 5478 1351 5523 nt
1397 5469 1631 5530 redeam,
1675 5487 1741 5526 en
1784 5484 2102 5544 argumenta

516 5557 620 5611 illis
646 5558 801 5629 longe
829 5561 1155 5614 vetustiora:
1183 5575 1248 5614 ex
1276 5560 1650 5629 antiquissima
1678 5560 1792 5617 Vita
1825 5579 1926 5618 ms.
1959 5563 2102 5618 beati

513 5650 731 5704 Juniani
785 5651 1028 5717 abbatis,
1071 5653 1312 5708 Clotario
1363 5655 1538 5724 primo
1582 5671 1706 5728 rege
1747 5656 2100 5720 Francorum,

515 5761 659 5799 anno
700 5746 940 5815 circiter,
987 5747 1053 5802 61
1103 5769 1113 5800 :
1169 5768 1185 5798 ι
1242 5748 1368 5803 l’ost
1414 5749 1638 5804 multam
1686 5750 2102 5805 collocationem

513 5837 941 5905 gloriosissimus
965 5858 1056 5897 rex
1091 5843 1443 5913 interrogavit
1468 5861 1590 5900 eum
1615 5841 1950 5907 (Jnuianutn)
1976 5843 2103 5906 quid

1762 373 1974 431 DOMNI
2013 373 2217 429 LUCAS
2255 375 2576 431 DACHERII

2143 1844 2185 1898 Β
2213 1867 2395 1937 regula
2427 1867 2782 1936 perhibentur
2825 1887 2838 1923 :

2201 489 2383 556 operis
2417 489 2659 554 haberet,
2690 504 2810 560 qua:
2852 491 2981 556 vita,
3012 500 3107 547 aut
3132 491 3285 563 cujus
3317 493 3588 566 religionis
3607 517 3742 562 esset.

2205 577 2302 631 Cui
2332 576 2419 633 ille
2449 578 2762 636 dulcissimo
2797 580 3032 652 alloquio
3074 585 3353 654 respondit
3383 601 3445 641 se
3471 600 3567 642 sub
3591 606 3738 656 mana,

2206 671 2344 726 stico
2371 670 2560 729 ordine
2600 675 2765 728 vitam
2811 675 3032 746 degere,
3061 687 3117 732 et.
3159 679 3444 735 monachis
3479 659 3741 756 prtelatum,

2206 761 2506 818 beatissimi
2557 763 2833 821 Benedicti
2891 767 3141 824 instituta
3199 771 3436 837 servari,
3485 774 3743 845 regularem

2207 853 2323 922 ejus
2353 857 2515 912 vitam
2555 857 2608 912 in
2637 859 2892 915 omnibus
2917 861 3220 926 observari,
3257 863 3530 935 nisiquod
3569 880 3746 939 propter

2207 949 2512 1017 angustiam
2554 948 2658 1005 loci
2696 966 2803 1005 non
2847 967 2966 1006 eam
3007 953 3618 1026 plenissimecustodire
3648 976 3744 1019 cum

2208 1039 2320 1094 suis
2348 1039 2574 1107 valeret,
2618 1057 2715 1098 nec
2761 1058 2820 1100 se
2872 1044 3074 1100 habere
3105 1047 3198 1107 ubi
3252 1048 3574 1106 exercitium
3602 1057 3745 1122 operis

2209 1125 2364 1184 ﬁeret
2413 1130 2712 1185 secundum
2745 1133 2987 1203 regulam
3019 1134 3132 1205 jam
3171 1137 3475 1207 supradicti
3515 1136 3748 1199 Benedicti

2208 1218 2386 1274 Patris
2412 1261 2427 1286 ,
2461 1240 2480 1274 ι
2539 1230 2645 1277 etc.
2699 1221 2979 1280 Habentur
3025 1234 3080 1282 et
3124 1224 3396 1296 ipsissima
3448 1230 3603 1286 verba
3642 1235 3749 1305 apud

2206 1311 2480 1368 Andream
2523 1313 2592 1369 du
2631 1312 2881 1383 Chesne,
2921 1325 3069 1373 tomo
3112 1319 3288 1389 primo
3342 1319 3543 1376 Hister.
3592 1322 3745 1382 Frauc.

2211 1404 2422 1475 script.,
2471 1419 2592 1475 pag.
2645 1405 2774 1473 545,
2825 1406 2922 1474 C.,
2955 1425 3022 1466 ex
3081 1411 3389 1484 fragmento
3443 1413 3574 1468 Vita:
3614 1421 3750 1474 sancti

2208 1494 2448 1550 Jnniani.
2505 1497 2561 1552 lu
2611 1507 2932 1556 testamento
2990 1500 3296 1559 Leodebodi
3351 1505 3560 1562 abbatis
3611 1513 3750 1572 sancti

2207 1584 2403 1640 Aniaui
2432 1586 2860 1656 Aurelianensis,
2893 1605 2989 1646 seu
3021 1577 3219 1648 tabulis
3248 1593 3581 1652 fundationis
3603 1614 3752 1654 mona-

2212 1679 2360 1733 sterii
2394 1678 2778 1748 Floriaeensis,
2801 1683 2867 1738 ab
2891 1683 3125 1754 ipsumet
3150 1684 3349 1743 abbate
3375 1687 3621 1754 conditae,
3641 1670 3750 1747 anno

2213 1770 2507 1828 Dominiea:
2554 1774 2948 1832 lncarnationis
2979 1779 3107 1844 625,
3163 1779 3280 1834 haec
3331 1779 3400 1834 de
3455 1779 3751 1838 Benedictio:

2882 1869 2938 1924 In
2985 1886 3093 1940 quo
3125 1871 3506 1942 (monasterio)
3545 1876 3752 1930 monachi

2206 1958 2359 2029 juxta
2387 1961 2623 2030 regulam
2642 1962 2971 2017 sanctissimi
2997 1962 3274 2019 Benedicti
3298 1974 3355 2017 et
3382 1964 3561 2020 domni
3577 1965 3752 2020 Colum-

2210 2051 2336 2106 bani
2387 2052 2690 2107 consistere
2734 2052 2988 2117 debeant,
3032 2054 3390 2124 singulariter
3435 2057 3500 2110 de
3544 2056 3753 2114 facultate

2211 2141 2565 2212 proprietatis
2599 2159 2734 2198 mere
2763 2145 2984 2200 Christo
3005 2147 3238 2216 przesule
3261 2146 3516 2203 conferre
3540 2148 3759 2216 delibero,

2211 2243 2317 2290 etc.
2356 2235 2426 2289 lis
2450 2249 2518 2289 ex
2545 2236 2726 2291 verbis
2761 2237 2813 2290 in
2854 2239 3106 2293 coenobio
3128 2237 3314 2294 Sancti
3339 2239 3533 2294 Aniani
3558 2240 3756 2297 eamdem

2214 2323 2456 2393 regulam
2486 2333 2612 2380 ante
2656 2325 2748 2380 illa
2796 2335 3040 2397 tempora
3071 2328 3242 2384 fuisse
3273 2340 3546 2402 receptam
3586 2335 3756 2405 perspi-

2211 2431 2338 2471 cere
2365 2425 2466 2472 est.
2501 2416 2614 2472 Nec
2659 2417 2798 2473 ullus
2832 2419 3030 2475 exinde
3066 2421 3173 2477 sibi
3225 2422 3470 2478 facessat
3499 2425 3756 2496 negetium,

2211 2507 2354 2576 quod
2410 2509 2499 2564 hie
2560 2510 2764 2566 mentio
2814 2512 2913 2584 ﬂat
2970 2524 3171 2581 regula:
3223 2515 3400 2570 sancti
3449 2516 3754 2578 Columbam;

2214 2599 2357 2654 illam
2417 2599 2683 2670 siquidem
2747 2602 3019 2658 nonnullis
3089 2603 3142 2658 in
3207 2604 3399 2662 Galliae
3459 2610 3757 2664 monasteriis

2211 2693 2372 2766 365
2405 2710 2509 2748 una
2551 2711 2673 2750 cum
2703 2694 3054 2752 Benedietma
3106 2699 3362 2760 colebant
3410 2701 3675 2757 emnobitae
3711 2718 3759 2756 ea

2213 2794 2556 2856 tempestate,
2610 2787 2753 2856 quod
2782 2787 2924 2844 inter
2957 2789 3093 2845 alios
3132 2793 3315 2862 prodit
3364 2791 3602 2850 0rderic.
3632 2793 3757 2848 \‘ital.

2213 2879 2439 2944 Histor.,
2468 2878 2593 2934 libr.
2623 2896 2741 2945 \‘lll,
2770 2881 2872 2936 sub
2901 2881 3100 2947 finem;
3133 2884 3407 2954 siquidem
3457 2887 3628 2958 regula
3648 2927 3662 2952 ,
3685 2903 3760 2944 seu

2211 2970 2394 3025 verius
2425 2971 2642 3042 regular,
2673 2986 2794 3026 cum
2825 2973 3090 3028 trifariam
3131 2977 3458 3046 reperiatur,
3482 2978 3609 3038 nihil
3642 2977 3760 3032 aliud

2213 3075 2333 3117 esse
2365 3062 2576 3117 videtur
2627 3078 2789 3133 quam
2821 3065 3262 3132 constitutiones,
3303 3067 3450 3133 sive,
3487 3077 3545 3120 ut
3585 3078 3760 3129 vocant,

2211 3151 2606 3210 deelarationes
2657 3155 2709 3208 in
2765 3156 3006 3226 regulam
3061 3159 3240 3212 sancti
3302 3158 3602 3221 Benedicti;
3653 3161 3762 3215 bime

2210 3247 2380 3302 etiam
2428 3247 2750 3317 paraenetiea
2797 3259 3066 3318 prtecepta
3119 3251 3500 3306 tantummodo
3539 3253 3761 3307 submini-

2211 3347 2412 3403 strant;
2451 3339 2552 3391 alia
2581 3354 2709 3394 vero
2737 3338 3041 3410 inlligendue
3063 3355 3238 3410 patrue
3266 3341 3484 3397 modum
3511 3359 3602 3414 pro
3627 3344 3762 3414 culpae

2209 3431 2475 3501 gravitate
2504 3431 2794 3500 specialius
2822 3448 2985 3502 quam
3017 3433 3080 3486 D.
3105 3433 3452 3501 Benedictus,
3485 3436 3760 3506 praescrihit,

2209 3521 2662 3589 quemadmodum
2701 3535 2766 3574 ex
2798 3531 2983 3576 vetere
3011 3521 3330 3590 prwl‘atione
3361 3539 3460 3580 tus.
3489 3509 3554 3578 ad
3583 3524 3760 3578 Cohun-

2209 3612 2334 3666 bani
2381 3611 2619 3679 regulam
2663 3611 2820 3666 deest
2870 3611 3177 3680 Stengelius
3229 3611 3284 3666 in
3331 3611 3539 3668 Corona
3581 3613 3760 3679 lucida,

2211 3706 2403 3776 pagina
2444 3704 2559 3758 l28.
2613 3704 2789 3773 Atque
2823 3703 2876 3757 id
2923 3703 3142 3773 quidem
3189 3705 3482 3762 obscurum
3529 3707 3672 3762 hasce
3697 3722 3764 3761 re-

2211 3798 2364 3868 gulas
2417 3797 2721 3866 inSpicienti
2782 3795 3244 3868 haudquaquam,
3301 3814 3426 3854 mea
3489 3800 3760 3862 sententia,

2213 3890 2434 3959 patebit.
2469 3887 2564 3942 llis
2611 3887 2897 3942 finitimum
2941 3899 3019 3942 es'
3064 3888 3192 3942 illud
3239 3889 3373 3946 Vita:
3417 3893 3584 3947 sancti
3627 3890 3761 3944 Mont-

2215 3982 2340 4036 moli
2372 3979 2529 4050 primi
2562 3979 2923 4033 Floriaccnsis
2962 3979 3200 4034 cmnobii
3235 3979 3472 4048 abbatis,
3528 3996 3586 4035 ac
3626 3980 3761 4034 disci-

2214 4076 2322 4146 puli
2380 4075 2521 4130 beati
2572 4073 2811 4128 Leobodi
2839 4114 2854 4139 ,
2907 4087 2975 4127 ex
3026 4081 3196 4127 veteri
3245 4073 3436 4130 codice
3494 4072 3761 4128 monasterii

2218 4170 2432 4226 Sancta:
2459 4167 2649 4223 Crttcis
2679 4166 2954 4236 Bnrdigal.
2997 4183 3016 4218 ι
3055 4164 3316 4222 Normam
3372 4167 3624 4239 regularis
3666 4167 3761 4220 vice

2215 4264 2528 4334 concupivit
2567 4261 2962 4334 (Mommolus)
2997 4260 3442 4331 contemplationi
3474 4263 3650 4317 divinae
3689 4276 3761 4315 cu-

2217 4361 2371 4430 piens
2397 4357 2695 4417 adhazrere,
2726 4353 3043 4424 religionem
3071 4353 3260 4408 eximii
3301 4353 3483 4408 Patris
3527 4354 3758 4408 Benedicti

2219 4449 2499 4521 qumsivit,
2531 4447 2630 4501 soli
2685 4446 2928 4499 nuntium
2980 4445 3110 4515 Regi
3169 4445 3358 4500 intimo
3398 4449 3558 4501 corde
3594 4447 3759 4500 servire

2210 4547 2566 4608 desiderans,
2639 4544 2740 4597 sub
2795 4542 2958 4596 Patre
3017 4541 3270 4604 Leobodo
3326 4542 3544 4602 Christo
3604 4540 3760 4597 ntcruit

2207 4637 2478 4693 famulari.
2518 4654 2536 4687 ι
2571 4633 2812 4689 Judicael
2853 4633 3148 4688 Britannia:
3181 4649 3302 4698 rex,
3339 4632 3518 4690 factus
3563 4642 3758 4703 postmo-

2205 4731 2332 4785 dum
2352 4728 2668 4791 tnonaehus,
2684 4727 2736 4780 in
2755 4727 3084 4780 monasterio
3098 4741 3126 4780 a
3141 4742 3198 4780 se
3217 4727 3374 4780 condi
3384 4735 3436 4782 to
3455 4725 3761 4782 Sanctiloan-

2207 4823 2290 4878 nis
2305 4824 2368 4877 de
2385 4821 2572 4886 Gaelo,
2589 4835 2730 4875 nunc
2745 4818 2930 4874 Sancti
2947 4818 3454 4892 Illenevetmi,vnlgo
3469 4820 3611 4875 Saint
3623 4817 3758 4872 Mer».

2207 4914 2524 4970 fumlatione
2580 4929 2683 4966 ms.
2741 4910 2947 4981 profert
2996 4911 3114 4964 hme
3163 4911 3378 4965 verba:
3451 4929 3469 4962 ι
3516 4909 3676 4964 llonor
3718 4915 3762 4976 et

2207 5005 2376 5077 gloria
2426 5005 2537 5059 Deo
2575 5001 2958 5073 omnipotenti,
2995 5009 3051 5056 ct
3085 4999 3289 5055 famulo
3341 4999 3464 5070 ejus
3513 4999 3760 5056 Benedicto

2209 5099 2602 5153 monachorum
2636 5095 2880 5165 parenti,
2916 5094 2968 5148 in
3007 5094 3167 5148 terris
3188 5093 3303 5162 jam
3341 5094 3590 5149 defuncto
3619 5090 3695 5146 sed
3717 5091 3758 5143 in

2206 5194 2360 5249 cmlis
2406 5191 2720 5263 perenniter
2748 5189 2968 5242 viventi.
3004 5208 3022 5240 ι
3068 5188 3270 5242 Deinde
3298 5198 3422 5258 post
3463 5189 3563 5242 alia
3590 5201 3604 5240 :
3631 5205 3646 5237 ι
3675 5181 3761 5236 llos

2206 5295 2385 5340 autem
2411 5283 2652 5338 redditus
2681 5281 3072 5349 inperpetuum
3099 5279 3364 5334 donamus
3389 5281 3514 5336 huic
3537 5285 3760 5334 monaste-

2208 5385 2291 5438 rio
2319 5380 2506 5436 Sancti
2537 5377 2766 5432 Joannis
2795 5378 2862 5430 de
2892 5375 3080 5440 Gaelo,
3109 5391 3205 5444 pro
3231 5374 3442 5429 alendis
3467 5370 3640 5441 viginti
3662 5376 3759 5421 octo

2210 5473 2489 5529 monachis
2529 5472 2638 5525 Deo
2688 5469 3052 5524 servientibus
3097 5468 3196 5522 sub
3251 5465 3436 5534 regula
3479 5464 3534 5519 S.
3569 5458 3755 5516 Benedi-

2208 5565 2298 5628 cti,
2327 5582 2344 5615 ι
2381 5571 2490 5616 etc.
2513 5559 2638 5614 lia-:c
2666 5567 2846 5612 autem
2876 5557 3020 5612 circa
3053 5571 3254 5610 annum
3280 5553 3386 5610 650
3411 5562 3526 5608 acta
3549 5557 3758 5605 constare

2208 5653 2441 5707 videtur.
2472 5650 2812 5718 Prmceptum
2858 5647 3085 5700 (ilotarii
3118 5645 3180 5700 Ill
3217 5646 3358 5715 regis
3386 5645 3454 5698 de
3482 5638 3756 5697 fnndatinnc

2210 5743 2525 5800 monasterii
2562 5740 2906 5797 Corbciensis
2960 5751 3091 5794 tom.
3123 5738 3140 5792 I
3179 5739 3388 5792 Concil.
3437 5735 3627 5795 Gallia),
3656 5743 3754 5798 pag-

2212 5837 2338 5888 ἐλέὶῦ-
2379 5836 2478 5893 sub
2529 5833 2737 5892 initium
2776 5852 2787 5887 :
2828 5853 2844 5886 ι
2891 5832 3057 5904 Igitur
3106 5831 3230 5887 dum
3283 5837 3496 5898 nos,.et
3537 5820 3754 5900 praecisa
