3864 6304
87 426 175 483 605

1130 429 1196 486 ΙΝ
1224 429 1439 488 EPIST.
1480 431 1537 483 Β.
1581 427 1971 484 LANFRANCI
2014 426 2243 484 NOTAE.

3186 415 3326 480 ~60f;

87 539 285 611 genitrix
310 544 497 594 nostra
527 540 717 594 domna
746 541 1103 599 Baldechildis
1132 548 1629 616 regina,monaste-
1658 550 1702 609 Α
1728 559 1937 605 omnes,
1996 557 2117 597 cum
2153 554 2256 596 una
2322 541 2618 612 eademque
2656 548 2801 596 esset
2831 583 2841 605 ,
2893 541 3086 611 duplex
3132 550 3313 595 tamen

88 631 204 683 rium
230 629 279 682 in
323 629 535 684 honore
562 640 873 686 sanctorum
905 634 1048 689 Petri
1075 646 1128 691 et
1175 637 1325 691 Pauli
1364 638 1633 707 apostolo-

87 736 205 786 rum,
232 720 400 774 sancti
437 719 697 791 Stephani
738 727 1182 796 protomartyris,
1215 743 1376 799 super
1414 728 1633 783 fluvium

87 811 333 870 Somnam.
366 809 421 862 in
477 810 594 863 loco
646 813 736 879 qui
770 813 972 868 dicitur
1017 815 1268 883 Corbeia,
1302 819 1391 873 ubi
1441 829 1636 889 przeest

85 900 378 956 venerabilis
413 901 503 955 vir
530 901 853 960 Theofridus
879 907 1015 962 abba
1048 923 1145 978 pro
1169 911 1357 965 aeterni
1391 909 1637 967 Numinis

87 994 254 1047 intuitu
282 993 545 1049 edificari
570 998 947 1066 praecepimus,
965 1009 1025 1054 ut
1046 1002 1296 1057 monachi
1327 1003 1426 1057 sub
1449 1012 1635 1058 sancta

87 1086 239 1158 regula
273 1087 654 1157 (Bcnedictina
690 1091 983 1158 nimirum,
1039 1103 1098 1147 ut
1133 1110 1297 1164 supra
1347 1095 1636 1165 probatum

86 1180 172 1249 est)
203 1178 391 1233 ibidem
423 1179 662 1236 debeant
683 1184 1018 1237 conversari.
1052 1204 1070 1235 ι
1103 1184 1169 1238 Et
1205 1185 1257 1239 in
1303 1186 1582 1257 privilegio
1607 1202 1638 1241 a

87 1266 352 1324 Bertefrido
385 1270 741 1327 Ambianensi
777 1274 1032 1343 episeopo
1084 1276 1257 1331 eidem
1306 1277 1639 1332 monasterio

87 1375 337 1427 concesso,
384 1362 478 1416 ubi
512 1378 674 1433 supra
713 1373 833 1434 post
862 1366 1136 1421 medium:
1173 1385 1192 1419 ι
1231 1367 1298 1422 Ut
1335 1369 1501 1437 quiet:
1542 1369 1642 1423 sub

88 1450 240 1521 regula
283 1462 474 1507 sancta
513 1453 614 1523 ipsi
642 1455 896 1511 monachi
918 1457 1100 1512 vivere
1121 1458 1349 1513 debeant
1374 1460 1439 1513 ad
1466 1459 1640 1529 ipsum

88 1543 442 1598 monasterium
466 1543 862 1602 deservientes.
902 1569 919 1600 ι
948 1549 1018 1602 At
1048 1564 1178 1605 vero
1201 1550 1391 1620 objicis
1430 1568 1444 1605 :
1498 1550 1641 1606 Infra

87 1648 280 1689 cernere
304 1643 432 1688 sunt
462 1636 594 1693 ista.
627 1656 645 1688 ι
682 1637 815 1692 lllud
846 1638 1008 1693 etiam
1036 1641 1157 1695 addi
1183 1641 1419 1712 placuit:
1449 1651 1507 1697 ut
1542 1643 1643 1712 ipsi

88 1726 305 1779 monachi
326 1727 427 1782 sub
457 1727 644 1799 regula
674 1731 848 1785 sancti
875 1730 1271 1798 Benedicti,vel
1300 1733 1641 1801 Columbani,

89 1821 402 1885 conversari,
456 1831 514 1875 et
558 1822 744 1877 vivere
796 1822 1047 1879 debeant.
1089 1845 1106 1877 ι
1159 1824 1299 1893 Quid
1352 1830 1501 1881 tum?
1548 1826 1643 1883 llis

88 1912 303 1967 videlicet
334 1929 402 1968 ex
433 1914 620 1970 verbis
669 1915 919 1984 indigitat
946 1917 1279 1974 Bertcfridus
1324 1920 1486 1974 aliam
1523 1935 1643 1977 esse

89 2004 228 2057 sancti
260 2003 543 2060 Benedicti
597 2021 627 2059 a
674 2009 844 2063 sancti
892 2008 1209 2065 Columbani
1260 2012 1470 2079 regula,
1519 2029 1642 2068 cum

91 2092 369 2161 disjunctive
397 2096 489 2151 hic
517 2096 794 2168 loquatur.
827 2099 976 2155 Itane
1015 2103 1180 2156 vero?
1202 2101 1338 2156 Num
1379 2103 1641 2172 particula

89 2185 149 2237 rel
176 2202 375 2257 semper
402 2188 734 2258 disjunctiva
756 2200 857 2255 cst,
879 2202 932 2247 et
959 2208 1062 2247 non
1096 2193 1386 2264 aliquando
1420 2211 1516 2264 pro
1549 2210 1642 2249 co-

92 2274 314 2343 pulativa,
348 2292 442 2333 seu
499 2279 695 2349 majori
727 2280 1089 2349 explicatione
1139 2284 1463 2352 usurpatur?
1510 2285 1642 2339 Bern

91 2367 343 2433 probemus
398 2371 670 2440 exemplis
717 2371 983 2429 :Terent.
1034 2373 1281 2429 Eunuch.
1328 2374 1395 2440 2,
1444 2375 1503 2437 5,
1549 2376 1639 2430 25.

99 2474 112 2505 ι
143 2455 347 2514 Maxime
374 2475 461 2514 me
493 2460 591 2515 tibi
636 2462 870 2516 amicum
920 2463 1047 2517 facit
1077 2464 1157 2517 vel
1192 2464 1362 2519 virtus
1410 2464 1491 2519 vel
1545 2466 1644 2519 do-

96 2550 254 2603 ctrina.
289 2571 307 2605 ι
340 2552 522 2608 Cicer.
557 2555 635 2609 De
672 2554 832 2610 claris
858 2566 997 2610 orat.
1027 2556 1148 2611 151.
1184 2576 1201 2609 ‹
1248 2558 1533 2612 Multorum
1561 2558 1644 2614 vel

95 2638 255 2695 honori
280 2643 360 2697 vel
408 2644 657 2714 periculo
683 2645 911 2700 servire.
950 2664 967 2697 ι
1000 2646 1055 2699 ln
1097 2656 1325 2717 utroque
1368 2649 1444 2702 re!
1473 2664 1569 2718 pro
1598 2659 1644 2703 et

98 2734 209 2788 sumi
236 2745 428 2790 norunt
458 2737 825 2808 grammatici.
861 2737 967 2792 Sed
1012 2741 1077 2793 ad
1127 2755 1238 2794 rem
1275 2758 1287 2793 :
1325 2739 1383 2795 S.
1421 2740 1649 2794 Benedi-

98 2826 258 2881 ctusin
286 2830 513 2899 prologo
544 2829 764 2901 Regula:
793 2847 809 2886 :
855 2852 873 2884 ι
908 2833 1210 2889 Succinclts
1249 2850 1378 2905 ergo
1411 2835 1533 2900 ﬁde,
1565 2834 1648 2889 vel

98 2919 398 2975 observantia
430 2921 702 2977 bonorum
733 2932 949 2979 actuum
991 2925 1188 2981 lumbis
1216 2926 1438 2992 nostris,
1477 2946 1496 2978 ι
1540 2935 1645 2981 etc.

99 3008 204 3075 Quze
230 3011 303 3067 sic
329 3012 573 3068 elucidat
599 3012 948 3071 doctissimus
976 3015 1166 3071 Petrus
1208 3017 1433 3071 Boerius
1460 3017 1645 3071 Sancti

100 3100 261 3157 Aniani
288 3103 475 3170 abbas,
506 3113 633 3176 post
665 3106 970 3176 episcopus,
1001 3107 1055 3161 in
1109 3110 1498 3164 commentario
1543 3124 1644 3164 ms.

101 3190 142 3245 in
168 3192 407 3264 Regulam
437 3197 619 3252 sancti
648 3196 921 3254 Benedicti
957 3217 969 3251 :
1017 3219 1035 3251 ι
1076 3200 1298 3271 Expone
1320 3203 1421 3256 hoc
1450 3201 1525 3255 rei
1552 3216 1649 3272 pro

104 3296 158 3347 el,
183 3288 295 3357 quia
318 3290 361 3343 si
388 3289 517 3345 boni
561 3298 717 3345 actus
742 3291 935 3346 desunt
964 3290 1109 3357 fidei,
1142 3308 1247 3347 non
1293 3294 1461 3348 habes
1492 3294 1649 3348 meri-

104 3385 215 3441 tum,
254 3388 382 3435 teste
406 3379 637 3447 Jacoho,
674 3381 806 3436 fides
828 3382 946 3437 sine
968 3383 1223 3452 operibus
1248 3391 1458 3436 mortua
1491 3393 1593 3437 est.
1626 3403 1643 3434 ι

104 3467 220 3524 ldem
264 3474 314 3527 in
355 3490 476 3544 cap.
528 3473 601 3529 46
638 3474 877 3543 ejusdem
920 3476 1154 3545 regnlte,
1205 3475 1485 3543 explicans
1536 3476 1651 3530 hmo

103 3562 263 3616 verba:
284 3583 300 3615 ι
334 3565 473 3620 Ante
509 3565 765 3620 abbatem
813 3566 895 3619 vel
917 3566 1410 3635 congregationem,
1442 3580 1651 3634 expone

104 3652 165 3705 vel
203 3670 290 3723 pro
316 3666 383 3721 et,
411 3658 541 3726 quia
590 3656 721 3710 tales
751 3657 1083 3725 proditiones
1110 3666 1509 3710 consueverunt
1534 3656 1650 3710 fieri

105 3742 147 3797 in
170 3746 402 3814 capitulo,
447 3767 465 3801 ι
503 3757 613 3801 etc.
644 3747 711 3801 Et
747 3747 897 3816 llngo
931 3747 1218 3801 Menardus
1258 3746 1310 3800 in
1345 3746 1431 3800 illa
1461 3746 1648 3808 verba,

103 3850 198 3904 cap.
241 3838 617 3894 5Coucordim
670 3839 1023 3907 regularum:
1087 3857 1104 3889 ι
1150 3837 1263 3891 Sub
1316 3837 1498 3906 regula
1567 3834 1651 3889 vel

106 3926 269 3984 abbate
312 3946 430 4002 pag.
466 3930 595 3985 102.
640 3930 764 3985 Ηωρ
802 3929 1134 3997 conjunctim
1187 3930 1447 3984 sumenda
1504 3938 1650 3993 sunt,

106 4019 165 4073 ita
207 4034 259 4076 nt
302 4024 572 4093 particula
628 4023 706 4077 vel
755 4034 990 4094 ponatur
1032 4037 1129 4092 pro
1179 4021 1504 4091 copulativa.
1561 4020 1653 4076 Sic

102 4115 237 4168 etiam
265 4116 501 4187 loquitur
523 4117 583 4171 S.
608 4116 866 4186 Eulogius
909 4116 1033 4171 libr.
1069 4132 1107 4170 ιι
1156 4114 1484 4171 Memorialis
1526 4129 1653 4168 satr-

103 4214 281 4261 ctorum
307 4224 422 4276 cap.
452 4208 507 4262 4.
553 4206 654 4274 Qui
684 4207 881 4260 dudum
920 4207 1021 4261 sub
1041 4207 1223 4276 regula
1276 4206 1362 4260 vel
1383 4205 1576 4259 abbate
1596 4220 1654 4258 se

106 4296 394 4353 dediderint.
439 4300 508 4354 Et
536 4299 609 4353 ita
652 4299 851 4367 passim
880 4299 1116 4368 loquitur
1140 4296 1198 4350 S.
1225 4296 1568 4359 Benedictus,
1598 4301 1655 4347 et

106 4401 324 4449 auctores
376 4396 429 4449 in
493 4395 599 4448 hac
647 4392 952 4447 Concordia
1005 4390 1175 4445 citati.
1222 4388 1331 4443 Nec
1369 4387 1656 4441 coenohitas

108 4482 293 4549 regulze,
337 4484 416 4538 vel
450 4481 637 4537 abbati
690 4482 945 4545 seorsim,
996 4480 1088 4534 sed
1132 4477 1331 4549 regulze
1369 4485 1424 4531 et
1472 4476 1652 4530 abbati

106 4574 237 4629 simul
281 4578 663 4647 subjiciuntur.
708 4594 726 4626 ι
767 4574 860 4629 lllc
887 4575 1002 4643 ipse
1046 4573 1266 4637 iterum,
1323 4572 1389 4625 ad
1438 4570 1651 4624 titulum

105 4668 267 4735 capitis
297 4669 365 4724 46
405 4672 479 4726 De
509 4670 751 4735 senibus,
805 4668 889 4723 vel
916 4664 1231 4721 infantibus.
1282 4685 1298 4717 ι
1328 4663 1441 4719 Hoc
1473 4662 1649 4727 titulo,

107 4759 271 4828 inquit,
300 4763 566 4834 particula
610 4761 687 4816 vel
739 4761 978 4816 sumitur
1021 4758 1346 4830 cepulative,
1399 4772 1505 4810 non
1542 4756 1654 4811 dis-

106 4851 329 4919 junctive,
376 4857 504 4926 quia
554 4863 716 4931 caput
763 4852 875 4921 agit
918 4852 983 4906 de
1032 4850 1297 4920 utrisque.
1327 4867 1346 4901 ι
1381 4848 1653 4915 Quorsum

111 4955 259 5001 autem
283 4948 333 5002 in
347 4942 717 5005 coenobiorum
734 4943 1157 5005 fundationibus,
1175 4942 1408 5012 gestisve
1431 4949 1621 4996 saneto
1634 4967 1652 4979 ο

110 5050 209 5091 rum
256 5042 435 5113 regula
487 5040 589 5096 SS.
650 5037 929 5093 Benedicti
977 5044 1031 5091 et
1078 5035 1396 5091 Columbani
1450 5033 1653 5103 possint

110 5128 411 5187 observanda
448 5139 783 5203 proponatur
832 5127 1304 5199 prtecipiaturque,
1331 5125 1521 5194 paucis
1541 5124 1656 5178 ltmc

112 5217 297 5277 habeto.
352 5224 650 5294 Eapropter
683 5220 965 5288 utriusque
998 5220 1059 5273 lit
1097 5217 1323 5279 mentio,
1372 5215 1514 5285 quod
1556 5213 1657 5283 (nti

113 5324 248 5381 supra
272 5312 708 5384 memoravimus)
736 5312 996 5383 quasdam
1043 5310 1185 5379 leges
1216 5317 1378 5377 atque
1410 5309 1657 5361 instituta

113 5403 396 5459 condiderat
421 5404 483 5458 B.
511 5404 897 5465 Columbanus,
928 5414 1036 5469 quo
1064 5399 1256 5453 melius
1308 5398 1658 5465 strictiusque

116 5492 284 5561 regulm
321 5494 677 5549 Benedictinze
702 5493 1029 5547 inhaererent
1059 5489 1360 5543 emnobitze.
1388 5486 1658 5541 Praeterea

118 5583 231 5635 adeo
260 5584 479 5640 celebris
523 5583 842 5639 Columbani
894 5591 944 5637 et
983 5580 1366 5650 discipulorum
1408 5579 1526 5647 ejus
1563 5578 1659 5632 do.

117 5670 290 5739 ctrina,
322 5677 509 5744 pietas,
546 5684 805 5729 Sanctitas
832 5673 1059 5727 Galliam
1085 5672 1390 5724 universam
1423 5668 1654 5722 illustrao

123 5774 270 5829 verat,
326 5776 383 5821 ut
429 5769 663 5838 regulam
714 5766 885 5820 sancti
909 5764 1182 5818 Benedicti
1213 5802 1226 5826 ,
1287 5761 1503 5815 nomine
1556 5761 1657 5813 Cu-

124 5852 356 5926 ltuubani,
400 5871 577 5932 utpote
625 5861 765 5916 illius
807 5859 1269 5916 obscrvautissimi
1323 5858 1652 5928 oppriment

1735 638 1924 690 sortita
1956 649 2178 700 nomen;
2208 633 2349 702 quod
2390 642 2444 688 et
2466 634 2580 702 pari
2631 637 2841 687 ratione
2876 632 3141 702 hodieque
3167 631 3311 685 iden-

1737 729 1898 783 tidem
1922 726 2159 782 occurrit
2183 726 2324 780 inter
2353 726 2659 794 legendum,
2684 724 2848 795 366
2860 724 3108 778 videlicet
3133 723 3316 795 regula

1736 819 2150 885 Clunianensis,
2196 818 2381 888 regula
2412 817 2805 881 Cistertiensis,
2840 816 3021 885 regula
3073 814 3318 869 Caelestis

1739 927 1952 975 norum,
1983 910 2502 976 Camaldulensium,
2550 919 2657 965 etc.
2689 909 2839 964 Ordo
2885 908 3050 962 etiam
3094 906 3337 960 Clunia-

1738 1002 1939 1066 ceusis,
1972 1001 2370 1067 Cistertiensis,
2412 1001 2718 1068 Beccensis,
2750 998 3189 1059 Caelestinorum,
3222 996 3321 1051 Sil-

1740 1094 2133 1155 vestrinorum,
2163 1099 2312 1156 etc.,
2364 1090 2614 1160 quamvis
2670 1088 2912 1158 regulam
2967 1085 3322 1156 profiteantur

1740 1183 1964 1248 nullam,
1983 1190 2178 1253 praeter
2196 1182 2624 1246 Benedictinam,
2642 1177 3120 1235 constitutionibus
3140 1184 3321 1228 tamen

1742 1274 2281 1343 institutionibusque
2307 1274 2558 1339 diversis,
2586 1273 2782 1344 quibus
2817 1270 2887 1326 ab
2935 1270 3056 1325 aliis
3084 1269 3324 1337 ejusdem

1742 1368 1938 1439 regula:
1994 1367 2295 1424 cultoribus
2351 1376 2740 1432 secernuntur,
2800 1364 3138 1419 adornatam.
3189 1358 3325 1413 llnic

1742 1462 1960 1517 veritati
2042 1458 2368 1529 suffragatur
2424 1458 2767 1530 privilegium
2828 1472 2922 1513 seu
2981 1451 3339 1510 confirmatio.

1744 1551 2074 1610 fundationis
2120 1554 2435 1609 mouialium
2472 1553 2532 1608 B.
2590 1552 2776 1607 Mariae
2829 1546 3239 1606 Suessionensis
3294 1538 3339 1596 θ’

1746 1646 1974 1701 Drausio
2008 1644 2151 1700 illius
2196 1644 2432 1700 civitatis
2487 1644 2772 1713 episcopo,
2811 1639 2963 1709 regni
3010 1636 3233 1693 Clotarii
3262 1634 3339 1688 111
3381 1665 3383 1668 ‹

1750 1750 1891 1791 anno
1918 1735 2093 1803 Lubi
2140 1735 2194 1789 in
2228 1734 2335 1789 fine
2361 1734 2475 1789 lucc
2526 1733 2776 1800 leguntur
2809 1749 2823 1784 :
2858 1748 2877 1780 ι
2916 1727 2987 1783 Ut
3023 1726 3161 1781 infra
3216 1740 3329 1779 mo-

1748 1828 2044 1883 nasterium
2071 1827 2310 1898 virgines
2337 1836 2392 1881 et
2442 1835 2609 1882 castae
2639 1825 2872 1880 debeant
2916 1820 3143 1874 Domino
3187 1816 3329 1870 mili—

1677 1896 1723 1955 Β
1752 1928 1887 1981 tare,
1917 1896 2212 1972 secundum
2240 1924 2422 1974 votum
2446 1929 2588 1984 smpe
2614 1915 2881 1968 dictorum
2921 1911 3089 1963 Deum
3137 1916 3330 1961 umen~

1747 2010 1899 2074 tium,
1936 2009 2026 2077 qui
2064 2015 2484 2062 construxerunt
2516 2004 2759 2073 regulam
2796 2001 2855 2056 S.
2880 1998 3155 2054 Benedicti
3186 2037 3200 2061 ,
3246 2004 3324 2057 ut,

1745 2110 2029 2171 postquam
2074 2100 2127 2152 in
2180 2099 2296 2168 ipso
2348 2096 2684 2152 monasterio
2735 2092 3045 2150 introierint
3095 2087 3328 2143 Demino

1747 2193 2003 2256 militare,
2036 2190 2184 2247 foras
2225 2190 2292 2244 de
2323 2190 2439 2259 ipso
2470 2186 2804 2242 monasterio
2855 2184 3006 2238 exire
3056 2180 3329 2235 licentiam

1747 2299 1854 2337 non
1883 2283 2151 2347 habeant;
2179 2291 2233 2335 et
2253 2281 2319 2334 ad
2350 2280 2565 2333 modqu
2602 2274 2963 2332 Luxoviensis
2993 2269 3327 2333 monasterii,

1746 2375 1889 2445 quod
1930 2373 1989 2426 Β.
2016 2370 2384 2427 Columbanus
2415 2369 2606 2433 tenuit,
2648 2366 2884 2437 regulam
2917 2378 3109 2432 nempe
3141 2374 3333 2431 supra-

1747 2470 1969 2532 dictam,
1995 2467 2061 2521 ad
2086 2465 2387 2536 profectum
2436 2462 2740 2515 animarum
2771 2472 2958 2513 earum
2992 2454 3244 2509 studeant
3276 2454 3330 2505 in

1746 2559 2000 2615 omnibus
2035 2555 2331 2613 custodire.
2372 2572 2390 2604 ι
2422 2552 2589 2607 Notes
2629 2551 2717 2605 hic
2761 2549 2952 2611 velim,
2978 2547 3165 2609 lector,
3210 2564 3227 2594 ι
3265 2542 3335 2596 ad

1748 2649 1966 2704 modum
2000 2645 2355 2702 Luxoviensis
2394 2642 2742 2708 monasterii,
2782 2660 2800 2693 ι
2853 2638 3050 2707 quibus
3091 2633 3333 2705 profecto

1747 2740 1928 2795 verbis
1977 2741 2134 2794 docet
2189 2734 2317 2790 illud
2376 2733 2716 2805 privilegium
2777 2730 3204 2795 adhortaturque
3274 2732 3335 2778 ut

1749 2831 1945 2902 regulae
1975 2830 2031 2886 S.
2067 2829 2343 2885 Benedicti
2371 2834 2637 2896 praecepta
2669 2824 2736 2879 ad
2768 2823 2985 2877 modum
3028 2818 3357 2874 Luxovien-‘

1749 2925 1824 2980 sis
1850 2921 2186 2987 monasterii,
2218 2921 2318 2977 hoc
2348 2930 2461 2984 est,
2495 2926 2656 2989 prout
2684 2914 2818 2971 inihi
2852 2904 3195 2976 observatur,
3224 2924 3333 2962 una

1750 3034 1871 3073 cum
1907 3016 2123 3071 statutis
2145 3031 2175 3069 a
2207 3016 2266 3068 B.
2297 3012 2634 3069 Columbano
2662 3006 2917 3076 digestis,
2955 3003 3208 3059 studeant
3236 3000 3336 3054 ad-

1752 3112 1994 3183 implere.
2026 3110 2376 3165 Proferamus
2412 3106 2652 3169 tandem,
2681 3101 2836 3171 quasi
2869 3099 3035 3154 robur
3074 3104 3127 3155 ct
3156 3094 3337 3148 firma-

1752 3212 1993 3259 mentum
2066 3216 2254 3255 eorum
2316 3214 2437 3269 qua:
2510 3197 2576 3251 de
2641 3192 2826 3265 regula
2860 3186 3212 3244 Benedictina
3282 3194 3338 3237 et

1752 3296 2177 3353 Columbaniana
2218 3294 2271 3347 in
2319 3290 2554 3346 medium
2615 3284 2970 3357 produximus
3000 3322 3012 3344 ,
3066 3295 3096 3333 e
3152 3276 3336 3331 tabula

1752 3389 2080 3446 funtlationis
2119 3385 2352 3441 ccenohii
2386 3379 2842 3437 Solemniacensis
2874 3372 3052 3444 (cujus
3091 3370 3338 3426 condito~

1752 3496 1865 3535 rem
1917 3479 1974 3532 S.
2008 3478 2239 3545 Eliginm
2272 3475 2581 3544 episcopum
2627 3467 3101 3522 Novioduneusem
3141 3461 3338 3514 asserit

1752 3571 1865 3626 Ιιίες
1892 3568 2095 3636 tabula)
2133 3581 2252 3636 quze
2295 3566 2346 3619 in
2379 3578 2489 3617 rem
2521 3568 2766 3614 nostram
2798 3554 3007 3610 faciunt
3040 3549 3291 3604 nonnulla
3318 3587 3336 3613 ,

1751 3659 2119 3715 Bcncdictinis
2183 3657 2330 3711 omni
2394 3651 2751 3709 veneratione
2812 3643 3202 3701 exosculauda.
3268 3641 3338 3695 iis

1752 3752 1951 3805 etenim
1995 3750 2323 3820 prmdicatur
2351 3756 2407 3801 et
2455 3746 2570 3814 ipse
2616 3742 2818 3811 Eligitts
2864 3735 3222 3792 Benedic-time
3253 3746 3337 3786 ta»

1754 3840 1915 3895 milia:
1953 3840 2201 3894 alumnus
2252 3837 2418 3909 (quod
2472 3834 2687 3889 favente
2736 3830 2952 3885 Christo
2978 3866 2992 3893 ,
3026 3827 3150 3881 dum
3188 3824 3339 3878 Vitas

1753 3942 2061 3986 sanctorum
2096 3932 2265 3986 nostri
2297 3929 2506 3983 ordinis
2534 3924 2932 3994 evulgabitnus,
2972 3920 3093 3975 luce
3136 3917 3339 3972 clarius

1752 4039 1938 4077 smnus
1966 4022 2277 4089 ostensuri),
2314 4022 2373 4075 Β.
2415 4033 2629 4089 quoque
2673 4015 3043 4070 Columbanus
3069 4050 3083 4074 ,
3119 4018 3174 4064 et
3220 4010 3339 4077 ejus

1754 4115 2063 4169 monasterii
2092 4112 2445 4168 Luxoviensis
2473 4108 2779 4165 etenobitze.
2816 4106 2871 4159 ln
2906 4104 3007 4157 hac
3035 4117 3167 4170 ergo
3212 4101 3334 4152 lun-

1752 4205 1969 4258 dationc
1997 4212 2115 4273 post
2141 4203 2353 4257 initium
2384 4202 2455 4254 ita
2484 4201 2734 4253 abbatem
2783 4207 2840 4251 ct
2880 4194 3176 4248 monachos
3206 4206 3335 4245 suos

1753 4294 2045 4361 alloquitur
2102 4292 2161 4344 B.
2203 4291 2445 4360 Eligius:
2485 4307 2503 4339 t
2542 4289 2617 4341 Ea
2678 4297 2855 4340 tamen
2901 4282 3217 4339 conditione
3264 4281 3340 4333 in-

1756 4386 2015 4455 terposita
2078 4392 2138 4437 ut
2190 4397 2287 4435 vos
2340 4380 2425 4433 vel
2471 4382 2812 4434 successores
2854 4375 3013 4429 vestri
3067 4372 3339 4427 tramitem

1757 4475 2033 4546 religionis
2060 4474 2528 4530 sanctissimornm
2560 4472 2800 4524 virorum
2839 4467 3197 4521 Luxoviensis
3221 4482 3339 4519 tuo-

1755 4568 1979 4623 nasterii
2034 4564 2479 4634 consequamini,
2517 4575 2572 4617 et
2615 4559 2852 4630 regulam
2904 4559 3340 4611 beatissimorum

1755 4659 1979 4713 Patrum
2002 4655 2276 4711 BenediCti
2319 4664 2374 4709 et
2407 4650 2728 4710 Columbani
2768 4648 3000 4702 firmiter
3029 4649 3275 4701 teneatis.
3318 4668 3335 4700 ι

1755 4752 1823 4805 Ει
1853 4749 2036 4804 multis
2061 4747 2397 4818 interjectis:
2433 4765 2451 4797 ι
2492 4742 2666 4799 Simili
2715 4741 2875 4795 modo
2923 4751 2995 4804 te,
3030 4740 3344 4795 beatissime

1754 4845 1916 4900 Pater
1973 4842 2229 4898 Remaole
2284 4841 2463 4904 abba,
2533 4846 2764 4906 tuosque
2842 4847 3189 4889 successores
3258 4829 3341 4883 vel

1756 4936 2029 5006 subjectos
2058 4934 2291 5005 postulo,
2317 4947 2410 5001 per
2440 4929 2728 4984 individua:
2757 4924 3044 4980 Trinitatis
3086 4922 3341 4989 majesta-

1763 5044 1869 5090 tetn
1918 5032 2184 5093 obtestor,
2215 5038 2274 5082 ut
2302 5025 2540 5093 regulam
2592 5022 3023 5093 supradictorum
3056 5017 3299 5069 ‘Patrnm
3326 5050 3341 5072 ,

1762 5140 1927 5195 quam
1983 5124 2038 5176 in
2085 5136 2228 5190 smpe
2278 5126 2575 5172 memorato
2637 5111 2967 5168 monasterio
3020 5104 3343 5160 Lnxovicnsi

1765 5224 1973 5281 tenent,
2018 5213 2164 5267 omni
2197 5208 2441 5265 custodia
2484 5206 2739 5260 teneatis.
2779 5221 2796 5253 ›
2847 5197 3188 5254 Evidentiora
3221 5200 3347 5245 sunt

1764 5311 1864 5365 ista
1918 5321 2080 5377 quam
2133 5312 2188 5358 ut
2236 5310 2446 5370 tempus
2486 5299 2538 5352 in
2581 5297 2687 5349 illis
2730 5288 3064 5360 explicandis
3092 5296 3346 5339 contera-

1765 5416 1884 5455 mus
1916 5376 2065 5453 :istct
2104 5409 2233 5463 ergo
2261 5407 2325 5446 ex
2368 5390 2637 5460 praulictis
2680 5383 2916 5453 regulam
2971 5377 3146 5432 sancti
3179 5376 3338 5429 Beneo

1742 5490 1895 5545 'dicti
1934 5486 2173 5556 regulam
2207 5496 2325 5537 esse
2357 5480 2530 5535 sancti
2566 5472 2907 5534 Columhani,
2942 5468 3179 5523 maxime
3219 5480 3347 5519 vero

1764 5601 1885 5639 cum
1941 5595 2153 5650 semper
2186 5576 2424 5646 regulm,
2470 5588 2599 5625 non'
2636 5566 2942 5638 regularum
3000 5560 3349 5615 meminerint

1765 5686 2049 5734 auctores;
2099 5670 2241 5739 quod
2274 5677 2329 5721 et
2360 5665 2498 5719 infra
2534 5660 2757 5731 patebit.
2786 5657 2869 5710 Ad
2919 5655 3024 5707 alia
3053 5667 3213 5710 mine,
3250 5666 3345 5703 seu

1762 5766 1940 5833 potius
1973 5762 2160 5815 eadem
2185 5772 2397 5825 semper
2421 5751 2719 5823 probanda,
2745 5746 3126 5817 procedamus.
3144 5742 3349 5795 Auctor

1765 5832 1884 5909 vitae
1913 5853 1969 5907 S.
2024 5849 2250 5905 'l‘illonis
2295 5842 2540 5918 discipuli
2588 5842 2644 5895 B.
2690 5837 2930 5895 itcmacli
2986 5835 3198 5890 abbatis
3248 5832 3349 5885 50-.
