3864 6304
546 410 645 465 67

1743 409 1952 466 DOMNI
1989 408 2194 464 LUCzE
2234 407 2557 464 DACIIERII
3652 414 3733 470 $08

547 521 963 583 lemniacensis,
1029 520 1337 585 tirocinium
1398 535 1733 591 persequens
1783 520 2114 576 sanctissimi
2144 524 2429 589 Aregum,
2479 518 2732 574 Clodovei
2786 518 3038 574 videlicet
3086 528 3141 575 et
3189 519 3469 586 Clotharii,
3530 523 3743 597 simulque

546 610 689 666 illius
728 610 829 666 viri
863 627 878 665 :
916 629 937 663 ι
980 612 1116 667 Cum
1172 610 1356 679 igitur,
1384 612 1598 681 inquit,
1644 613 1709 665 ad
1755 612 1895 665 istud
1939 626 2120 664 mona-

545 704 769 757 sterium
820 702 1347 774 (Solemniaccnse)
1398 703 1537 758 Tillo
1582 704 1923 766 devenisset,
1961 712 2016 757 et
2053 704 2122 757 ab

545 796 740 850 abbate
768 810 979 851 summa
1011 811 1135 851 cum
1173 796 1535 862 gratulatione
1579 805 1864 865 Susceptus
1908 795 2121 858 fuisset,

548 888 800 941 tirocinio
863 888 1065 943 Christi
1121 887 1442 958 insignitus,
1500 888 1886 942 ardentissimo
1941 901 2125 941 amore

547 978 723 1032 solum
776 978 959 1034 Jesum
990 980 1333 1044 desiderans,
1367 980 1467 1034 sub
1517 979 1619 1033 SS.
1651 978 1871 1033 Patrum
1907 977 2125 1033 Colum-

547 1067 673 1122 hani
720 1077 775 1123 et
828 1068 1100 1127 Benedicti
1159 1070 1344 1141 regula
1407 1070 1550 1125 inter
1584 1071 1811 1137 fratres
1883 1069 2126 1125 habitare

547 1160 729 1227 cmpit.
775 1180 795 1212 ι
834 1161 925 1216 Sic
956 1177 1055 1217 ms.
1091 1162 1228 1216 liber
1264 1160 1507 1230 ejusdem
1548 1161 1883 1215 monasterii.

622 1253 697 1306 Ex
732 1253 994 1309 Desiderii
1026 1254 1395 1310 Cadurcensis
1433 1254 1675 1324 episcopi
1715 1255 1822 1308 vita
1871 1269 1952 1307 ms
2008 1250 2127 1322 (flo-

549 1344 702 1399 rcbat
732 1345 875 1400 circa
907 1362 1107 1401 annum
1135 1346 1275 1417 659)
1299 1387 1315 1401 .
1352 1367 1369 1399 ι
1402 1345 1621 1400 Nullum
1651 1346 1868 1416 quidem
1899 1361 1964 1399 co
1993 1354 2127 1399 tem-

549 1450 679 1504 pore
709 1435 761 1489 in
788 1436 919 1492 urbe
948 1436 1210 1492 Cadurcze
1250 1452 1420 1508 pr0p0
1454 1438 1589 1491 itum
1622 1436 1904 1500 monachi,
1952 1451 2128 1504 neque

546 1526 789 1582 habitum
813 1528 1116 1599 religionis,
1132 1538 1226 1585 aut
1250 1530 1445 1600 regula:
1474 1528 1790 1584 ecettobialis
1805 1528 2126 1587 intravcr.;t.

545 1617 796 1673 lnstituta
850 1620 1125 1676 Benedicti
1171 1636 1278 1677 non
1313 1621 1469 1693 longe
1521 1622 1825 1686 distabant;
1867 1620 2127 1676 Desiderii

544 1721 723 1764 autem
781 1720 1021 1782 tempore
1068 1714 1182 1770 haec
1230 1724 1379 1770 secta
1429 1713 1772 1784 (Benedicti)
1827 1715 2127 1770 Cadurcam

546 1801 800 1866 intravit;
827 1803 984 1870 hujus
1012 1805 1111 1859 sub
1134 1804 1220 1859 die
1245 1806 1359 1860 haec
1384 1806 1573 1875 religio
1601 1805 1913 1861 adolescere
1938 1806 2124 1876 empit,

2224 610 2512 664 Childerici
2570 619 2625 664 ct
2654 609 2976 664 leeodorici
3024 610 3422 681 privilegiorum
3451 617 3743 672 auctoritates

2225 701 2437 767 docent.
2482 717 2547 754 ex
2600 701 2908 770 semetipsis
2954 702 3056 756 sibi
3106 704 3431 771 perennibus
3476 709 3742 777 temporibus

2224 793 2475 847 abbatem
2521 792 2782 863 eligetcnt
2816 795 3088 864 (monachi
3136 796 3569 868 rontinellenses)
3600 816 3643 853 tn
3666 817 3744 869 quo

2225 882 2387 936 etiam
2438 881 2598 950 insta:
2630 883 2957 953 alligationis
3004 883 3170 939 verbo
3220 894 3513 954 praesentes
3562 887 3743 945 futuros—

2225 989 2330 1044 que
2381 974 2471 1044 qui
2522 973 2718 1030 ibidem
2767 975 3049 1029 militaturi
3108 985 3265 1030 erant
3338 979 3648 1049 constringit,
3685 993 3739 1044 ut,

2225 1066 2384 1121 sicuti
2427 1064 2529 1120 sub
2555 1066 2671 1136 ejus
2700 1066 2983 1137 regimine,
3042 1068 3117 1121 ita
3154 1076 3207 1122 et
3236 1068 3489 1138 deinceps
3512 1080 3557 1123 et
3594 1071 3674 1139 ipsi
3706 1082 3743 1125 et

2228 1158 2430 1227 posteri
2458 1172 2645 1212 eorum
2674 1159 2970 1213 secundum
3000 1159 3235 1230 regulam
3287 1160 3347 1216 S.
3374 1159 3625 1217 Benedicti
3651 1164 3743 1218 fide-

2227 1248 2351 1301 liter
2373 1244 2593 1301 Christo
2636 1247 2990 1310 deservirem,
3033 1268 3050 1300 ι
3089 1258 3194 1303 ete.
3222 1250 3449 1305 Exstant
3485 1237 3625 1304 etiam
3664 1253 3742 1307 haec

2228 1340 2368 1394 inter
2398 1340 2623 1394 concilia
2660 1339 2960 1407 Gallicana,
2997 1356 3098 1396 nec
3125 1358 3232 1397 non
3263 1351 3321 1396 et
3366 1342 3504 1398 inter
3529 1344 3738 1412 generalia

2228 1434 2430 1488 ultimte
2450 1433 2702 1489 editionis
2738 1448 2801 1491 ex
2831 1433 3202 1505 Typographia
3233 1434 3425 1505 Regia.
3455 1434 3671 1490 Refertur
3704 1438 3741 1488 iu

2228 1520 2351 1576 Vita
2400 1523 2459 1576 Β.
2513 1523 2766 1578 Aichadri
2819 1526 2960 1593 apud
3014 1524 3256 1592 Surium,
3311 1524 3399 1581 die
3428 1525 3488 1581 l5
3527 1527 3736 1589 Octobris.

2231 1612 2288 1671 S.
2324 1613 2680 1668 Philihertum
2733 1613 3127 1670 Gemeticensis
3177 1619 3488 1673 monasterii
3531 1618 3738 1679 abbatem,

2232 1721 2353 1761 cum
2386 1705 2605 1760 Ebroini
2635 1707 3065 1775 persecutionem
3086 1708 3430 1776 deelinasset,
3463 1709 3740 1780 confugisset-

2232 1813 2335 1869 que
2363 1799 2428 1853 ad
2453 1798 2780 1854 Ansoaldum
2806 1799 3180 1855 Pictavenscm
3207 1802 3531 1872 episcopum,
3556 1813 3738 1872 rogatum

545 1908 671 1948 nam
720 1902 775 1949 et
823 1894 1193 1965 Moysiacense
1237 1897 1547 1952 emnobium
1588 1895 1747 1965 hujus
1807 1906 2047 1967 tempore
2094 1912 2125 1951 a
2158 1888 2200 1946 Β
2230 1893 2298 1948 ab
2322 1893 2510 1947 eodem
2540 1892 2793 1962 episcopo
2827 1901 3097 1963 quatenus
3148 1894 3465 1950 monasterii
3509 1895 3627 1964 quod
3660 1894 3737 1962 ipse

543 1983 677 2038 viris
702 1982 1064 2041 laudabilibus
1093 1987 1363 2042 Ansberto
1397 1997 1453 2043 et
1479 1986 1775 2043 Leothadio
1803 1987 2125 2057 completum

542 2082 645 2140 est,
684 2085 741 2129 et
783 2076 835 2129 in
870 2077 987 2146 ipso
1012 2079 1208 2148 Oppido
1252 2095 1283 2134 a
1332 2082 1539 2137 sanctis
1572 2082 1703 2137 viris
1737 2082 2126 2136 monasterium

541 2164 627 2219 his
675 2166 867 2222 diebus
910 2170 1242 2225 cxorditum.
1288 2171 1408 2227 Alia
1466 2160 1748 2243 complura
1795 2162 2126 2231 monasteria

538 2259 658 2326 ejus
695 2260 797 2314 sub
827 2268 1068 2330 tempore
1102 2271 1219 2317 sata
1247 2274 1555 2321 creverunt.
1596 2284 1616 2318 ι
1644 2266 1721 2320 Ex
1754 2266 1870 2321 Vita
1896 2265 1953 2321 S.
1985 2267 2125 2337 Agili

539 2364 603 2418 pr
628 2349 700 2403 mi
732 2350 944 2406 abbatis
972 2351 1332 2408 Besbacensis
1358 2356 1673 2411 monasterii
1697 2356 1776 2428 (S.
1797 2356 2133 2412 Columbano

537 2443 1021 2514 a-qualis)antiqua
1047 2455 1211 2514 atque
1236 2448 1442 2517 Optima
1462 2464 1622 2503 manu
1648 2457 1874 2504 exarata
1897 2467 1909 2503 :
1933 2469 1950 2500 ι
1970 2449 2126 2518 Apud

540 2550 599 2589 se
628 2537 937 2607 Agnoaldus
966 2537 1151 2609 (Pater
1178 2540 1235 2594 S.
1268 2541 1431 2613 Agili)
1462 2540 1857 2598 Columbanum
1875 2542 2124 2611 aliquan-

542 2625 710 2695 tispcr
740 2631 1152 2685 commemorari
1184 2630 1313 2687 fecit
1358 2633 1411 2687 in
1439 2634 1562 2688 villa
1603 2650 1725 2704 qua:
1750 2634 2128 2691 llonorifiacus

541 2719 761 2782 dicitur.
778 2737 930 2792 aquo
960 2723 1129 2778 voluit
1150 2724 1363 2795 Agilum
1374 2724 1486 2794 jam
1504 2736 1819 2798 septennem
1848 2728 2123 2794 benedici;

540 2812 632 2863 sed
667 2815 933 2881 persuasit
968 2817 1283 2883 parentibus
1325 2828 1384 2872 ut
1435 2834 1662 2888 puerum
1699 2820 1809 2875 Deo
1842 2821 2123 2877 offerrent.

540 2902 639 2957 Die
692 2920 823 2975 ergo
872 2906 1156 2978 designata
1217 2910 1378 2965 Pater
1435 2911 1578 2981 Agili
1636 2913 1914 2982 applicans
1956 2917 2128 2971 sacris

542 2993 665 3048 alta:
683 2995 801 3050 ibus
839 2998 1058 3052 charum
1090 3000 1352 3067 sobolem,
1377 3002 1572 3056 obtulit
1600 3003 1653 3057 in
1682 3004 1826 3059 dicto
1856 3006 2128 3061 monaste-

542 3083 626 3135 rio
653 3124 667 3147 ,
702 3083 935 3154 largiens
992 3102 1089 3156 per
1121 3088 1334 3144 titulum
1380 3093 1691 3147 testamenti
1727 3094 1939 3163 copiam
1978 3093 2129 3150 fundi

542 3183 598 3227 et
638 3174 870 3232 familia).
922 3197 943 3232 ι
980 3178 1106 3235 Inde
1155 3196 1284 3238 vero
1327 3183 1457 3253 quid
1509 3184 1766 3256 colligere
1814 3188 1933 3241 est?
1974 3188 2119 3243 illam

2230 1995 2418 2035 recens
2448 1989 2796 2037 exstruxerat
2855 1982 3094 2053 regimen
3142 1983 3468 2053 susciperet;
3508 1983 3580 2036 cui
3604 1984 3739 2035 annuit

2229 2072 2287 2128 S.
2336 2072 2665 2130 Philibertus
2705 2090 2769 2130 ea
2817 2074 2936 2146 lege
2977 2075 3023 2129 si
3076 2074 3138 2127 B.
3181 2075 3501 2141 Aiebadrus,
3533 2076 3609 2145 qui
3648 2085 3737 2128 tunc

2229 2168 2491 2237 temporis
2520 2169 2851 2225 monasterio
2887 2168 3258 2237 Quintiaeensi
3287 2177 3524 2240 praeerat,
3557 2169 3736 2223 coenobio

2226 2259 2587 2317 Genieticensi
2612 2261 2816 2331 przefici
2844 2276 2947 2316 non
2978 2270 3276 2317 recusaret.
3320 2280 3338 2313 ι
3372 2259 3677 2327 Quamobrem
3700 2260 3733 2311 in

2227 2353 2431 2408 somnis
2458 2354 2551 2424 (ait
2591 2352 2878 2409 Fulbertus
2912 2351 3050 2409 Vita:
3083 2353 3302 2421 auctor)
3332 2352 3375 2406 Β
3422 2352 3652 2408 Aicbadro
3672 2366 3735 2418 ap-

2227 2451 2550 2512 paruerunt;
2575 2443 2859 2513 episcopus
2879 2443 3085 2515 virgam
3105 2444 3453 2515 pastoralem,
3475 2445 3635 2497 beatus
3649 2456 3735 2494 vero

2226 2532 2558 2589 Philibertus
2589 2533 2827 2604 regulam
2874 2532 2933 2588 S.
2964 2533 3245 2591 Benedicti
3292 2535 3593 2606 porrigebat,
3623 2534 3734 2584 τιιιιιιο

2225 2626 2381 2695 quasi
2413 2641 2520 2681 uno
2546 2641 2643 2681 ore
2672 2627 2914 2682 dicentes
2948 2641 2962 2679 :
2997 2625 3192 2696 Surge,
3228 2627 3446 2693 fratrer,
3494 2636 3541 2680 et
3564 2624 3731 2680 alliciam

2226 2717 2371 2784 quod
2414 2716 2564 2771 tibia
2602 2715 2713 2771 Deo
2741 2715 3039 2784 imponitur
3091 2717 3408 2772 obedienter
3433 2717 3628 2783 suscipe.
3658 2716 3727 2765 Aci

2233 2808 2354 2877 cipe
2381 2808 2610 2879 virgam,
2645 2823 2741 2878 per
2767 2824 2930 2878 quam
2971 2808 3313 2864 subditorum
3342 2817 3510 2864 errata
3557 2805 3731 2872 corrigas

2226 2914 2281 2957 et
2311 2902 2377 2956 ad
2400 2910 2604 2956 rectum
2625 2901 2920 2971 disciplinae
2948 2902 3198 2965 reducas;
3232 2900 3428 2955 librum
3455 2900 3612 2959 etiam,
3630 2906 3671 2946 ιιι
3692 2908 3728 2943 tu

2226 2992 2404 3062 primo
2431 3008 2550 3061 qtae
2596 2992 2652 3046 in
2698 3006 2763 3047 eo
2790 3001 3013 3046 exarata
3042 2999 3169 3046 sunt
3213 2992 3499 3052 eustodias.
3527 3000 3574 3044 et
3611 2988 3653 3039 in
3675 2984 3729 3037 his

2230 3086 2322 3141 tibi
2354 3086 2626 3157 subjectos
2681 3082 2976 3140 informare
3022 3100 3090 3139 ne
3142 3083 3393 3140 deatstas.
3432 3103 3449 3136 ι
3484 3083 3547 3136 hx
3590 3092 3727 3133 eumn

2228 3179 2505 3248 antiquam
2547 3178 2695 3232 illam
2753 3177 3057 3232 traditionis
3091 3177 3295 3247 regula:
3327 3186 3382 3231 et
3423 3173 3574 3231 baculi
3597 3180 3727 3239 pasto-

541 3267 801 3325 videlieet
823 3270 1111 3328 formulam
1143 3274 1252 3329 Deo
1279 3248 1675 3333 oiferendorum
1726 3294 1825 3348 pro
1853 3280 1963 3335 aris
1990 3296 2118 3350 pne-
2147 3248 2191 3305 Ο
2223 3270 2351 3325 Palis
2399 3272 2450 3323 ill
2504 3270 2716 3325 abbalis
2760 3268 3137 3325 benediclione
3182 3266 3726 3328 consttcludwclllrfl":e

542 3372 726 3413 rexrnm
765 3364 985 3431 petitam
1019 3380 1048 3419 a
1096 3366 1276 3435 regula
1307 3368 1481 3422 saneti
1520 3367 1817 3433 Benedicti,
1860 3385 1981 3439 cap.
2025 3370 2117 3437 59,

543 3447 595 3502 ἰ.ι
639 3465 745 3520 quo
775 3452 891 3510 hac
922 3454 1232 3512 habentur:
1262 3477 1281 3510 ι
1317 3456 1372 3513 Si
1403 3459 1527 3528 quis
1566 3459 1702 3515 forte
1738 3460 1805 3517 de
1846 3462 2118 3517 nobilibus

540 3540 698 3595 offert
726 3543 895 3598 tilium
943 3561 1098 3600 suum
1133 3546 1242 3603 Deo
1281 3548 1333 3603 in
1367 3551 1729 3625 monasterio,
1753 3550 1798 3606 si
1847 3551 1959 3621 ipsc
1984 3568 2120 3622 puer

541 3630 736 3685 minori
773 3641 933 3688 actate
963 3643 1069 3700 est,
1126 3646 1385 3706 parentes
1412 3638 1531 3708 ejus
1561 3638 1766 3694 faciant
1803 3641 2119 3710 petitionem

541 3737 703 3790 quam
734 3739 895 3792 supra
946 3726 1211 3794 diximus,
1241 3738 1440 3784 etcum
1467 3730 1742 3786 oblatione
1779 3732 1950 3802 ipsam
1984 3733 2120 3802 peti.

543 3814 766 3875 tionem,
804 3822 857 3866 et
884 3829 1102 3870 manum
1132 3818 1282 3888 pueri
1312 3818 1591 3874 involvunt
1627 3821 1677 3873 in
1723 3820 1865 3889 palla
1908 3821 2116 3890 altaris,

542 3902 623 3955 sic
675 3916 798 3957 eum
851 3902 1099 3963 offerant.
1141 3926 1159 3959 ι
1208 3908 1272 3964 Et
1321 3909 1460 3965 infra
1505 3928 1519 3965 :
1564 3930 1582 3962 ι
1619 3910 1675 3966 Si
1733 3912 1937 3981 aliquid
1989 3915 2119 3971 dare

544 3993 809 4048 voluerint
856 3999 1171 4069 (parentes)
1229 3999 1280 4053 in
1336 4000 1736 4073 eleemosynam
1788 4008 2118 4063 monasterio

444 4136 455 4151 ,
541 4100 639 4154 pro
704 4088 952 4145 mercede
1002 4104 1138 4156 sua,
1200 4091 1406 4148 faciant
1455 4109 1522 4149 ex
1593 4096 1754 4151 rebus
1807 4113 1945 4167 quas
1989 4099 2119 4157 dare

542 4177 764 4244 volunt,
829 4180 1217 4249 donationem,
1263 4203 1282 4238 ι
1352 4195 1456 4242 etc.
1528 4185 1645 4243 Vita
1706 4191 1879 4245 sancti
1947 4192 2112 4263 Rigo-

540 4270 674 4325 meti
731 4271 978 4340 abbatis,
1020 4290 1087 4329 ex
1141 4291 1243 4331 ms.
1313 4276 1673 4336 Floriacensis
1720 4282 1949 4337 emnobii
2003 4286 2118 4342 hzec

538 4364 861 4431 suppeditat.
886 4365 1082 4421 Eodem
1107 4380 1333 4439 tempore
1372 4370 1725 4442 (Cbildeberti
1770 4376 1910 4447 regis
1946 4376 2118 4431 Frana

538 4455 768 4525 eorum)
837 4477 855 4509 ι
899 4456 1132 4515 Sanctus
1181 4462 1389 4531 Avitus,
1439 4474 1497 4518 et
1563 4466 1794 4523 Sanctus
1849 4468 2121 4525 Carilefus

536 4543 698 4648 3-67
765 4546 819 4600 in
870 4560 1067 4648 vastaz.
1112 4554 1279 4607 eremi
1329 4555 1617 4612 solitudine
1676 4557 1836 4613 binas
1895 4560 2114 4617 cellulas
2148 4595 2191 4648 υ

536 4635 638 4687 s-ih
687 4645 872 4690 sancta
923 4640 1106 4709 regula
1150 4642 1521 4713 (Benedictina
1573 4648 1845 4722 videlicet)
1884 4652 2113 4708 mirifice

536 4723 1098 4793 teliiieavcruutDco,
1129 4731 1244 4786 fulti
1277 4749 1489 4804 quoque
1512 4736 1571 4790 S.
1596 4738 1901 4794 Innocentis
1940 4741 2116 4796 Ceno-

538 4814 765 4870 manicze
787 4818 935 4872 urbis
956 4819 1180 4884 auxilio,
1217 4841 1234 4872 ι
1269 4831 1373 4877 etc.
1400 4824 1518 4879 Vita
1544 4840 1647 4879 ms.
1667 4829 1839 4882 sancti
1863 4828 2115 4887 Ansberti

535 4902 783 4960 monachi
816 4905 1234 4964 Fontinellensis
1278 4916 1443 4981 (nunc
1469 4913 1527 4968 S.
1561 4915 1951 4987 Vzrndregesili)
2002 4936 2113 4975 mo-

531 4996 778 5061 nasterii,
794 5008 857 5052 ac
878 5000 1219 5067 postmodum
1239 5003 1627 5075 archiepiscopi
1645 5005 2113 5077 Bothomagensis,

529 5090 732 5157 passim
773 5099 928 5146 sonat
971 5100 1280 5162 utrumque,
1316 5103 1373 5149 et
1410 5096 1846 5166 Vandregesilum
1897 5108 1949 5154 et
1976 5100 2113 5157 Ans-

526 5180 741 5237 hertum
769 5183 1075 5239 institutum
1106 5183 1509 5242 Benedictinum
1544 5187 1707 5244 fuisse
1730 5190 2022 5259 professos,
2047 5209 2113 5249 ac

525 5274 752 5339 proinde
799 5275 1101 5332 emnohitas
1149 5275 1235 5330 illo
1287 5279 1340 5332 in
1399 5280 1664 5336 ascetcrio
1719 5281 1781 5336 D.
1834 5281 2107 5340 Benedicti

524 5379 769 5421 normam
800 5367 1037 5424 coluisse
1088 5368 1172 5423 vel
1221 5368 1411 5425 iisdem
1450 5372 1781 5443 temporibus
1848 5373 1974 5444 (hoc
2024 5382 2108 5429 est

523 5455 765 5514 Lotharii
827 5470 883 5515 et
932 5461 1223 5531 Dagoberti
1274 5462 1608 5520 Francorum
1686 5466 1896 5535 regum)
1948 5464 2107 5518 fateri

524 5562 808 5605 accessum
852 5561 978 5607 est:
1009 5554 1078 5608 At
1107 5555 1460 5625 biographum
1490 5555 1773 5611 audiamus
1803 5573 1818 5610 ;
1851 5574 1870 5607 ι
1910 5555 2110 5613 Paetus

526 5640 964 5713 archiepisc0pus
994 5645 1053 5699 S.
1098 5647 1413 5709 Anshertus.
1447 5647 1713 5717 privilegii
1758 5662 1841 5701 Sltl
1873 5648 2108 5704 auctori-

525 5743 636 5788 tate
675 5736 845 5792 edixit
872 5748 950 5803 ut,
984 5754 1081 5809 per
1106 5743 1472 5797 suecedentia
1519 5752 1779 5811 tempora,
1811 5744 2105 5797 secundum

522 5826 582 5883 S.
629 5829 805 5887 Patris
854 5832 1129 5891 Benedicti
1182 5838 1443 5906 regulam,
1484 5848 1539 5893 et
1589 5847 1647 5893 ut
1691 5839 2104 5909 praecedentium

2221 3361 2483 3415 hactenus
2532 3363 2922 3431 perseveravit,
2956 3370 3146 3415 notare
3190 3371 3278 3415 est
3310 3360 3449 3431 (vide
3489 3350 3725 3410 Pontiliealc

2220 3452 2524 3508 Ilontanum
2559 3455 2611 3508 in
2642 3454 3020 3508 benedictione
3049 3454 3318 3525 abbatis);
3352 3450 3534 3506 Deinde
3558 3448 3671 3502 hisce
3691 3444 3723 3493 in

2221 3543 2583 3607 monasteriis,
2630 3542 2997 3611 Quintiacensi
3050 3542 3333 3610 nimirum,
3386 3538 3718 3595 llieriwiusuﬂ?

2222 3634 2440 3690 condito
2470 3635 2537 3689 ab
2567 3634 2858 3698 Ansoaldo,
2891 3643 2946 3689 et
2977 3633 3346 3690 Gemeticensi
3375 3641 3587 3688 sanctam
3611 3643 3719 3694 regu-

2221 3728 2328 3781 lam
2376 3727 2461 3781 vel
2492 3743 2552 3782 ea
2590 3736 2908 3797 tempestate
2951 3728 3205 3799 viguisse.
3246 3727 3429 3784 Canon
3460 3725 3516 3778 15
3555 3723 3602 3775 S.
3627 3718 3719 3773 Lee

2220 3820 2425 3891 degarii
2466 3820 2968 3891 Augustodunensis
2994 3821 3253 3890 episcopi,
3300 3821 3365 3875 Α.
3410 3817 3466 3875 C.
3493 3815 3596 3879 670,
3625 3809 3719 3863 haud

2219 3928 2489 3982 quaquam
2522 3912 2929 3981 praetereundus
2958 3921 3042 3968 est
3067 3912 3324 3969 silentio:
3358 3931 3377 3967 ι
3419 3910 3487 3963 De
3512 3902 3721 3960 abhatilus

2220 4021 2349 4061 vero
2382 4006 2463 4060 vel
2512 4006 2793 4063 monacnis
2820 4008 3111 4063 observare
3137 4018 3391 4062 convenit
3421 4014 3498 4068 ut,
3532 3992 3718 4071 quisid"il

2220 4097 2514 4154 canonieus
2537 4098 2672 4153 ordo
2708 4098 2791 4152 vel
2843 4097 3028 4169 regula
3077 4099 3251 4152 sancti
3290 4093 3542 4153 Benedicti
3570 4090 3718 4143 elucet.

2218 4197 2272 4243 et
2298 4188 2520 4259 implere
2545 4197 2601 4244 et
2646 4189 2920 4245 custodire
2950 4189 3002 4243 in
3030 4189 3286 4244 omnibus
3312 4190 3540 4244 debeant.
3561 4181 3605 4235 Si
3619 4176 3715 4231 enim

2219 4280 2401 4335 omnia
2427 4279 2631 4335 fuerint
2654 4279 2894 4351 legitime
2918 4280 3059 4349 apud
3087 4280 3315 4335 abbates
3345 4279 3427 4334 vel
3472 4268 3715 4330 meantem

2217 4380 2560 4435 conservata,
2591 4379 2645 4426 et
2687 4386 2945 4428 numerus
2975 4372 3388 4436 monachorum,
3418 4371 3512 4424 Deo
3536 4358 3714 4435 Ριοῐθίίίον

2217 4461 2531 4531 augebitur,
2586 4470 2643 4516 et
2692 4462 2922 4516 Inundus
2965 4462 3144 4516 omnis
3178 4477 3277 4531 per
3304 4473 3479 4516 eorum
3515 4452 3715 4508 orationes

2217 4555 2464 4609 assiduas
2503 4554 2659 4609 malis
2686 4555 2892 4608 carebit
2928 4554 3214 4625 contagiis.
3260 4572 3280 4607 ι
3325 4549 3594 4608 Canonicus
3624 4537 3714 4592 ordo

2221 4647 2309 4701 hic
2365 4648 2597 4702 refertur
2645 4650 2712 4701 ad
2743 4646 2992 4711 abbates,
3043 4647 3308 4717 siquidem
3357 4661 3417 4701 ea
3472 4638 3711 4706 tempestate

2219 4740 2310 4809 qui
2390 4740 2665 4795 canonicis
2726 4749 2995 4810 pmerant
3057 4742 3283 4796 abbates
3342 4738 3492 4793 etiam
3539 4725 3712 4785 solehaul

2221 4832 2481 4898 vocitari;
2535 4833 2718 4903 regula
2761 4848 2894 4888 vero
2956 4832 3014 4886 S.
3053 4832 3330 4888 Benedicti
3365 4830 3428 4885 ad
3476 4816 3708 4906 monachus

2224 4922 2339 4979 llnc
2363 4922 2574 4978 accedit
2615 4921 2914 4977 doctissimi
2952 4922 3193 4977 Mcnardi
3238 4922 3305 4975 ad
3334 4916 3646 5004 pnefatioucni
3677 4912 3709 4948 ιη

2222 5015 2577 5070 Concordiam
2637 5014 2941 5083 regularum
3006 5014 3179 5069 sancti
3236 5006 3494 5067 Benedicti
3550 5001 3709 5054 Anim-1:

2220 5107 2453 5171 abbatis,
2480 5107 2732 5161 omnibus
2761 5105 3065 5170 abbatibus,
3096 5116 3152 5161 et
3172 5103 3443 5160 monachis
3467 5094 3707 5185 destinatam

2218 5200 2288 5255 ob
2318 5200 2545 5262 ervatio,
2568 5199 2681 5253 hinc
2708 5198 2870 5265 verba
2899 5196 3221 5253 illustrantis
3251 5211 3268 5250 :
3299 5214 3317 5247 ι
3346 5186 3559 5248 Occurrit
3582 5186 3706 5265 animo

2217 5304 2280 5344 ea
2312 5303 2431 5357 qua:
2461 5304 2489 5340 a
2523 5288 2737 5357 tepidis,
2759 5287 3125 5358 segnihnsquc
3154 5283 3427 5341 monachis
3445 5279 3532 5333 diei
3550 5264 3705 5375 asselcl;

2219 5380 2357 5446 Quid
2407 5387 2616 5434 cetera:
2644 5379 2771 5433 huic
2815 5376 3223 5448 (Benedictintc)
3247 5372 3511 5430 conferunt
3542 5368 3700 5427 regit-TI

2213 5472 2350 5539 Quid
2382 5472 2449 5527 ad
2479 5485 2567 5524 me
2594 5485 2730 5539 quas
2753 5485 2857 5524 non
2888 5468 3112 5539 promisi
3135 5468 3363 5539 pertinet
3396 5463 3567 5531 legere.
3595 5454 3699 5539 '0“:-

2217 5584 2235 5617 ι
2271 5567 2403 5621 Cum
2435 5564 2521 5618 hic
2546 5572 2739 5618 auctor
2767 5563 3020 5617 omnibus
3057 5561 3337 5617 monachis
3365 5548 3584 5611 Ecclesia:
3607 5548 3699 5591 om“

2211 5655 2444 5711 dentalis
2490 5652 2775 5723 loquatur;
2806 5652 3136 5721 quidamque
3186 5650 3460 5720 lepidiores
3500 5630 3699 5726 Oppone!“

2210 5766 2266 5802 se
2316 5747 2487 5801 solam
2535 5745 2709 5801 sancti
2758 5744 3029 5800 Benedicti
3076 5743 3310 5814 regulam
3352 5735 3561 5793 vovisse,
3586 5720 3695 5825 alias:

2211 5855 2328 5910 quae
2356 5840 2408 5896 in
2439 5838 2540 5894 hoc
2572 5853 2737 5908 opere
2762 5838 3129 5903 continentur,
3155 5836 3424 5907 ignorare;
3446 5824 3619 5899 ιιιληυω
3640 5812 3695 5861 θδί
