3864 6304
105 330 187 385 6ἇ9
911 316 916 322 ’
1156 320 1222 374 IN
1262 318 1478 375 EPIST.
1518 319 1578 372 B.
1613 315 2004 374 LANFRANCI
2047 316 2275 374 NOTAE.

104 442 237 498 solm:
268 437 426 494 sancti
454 434 726 492 Benedicti
757 433 997 507 regulam
1030 440 1271 504 tempore
1301 431 1462 499 huius
1489 431 1633 486 Con-
1672 443 1712 495 Α

103 532 262 589 cordia?
301 530 550 593 auctoris,
590 528 695 581 hoc
726 536 807 581 est
835 525 1011 581 Caroli
1061 524 1239 594 Magni
1292 534 1347 578 et
1374 522 1629 577 Ludovici

105 625 165 677 Pii
206 638 231 675 a
274 619 543 674 monachis
590 616 848 671 Ecclesiae
897 614 1246 670 occidentalis
1292 614 1631 668 olrervatam

103 730 222 777 esse,
257 713 443 781 alioqui
468 710 708 780 epistolae
734 708 1004 765 dedicatio
1038 707 1385 777 auctorisque
1406 706 1635 777 objectio

103 807 259 869 inepta:
286 811 480 856 CSSOIIL
523 820 541 853 ι

154 895 241 948 Sed
268 908 438 963 opera:
490 893 719 961 pretium
745 900 851 956 est,
900 906 966 945 ne
996 892 1125 961 quid
1153 893 1387 960 scrupult
1434 899 1636 959 pungat

103 987 277 1045 iterum,
294 982 739 1049 objectiunculam
762 982 948 1036 audire
967 981 1366 1045 nonnullorum,
1396 980 1633 1051 regulam

101 1078 145 1129 Β.
196 1074 448 1129 Benedicti
508 1075 865 1128 asserentium
928 1073 1264 1127 solummodo
1335 1072 1636 1142 cvulgatam

104 1167 351 1219 Ulti\'(‘l‘ailll
390 1166 442 1219 in
472 1164 644 1219 Gallia
686 1180 776 1218 an.
815 1164 938 1221 743;
967 1164 1145 1234 Atque
1176 1166 1227 1218 id
1277 1166 1637 1234 nequidquam

102 1256 288 1323 probare
333 1262 604 1309 conantur
628 1268 694 1309 ex
730 1253 819 1308 illo
847 1254 1036 1327 synodi
1065 1253 1393 1324 Liptincnsis
1430 1270 1550 1308 can.
1584 1254 1638 1318 1,

103 1356 203 1398 tant.
234 1344 266 1407 l,
294 1345 495 1398 Concil.
542 1343 681 1399 Gali.
719 1362 733 1397 :
785 1362 804 1394 ι
838 1344 1078 1399 Abbates
1106 1359 1235 1399 vero
1292 1352 1348 1399 et
1389 1344 1636 1397 monachi

102 1444 371 1504 receperunt
398 1436 640 1506 regulam
687 1435 861 1490 sancti
912 1434 1188 1489 Benedicti
1228 1436 1295 1489 ad
1331 1444 1639 1489 restauran-

104 1529 197 1581 dant
245 1543 476 1582 normam
519 1526 781 1596 regularis
827 1526 970 1581 vitae.
1014 1545 1031 1579 ι
1088 1526 1253 1592 Quasi
1309 1541 1439 1580 vero
1495 1526 1637 1579 istud

105 1621 287 1673 verbum
336 1639 353 1669 ε
390 1611 580 1687 recipio
616 1639 634 1671 ι
688 1634 755 1673 ex
806 1628 940 1673 reet
987 1621 1137 1690 capio
1166 1618 1475 1684 conflatum,
1525 1633 1637 1672 rem

102 1709 233 1764 sx~ntel
254 1710 547 1778 depositam
603 1709 931 1764 traditamve
983 1724 1173 1763 rursus
1214 1723 1510 1772 assumere,
1543 1709 1642 1763 ite-

3210 322 3321 377 610

1816 431 1922 485 Sed
1953 432 2135 484 timore
2168 430 2637 502 Froncigenarum.
2663 433 2816 501 Quod
2838 433 3012 491 obiter
3033 435 3122 491 hic
3148 437 3321 508 tangit

1736 518 1795 572 B.
1826 519 2162 575 Laufrancus
2193 519 2311 575 fuse
2339 522 2416 592 (ni
2448 521 2625 594 fallor)
2650 535 2935 579 enarratur
2959 526 3028 580 ab
3052 525 3322 582 Eadmero

1737 613 1988 667 Historia:
2017 611 2309 678 Novorum,
2341 613 2435 667 tib.
2468 630 2553 680 ιιι,
2585 630 2709 685 pag.
2741 615 2828 682 57,
2858 627 3143 687 postquam
3193 633 3335 689 pro»

1738 706 1888 760 bavit
1917 703 1973 760 S.
2001 705 2291 761 Ansclmus
2313 707 2490 762 medio
2517 708 2569 761 in
2599 709 2829 764 concilio
2853 710 2979 765 vitre
3011 712 3333 767 monastitte

1739 798 2054 853 0?:strietattt
2086 812 2192 851 non
2238 812 2358 853 esse
2402 798 2713 855 MathilJem
2761 800 2978 855 Henrici
3016 804 3175 871 primi
3207 804 3321 857 An-

1740 889 1947 959 glorum
1993 891 2133 959 regis
2179 903 2425 951 uxorem,
2452 892 2594 958 quod
2638 906 2977 960 nequaquam
3005 903 3194 960 sponte
3225 906 3323 949 sua

1740 980 2018 1050 scptennis
2062 982 2115 1034 in
2146 982 2477 1036 monasterio
2496 982 2681 1036 velum
2710 980 3059 1052 suscepisset,
3088 984 3182 1039 sed
3219 1000 3326 1053 quo

1742 1071 2014 1142 pudicitia:
2042 1072 2382 1139 consuleret;
2412 1074 2813 1143 episcoporum,
2849 1090 2939 1144 qm
2984 1075 3158 1129 eidem
3200 1090 3330 1130 con-

1742 1163 1867 1218 cilio
1892 1164 2212 1228 intererant,
2241 1174 2396 1235 rogat
2424 1166 2761 1234 opinionem;
2792 1165 2865 1219 illi
2904 1181 3031 1219 vero
3073 1182 3326 1237 magnum

1741 1253 2104 1308 Lanfrancum
2155 1255 2209 1308 in
2255 1255 2491 1310 medium
2523 1257 2906 1325 producentcs,
2938 1257 3015 1312 sic
3050 1257 3110 1311 B.
3138 1258 3329 1311 AnseL

1744 1360 1889 1399 mum
1914 1344 2187 1399 ailan‘ur:
2226 1364 2243 1397 ι
2282 1345 2434 1412 Quod
2465 1345 2591 1401 licet
2618 1353 2718 1401 levt
2750 1357 3069 1416 argumento
3099 1348 3331 1415 probare

1742 1453 2041 1509 possemus,
2073 1454 2137 1493 eo
2161 1451 2365 1505 tamen,
2407 1454 2530 1494 cum
2577 1455 2713 1510 opus
2742 1456 2847 1494 non
2879 1449 2967 1504 snt,
3009 1440 3330 1510 supersede-

1743 1547 1887 1597 mus,
1914 1524 2120 1587 nostris
2154 1532 2501 1602 argumentis
2528 1514 2822 1587 firmiorem
2869 1542 3114 1587 tenentes
3144 1546 3327 1610 parem

1736 1619 1922 1689 judicii
1954 1619 2113 1689 hujus
2140 1620 2461 1677 sententiam
2487 1633 2519 1672 a
2542 1620 2861 1674 venerandze
2888 1619 3162 1673 memoriae
3190 1635 3333 1689 prm-

1744 1716 2031 1770 deccssore
2059 1723 2265 1779 vestro,
2295 1721 2353 1769 et
2385 1713 2548 1768 Patre
2589 1723 2644 1768 et
2684 1713 2943 1783 magistro
2964 1722 3148 1769 nostro
3188 1714 3331 1770 Lan-

105 1819 195 1855 rutn
235 1817 436 1871 capere,
465 1817 770 1869 resumere,
802 1818 1144 1873 recuperare,
1188 1817 1292 1856 non
1335 1801 1641 1872 significet?

1750 1806 1933 1862 franco
1963 1806 2123 1861 simili
2152 1807 2217 1861 de
2245 1820 2406 1860 causa
2438 1806 2853 1876 promulgatam.
2896 1826 2914 1858 ι
2941 1807 3003 1860 Et
3034 1816 3155 1877 post
3177 1806 3279 1860 alia
3315 1826 3327 1860 :

104 1895 275 1957 Cicero.
301 1910 335 1948 ll
362 1896 435 1949 De
458 1904 604 1951 orat.
642 1914 660 1945 ι
698 1895 960 1966 Recipere
987 1912 1164 1952 arcem
1203 1896 1479 1950 amissam.
1523 1894 1644 1948 »Ει

105 1984 270 2052 Livius,
310 1986 396 2041 lib.
434 2002 491 2041 ιι
528 2005 543 2040 z
585 2005 602 2037 ι
641 1985 926 2056 liccipiant
968 2004 1142 2054 arma,
1173 2003 1293 2057 quae
1323 2003 1419 2057 per
1442 1988 1644 2056 pactio-

107 2093 200 2132 nem
239 2078 586 2133 tradiderunt.
622 2098 641 2130 ι
680 2079 927 2135 Declarat
972 2096 1101 2150 ergo
1148 2084 1385 2151 synodus
1416 2082 1502 2137 illa
1547 2082 1642 2137 ab-

107 2175 227 2229 bates
253 2184 301 2228 et
347 2174 667 2242 monachos,
699 2176 792 2247 qui
836 2176 1079 2247 Lipttnas
1128 2188 1515 2242 convenerant,
1563 2194 1643 2232 re~

106 2262 210 2333 gula:
230 2263 582 2319 Benedictinte
627 2266 1035 2322 observationes
1055 2283 1256 2337 susque
1290 2269 1461 2335 deque
1489 2268 1643 2322 habi-

106 2364 183 2415 tas,
221 2356 345 2425 (ejus
372 2356 748 2412 sanctionibus
777 2358 919 2413 ultro
952 2373 1011 2413 se
1039 2373 1097 2414 se
1144 2359 1548 2427 submittentcs)
1578 2359 1644 2412 ad

105 2444 341 2512 pristinum
386 2449 525 2506 velle
574 2450 805 2521 rigorem
841 2464 1119 2505 revocare.
1144 2449 1395 2517 Alioquin
1434 2450 1548 2503 haec
1598 2451 1643 2503 si

107 2539 284 2593 minime
330 2541 637 2598 intenderet
686 2544 945 2611 synodus,
1000 2543 1197 2612 potiori
1248 2540 1369 2607 iure
1397 2543 1623 2597 clericos

104 2625 234 2699 368
260 2632 560 2705 episcopos,
593 2644 696 2688 etc.
737 2648 911 2703 primo
937 2633 1082 2701 leges
1112 2632 1505 2688 ecclesiasticas
1535 2644 1646 2687 turn

109 2721 333 2789 accepisse
377 2723 536 2778 fateri
585 2733 882 2793 oporteret,
914 2724 1057 2793 quod
1091 2723 1340 2792 equidem
1386 2726 1643 2792 cogitare,

108 2813 267 2868 nedum
315 2815 617 2881 afﬁrmare,
660 2816 1104 2872 absurdissimum
1156 2826 1261 2870 est.
1320 2817 1411 2870 Sic
1466 2826 1646 2877 autem

107 2902 501 2975 babetpratfatus
546 2925 719 2963 canon
750 2926 766 2962 :
802 2928 820 2960 ι
860 2909 925 2963 Ει
953 2908 1131 2963 omnis
1159 2908 1514 2963 ecclesiastici
1558 2924 1647 2962 or-

108 2994 219 3051 dinis
241 2998 423 3062 clerus,
456 3010 513 3057 et
560 3001 878 3073 presbyteri,
926 3012 982 3055 et
1011 3001 1222 3056 diaconi
1254 3015 1377 3055 eum
1424 3000 1647 3072 reliquis

106 3087 296 3154 clericis,
336 3094 698 3164 suscipientes
730 3096 1074 3162 antiquorum
1120 3093 1341 3146 Patrum
1388 3108 1644 3153 canones,

1750 1918 1770 1950 ‹
1809 1900 1877 1952 At
1929 1898 2045 1967 ipse
2089 1897 2475 1970 (Lanfrancus)
2502 1900 2854 1969 quzestionem
2902 1899 3070 1969 ipsam
3107 1899 3332 1959 consili)

1746 1991 2012 2062 generalis
2038 1990 2253 2047 concilii
2304 1990 2487 2046 taliter
2516 1990 2677 2046 solvit
2705 1999 2762 2045 ut
2808 1990 2888 2046 eis
2916 2007 3013 2061 pro
3059 1992 3329 2055 cas:itatc,

1745 2099 1904 2153 quam
1927 2100 1985 2139 se
2013 2092 2120 2138 tam
2149 2082 2451 2139 manifesta:
2473 2085 2549 2139 rei
2579 2084 2888 2139 cstensione
2910 2099 3095 2137 amare
3124 2091 3333 2138 testata:

1748 2176 1976 2231 fuerant.
2010 2175 2246 2229 debitam
2277 2175 2451 2245 magis
2491 2176 2849 2230 reverentiam
2877 2174 3146 2242 judicarct
3172 2177 3323 2229 exhi—

1745 2268 1996 2331 bendam,
2028 2282 2190 2337 quam
2233 2266 2394 2321 ultam
2424 2268 2701 2323 servandae
2744 2267 3016 2336 religionis
3048 2269 3332 2323 continen-

1748 2361 1901 2424 tiam,
1951 2359 2056 2413 nisi
2107 2359 2326 2429 propria
2373 2356 2648 2414 voluntate
2693 2366 3026 2428 appeterent,
3068 2359 3335 2421 violenter

1748 2454 2117 2523 ingerendum.
2162 2472 2179 2505 ι
2464 2458 2479 2491 ΐ

2220 2562 2287 2599 ΑΙ)
2320 2560 2621 2601 Ειιιετοιιλιι
2662 2562 2692 2600 Χ
2702 2561 2856 2601 XXIII.

1820 2636 2091 2692 Hibernicr
2137 2637 2372 2708 episcopo
2416 2637 2735 2699 Domnaldo,
2774 2638 2890 2692 sive
2918 2636 3201 2692 Dofnaido.
3234 2636 3336 2695 Ar-

1748 2730 2073 2784 machannm
2106 2728 2250 2784 hunc
2280 2728 2363 2799 (ut
2404 2729 2550 2801 reor)
2580 2728 2667 2795 vel
2716 2728 3097 2783 Dublinenscm
3137 2726 3338 2781 intelli-

1747 2820 1852 2889 git,
1909 2829 2096 2888 utpote
2156 2820 2630 2890 metropolitanum
2689 2820 2854 2874 totius
2903 2819 3206 2874 liibetnicm
3257 2819 3335 2871 in-

1747 2909 1901 2973 sulae,
1923 2910 2379 2979 quemadmodum
2407 2912 2676 2981 superius,
2706 2910 3267 2980 JoantziBothomaget
3290 2911 3335 2963 si

1748 3000 2156 3071 archiepiscopo
2196 3003 2464 3066 scribens,
2507 3003 2663 3072 epist.
2709 3003 2800 3069 M,
2832 3001 3333 3057 Northmanttoram

1751 3092 2217 3162 archiepiscopum
2249 3093 2511 3147 nominat.
2558 3093 2671 3147 Juri
2705 3095 3057 3149 nihilominus
3101 3092 3336 3147 Cantua-

106 3183 416 3246 promiserunt
444 3200 504 3239 se
538 3184 910 3240 ecclesiastica
932 3182 1053 3251 jura
1079 3184 1320 3238 moribus
1368 3191 1422 3238 et
1450 3184 1649 3237 doctri-
1676 3168 1722 3231 (ἶ
1754 3185 1948 3239 rtcnsis
2028 3184 2421 3255 archiepiscopi
2504 3185 2782 3255 subjacere
2860 3185 3334 3255 metra-politanutn

106 3268 189 3334 nis,
214 3272 493 3329 ministerio
539 3288 882 3344 recuperare.
914 3291 933 3324 ι
968 3273 1208 3328 Tandem
1240 3288 1368 3328 vero
1394 3290 1511 3344 quae
1554 3290 1649 3327 su-

106 3375 178 3427 pra
246 3365 515 3421 retulimus
580 3366 818 3421 clucidat
893 3366 1284 3435 confirmatque
1361 3366 1646 3420 concilium

106 3452 254 3508 itidem
276 3458 421 3525 apud
466 3458 738 3527 Liptinas,
775 3456 868 3513 sed
898 3457 1063 3527 priori
1092 3472 1256 3521 anno,
1284 3457 1384 3512 hoc
1416 3467 1499 3510 est
1545 3458 1648 3511 742

103 3557 436 3615 conrocatum,
470 3565 601 3604 can.
632 3548 839 3603 ultimo.
891 3566 909 3599 ι
946 3548 1015 3603 Ut
1060 3548 1310 3603 monachi
1357 3558 1413 3601 et
1441 3548 1649 3602 ancilla:

106 3634 174 3690 Usi
221 3641 628 3697 monasteriales
664 3639 817 3708 juxta
845 3640 1085 3711 regulam
1128 3639 1183 3694 S.
1217 3638 1492 3695 Benedicti
1534 3654 1647 3695 cte-

103 3732 228 3786 nobia
278 3736 354 3790 vel
395 3735 732 3792 xenodochia
761 3749 859 3789 sua
902 3734 1177 3797 ordinare,
1202 3734 1491 3805 gubermri
1530 3744 1645 3787 stu.

103 3823 262 3891 deant;
287 3838 337 3883 et
360 3830 526 3884 vitam
560 3827 833 3898 propriam
857 3827 1055 3897 degere
1080 3826 1372 3881 secundum
1402 3826 1645 3896 praedicti

102 3912 243 3973 Patris
287 3921 685 3977 ordinationem
735 3936 842 3974 non
894 3920 1184 3990 negligant.
1249 3938 1268 3972 ι
1345 3918 1479 3974 Vide
1545 3921 1645 3975 hoc

105 4020 275 4065 canone
318 4027 505 4069 onmes
565 4012 916 4067 dubitationis
959 4010 1232 4076 tenebras,
1285 4011 1329 4065 si
1368 4027 1504 4079 quas
1533 4027 1648 4066 vcr-

102 4095 201 4153 btnn
230 4115 514 4173 receperunt
567 4104 878 4175 ingesserit,
916 4117 1137 4172 prorsus
1178 4102 1411 4173 expelli?
1448 4103 1648 4173 Nempe

104 4186 173 4245 hic
195 4196 477 4252 ctenobitas
498 4196 630 4252 olim
659 4195 910 4252 sodalitio
941 4195 1291 4251 llenedictino
1332 4211 1524 4251 nomen
1558 4197 1646 4251 de-

104 4280 216 4337 disse
238 4289 503 4356 supponit,
536 4303 661 4343 cum
682 4298 735 4343 et
759 4302 854 4342 eos
898 4297 955 4342 ιιι
979 4287 1133 4356 juxta
1167 4289 1407 4358 regulam
1450 4289 1511 4343 D.
1549 4288 1647 4343 Be-

103 4372 261 4429 nedicti
302 4389 455 4449 atque
504 4378 752 4450 ejusdem
800 4377 979 4434 Patris
1024 4381 1418 4436 ordinationem
1483 4382 1646 4435 vitam

102 4459 340 4523 instituere
392 4485 498 4525 non
577 4470 853 4542 negligant
919 4473 1238 4527 adhortetur
1304 4471 1640 4536 concilium;

102 4553 324 4622 siquidem
351 4562 597 4617 nonnihil
638 4562 909 4634 negligere
937 4566 1059 4633 quis
1102 4565 1321 4628 dicitur,
1358 4564 1484 4617 dtttn
1512 4578 1649 4633 pra:-

104 4654 560 4725 Rptumaliquod,
594 4656 681 4710 cui
720 4665 882 4711 antea
931 4657 1386 4727 obstringcbatur,
1430 4666 1525 4711 aut
1554 4658 1646 4711 de-

105 4741 373 4799 mandatum
402 4746 507 4802 sibi
551 4745 810 4814 offtcium,
837 4756 1089 4805 votumve
1132 4750 1390 4805 emissum
1428 4758 1649 4820 praeter-

106 4830 241 4888 mittit
263 4837 342 4891 vel
366 4841 681 4896 contemnit.

158 4924 298 4983 Certo
330 4934 531 4988 certius
558 4948 687 5005 ergo
715 4949 783 4990 ex
817 4934 1090 5003 praedictis
1115 4935 1363 4989 omnibus
1394 4934 1644 4995 infertur.

106 5025 351 5087 antequam
388 5024 696 5081 Ludovicus
723 5025 851 5082 Pius
881 5026 1172 5095 imperaret
1202 5032 1323 5098 (nec
1352 5028 1498 5087 enim
1532 5039 1643 5082 tum

105 5111 457 5179 quamplurima
524 5116 859 5171 monasteria
934 5118 1215 5172 monachis
1286 5118 1647 5175 BenediCtinis

105 5197 327 5287 :edilicata
372 5204 537 5261 iuisSe
587 5206 797 5261 inficias
852 5206 939 5278 eo)
1004 5208 1244 5278 regulam
1310 5211 1482 5265 sancti
1542 5210 1647 5264 Be-

106 5289 271 5345 nedicti
327 5296 517 5351 saltem
571 5297 624 5350 in
678 5297 764 5351 his
810 5299 1209 5367 episcopalibus
1250 5300 1644 5372 Andcgavensi,

110 5373 406 5451 Pietavcnsi,
464 5388 859 5454 Aurelianensi,
920 5389 1271 5455 Cadurcensi,
1327 5390 1646 5457 Parisiensi,

106 5466 483 5541 Cenomanensi,
552 5479 933 5535 Sue:-sioncnsi
965 5523 978 5547 ,
1033 5480 1484 5547 Vesontionensi,
1545 5482 1648 5537 Ro—

110 5560 432 5635 tltomageusi,
499 5570 780 5637 Meldensi,
850 5572 1265 5643 Moguntinensi,
1322 5575 1646 5641 Turonensi,

109 5652 468 5729 Cameracensi,
493 5662 884 5731 Lemovicensi,
919 5665 1284 5730 Ambianensi,
1310 5666 1649 5734 Augustqu-

110 5748 255 5811 tcnsi,
281 5747 885 5814 licdouensicxstitissc.
927 5754 1119 5811 Verum
1144 5756 1210 5811 dc
1237 5756 1317 5812 bis
1348 5757 1468 5827 plus
1492 5758 1643 5813 satis.

1753 3279 1924 3342 illum,
1958 3276 2116 3332 fidem
2150 3277 2282 3332 facit
2305 3277 2575 3333 Venerat).
2612 3277 2774 3334 Beda.
2824 3276 2914 3330 lib.
2964 3292 3004 3332 ιι
3050 3289 3197 3347 gent.
3229 3277 3340 3331 Au-

1750 3373 1983 3443 glorum.
2026 3370 2156 3426 Vide
2190 3371 2333 3425 dicta
2378 3370 2447 3426 ad
2476 3372 2634 3440 epist.
2664 3371 2718 3434 4,
2750 3370 2805 3422 h.
2849 3367 3017 3423 Porro
3054 3369 3336 3437 antiquum

1753 3462 2054 3518 Hibernicte
2089 3462 2346 3517 Ecclesize
2393 3470 2593 3515 statum
2624 3459 2882 3514 describit
2922 3459 2977 3513 in,
3025 3458 3168 3512 hunc
3218 3474 3248 3513 tt
3272 3472 3336 3512 o-

1750 3554 1912 3619 dum;
1944 3552 2083 3607 idetn
2123 3550 2286 3616 Beda,
2315 3551 2434 3607 loco
2460 3559 2648 3614 eitato,
2680 3549 2773 3603 lib.
2804 3563 2882 3609 Ill,
2908 3552 3031 3616 cap.
3062 3548 3096 3599 4
3127 3565 3139 3600 :
3175 3564 3195 3597 ι
3232 3546 3339 3600 lia-

1750 3644 1879 3700 bere
1908 3653 2086 3699 autem
2115 3644 2253 3698 solet
2289 3644 2405 3714 ipsa
2436 3641 2610 3697 insula
2636 3650 2901 3695 rectorem
2924 3655 3023 3693 seu
3047 3653 3143 3708 per
3172 3640 3256 3693 abl
3280 3655 3339 3691 a-

1752 3743 1860 3790 tem
1892 3734 2289 3804 presbyterum,
2324 3732 2478 3804 cujus
2498 3731 2603 3801 juri
2638 3740 2692 3785 et
2738 3728 2916 3785 omnis
2944 3728 3247 3799 provincia,
3283 3739 3341 3784 et

1751 3827 1851 3896 ipsi
1901 3828 2063 3881 etiam
2104 3826 2340 3896 episcopi
2390 3825 2579 3879 ordine
2628 3824 2890 3877 inusitato
2937 3821 3168 3877 debeant
3212 3836 3336 3876 esse

1748 3920 1998 3990 subjecti,
2036 3920 2192 3987 juxta
2229 3919 2534 3990 exemplum
2564 3918 2721 3988 primi
2765 3916 3005 3972 doctoris
3034 3915 3175 3968 illius
3204 3914 3339 3983 (Co-

1751 4013 2017 4082 lumbani)
2064 4013 2153 4079 qui
2193 4026 2297 4066 non
2341 4012 2648 4081 episcopus,
2690 4010 2782 4064 sed
2811 4008 3096 4078 presbyter
3131 4006 3337 4061 exstitit

1746 4115 1805 4161 et
1834 4112 2155 4168 monachus,
2192 4123 2211 4156 δ
2243 4112 2347 4157 etc.

1746 4220 1749 4225 ·
1822 4194 1975 4249 Hanc
2007 4194 2072 4248 de
2116 4192 2407 4263 infantibus
2450 4200 2621 4244 tenere
2664 4199 2994 4244 sententiam.
3026 4188 3106 4241 Ex
3155 4200 3339 4241 conse-

1747 4289 2042 4358 quentibus
2090 4286 2292 4349 verbis,
2344 4284 2488 4353 loqui
2545 4285 2611 4337 de
2662 4282 3044 4336 communione
3096 4279 3340 4347 corporis

1749 4380 1951 4437 Christi
1983 4377 2285 4433 infantibus
2314 4384 2439 4427 ante
2470 4389 2624 4428 usum
2660 4371 2882 4426 rationis
2927 4369 3174 4441 proxime
3215 4378 3341 4439 post

1749 4481 2057 4541 susceptum
2087 4469 2350 4539 baptisma
2380 4467 2580 4535 porrigi
2610 4465 2787 4531 solita,
2809 4476 3154 4534 pchptcuum
3188 4461 3337 4515 vidc-

1679 4539 1724 4594 D
1754 4577 1859 4621 tur.
1894 4539 2076 4619 Brisca
2112 4562 2312 4616 etenim
2355 4558 2689 4614 consttezudo
2733 4557 2825 4611 fttit
2876 4556 2928 4609 in
2967 4553 3206 4609 Ecclesia
3237 4569 3337 4607 cu-

1753 4652 2027 4714 cltaristiie
2050 4662 2450 4709 sacramentum
2483 4649 2722 4720 parvulis
2753 4648 3036 4718 baptizalis
3065 4645 3337 4707 conferre,

1751 4760 1809 4805 ut
1835 4749 2053 4820 planum
2077 4756 2160 4801 est
2178 4745 2331 4801 extB.
2358 4743 2632 4813 Dionysio,
2654 4756 2773 4811 cap.
2798 4741 2828 4793 7
2860 4740 2935 4794 De
2969 4738 3336 4794 etclesiastica

1753 4839 2088 4895 Hierarchia.
2112 4835 2430 4893 Μιταδίδωσι
2456 4832 2509 4889 δὲ
2529 4842 2601 4905 τῷ
2620 4832 2765 4888 παιδὶ
2783 4840 2882 4887 τῶν
2900 4832 3047 4907 ἱερῶν
3069 4829 3338 4899 συμϐόλων

1751 4933 1777 4988 ὁ
1824 4934 2098 5009 ἰερὰρχης,
2141 4930 2283 4992 ὅπως
2316 4931 2365 4984 ἐν
2409 4930 2579 4988 αὐτοῖς
2615 4928 2938 5001 ἅνατραῖσιιη,
2983 4934 3088 4980 etc.
3124 4923 3174 4976 id
3206 4931 3288 4975 est
3317 4936 3332 4973 :

1758 5044 1777 5077 ι
1811 5025 1981 5079 Porro
2015 5031 2144 5092 pont
2169 5023 2257 5076 fex
2284 5033 2511 5088 puerum
2547 5029 2852 5074 consortem
2899 5017 3029 5072 facit
3056 5027 3334 5069 sacrorum

1753 5117 2159 5189 mysteriorum,
2192 5124 2251 5167 ut
2282 5114 2334 5166 in
2376 5112 2457 5166 eis
2495 5113 2769 5173 educetur,
2811 5128 2828 5161 ι
2864 5117 2968 5163 etc.
3004 5106 3081 5160 Ex
3111 5105 3202 5159 lib.
3237 5101 3334 5157 Sa-

1752 5216 2155 5264 cramentorum
2212 5204 2273 5257 D.
2330 5201 2576 5271 Gregorii
2632 5200 2723 5271 (ab
2796 5200 3015 5267 Ilugone
3079 5196 3335 5259 Menardo

1753 5298 2023 5367 evulgatO)
2051 5294 2128 5349 De
2151 5293 2423 5363 baptismo
2450 5289 2675 5345 Sabbali
2715 5289 2917 5350 sancti;
2952 5285 3038 5338 ubi
3068 5284 3135 5338 (Te
3163 5284 3337 5352 bapti—

1753 5406 1872 5446 smo
1903 5387 2187 5444 infantium
2223 5402 2236 5437 :
2266 5403 2284 5434 ‹
2314 5382 2413 5449 Qui
2443 5382 2607 5437 etiam
2636 5395 2740 5432 non
2764 5375 3113 5447 prohibentur
3143 5372 3330 5426 lactari

1752 5489 1877 5536 ante
1920 5492 2128 5533 sacrant
2161 5473 2616 5535 communionem,
2647 5468 2691 5522 si
2737 5479 2957 5520 necesse
2988 5462 3165 5517 fuerit.
3203 5480 3221 5513 ι
3252 5461 3333 5515 Ex

1749 5571 1907 5641 epist.
1943 5569 2095 5624 Jesse
2126 5563 2506 5620 Ambianeasis
2543 5559 2778 5629 episcopi
2814 5556 2878 5610 ad
2918 5554 3223 5609 sacerdotes
3267 5554 3335 5608 de

1749 5663 2020 5732 baptismo
2047 5669 2169 5729 post
2217 5657 2450 5711 medimu
2505 5654 2709 5723 (exstat
2742 5656 2862 5720 post
2885 5644 3140 5717 epistolas
3171 5642 3332 5697 Hinc-

1752 5755 1887 5810 mari
1921 5770 1951 5809 a
1973 5753 2181 5809 Joanne
2227 5745 2485 5805 Cordcsio
2509 5742 2704 5815 editas)
2735 5758 2748 5796 :
2787 5759 2805 5793 t
2837 5736 3121 5795 Novissimi
3152 5743 3329 5790 autem
