  <div class='ocr_page' id='page_1' title='image "/cluster/home/n/w/nwhite01/storage/ocr_20150623/150/hvd.32044015473788/310.png"; bbox 0 0 3864 6304; ppageno 0'>
   <div class='ocr_carea' id='block_1_1' title="bbox 86 306 1629 379">
    <p class='ocr_par' dir='ltr' id='par_1_1' title="bbox 86 307 1629 379">
     <span class='ocr_line' id='line_1_1' title="bbox 86 307 1629 379; baseline -0.01 -1"><span class='ocrx_word' id='word_1_1' title='bbox 86 323 168 379; x_wconf 65' lang='lat' dir='ltr'><strong>(il-5</strong></span> <span class='ocrx_word' id='word_1_2' title='bbox 1153 313 1218 368; x_wconf 75' lang='lat' dir='ltr'><strong>IN</strong></span> <span class='ocrx_word' id='word_1_3' title='bbox 1257 309 1472 367; x_wconf 82' lang='lat' dir='ltr'><strong>EPIST.</strong></span> <span class='ocrx_word' id='word_1_4' title='bbox 1518 309 1575 362; x_wconf 80' lang='grc' dir='ltr'><strong>Β.</strong></span> <span class='ocrx_word' id='word_1_5' title='bbox 1622 307 1629 362; x_wconf 94' lang='lat' dir='ltr'>l</span> 
     </span>
    </p>
   </div>
   <div class='ocr_carea' id='block_1_2' title="bbox 1740 306 2283 379">
    <p class='ocr_par' dir='ltr' id='par_1_2' title="bbox 1740 306 2283 364">
     <span class='ocr_line' id='line_1_2' title="bbox 1740 306 2283 364; baseline 0.002 -3"><span class='ocrx_word' id='word_1_6' title='bbox 1740 307 2008 363; x_wconf 66' lang='grc' dir='ltr'>ιιοίιΑΝει</span> <span class='ocrx_word' id='word_1_7' title='bbox 2052 306 2283 364; x_wconf 68' lang='grc' dir='ltr'><strong>ΝΟΤίΕ.</strong></span> 
     </span>
    </p>
   </div>
   <div class='ocr_carea' id='block_1_3' title="bbox 3215 316 3319 372">
    <p class='ocr_par' dir='ltr' id='par_1_3' title="bbox 3215 316 3319 372">
     <span class='ocr_line' id='line_1_3' title="bbox 3215 316 3319 372; baseline 0.01 -1"><span class='ocrx_word' id='word_1_8' title='bbox 3215 316 3319 372; x_wconf 77' lang='grc' dir='ltr'>οιι</span> 
     </span>
    </p>
   </div>
   <div class='ocr_carea' id='block_1_4' title="bbox 84 422 3313 513">
    <p class='ocr_par' dir='ltr' id='par_1_4' title="bbox 84 422 3313 513">
     <span class='ocr_line' id='line_1_4' title="bbox 84 422 3313 513; baseline 0.001 -31"><span class='ocrx_word' id='word_1_9' title='bbox 84 446 183 508; x_wconf 70' lang='lat' dir='ltr'><strong>post</strong></span> <span class='ocrx_word' id='word_1_10' title='bbox 209 434 476 513; x_wconf 65' lang='lat' dir='ltr'><strong>synodum</strong></span> <span class='ocrx_word' id='word_1_11' title='bbox 510 433 709 502; x_wconf 82' lang='lat' dir='ltr'><strong>&#39;ncmpe</strong></span> <span class='ocrx_word' id='word_1_12' title='bbox 740 431 1034 496; x_wconf 69' lang='lat' dir='ltr'><strong>Niemnam,</strong></span> <span class='ocrx_word' id='word_1_13' title='bbox 1072 444 1211 499; x_wconf 78' lang='lat' dir='ltr'><strong>quae,</strong></span> <span class='ocrx_word' id='word_1_14' title='bbox 1255 444 1376 483; x_wconf 91' lang='lat' dir='ltr'><strong>can.</strong></span> <span class='ocrx_word' id='word_1_15' title='bbox 1408 427 1471 491; x_wconf 85' lang='lat'><strong>&#39;5,</strong></span> <span class='ocrx_word' id='word_1_16' title='bbox 1516 424 1632 494; x_wconf 83' lang='lat' dir='ltr'><strong>epi-</strong></span> <span class='ocrx_word' id='word_1_17' title='bbox 1665 426 1710 484; x_wconf 81' lang='grc' dir='ltr'><strong>Λ</strong></span> <span class='ocrx_word' id='word_1_18' title='bbox 1744 422 1900 491; x_wconf 80' lang='lat' dir='ltr'><strong>epist.</strong></span> <span class='ocrx_word' id='word_1_19' title='bbox 1936 422 2039 476; x_wconf 74' lang='grc' dir='ltr'><strong>ΜΞ).</strong></span> <span class='ocrx_word' id='word_1_20' title='bbox 2076 431 2132 475; x_wconf 90' lang='lat' dir='ltr'><strong>et</strong></span> <span class='ocrx_word' id='word_1_21' title='bbox 2176 422 2302 487; x_wconf 71' lang='lat' dir='ltr'><strong>H7,</strong></span> <span class='ocrx_word' id='word_1_22' title='bbox 2359 423 2480 478; x_wconf 93' lang='lat' dir='ltr'><strong>libr.</strong></span> <span class='ocrx_word' id='word_1_23' title='bbox 2525 441 2608 478; x_wconf 84' lang='lat' dir='ltr'><strong>tu.</strong></span> <span class='ocrx_word' id='word_1_24' title='bbox 2656 424 2771 480; x_wconf 84' lang='lat' dir='ltr'><strong>Non</strong></span> <span class='ocrx_word' id='word_1_25' title='bbox 2814 425 2992 482; x_wconf 86' lang='lat' dir='ltr'><strong>Scotis</strong></span> <span class='ocrx_word' id='word_1_26' title='bbox 3037 428 3196 483; x_wconf 89' lang='lat' dir='ltr'><strong>modo</strong></span> <span class='ocrx_word' id='word_1_27' title='bbox 3250 447 3313 484; x_wconf 73' lang='lat' dir='ltr'><strong>vi:</strong></span> 
     </span>
    </p>
   </div>
   <div class='ocr_carea' id='block_1_5' title="bbox 85 520 1630 599">
    <p class='ocr_par' dir='ltr' id='par_1_5' title="bbox 85 520 1630 599">
     <span class='ocr_line' id='line_1_5' title="bbox 85 520 1630 599; baseline -0.008 -14"><span class='ocrx_word' id='word_1_28' title='bbox 85 544 277 599; x_wconf 78' lang='lat' dir='ltr'><strong>scapos,</strong></span> <span class='ocrx_word' id='word_1_29' title='bbox 325 526 472 581; x_wconf 89' lang='lat' dir='ltr'><strong>nulla</strong></span> <span class='ocrx_word' id='word_1_30' title='bbox 516 526 648 581; x_wconf 89' lang='lat' dir='ltr'><strong>eleri</strong></span> <span class='ocrx_word' id='word_1_31' title='bbox 696 525 972 597; x_wconf 90' lang='lat' dir='ltr'><strong>plebisque</strong></span> <span class='ocrx_word' id='word_1_32' title='bbox 1022 523 1159 578; x_wconf 84' lang='lat' dir='ltr'><strong>facta</strong></span> <span class='ocrx_word' id='word_1_33' title='bbox 1212 521 1512 585; x_wconf 76' lang='lat' dir='ltr'><strong>mentione,</strong></span> <span class='ocrx_word' id='word_1_34' title='bbox 1562 520 1630 573; x_wconf 89' lang='lat' dir='ltr'><strong>ab</strong></span> 
     </span>
    </p>
   </div>
   <div class='ocr_carea' id='block_1_6' title="bbox 84 612 1628 688">
    <p class='ocr_par' dir='ltr' id='par_1_6' title="bbox 84 612 1628 688">
     <span class='ocr_line' id='line_1_6' title="bbox 84 612 1628 688; baseline -0.008 -15"><span class='ocrx_word' id='word_1_35' title='bbox 84 619 317 688; x_wconf 75' lang='lat' dir='ltr'><strong>episcopis</strong></span> <span class='ocrx_word' id='word_1_36' title='bbox 336 617 462 688; x_wconf 80' lang='lat' dir='ltr'><strong>eligi</strong></span> <span class='ocrx_word' id='word_1_37' title='bbox 493 626 657 686; x_wconf 91' lang='lat' dir='ltr'><strong>atque</strong></span> <span class='ocrx_word' id='word_1_38' title='bbox 699 616 941 671; x_wconf 68' lang='lat' dir='ltr'><strong>ordinati</strong></span> <span class='ocrx_word' id='word_1_39' title='bbox 966 614 1141 684; x_wconf 90' lang='lat' dir='ltr'><strong>jubet.</strong></span> <span class='ocrx_word' id='word_1_40' title='bbox 1182 614 1247 667; x_wconf 84' lang='lat' dir='ltr'><strong>Et</strong></span> <span class='ocrx_word' id='word_1_41' title='bbox 1298 612 1628 675; x_wconf 87' lang='lat' dir='ltr'><strong>Laodicena,</strong></span> 
     </span>
    </p>
   </div>
   <div class='ocr_carea' id='block_1_7' title="bbox 84 701 1631 773">
    <p class='ocr_par' dir='ltr' id='par_1_7' title="bbox 84 701 1631 773">
     <span class='ocr_line' id='line_1_7' title="bbox 84 701 1631 773; baseline -0.007 -7"><span class='ocrx_word' id='word_1_42' title='bbox 84 728 181 766; x_wconf 76' lang='lat' dir='ltr'><strong>can.</strong></span> <span class='ocrx_word' id='word_1_43' title='bbox 214 710 295 773; x_wconf 75' lang='lat' dir='ltr'><strong>l5,</strong></span> <span class='ocrx_word' id='word_1_44' title='bbox 326 709 673 763; x_wconf 80' lang='lat' dir='ltr'><strong>sacerdotum</strong></span> <span class='ocrx_word' id='word_1_45' title='bbox 703 707 995 762; x_wconf 87' lang='lat' dir='ltr'><strong>electiones</strong></span> <span class='ocrx_word' id='word_1_46' title='bbox 1045 705 1217 760; x_wconf 89' lang='lat' dir='ltr'><strong>turbis</strong></span> <span class='ocrx_word' id='word_1_47' title='bbox 1270 706 1380 759; x_wconf 84' lang='lat' dir='ltr'><strong>sive</strong></span> <span class='ocrx_word' id='word_1_48' title='bbox 1423 701 1631 773; x_wconf 75' lang='lat' dir='ltr'><strong>pOpUIIS</strong></span> 
     </span>
    </p>
   </div>
   <div class='ocr_carea' id='block_1_8' title="bbox 83 795 1630 872">
    <p class='ocr_par' dir='ltr' id='par_1_8' title="bbox 83 795 1630 872">
     <span class='ocr_line' id='line_1_8' title="bbox 83 795 1630 872; baseline -0.006 -16"><span class='ocrx_word' id='word_1_49' title='bbox 83 800 285 872; x_wconf 77' lang='lat' dir='ltr'><strong>permitti</strong></span> <span class='ocrx_word' id='word_1_50' title='bbox 315 808 483 855; x_wconf 86' lang='lat' dir='ltr'><strong>vetat.</strong></span> <span class='ocrx_word' id='word_1_51' title='bbox 513 799 571 853; x_wconf 91' lang='lat' dir='ltr'><strong>In</strong></span> <span class='ocrx_word' id='word_1_52' title='bbox 602 800 1029 855; x_wconf 79' lang='lat' dir='ltr'><strong>occidentalibus</strong></span> <span class='ocrx_word' id='word_1_53' title='bbox 1060 808 1237 852; x_wconf 85' lang='lat' dir='ltr'><strong>tamen</strong></span> <span class='ocrx_word' id='word_1_54' title='bbox 1269 796 1522 850; x_wconf 83' lang='lat' dir='ltr'><strong>Ecclesiis</strong></span> <span class='ocrx_word' id='word_1_55' title='bbox 1542 795 1630 864; x_wconf 88' lang='lat' dir='ltr'><strong>jus</strong></span> 
     </span>
    </p>
   </div>
   <div class='ocr_carea' id='block_1_9' title="bbox 84 888 1633 961">
    <p class='ocr_par' dir='ltr' id='par_1_9' title="bbox 84 888 1633 961">
     <span class='ocr_line' id='line_1_9' title="bbox 84 888 1633 961; baseline -0.006 -11"><span class='ocrx_word' id='word_1_56' title='bbox 84 896 200 950; x_wconf 70' lang='lat' dir='ltr'><strong>istud</strong></span> <span class='ocrx_word' id='word_1_57' title='bbox 241 891 475 961; x_wconf 71' lang='lat' dir='ltr'><strong>suffragii</strong></span> <span class='ocrx_word' id='word_1_58' title='bbox 511 893 565 946; x_wconf 92' lang='lat' dir='ltr'><strong>in</strong></span> <span class='ocrx_word' id='word_1_59' title='bbox 599 892 972 945; x_wconf 89' lang='lat' dir='ltr'><strong>renuntiandis</strong></span> <span class='ocrx_word' id='word_1_60' title='bbox 1014 889 1281 960; x_wconf 81' lang='lat' dir='ltr'><strong>episcopis</strong></span> <span class='ocrx_word' id='word_1_61' title='bbox 1310 888 1503 958; x_wconf 91' lang='lat' dir='ltr'><strong>popqu</strong></span> <span class='ocrx_word' id='word_1_62' title='bbox 1549 902 1633 941; x_wconf 89' lang='lat' dir='ltr'><strong>re-</strong></span> 
     </span>
    </p>
   </div>
   <div class='ocr_carea' id='block_1_10' title="bbox 84 980 1627 1053">
    <p class='ocr_par' dir='ltr' id='par_1_10' title="bbox 84 980 1627 1053">
     <span class='ocr_line' id='line_1_10' title="bbox 84 980 1627 1053; baseline -0.003 -15"><span class='ocrx_word' id='word_1_63' title='bbox 84 986 267 1046; x_wconf 82' lang='lat' dir='ltr'><strong>mansit,</strong></span> <span class='ocrx_word' id='word_1_64' title='bbox 300 1000 365 1038; x_wconf 89' lang='lat' dir='ltr'><strong>ac</strong></span> <span class='ocrx_word' id='word_1_65' title='bbox 397 984 489 1038; x_wconf 62' lang='lat' dir='ltr'><strong>diu</strong></span> <span class='ocrx_word' id='word_1_66' title='bbox 517 984 903 1053; x_wconf 73' lang='lat' dir='ltr'><strong>perseveravit,</strong></span> <span class='ocrx_word' id='word_1_67' title='bbox 925 983 1119 1044; x_wconf 90' lang='lat' dir='ltr'><strong>donec,</strong></span> <span class='ocrx_word' id='word_1_68' title='bbox 1153 980 1320 1049; x_wconf 87' lang='lat' dir='ltr'><strong>pulsis</strong></span> <span class='ocrx_word' id='word_1_69' title='bbox 1346 980 1627 1044; x_wconf 80' lang='lat' dir='ltr'><strong>Romanis,</strong></span> 
     </span>
    </p>
   </div>
   <div class='ocr_carea' id='block_1_11' title="bbox 83 1072 1628 1146">
    <p class='ocr_par' dir='ltr' id='par_1_11' title="bbox 83 1072 1628 1146">
     <span class='ocr_line' id='line_1_11' title="bbox 83 1072 1628 1146; baseline -0.004 -15"><span class='ocrx_word' id='word_1_70' title='bbox 83 1076 225 1131; x_wconf 71' lang='lat' dir='ltr'><strong>exorti</strong></span> <span class='ocrx_word' id='word_1_71' title='bbox 256 1089 406 1146; x_wconf 73' lang='lat' dir='ltr'><strong>reges</strong></span> <span class='ocrx_word' id='word_1_72' title='bbox 460 1088 563 1129; x_wconf 88' lang='lat' dir='ltr'><strong>sua</strong></span> <span class='ocrx_word' id='word_1_73' title='bbox 591 1075 853 1130; x_wconf 87' lang='lat' dir='ltr'><strong>interesse</strong></span> <span class='ocrx_word' id='word_1_74' title='bbox 878 1075 1144 1128; x_wconf 88' lang='lat' dir='ltr'><strong>ducerent</strong></span> <span class='ocrx_word' id='word_1_75' title='bbox 1197 1074 1481 1143; x_wconf 87' lang='lat' dir='ltr'><strong>episc0pos</strong></span> <span class='ocrx_word' id='word_1_76' title='bbox 1506 1072 1628 1142; x_wconf 76' lang='lat' dir='ltr'><strong>eligi</strong></span> 
     </span>
    </p>
   </div>
   <div class='ocr_carea' id='block_1_12' title="bbox 82 1163 1633 1220">
    <p class='ocr_par' dir='ltr' id='par_1_12' title="bbox 82 1163 1633 1220">
     <span class='ocr_line' id='line_1_12' title="bbox 82 1163 1633 1220; baseline -0.003 -1"><span class='ocrx_word' id='word_1_77' title='bbox 82 1166 259 1219; x_wconf 85' lang='lat' dir='ltr'><strong>nnnaisi</strong></span> <span class='ocrx_word' id='word_1_78' title='bbox 305 1166 576 1219; x_wconf 89' lang='lat' dir='ltr'><strong>arbitratu</strong></span> <span class='ocrx_word' id='word_1_79' title='bbox 624 1175 678 1219; x_wconf 90' lang='lat' dir='ltr'><strong>et</strong></span> <span class='ocrx_word' id='word_1_80' title='bbox 706 1165 983 1220; x_wconf 74' lang='lat' dir='ltr'><strong>voluntate</strong></span> <span class='ocrx_word' id='word_1_81' title='bbox 1021 1181 1137 1219; x_wconf 87' lang='lat' dir='ltr'><strong>sua.</strong></span> <span class='ocrx_word' id='word_1_82' title='bbox 1178 1164 1244 1218; x_wconf 86' lang='lat' dir='ltr'><strong>Et</strong></span> <span class='ocrx_word' id='word_1_83' title='bbox 1296 1164 1411 1219; x_wconf 77' lang='lat' dir='ltr'><strong>ltzee</strong></span> <span class='ocrx_word' id='word_1_84' title='bbox 1452 1163 1633 1217; x_wconf 84' lang='lat' dir='ltr'><strong>erudi-</strong></span> 
     </span>
    </p>
   </div>
   <div class='ocr_carea' id='block_1_13' title="bbox 84 1255 1633 1325">
    <p class='ocr_par' dir='ltr' id='par_1_13' title="bbox 84 1255 1633 1325">
     <span class='ocr_line' id='line_1_13' title="bbox 84 1255 1633 1325; baseline -0.002 -15"><span class='ocrx_word' id='word_1_85' title='bbox 84 1257 201 1310; x_wconf 86' lang='lat' dir='ltr'><strong>tione</strong></span> <span class='ocrx_word' id='word_1_86' title='bbox 238 1255 575 1310; x_wconf 84' lang='lat' dir='ltr'><strong>clarissimus</strong></span> <span class='ocrx_word' id='word_1_87' title='bbox 624 1255 946 1309; x_wconf 82' lang='lat' dir='ltr'><strong>Sirinondus</strong></span> <span class='ocrx_word' id='word_1_88' title='bbox 987 1256 1171 1309; x_wconf 91' lang='lat' dir='ltr'><strong>multis</strong></span> <span class='ocrx_word' id='word_1_89' title='bbox 1211 1256 1403 1325; x_wconf 83' lang='lat' dir='ltr'><strong>probat</strong></span> <span class='ocrx_word' id='word_1_90' title='bbox 1451 1270 1633 1308; x_wconf 79' lang='lat' dir='ltr'><strong>exem-</strong></span> 
     </span>
    </p>
   </div>
   <div class='ocr_carea' id='block_1_14' title="bbox 84 1342 1633 1415">
    <p class='ocr_par' dir='ltr' id='par_1_14' title="bbox 84 1342 1633 1415">
     <span class='ocr_line' id='line_1_14' title="bbox 84 1342 1633 1415; baseline 0.001 -18"><span class='ocrx_word' id='word_1_91' title='bbox 84 1347 163 1413; x_wconf 80' lang='lat' dir='ltr'><strong>ptis</strong></span> <span class='ocrx_word' id='word_1_92' title='bbox 184 1385 197 1409; x_wconf 96' lang='lat'><strong>,</strong></span> <span class='ocrx_word' id='word_1_93' title='bbox 235 1346 280 1398; x_wconf 87' lang='lat' dir='ltr'><strong>in</strong></span> <span class='ocrx_word' id='word_1_94' title='bbox 309 1342 630 1413; x_wconf 74' lang='lat' dir='ltr'><strong>przefatione</strong></span> <span class='ocrx_word' id='word_1_95' title='bbox 660 1346 724 1399; x_wconf 91' lang='lat' dir='ltr'><strong>ad</strong></span> <span class='ocrx_word' id='word_1_96' title='bbox 768 1346 1029 1400; x_wconf 78' lang='lat' dir='ltr'><strong>formulas</strong></span> <span class='ocrx_word' id='word_1_97' title='bbox 1068 1348 1320 1414; x_wconf 86' lang='lat' dir='ltr'><strong>antiquas</strong></span> <span class='ocrx_word' id='word_1_98' title='bbox 1346 1348 1633 1415; x_wconf 84' lang='lat' dir='ltr'><strong>promotio-</strong></span> 
     </span>
    </p>
   </div>
   <div class='ocr_carea' id='block_1_15' title="bbox 85 1434 1631 1505">
    <p class='ocr_par' dir='ltr' id='par_1_15' title="bbox 85 1434 1631 1505">
     <span class='ocr_line' id='line_1_15' title="bbox 85 1434 1631 1505; baseline 0.001 -19"><span class='ocrx_word' id='word_1_99' title='bbox 85 1449 187 1486; x_wconf 88' lang='lat' dir='ltr'><strong>num</strong></span> <span class='ocrx_word' id='word_1_100' title='bbox 222 1435 604 1505; x_wconf 86' lang='lat' dir='ltr'><strong>episcopalium</strong></span> <span class='ocrx_word' id='word_1_101' title='bbox 632 1476 646 1500; x_wconf 96' lang='lat'><strong>,</strong></span> <span class='ocrx_word' id='word_1_102' title='bbox 680 1436 747 1489; x_wconf 89' lang='lat' dir='ltr'><strong>ad</strong></span> <span class='ocrx_word' id='word_1_103' title='bbox 787 1436 990 1490; x_wconf 90' lang='lat' dir='ltr'><strong>calcem</strong></span> <span class='ocrx_word' id='word_1_104' title='bbox 1021 1445 1150 1490; x_wconf 91' lang='lat' dir='ltr'><strong>tom.</strong></span> <span class='ocrx_word' id='word_1_105' title='bbox 1180 1436 1222 1489; x_wconf 91' lang='lat' dir='ltr'><strong>Il</strong></span> <span class='ocrx_word' id='word_1_106' title='bbox 1268 1434 1631 1490; x_wconf 86' lang='lat' dir='ltr'><strong>Conciliorum</strong></span> 
     </span>
    </p>
   </div>
   <div class='ocr_carea' id='block_1_16' title="bbox 86 1528 259 1583">
    <p class='ocr_par' dir='ltr' id='par_1_16' title="bbox 86 1528 259 1583">
     <span class='ocr_line' id='line_1_16' title="bbox 86 1528 259 1583; baseline -0.012 0"><span class='ocrx_word' id='word_1_107' title='bbox 86 1528 259 1583; x_wconf 70' lang='lat' dir='ltr'><strong>Galliae.</strong></span> 
     </span>
    </p>
   </div>
   <div class='ocr_carea' id='block_1_17' title="bbox 143 1618 1633 1689">
    <p class='ocr_par' dir='ltr' id='par_1_17' title="bbox 143 1618 1633 1689">
     <span class='ocr_line' id='line_1_17' title="bbox 143 1618 1633 1689; baseline 0.003 -20"><span class='ocrx_word' id='word_1_108' title='bbox 143 1618 285 1671; x_wconf 69' lang='lat' dir='ltr'><strong>Nobis</strong></span> <span class='ocrx_word' id='word_1_109' title='bbox 331 1620 766 1688; x_wconf 71' lang='lat' dir='ltr'><strong>suﬁicieniissime</strong></span> <span class='ocrx_word' id='word_1_110' title='bbox 819 1620 1123 1689; x_wconf 82' lang='lat' dir='ltr'><strong>cognitum,</strong></span> <span class='ocrx_word' id='word_1_111' title='bbox 1176 1629 1282 1674; x_wconf 87' lang='lat' dir='ltr'><strong>etc.</strong></span> <span class='ocrx_word' id='word_1_112' title='bbox 1338 1620 1527 1674; x_wconf 82' lang='lat' dir='ltr'><strong>Plures</strong></span> <span class='ocrx_word' id='word_1_113' title='bbox 1581 1621 1633 1674; x_wconf 94' lang='lat' dir='ltr'><strong>id</strong></span> 
     </span>
    </p>
   </div>
   <div class='ocr_carea' id='block_1_18' title="bbox 87 1708 1630 1780">
    <p class='ocr_par' dir='ltr' id='par_1_18' title="bbox 87 1708 1630 1780">
     <span class='ocr_line' id='line_1_18' title="bbox 87 1708 1630 1780; baseline 0.006 -24"><span class='ocrx_word' id='word_1_114' title='bbox 87 1725 220 1775; x_wconf 67' lang='lat' dir='ltr'><strong>getuts</strong></span> <span class='ocrx_word' id='word_1_115' title='bbox 247 1708 542 1763; x_wconf 87' lang='lat' dir='ltr'><strong>litterarum</strong></span> <span class='ocrx_word' id='word_1_116' title='bbox 576 1710 855 1774; x_wconf 71' lang='lat' dir='ltr'><strong>formulas,</strong></span> <span class='ocrx_word' id='word_1_117' title='bbox 887 1711 1002 1765; x_wconf 77' lang='lat' dir='ltr'><strong>loco</strong></span> <span class='ocrx_word' id='word_1_118' title='bbox 1047 1713 1293 1780; x_wconf 70' lang='lat' dir='ltr'><strong>proxime</strong></span> <span class='ocrx_word' id='word_1_119' title='bbox 1320 1714 1488 1765; x_wconf 80' lang='lat' dir='ltr'><strong>citato</strong></span> <span class='ocrx_word' id='word_1_120' title='bbox 1518 1713 1630 1766; x_wconf 78' lang='lat' dir='ltr'><strong>for-</strong></span> 
     </span>
    </p>
   </div>
   <div class='ocr_carea' id='block_1_19' title="bbox 88 1799 808 1869">
    <p class='ocr_par' dir='ltr' id='par_1_19' title="bbox 88 1799 808 1869">
     <span class='ocr_line' id='line_1_19' title="bbox 88 1799 808 1869; baseline 0.008 -20"><span class='ocrx_word' id='word_1_121' title='bbox 88 1799 198 1849; x_wconf 83' lang='lat' dir='ltr'><strong>mula</strong></span> <span class='ocrx_word' id='word_1_122' title='bbox 222 1799 248 1850; x_wconf 83' lang='lat'><strong>7</strong></span> <span class='ocrx_word' id='word_1_123' title='bbox 274 1811 323 1853; x_wconf 86' lang='lat' dir='ltr'><strong>et</strong></span> <span class='ocrx_word' id='word_1_124' title='bbox 347 1816 464 1869; x_wconf 83' lang='lat' dir='ltr'><strong>seq.</strong></span> <span class='ocrx_word' id='word_1_125' title='bbox 497 1803 682 1855; x_wconf 75' lang='lat' dir='ltr'><strong>vidi-re</strong></span> <span class='ocrx_word' id='word_1_126' title='bbox 707 1811 808 1855; x_wconf 84' lang='lat' dir='ltr'><strong>est.</strong></span> 
     </span>
    </p>
   </div>
   <div class='ocr_carea' id='block_1_20' title="bbox 504 1909 1162 1949">
    <p class='ocr_par' dir='ltr' id='par_1_20' title="bbox 504 1909 1162 1949">
     <span class='ocr_line' id='line_1_20' title="bbox 504 1909 1162 1949; baseline 0.005 -4"><span class='ocrx_word' id='word_1_127' title='bbox 504 1909 576 1946; x_wconf 78' lang='lat' dir='ltr'><strong>AD</strong></span> <span class='ocrx_word' id='word_1_128' title='bbox 615 1910 912 1947; x_wconf 70' lang='lat' dir='ltr'><strong>EPISTOLAM</strong></span> <span class='ocrx_word' id='word_1_129' title='bbox 955 1911 1162 1949; x_wconf 67' lang='lat' dir='ltr'><strong>XXXVII.</strong></span> 
     </span>
    </p>
   </div>
   <div class='ocr_carea' id='block_1_21' title="bbox 145 1983 1631 2058">
    <p class='ocr_par' dir='ltr' id='par_1_21' title="bbox 145 1983 1631 2058">
     <span class='ocr_line' id='line_1_21' title="bbox 145 1983 1631 2058; baseline 0.007 -24"><span class='ocrx_word' id='word_1_130' title='bbox 145 1983 381 2038; x_wconf 70' lang='lat' dir='ltr'><strong>flibernire</strong></span> <span class='ocrx_word' id='word_1_131' title='bbox 455 1988 569 2056; x_wconf 78' lang='lat' dir='ltr'><strong>regi</strong></span> <span class='ocrx_word' id='word_1_132' title='bbox 630 1985 902 2040; x_wconf 75' lang='lat' dir='ltr'><strong>Gothrico.</strong></span> <span class='ocrx_word' id='word_1_133' title='bbox 963 1988 1229 2042; x_wconf 74' lang='lat' dir='ltr'><strong>Dublinize</strong></span> <span class='ocrx_word' id='word_1_134' title='bbox 1285 1990 1516 2058; x_wconf 82' lang='lat' dir='ltr'><strong>regulo,</strong></span> <span class='ocrx_word' id='word_1_135' title='bbox 1572 1999 1631 2044; x_wconf 87' lang='lat' dir='ltr'><strong>ut</strong></span> 
     </span>
    </p>
   </div>
   <div class='ocr_carea' id='block_1_22' title="bbox 92 2077 1632 2149">
    <p class='ocr_par' dir='ltr' id='par_1_22' title="bbox 92 2077 1632 2149">
     <span class='ocr_line' id='line_1_22' title="bbox 92 2077 1632 2149; baseline 0.005 -22"><span class='ocrx_word' id='word_1_136' title='bbox 92 2088 240 2128; x_wconf 82' lang='lat' dir='ltr'><strong>auctor</strong></span> <span class='ocrx_word' id='word_1_137' title='bbox 265 2087 343 2131; x_wconf 91' lang='lat' dir='ltr'><strong>est</strong></span> <span class='ocrx_word' id='word_1_138' title='bbox 388 2077 627 2133; x_wconf 75' lang='lat' dir='ltr'><strong>Iacobus</strong></span> <span class='ocrx_word' id='word_1_139' title='bbox 657 2078 909 2133; x_wconf 80' lang='lat' dir='ltr'><strong>Usserius</strong></span> <span class='ocrx_word' id='word_1_140' title='bbox 938 2080 988 2133; x_wconf 91' lang='lat' dir='ltr'><strong>in</strong></span> <span class='ocrx_word' id='word_1_141' title='bbox 1037 2080 1399 2149; x_wconf 85' lang='lat' dir='ltr'><strong>Epistolarum</strong></span> <span class='ocrx_word' id='word_1_142' title='bbox 1442 2081 1632 2135; x_wconf 86' lang='lat' dir='ltr'><strong>Iliber-</strong></span> 
     </span>
    </p>
   </div>
   <div class='ocr_carea' id='block_1_23' title="bbox 92 2169 1631 2240">
    <p class='ocr_par' dir='ltr' id='par_1_23' title="bbox 92 2169 1631 2240">
     <span class='ocr_line' id='line_1_23' title="bbox 92 2169 1631 2240; baseline 0.006 -23"><span class='ocrx_word' id='word_1_143' title='bbox 92 2169 287 2221; x_wconf 85' lang='lat' dir='ltr'><strong>nicarum</strong></span> <span class='ocrx_word' id='word_1_144' title='bbox 316 2169 542 2240; x_wconf 75' lang='lat' dir='ltr'><strong>sylloge,</strong></span> <span class='ocrx_word' id='word_1_145' title='bbox 600 2180 723 2223; x_wconf 90' lang='lat' dir='ltr'><strong>uola</strong></span> <span class='ocrx_word' id='word_1_146' title='bbox 765 2171 817 2225; x_wconf 90' lang='lat' dir='ltr'><strong>in</strong></span> <span class='ocrx_word' id='word_1_147' title='bbox 844 2171 1124 2239; x_wconf 75' lang='lat' dir='ltr'><strong>epistolam</strong></span> <span class='ocrx_word' id='word_1_148' title='bbox 1152 2171 1212 2225; x_wconf 89' lang='lat' dir='ltr'><strong>B.</strong></span> <span class='ocrx_word' id='word_1_149' title='bbox 1246 2172 1531 2226; x_wconf 83' lang='lat' dir='ltr'><strong>Laufrauci</strong></span> <span class='ocrx_word' id='word_1_150' title='bbox 1563 2174 1631 2227; x_wconf 89' lang='lat' dir='ltr'><strong>ad</strong></span> 
     </span>
    </p>
   </div>
   <div class='ocr_carea' id='block_1_24' title="bbox 90 2258 1631 2334">
    <p class='ocr_par' dir='ltr' id='par_1_24' title="bbox 90 2258 1631 2334">
     <span class='ocr_line' id='line_1_24' title="bbox 90 2258 1631 2334; baseline 0.008 -24"><span class='ocrx_word' id='word_1_151' title='bbox 90 2258 428 2316; x_wconf 72' lang='lat' dir='ltr'><strong>Terdelvacum</strong></span> <span class='ocrx_word' id='word_1_152' title='bbox 454 2302 470 2328; x_wconf 76' lang='lat'><strong>,</strong></span> <span class='ocrx_word' id='word_1_153' title='bbox 515 2274 575 2317; x_wconf 88' lang='lat' dir='ltr'><strong>et</strong></span> <span class='ocrx_word' id='word_1_154' title='bbox 622 2264 686 2316; x_wconf 91' lang='lat' dir='ltr'><strong>ad</strong></span> <span class='ocrx_word' id='word_1_155' title='bbox 739 2266 877 2319; x_wconf 88' lang='lat' dir='ltr'><strong>haue</strong></span> <span class='ocrx_word' id='word_1_156' title='bbox 910 2264 1192 2334; x_wconf 82' lang='lat' dir='ltr'><strong>epistolam</strong></span> <span class='ocrx_word' id='word_1_157' title='bbox 1225 2284 1236 2319; x_wconf 93' lang='lat'><strong>:</strong></span> <span class='ocrx_word' id='word_1_158' title='bbox 1291 2286 1315 2331; x_wconf 65' lang='grc' dir='ltr'><strong>ε</strong></span> <span class='ocrx_word' id='word_1_159' title='bbox 1341 2265 1631 2322; x_wconf 85' lang='lat' dir='ltr'><strong>Gothricus</strong></span> 
     </span>
    </p>
   </div>
   <div class='ocr_carea' id='block_1_25' title="bbox 92 2354 1629 2427">
    <p class='ocr_par' dir='ltr' id='par_1_25' title="bbox 92 2354 1629 2427">
     <span class='ocr_line' id='line_1_25' title="bbox 92 2354 1629 2427; baseline 0.007 -24"><span class='ocrx_word' id='word_1_160' title='bbox 92 2354 173 2412; x_wconf 75' lang='lat' dir='ltr'><strong>hic,</strong></span> <span class='ocrx_word' id='word_1_161' title='bbox 202 2355 372 2423; x_wconf 89' lang='lat' dir='ltr'><strong>inquit.</strong></span> <span class='ocrx_word' id='word_1_162' title='bbox 402 2373 507 2409; x_wconf 87' lang='lat' dir='ltr'><strong>non</strong></span> <span class='ocrx_word' id='word_1_163' title='bbox 540 2356 680 2411; x_wconf 88' lang='lat' dir='ltr'><strong>alius</strong></span> <span class='ocrx_word' id='word_1_164' title='bbox 707 2356 870 2411; x_wconf 85' lang='lat' dir='ltr'><strong>fuisse</strong></span> <span class='ocrx_word' id='word_1_165' title='bbox 902 2359 1114 2412; x_wconf 78' lang='lat' dir='ltr'><strong>videtur</strong></span> <span class='ocrx_word' id='word_1_166' title='bbox 1137 2374 1296 2427; x_wconf 89' lang='lat' dir='ltr'><strong>quam</strong></span> <span class='ocrx_word' id='word_1_167' title='bbox 1326 2358 1629 2425; x_wconf 84' lang='lat' dir='ltr'><strong>Godredus,</strong></span> 
     </span>
    </p>
   </div>
   <div class='ocr_carea' id='block_1_26' title="bbox 93 2446 1629 2521">
    <p class='ocr_par' dir='ltr' id='par_1_26' title="bbox 93 2446 1629 2521">
     <span class='ocr_line' id='line_1_26' title="bbox 93 2446 1629 2521; baseline 0.008 -28"><span class='ocrx_word' id='word_1_168' title='bbox 93 2456 395 2511; x_wconf 77' lang='lat' dir='ltr'><strong>cognomento</strong></span> <span class='ocrx_word' id='word_1_169' title='bbox 443 2446 693 2512; x_wconf 82' lang='lat' dir='ltr'><strong>Gronau;</strong></span> <span class='ocrx_word' id='word_1_170' title='bbox 746 2450 811 2503; x_wconf 91' lang='lat' dir='ltr'><strong>de</strong></span> <span class='ocrx_word' id='word_1_171' title='bbox 858 2464 966 2518; x_wconf 88' lang='lat' dir='ltr'><strong>quo</strong></span> <span class='ocrx_word' id='word_1_172' title='bbox 1016 2450 1068 2503; x_wconf 91' lang='lat' dir='ltr'><strong>in</strong></span> <span class='ocrx_word' id='word_1_173' title='bbox 1124 2452 1390 2505; x_wconf 83' lang='lat' dir='ltr'><strong>Chronico</strong></span> <span class='ocrx_word' id='word_1_174' title='bbox 1447 2467 1629 2521; x_wconf 82' lang='lat' dir='ltr'><strong>regum</strong></span> 
     </span>
    </p>
   </div>
   <div class='ocr_carea' id='block_1_27' title="bbox 93 2532 1625 2609">
    <p class='ocr_par' dir='ltr' id='par_1_27' title="bbox 93 2532 1625 2609">
     <span class='ocr_line' id='line_1_27' title="bbox 93 2532 1625 2609; baseline 0.01 -27"><span class='ocrx_word' id='word_1_175' title='bbox 93 2532 275 2589; x_wconf 66' lang='lat' dir='ltr'><strong>Maniliae</strong></span> <span class='ocrx_word' id='word_1_176' title='bbox 307 2538 369 2590; x_wconf 86' lang='lat' dir='ltr'><strong>ad</strong></span> <span class='ocrx_word' id='word_1_177' title='bbox 409 2553 497 2590; x_wconf 89' lang='lat' dir='ltr'><strong>an.</strong></span> <span class='ocrx_word' id='word_1_178' title='bbox 546 2539 703 2593; x_wconf 81' lang='grc'>1066.</span> <span class='ocrx_word' id='word_1_179' title='bbox 733 2539 1013 2594; x_wconf 85' lang='lat' dir='ltr'><strong>Godredus</strong></span> <span class='ocrx_word' id='word_1_180' title='bbox 1044 2541 1349 2609; x_wconf 84' lang='lat' dir='ltr'><strong>subjugavit</strong></span> <span class='ocrx_word' id='word_1_181' title='bbox 1386 2543 1486 2596; x_wconf 81' lang='lat' dir='ltr'><strong>sibi</strong></span> <span class='ocrx_word' id='word_1_182' title='bbox 1522 2546 1625 2597; x_wconf 85' lang='lat' dir='ltr'><strong>Dii-</strong></span> 
     </span>
    </p>
   </div>
   <div class='ocr_carea' id='block_1_28' title="bbox 95 2622 1633 2702">
    <p class='ocr_par' dir='ltr' id='par_1_28' title="bbox 95 2622 1633 2702">
     <span class='ocr_line' id='line_1_28' title="bbox 95 2622 1633 2702; baseline 0.01 -27"><span class='ocrx_word' id='word_1_183' title='bbox 95 2622 300 2689; x_wconf 81' lang='lat' dir='ltr'><strong>lliniatn,</strong></span> <span class='ocrx_word' id='word_1_184' title='bbox 336 2637 388 2681; x_wconf 89' lang='lat' dir='ltr'><strong>et</strong></span> <span class='ocrx_word' id='word_1_185' title='bbox 425 2645 683 2699; x_wconf 80' lang='lat' dir='ltr'><strong>magnam</strong></span> <span class='ocrx_word' id='word_1_186' title='bbox 724 2640 929 2700; x_wconf 83' lang='lat' dir='ltr'><strong>partem</strong></span> <span class='ocrx_word' id='word_1_187' title='bbox 981 2633 1047 2687; x_wconf 90' lang='lat' dir='ltr'><strong>de</strong></span> <span class='ocrx_word' id='word_1_188' title='bbox 1088 2632 1392 2702; x_wconf 85' lang='lat' dir='ltr'><strong>Layuostir.</strong></span> <span class='ocrx_word' id='word_1_189' title='bbox 1443 2634 1633 2691; x_wconf 82' lang='lat' dir='ltr'><strong>Seotos</strong></span> 
     </span>
    </p>
   </div>
   <div class='ocr_carea' id='block_1_29' title="bbox 95 2723 1630 2796">
    <p class='ocr_par' dir='ltr' id='par_1_29' title="bbox 95 2723 1630 2796">
     <span class='ocr_line' id='line_1_29' title="bbox 95 2723 1630 2796; baseline 0.008 -27"><span class='ocrx_word' id='word_1_190' title='bbox 95 2734 194 2775; x_wconf 73' lang='lat' dir='ltr'><strong>vero</strong></span> <span class='ocrx_word' id='word_1_191' title='bbox 225 2723 287 2776; x_wconf 88' lang='lat' dir='ltr'><strong>ita</strong></span> <span class='ocrx_word' id='word_1_192' title='bbox 325 2725 649 2791; x_wconf 82' lang='lat' dir='ltr'><strong>perdomuit,</strong></span> <span class='ocrx_word' id='word_1_193' title='bbox 677 2734 735 2778; x_wconf 91' lang='lat' dir='ltr'><strong>ut</strong></span> <span class='ocrx_word' id='word_1_194' title='bbox 770 2726 947 2780; x_wconf 82' lang='lat' dir='ltr'><strong>nullus</strong></span> <span class='ocrx_word' id='word_1_195' title='bbox 984 2727 1072 2796; x_wconf 90' lang='lat' dir='ltr'><strong>qui</strong></span> <span class='ocrx_word' id='word_1_196' title='bbox 1109 2728 1397 2782; x_wconf 76' lang='lat' dir='ltr'><strong>fabricaret</strong></span> <span class='ocrx_word' id='word_1_197' title='bbox 1442 2744 1630 2781; x_wconf 89' lang='lat' dir='ltr'><strong>navem</strong></span> 
     </span>
    </p>
   </div>
   <div class='ocr_carea' id='block_1_30' title="bbox 96 2813 1631 2889">
    <p class='ocr_par' dir='ltr' id='par_1_30' title="bbox 96 2813 1631 2889">
     <span class='ocr_line' id='line_1_30' title="bbox 96 2813 1631 2889; baseline 0.008 -26"><span class='ocrx_word' id='word_1_198' title='bbox 96 2813 160 2864; x_wconf 67' lang='lat' dir='ltr'><strong>vel</strong></span> <span class='ocrx_word' id='word_1_199' title='bbox 178 2816 432 2883; x_wconf 87' lang='lat' dir='ltr'><strong>scapham,</strong></span> <span class='ocrx_word' id='word_1_200' title='bbox 464 2832 636 2872; x_wconf 86' lang='lat' dir='ltr'><strong>ausus</strong></span> <span class='ocrx_word' id='word_1_201' title='bbox 664 2828 808 2872; x_wconf 88' lang='lat' dir='ltr'><strong>esset</strong></span> <span class='ocrx_word' id='word_1_202' title='bbox 835 2819 1114 2889; x_wconf 91' lang='lat' dir='ltr'><strong>plusquam</strong></span> <span class='ocrx_word' id='word_1_203' title='bbox 1147 2829 1256 2874; x_wconf 89' lang='lat' dir='ltr'><strong>tres</strong></span> <span class='ocrx_word' id='word_1_204' title='bbox 1280 2819 1460 2873; x_wconf 85' lang='lat' dir='ltr'><strong>clavos</strong></span> <span class='ocrx_word' id='word_1_205' title='bbox 1488 2821 1631 2875; x_wconf 88' lang='lat' dir='ltr'><strong>inse-</strong></span> 
     </span>
    </p>
   </div>
   <div class='ocr_carea' id='block_1_31' title="bbox 98 2906 1630 2977">
    <p class='ocr_par' dir='ltr' id='par_1_31' title="bbox 98 2906 1630 2977">
     <span class='ocr_line' id='line_1_31' title="bbox 98 2906 1630 2977; baseline 0.008 -22"><span class='ocrx_word' id='word_1_206' title='bbox 98 2917 204 2957; x_wconf 79' lang='lat' dir='ltr'><strong>iere.</strong></span> <span class='ocrx_word' id='word_1_207' title='bbox 237 2906 486 2977; x_wconf 75' lang='lat' dir='ltr'><strong>Regnavit</strong></span> <span class='ocrx_word' id='word_1_208' title='bbox 528 2919 709 2964; x_wconf 84' lang='lat' dir='ltr'><strong>autem</strong></span> <span class='ocrx_word' id='word_1_209' title='bbox 752 2911 827 2965; x_wconf 70' lang='lat'><strong>16‘</strong></span> <span class='ocrx_word' id='word_1_210' title='bbox 857 2912 1045 2977; x_wconf 91' lang='lat' dir='ltr'><strong>annis,</strong></span> <span class='ocrx_word' id='word_1_211' title='bbox 1077 2920 1131 2965; x_wconf 88' lang='lat' dir='ltr'><strong>et</strong></span> <span class='ocrx_word' id='word_1_212' title='bbox 1176 2920 1419 2966; x_wconf 87' lang='lat' dir='ltr'><strong>mortuus</strong></span> <span class='ocrx_word' id='word_1_213' title='bbox 1458 2921 1541 2967; x_wconf 84' lang='lat' dir='ltr'><strong>est</strong></span> <span class='ocrx_word' id='word_1_214' title='bbox 1579 2914 1630 2967; x_wconf 93' lang='lat' dir='ltr'><strong>in</strong></span> 
     </span>
    </p>
   </div>
   <div class='ocr_carea' id='block_1_32' title="bbox 97 2996 792 3068">
    <p class='ocr_par' dir='ltr' id='par_1_32' title="bbox 97 2996 792 3068">
     <span class='ocr_line' id='line_1_32' title="bbox 97 2996 792 3068; baseline 0.009 -20"><span class='ocrx_word' id='word_1_215' title='bbox 97 2996 233 3050; x_wconf 81' lang='lat' dir='ltr'><strong>insula</strong></span> <span class='ocrx_word' id='word_1_216' title='bbox 256 3015 363 3068; x_wconf 74' lang='lat' dir='ltr'><strong>qua:</strong></span> <span class='ocrx_word' id='word_1_217' title='bbox 392 3012 621 3057; x_wconf 77' lang='lat' dir='ltr'><strong>vocatur</strong></span> <span class='ocrx_word' id='word_1_218' title='bbox 649 3003 741 3057; x_wconf 91' lang='lat' dir='ltr'><strong>lle.</strong></span> <span class='ocrx_word' id='word_1_219' title='bbox 774 3022 792 3054; x_wconf 75' lang='grc' dir='ltr'><strong>ι</strong></span> 
     </span>
    </p>
   </div>
   <div class='ocr_carea' id='block_1_33' title="bbox 156 3088 1622 3165">
    <p class='ocr_par' dir='ltr' id='par_1_33' title="bbox 156 3088 1622 3165">
     <span class='ocr_line' id='line_1_33' title="bbox 156 3088 1622 3165; baseline 0.011 -26"><span class='ocrx_word' id='word_1_220' title='bbox 156 3088 427 3155; x_wconf 79' lang='lat' dir='ltr'><strong>Patricium,</strong></span> <span class='ocrx_word' id='word_1_221' title='bbox 451 3111 631 3165; x_wconf 83' lang='lat' dir='ltr'><strong>quem,</strong></span> <span class='ocrx_word' id='word_1_222' title='bbox 656 3105 783 3161; x_wconf 91' lang='lat' dir='ltr'><strong>etc.,</strong></span> <span class='ocrx_word' id='word_1_223' title='bbox 816 3097 884 3150; x_wconf 82' lang='lat' dir='ltr'><strong>ad</strong></span> <span class='ocrx_word' id='word_1_224' title='bbox 909 3112 1002 3151; x_wconf 81' lang='lat' dir='ltr'><strong>nos</strong></span> <span class='ocrx_word' id='word_1_225' title='bbox 1023 3101 1429 3156; x_wconf 77' lang='lat' dir='ltr'><strong>consecrandum</strong></span> <span class='ocrx_word' id='word_1_226' title='bbox 1453 3112 1622 3155; x_wconf 81' lang='lat' dir='ltr'><strong>trans-</strong></span> 
     </span>
    </p>
   </div>
   <div class='ocr_carea' id='block_1_34' title="bbox 99 3180 1623 3264">
    <p class='ocr_par' dir='ltr' id='par_1_34' title="bbox 99 3180 1623 3264">
     <span class='ocr_line' id='line_1_34' title="bbox 99 3180 1623 3264; baseline 0.014 -35"><span class='ocrx_word' id='word_1_227' title='bbox 99 3180 238 3246; x_wconf 78' lang='lat' dir='ltr'><strong>misit,</strong></span> <span class='ocrx_word' id='word_1_228' title='bbox 259 3194 352 3238; x_wconf 87' lang='lat' dir='ltr'><strong>etc.</strong></span> <span class='ocrx_word' id='word_1_229' title='bbox 383 3185 643 3257; x_wconf 88' lang='lat' dir='ltr'><strong>Suspicor</strong></span> <span class='ocrx_word' id='word_1_230' title='bbox 668 3188 1008 3245; x_wconf 74' lang='lat' dir='ltr'><strong>Dublinensis</strong></span> <span class='ocrx_word' id='word_1_231' title='bbox 1042 3182 1167 3246; x_wconf 81' lang='lat' dir='ltr'><strong>cieri</strong></span> <span class='ocrx_word' id='word_1_232' title='bbox 1195 3203 1248 3248; x_wconf 86' lang='lat' dir='ltr'><strong>et</strong></span> <span class='ocrx_word' id='word_1_233' title='bbox 1274 3196 1450 3264; x_wconf 86' lang='lat' dir='ltr'><strong>populi</strong></span> <span class='ocrx_word' id='word_1_234' title='bbox 1479 3196 1623 3251; x_wconf 86' lang='lat' dir='ltr'><strong>litte-</strong></span> 
     </span>
    </p>
   </div>
   <div class='ocr_carea' id='block_1_35' title="bbox 101 3278 1627 3349">
    <p class='ocr_par' dir='ltr' id='par_1_35' title="bbox 101 3278 1627 3349">
     <span class='ocr_line' id='line_1_35' title="bbox 101 3278 1627 3349; baseline 0.014 -27"><span class='ocrx_word' id='word_1_235' title='bbox 101 3287 243 3328; x_wconf 83' lang='lat' dir='ltr'><strong>rarinn</strong></span> <span class='ocrx_word' id='word_1_236' title='bbox 276 3278 490 3335; x_wconf 91' lang='lat' dir='ltr'><strong>latorem</strong></span> <span class='ocrx_word' id='word_1_237' title='bbox 535 3281 705 3337; x_wconf 89' lang='lat' dir='ltr'><strong>fuisse</strong></span> <span class='ocrx_word' id='word_1_238' title='bbox 748 3282 1082 3349; x_wconf 89' lang='lat' dir='ltr'><strong>Patricium,</strong></span> <span class='ocrx_word' id='word_1_239' title='bbox 1127 3295 1185 3340; x_wconf 87' lang='lat' dir='ltr'><strong>ut</strong></span> <span class='ocrx_word' id='word_1_240' title='bbox 1223 3296 1475 3343; x_wconf 82' lang='lat' dir='ltr'><strong>constare</strong></span> <span class='ocrx_word' id='word_1_241' title='bbox 1516 3296 1627 3344; x_wconf 90' lang='lat' dir='ltr'><strong>tum</strong></span> 
     </span>
    </p>
   </div>
   <div class='ocr_carea' id='block_1_36' title="bbox 99 3367 1627 3436">
    <p class='ocr_par' dir='ltr' id='par_1_36' title="bbox 99 3367 1627 3436">
     <span class='ocr_line' id='line_1_36' title="bbox 99 3367 1627 3436; baseline 0.01 -20"><span class='ocrx_word' id='word_1_242' title='bbox 99 3380 147 3417; x_wconf 71' lang='lat' dir='ltr'><strong>cr</strong></span> <span class='ocrx_word' id='word_1_243' title='bbox 168 3367 362 3435; x_wconf 81' lang='lat' dir='ltr'><strong>eisdem,</strong></span> <span class='ocrx_word' id='word_1_244' title='bbox 390 3382 498 3428; x_wconf 92' lang='lat' dir='ltr'><strong>tum</strong></span> <span class='ocrx_word' id='word_1_245' title='bbox 529 3374 693 3428; x_wconf 89' lang='lat' dir='ltr'><strong>etiam</strong></span> <span class='ocrx_word' id='word_1_246' title='bbox 717 3390 783 3429; x_wconf 79' lang='lat' dir='ltr'><strong>ex</strong></span> <span class='ocrx_word' id='word_1_247' title='bbox 816 3376 901 3429; x_wconf 92' lang='lat' dir='ltr'><strong>his</strong></span> <span class='ocrx_word' id='word_1_248' title='bbox 927 3376 992 3429; x_wconf 88' lang='lat' dir='ltr'><strong>ad</strong></span> <span class='ocrx_word' id='word_1_249' title='bbox 1022 3376 1341 3436; x_wconf 75' lang='lat' dir='ltr'><strong>Gotbricom</strong></span> <span class='ocrx_word' id='word_1_250' title='bbox 1398 3381 1627 3434; x_wconf 87' lang='lat' dir='ltr'><strong>videtur.</strong></span> 
     </span>
    </p>
   </div>
   <div class='ocr_carea' id='block_1_37' title="bbox 102 3452 1626 3537">
    <p class='ocr_par' dir='ltr' id='par_1_37' title="bbox 102 3452 1626 3537">
     <span class='ocr_line' id='line_1_37' title="bbox 102 3452 1626 3537; baseline 0.012 -33"><span class='ocrx_word' id='word_1_251' title='bbox 102 3452 232 3509; x_wconf 80' lang='lat' dir='ltr'><strong>l&#39;orro</strong></span> <span class='ocrx_word' id='word_1_252' title='bbox 251 3474 641 3518; x_wconf 86' lang='lat' dir='ltr'><strong>an&#39;eeessorum</strong></span> <span class='ocrx_word' id='word_1_253' title='bbox 672 3481 841 3529; x_wconf 90' lang='lat' dir='ltr'><strong>more,</strong></span> <span class='ocrx_word' id='word_1_254' title='bbox 874 3468 1192 3523; x_wconf 73' lang='lat' dir='ltr'><strong>obedientim</strong></span> <span class='ocrx_word' id='word_1_255' title='bbox 1214 3469 1626 3537; x_wconf 74' lang='lat' dir='ltr'><strong>professionem,</strong></span> 
     </span>
    </p>
   </div>
   <div class='ocr_carea' id='block_1_38' title="bbox 102 3555 1463 3619">
    <p class='ocr_par' dir='ltr' id='par_1_38' title="bbox 102 3555 1463 3619">
     <span class='ocr_line' id='line_1_38' title="bbox 102 3555 1463 3619; baseline 0.015 -21"><span class='ocrx_word' id='word_1_256' title='bbox 102 3559 272 3612; x_wconf 78' lang='lat' dir='ltr'><strong>peracta</strong></span> <span class='ocrx_word' id='word_1_257' title='bbox 299 3555 666 3619; x_wconf 84' lang='lat' dir='ltr'><strong>ordinatione,</strong></span> <span class='ocrx_word' id='word_1_258' title='bbox 702 3558 871 3612; x_wconf 85' lang='lat' dir='ltr'><strong>edidit</strong></span> <span class='ocrx_word' id='word_1_259' title='bbox 902 3561 969 3615; x_wconf 87' lang='lat' dir='ltr'><strong>ad</strong></span> <span class='ocrx_word' id='word_1_260' title='bbox 998 3577 1116 3615; x_wconf 89' lang='lat' dir='ltr'><strong>eam</strong></span> <span class='ocrx_word' id='word_1_261' title='bbox 1151 3563 1463 3618; x_wconf 78' lang='lat' dir='ltr'><strong>formulam.</strong></span> 
     </span>
    </p>
   </div>
   <div class='ocr_carea' id='block_1_39' title="bbox 270 3639 1411 3724">
    <p class='ocr_par' dir='ltr' id='par_1_39' title="bbox 270 3639 1411 3724">
     <span class='ocr_line' id='line_1_39' title="bbox 270 3639 1411 3724; baseline 0.012 -30"><span class='ocrx_word' id='word_1_262' title='bbox 270 3639 476 3699; x_wconf 82' lang='lat' dir='ltr'><strong>Patririi</strong></span> <span class='ocrx_word' id='word_1_263' title='bbox 508 3647 847 3703; x_wconf 81' lang='lat' dir='ltr'><strong>Dublinensis</strong></span> <span class='ocrx_word' id='word_1_264' title='bbox 878 3652 1102 3722; x_wconf 78' lang='lat' dir='ltr'><strong>episcopi</strong></span> <span class='ocrx_word' id='word_1_265' title='bbox 1139 3656 1411 3724; x_wconf 78' lang='lat' dir='ltr'><strong>professio.</strong></span> 
     </span>
    </p>
   </div>
   <div class='ocr_carea' id='block_1_40' title="bbox 160 3728 1624 3816">
    <p class='ocr_par' dir='ltr' id='par_1_40' title="bbox 160 3728 1624 3816">
     <span class='ocr_line' id='line_1_40' title="bbox 160 3728 1624 3816; baseline 0.014 -34"><span class='ocrx_word' id='word_1_266' title='bbox 160 3746 174 3779; x_wconf 89' lang='grc' dir='ltr'><strong>ι</strong></span> <span class='ocrx_word' id='word_1_267' title='bbox 196 3728 425 3803; x_wconf 83' lang='lat' dir='ltr'><strong>Quisquis</strong></span> <span class='ocrx_word' id='word_1_268' title='bbox 448 3738 574 3792; x_wconf 89' lang='lat' dir='ltr'><strong>aliis</strong></span> <span class='ocrx_word' id='word_1_269' title='bbox 597 3741 862 3810; x_wconf 64' lang='lat' dir='ltr'><strong>praesidet.</strong></span> <span class='ocrx_word' id='word_1_270' title='bbox 887 3745 934 3798; x_wconf 88' lang='lat' dir='ltr'><strong>si</strong></span> <span class='ocrx_word' id='word_1_271' title='bbox 962 3755 1013 3797; x_wconf 78' lang='lat' dir='ltr'><strong>et</strong></span> <span class='ocrx_word' id='word_1_272' title='bbox 1042 3746 1153 3815; x_wconf 79' lang='lat' dir='ltr'><strong>ipse</strong></span> <span class='ocrx_word' id='word_1_273' title='bbox 1177 3748 1297 3804; x_wconf 84' lang='lat' dir='ltr'><strong>aliis</strong></span> <span class='ocrx_word' id='word_1_274' title='bbox 1325 3747 1624 3816; x_wconf 70' lang='lat' dir='ltr'><strong>subjacrai,</strong></span> 
     </span>
    </p>
   </div>
   <div class='ocr_carea' id='block_1_41' title="bbox 105 3818 1626 3911">
    <p class='ocr_par' dir='ltr' id='par_1_41' title="bbox 105 3818 1626 3911">
     <span class='ocr_line' id='line_1_41' title="bbox 105 3818 1626 3911; baseline 0.013 -34"><span class='ocrx_word' id='word_1_275' title='bbox 105 3818 327 3894; x_wconf 66' lang='lat' dir='ltr'><strong>dedignari</strong></span> <span class='ocrx_word' id='word_1_276' title='bbox 359 3847 457 3886; x_wconf 88' lang='lat' dir='ltr'><strong>non</strong></span> <span class='ocrx_word' id='word_1_277' title='bbox 488 3832 689 3898; x_wconf 89' lang='lat' dir='ltr'><strong>debet;</strong></span> <span class='ocrx_word' id='word_1_278' title='bbox 725 3837 817 3890; x_wconf 91' lang='lat' dir='ltr'><strong>sed</strong></span> <span class='ocrx_word' id='word_1_279' title='bbox 847 3838 1021 3905; x_wconf 90' lang='lat' dir='ltr'><strong>potius</strong></span> <span class='ocrx_word' id='word_1_280' title='bbox 1049 3838 1433 3905; x_wconf 81' lang='lat' dir='ltr'><strong>obedientiam,</strong></span> <span class='ocrx_word' id='word_1_281' title='bbox 1468 3860 1626 3911; x_wconf 89' lang='lat' dir='ltr'><strong>quam</strong></span> 
     </span>
    </p>
   </div>
   <div class='ocr_carea' id='block_1_42' title="bbox 105 3916 1626 4002">
    <p class='ocr_par' dir='ltr' id='par_1_42' title="bbox 105 3916 1626 4002">
     <span class='ocr_line' id='line_1_42' title="bbox 105 3916 1626 4002; baseline 0.016 -39"><span class='ocrx_word' id='word_1_282' title='bbox 105 3926 127 3963; x_wconf 84' lang='lat' dir='ltr'><strong>a</strong></span> <span class='ocrx_word' id='word_1_283' title='bbox 162 3916 381 3983; x_wconf 85' lang='lat' dir='ltr'><strong>subjectis</strong></span> <span class='ocrx_word' id='word_1_284' title='bbox 423 3925 540 3978; x_wconf 84' lang='lat' dir='ltr'><strong>suis</strong></span> <span class='ocrx_word' id='word_1_285' title='bbox 589 3924 856 3981; x_wconf 78' lang='lat' dir='ltr'><strong>desiderat</strong></span> <span class='ocrx_word' id='word_1_286' title='bbox 900 3929 1100 3986; x_wconf 85' lang='lat' dir='ltr'><strong>habere</strong></span> <span class='ocrx_word' id='word_1_287' title='bbox 1129 3972 1143 3993; x_wconf 91' lang='lat'><strong>,</strong></span> <span class='ocrx_word' id='word_1_288' title='bbox 1193 3943 1413 4002; x_wconf 83' lang='lat' dir='ltr'><strong>pmpter</strong></span> <span class='ocrx_word' id='word_1_289' title='bbox 1462 3934 1626 3988; x_wconf 86' lang='lat' dir='ltr'><strong>Deum</strong></span> 
     </span>
    </p>
   </div>
   <div class='ocr_carea' id='block_1_43' title="bbox 106 4008 1626 4087">
    <p class='ocr_par' dir='ltr' id='par_1_43' title="bbox 106 4008 1626 4087">
     <span class='ocr_line' id='line_1_43' title="bbox 106 4008 1626 4087; baseline 0.014 -30"><span class='ocrx_word' id='word_1_290' title='bbox 106 4008 273 4063; x_wconf 84' lang='lat' dir='ltr'><strong>studeat</strong></span> <span class='ocrx_word' id='word_1_291' title='bbox 296 4015 526 4081; x_wconf 69' lang='lat' dir='ltr'><strong>prrelatis</strong></span> <span class='ocrx_word' id='word_1_292' title='bbox 554 4017 656 4071; x_wconf 88' lang='lat' dir='ltr'><strong>sibi</strong></span> <span class='ocrx_word' id='word_1_293' title='bbox 698 4035 794 4087; x_wconf 86' lang='lat' dir='ltr'><strong>per</strong></span> <span class='ocrx_word' id='word_1_294' title='bbox 820 4021 1000 4074; x_wconf 87' lang='lat' dir='ltr'><strong>omnia</strong></span> <span class='ocrx_word' id='word_1_295' title='bbox 1039 4022 1317 4079; x_wconf 89' lang='lat' dir='ltr'><strong>humiliter</strong></span> <span class='ocrx_word' id='word_1_296' title='bbox 1348 4027 1626 4081; x_wconf 80' lang='lat' dir='ltr'><strong>exhibere.</strong></span> 
     </span>
    </p>
   </div>
   <div class='ocr_carea' id='block_1_44' title="bbox 104 4091 1628 4183">
    <p class='ocr_par' dir='ltr' id='par_1_44' title="bbox 104 4091 1628 4183">
     <span class='ocr_line' id='line_1_44' title="bbox 104 4091 1628 4183; baseline 0.013 -32"><span class='ocrx_word' id='word_1_297' title='bbox 104 4091 343 4166; x_wconf 72' lang='lat' dir='ltr'><strong>Propterea</strong></span> <span class='ocrx_word' id='word_1_298' title='bbox 397 4122 497 4176; x_wconf 83' lang='lat' dir='ltr'><strong>ego</strong></span> <span class='ocrx_word' id='word_1_299' title='bbox 558 4106 821 4163; x_wconf 86' lang='lat' dir='ltr'><strong>Patricius</strong></span> <span class='ocrx_word' id='word_1_300' title='bbox 876 4094 940 4165; x_wconf 84' lang='lat' dir='ltr'><strong>a:I</strong></span> <span class='ocrx_word' id='word_1_301' title='bbox 1000 4115 1287 4183; x_wconf 72' lang='lat' dir='ltr'><strong>regendam</strong></span> <span class='ocrx_word' id='word_1_302' title='bbox 1345 4116 1628 4171; x_wconf 90' lang='lat' dir='ltr'><strong>Dubliuam</strong></span> 
     </span>
    </p>
   </div>
   <div class='ocr_carea' id='block_1_45' title="bbox 106 4197 1630 4271">
    <p class='ocr_par' dir='ltr' id='par_1_45' title="bbox 106 4197 1630 4271">
     <span class='ocr_line' id='line_1_45' title="bbox 106 4197 1630 4271; baseline 0.018 -33"><span class='ocrx_word' id='word_1_303' title='bbox 106 4197 387 4263; x_wconf 77' lang='lat' dir='ltr'><strong>iiietropolim</strong></span> <span class='ocrx_word' id='word_1_304' title='bbox 403 4200 673 4256; x_wconf 73' lang='lat' dir='ltr'><strong>Hibernia:</strong></span> <span class='ocrx_word' id='word_1_305' title='bbox 696 4203 902 4261; x_wconf 71' lang='lat' dir='ltr'><strong>electus</strong></span> <span class='ocrx_word' id='word_1_306' title='bbox 917 4206 1162 4271; x_wconf 87' lang='lat' dir='ltr'><strong>antistes,</strong></span> <span class='ocrx_word' id='word_1_307' title='bbox 1189 4208 1305 4271; x_wconf 89' lang='lat' dir='ltr'><strong>tibi,</strong></span> <span class='ocrx_word' id='word_1_308' title='bbox 1338 4211 1630 4265; x_wconf 89' lang='lat' dir='ltr'><strong>reverende</strong></span> 
     </span>
    </p>
   </div>
   <div class='ocr_carea' id='block_1_46' title="bbox 105 4276 1631 4367">
    <p class='ocr_par' dir='ltr' id='par_1_46' title="bbox 105 4276 1631 4367">
     <span class='ocr_line' id='line_1_46' title="bbox 105 4276 1631 4367; baseline 0.018 -39"><span class='ocrx_word' id='word_1_309' title='bbox 105 4276 229 4336; x_wconf 79' lang='lat' dir='ltr'><strong>Pater</strong></span> <span class='ocrx_word' id='word_1_310' title='bbox 254 4285 576 4355; x_wconf 78' lang='lat' dir='ltr'><strong>Lanirazice,</strong></span> <span class='ocrx_word' id='word_1_311' title='bbox 624 4293 1025 4351; x_wconf 72' lang='lat' dir='ltr'><strong>Britanniarum</strong></span> <span class='ocrx_word' id='word_1_312' title='bbox 1060 4300 1261 4367; x_wconf 88' lang='lat' dir='ltr'><strong>primas</strong></span> <span class='ocrx_word' id='word_1_313' title='bbox 1285 4340 1300 4364; x_wconf 96' lang='lat'><strong>,</strong></span> <span class='ocrx_word' id='word_1_314' title='bbox 1341 4309 1395 4355; x_wconf 91' lang='lat' dir='ltr'><strong>et</strong></span> <span class='ocrx_word' id='word_1_315' title='bbox 1429 4311 1631 4356; x_wconf 73' lang='lat' dir='ltr'><strong>sancta:</strong></span> 
     </span>
    </p>
   </div>
   <div class='ocr_carea' id='block_1_47' title="bbox 109 4370 1632 4460">
    <p class='ocr_par' dir='ltr' id='par_1_47' title="bbox 109 4370 1632 4460">
     <span class='ocr_line' id='line_1_47' title="bbox 109 4370 1632 4460; baseline 0.019 -42"><span class='ocrx_word' id='word_1_316' title='bbox 109 4370 478 4437; x_wconf 80' lang='lat' dir='ltr'><strong>borobernensis</strong></span> <span class='ocrx_word' id='word_1_317' title='bbox 512 4382 772 4439; x_wconf 73' lang='lat' dir='ltr'><strong>Ecclesia:</strong></span> <span class='ocrx_word' id='word_1_318' title='bbox 809 4388 1244 4458; x_wconf 72' lang='lat' dir='ltr'><strong>archiepiscopo,</strong></span> <span class='ocrx_word' id='word_1_319' title='bbox 1279 4390 1632 4460; x_wconf 78' lang='lat' dir='ltr'><strong>professionis</strong></span> 
     </span>
    </p>
   </div>
   <div class='ocr_carea' id='block_1_48' title="bbox 1734 512 3320 590">
    <p class='ocr_par' dir='ltr' id='par_1_48' title="bbox 1734 512 3320 590">
     <span class='ocr_line' id='line_1_48' title="bbox 1734 512 3320 590; baseline 0.006 -23"><span class='ocrx_word' id='word_1_320' title='bbox 1734 512 2017 577; x_wconf 91' lang='lat' dir='ltr'><strong>IIiberuis,</strong></span> <span class='ocrx_word' id='word_1_321' title='bbox 2049 514 2141 569; x_wconf 90' lang='lat' dir='ltr'><strong>sed</strong></span> <span class='ocrx_word' id='word_1_322' title='bbox 2181 525 2236 569; x_wconf 90' lang='lat' dir='ltr'><strong>et</strong></span> <span class='ocrx_word' id='word_1_323' title='bbox 2265 516 2453 586; x_wconf 78' lang='lat' dir='ltr'><strong>Anglis</strong></span> <span class='ocrx_word' id='word_1_324' title='bbox 2498 517 2655 587; x_wconf 77' lang='lat' dir='ltr'><strong>longe</strong></span> <span class='ocrx_word' id='word_1_325' title='bbox 2686 529 2813 573; x_wconf 89' lang='lat' dir='ltr'><strong>ante</strong></span> <span class='ocrx_word' id='word_1_326' title='bbox 2859 531 3098 590; x_wconf 89' lang='lat' dir='ltr'><strong>tempora</strong></span> <span class='ocrx_word' id='word_1_327' title='bbox 3143 524 3320 577; x_wconf 83' lang='lat' dir='ltr'><strong>sancti</strong></span> 
     </span>
    </p>
   </div>
   <div class='ocr_carea' id='block_1_49' title="bbox 1733 602 3323 668">
    <p class='ocr_par' dir='ltr' id='par_1_49' title="bbox 1733 602 3323 668">
     <span class='ocr_line' id='line_1_49' title="bbox 1733 602 3323 668; baseline 0.008 -12"><span class='ocrx_word' id='word_1_328' title='bbox 1733 602 2043 668; x_wconf 79' lang='lat' dir='ltr'><strong>Laniranci,</strong></span> <span class='ocrx_word' id='word_1_329' title='bbox 2077 604 2126 658; x_wconf 89' lang='lat' dir='ltr'><strong>id</strong></span> <span class='ocrx_word' id='word_1_330' title='bbox 2161 605 2270 659; x_wconf 85' lang='lat' dir='ltr'><strong>vitii</strong></span> <span class='ocrx_word' id='word_1_331' title='bbox 2309 606 2551 660; x_wconf 87' lang='lat' dir='ltr'><strong>innatum</strong></span> <span class='ocrx_word' id='word_1_332' title='bbox 2581 609 2745 663; x_wconf 84' lang='lat' dir='ltr'><strong>fuisse</strong></span> <span class='ocrx_word' id='word_1_333' title='bbox 2773 623 3199 666; x_wconf 88' lang='lat' dir='ltr'><strong>commemorant</strong></span> <span class='ocrx_word' id='word_1_334' title='bbox 3232 631 3323 667; x_wconf 91' lang='lat' dir='ltr'><strong>au-</strong></span> 
     </span>
    </p>
   </div>
   <div class='ocr_carea' id='block_1_50' title="bbox 1735 696 3327 773">
    <p class='ocr_par' dir='ltr' id='par_1_50' title="bbox 1735 696 3327 773">
     <span class='ocr_line' id='line_1_50' title="bbox 1735 696 3327 773; baseline 0.007 -26"><span class='ocrx_word' id='word_1_335' title='bbox 1735 696 1995 764; x_wconf 82' lang='lat' dir='ltr'><strong>tiquiores</strong></span> <span class='ocrx_word' id='word_1_336' title='bbox 2032 708 2305 752; x_wconf 86' lang='lat' dir='ltr'><strong>auctores.</strong></span> <span class='ocrx_word' id='word_1_337' title='bbox 2337 697 2520 753; x_wconf 81' lang='lat' dir='ltr'><strong>Gildas</strong></span> <span class='ocrx_word' id='word_1_338' title='bbox 2562 700 2613 753; x_wconf 92' lang='lat' dir='ltr'><strong>in</strong></span> <span class='ocrx_word' id='word_1_339' title='bbox 2646 702 2857 754; x_wconf 76' lang='lat' dir='ltr'><strong>excidio</strong></span> <span class='ocrx_word' id='word_1_340' title='bbox 2884 702 3175 758; x_wconf 77' lang='lat' dir='ltr'><strong>Britannia:</strong></span> <span class='ocrx_word' id='word_1_341' title='bbox 3203 716 3327 773; x_wconf 75' lang='lat' dir='ltr'><strong>post</strong></span> 
     </span>
    </p>
   </div>
   <div class='ocr_carea' id='block_1_51' title="bbox 1733 787 3417 866">
    <p class='ocr_par' dir='ltr' id='par_1_51' title="bbox 1733 787 3417 866">
     <span class='ocr_line' id='line_1_51' title="bbox 1733 787 3417 866; baseline 0.004 -25"><span class='ocrx_word' id='word_1_342' title='bbox 1733 787 1992 843; x_wconf 90' lang='lat' dir='ltr'><strong>initium:</strong></span> <span class='ocrx_word' id='word_1_343' title='bbox 2030 806 2049 839; x_wconf 73' lang='grc' dir='ltr'><strong>ι</strong></span> <span class='ocrx_word' id='word_1_344' title='bbox 2082 789 2255 861; x_wconf 78' lang='lat' dir='ltr'><strong>Reges</strong></span> <span class='ocrx_word' id='word_1_345' title='bbox 2300 793 2459 846; x_wconf 90' lang='lat' dir='ltr'><strong>habet</strong></span> <span class='ocrx_word' id='word_1_346' title='bbox 2506 792 2801 860; x_wconf 84' lang='lat' dir='ltr'><strong>Britannia,</strong></span> <span class='ocrx_word' id='word_1_347' title='bbox 2850 797 2941 849; x_wconf 86' lang='lat' dir='ltr'><strong>sed</strong></span> <span class='ocrx_word' id='word_1_348' title='bbox 2985 807 3263 866; x_wconf 87' lang='lat' dir='ltr'><strong>tyrannos.</strong></span> <span class='ocrx_word' id='word_1_349' title='bbox 3299 816 3317 847; x_wconf 73' lang='grc' dir='ltr'><strong>ι</strong></span> <span class='ocrx_word' id='word_1_350' title='bbox 3408 812 3417 817; x_wconf 66' lang='grc'><em>”</em></span> 
     </span>
    </p>
   </div>
   <div class='ocr_carea' id='block_1_52' title="bbox 1732 882 3321 956">
    <p class='ocr_par' dir='ltr' id='par_1_52' title="bbox 1732 882 3321 956">
     <span class='ocr_line' id='line_1_52' title="bbox 1732 882 3321 956; baseline 0.003 -21"><span class='ocrx_word' id='word_1_351' title='bbox 1732 882 1799 935; x_wconf 84' lang='grc' dir='ltr'>Ει</span> <span class='ocrx_word' id='word_1_352' title='bbox 1837 892 1960 952; x_wconf 87' lang='lat' dir='ltr'><strong>post</strong></span> <span class='ocrx_word' id='word_1_353' title='bbox 1988 899 2179 953; x_wconf 89' lang='lat' dir='ltr'><strong>pauca.</strong></span> <span class='ocrx_word' id='word_1_354' title='bbox 2210 904 2226 935; x_wconf 79' lang='grc' dir='ltr'><strong>ι</strong></span> <span class='ocrx_word' id='word_1_355' title='bbox 2264 885 2432 951; x_wconf 85' lang='lat' dir='ltr'><strong>Quam</strong></span> <span class='ocrx_word' id='word_1_356' title='bbox 2461 885 2718 955; x_wconf 86' lang='lat' dir='ltr'><strong>plurimas</strong></span> <span class='ocrx_word' id='word_1_357' title='bbox 2746 886 3002 956; x_wconf 70' lang='lat' dir='ltr'><strong>coniuges</strong></span> <span class='ocrx_word' id='word_1_358' title='bbox 3036 888 3321 953; x_wconf 74' lang='lat' dir='ltr'><strong>habentes,</strong></span> 
     </span>
    </p>
   </div>
   <div class='ocr_carea' id='block_1_53' title="bbox 1732 975 3326 1033">
    <p class='ocr_par' dir='ltr' id='par_1_53' title="bbox 1732 975 3326 1033">
     <span class='ocr_line' id='line_1_53' title="bbox 1732 975 3326 1033; baseline 0.002 -6"><span class='ocrx_word' id='word_1_359' title='bbox 1732 975 1826 1029; x_wconf 80' lang='lat' dir='ltr'><strong>sed</strong></span> <span class='ocrx_word' id='word_1_360' title='bbox 1851 986 2157 1031; x_wconf 83' lang='lat' dir='ltr'><strong>scortantcs</strong></span> <span class='ocrx_word' id='word_1_361' title='bbox 2176 985 2229 1030; x_wconf 91' lang='lat' dir='ltr'><strong>et</strong></span> <span class='ocrx_word' id='word_1_362' title='bbox 2252 976 2639 1031; x_wconf 75' lang='lat' dir='ltr'><strong>adulterantes.</strong></span> <span class='ocrx_word' id='word_1_363' title='bbox 2662 997 2678 1028; x_wconf 75' lang='grc' dir='ltr'><strong>ι</strong></span> <span class='ocrx_word' id='word_1_364' title='bbox 2709 978 2769 1030; x_wconf 82' lang='grc' dir='ltr'><strong>Ι).</strong></span> <span class='ocrx_word' id='word_1_365' title='bbox 2791 978 3098 1033; x_wconf 83' lang='lat' dir='ltr'><strong>Bonifacius</strong></span> <span class='ocrx_word' id='word_1_366' title='bbox 3115 979 3326 1032; x_wconf 81' lang='lat' dir='ltr'><strong>archie-</strong></span> 
     </span>
    </p>
   </div>
   <div class='ocr_carea' id='block_1_54' title="bbox 1737 1065 3325 1138">
    <p class='ocr_par' dir='ltr' id='par_1_54' title="bbox 1737 1065 3325 1138">
     <span class='ocr_line' id='line_1_54' title="bbox 1737 1065 3325 1138; baseline 0.004 -22"><span class='ocrx_word' id='word_1_367' title='bbox 1737 1065 1990 1135; x_wconf 86' lang='lat' dir='ltr'><strong>piscopus</strong></span> <span class='ocrx_word' id='word_1_368' title='bbox 2038 1067 2380 1137; x_wconf 81' lang='lat' dir='ltr'><strong>Moguntinus</strong></span> <span class='ocrx_word' id='word_1_369' title='bbox 2423 1069 2562 1138; x_wconf 86' lang='lat' dir='ltr'><strong>apud</strong></span> <span class='ocrx_word' id='word_1_370' title='bbox 2613 1069 2987 1131; x_wconf 77' lang='lat' dir='ltr'><strong>Malmesbur.,</strong></span> <span class='ocrx_word' id='word_1_371' title='bbox 3045 1070 3139 1122; x_wconf 89' lang='lat' dir='ltr'><strong>lib.</strong></span> <span class='ocrx_word' id='word_1_372' title='bbox 3187 1085 3203 1122; x_wconf 90' lang='grc' dir='ltr'><strong>ι</strong></span> <span class='ocrx_word' id='word_1_373' title='bbox 3252 1070 3325 1123; x_wconf 84' lang='lat' dir='ltr'><strong>De</strong></span> 
     </span>
    </p>
   </div>
   <div class='ocr_carea' id='block_1_55' title="bbox 1735 1157 3325 1232">
    <p class='ocr_par' dir='ltr' id='par_1_55' title="bbox 1735 1157 3325 1232">
     <span class='ocr_line' id='line_1_55' title="bbox 1735 1157 3325 1232; baseline 0.004 -21"><span class='ocrx_word' id='word_1_374' title='bbox 1735 1168 1873 1226; x_wconf 83' lang='lat' dir='ltr'><strong>gest.</strong></span> <span class='ocrx_word' id='word_1_375' title='bbox 1907 1157 2221 1230; x_wconf 79' lang='lat' dir='ltr'><strong>Anglorum,</strong></span> <span class='ocrx_word' id='word_1_376' title='bbox 2252 1160 2482 1214; x_wconf 85' lang='lat' dir='ltr'><strong>nefanda</strong></span> <span class='ocrx_word' id='word_1_377' title='bbox 2518 1162 2601 1214; x_wconf 87' lang='lat' dir='ltr'><strong>illa</strong></span> <span class='ocrx_word' id='word_1_378' title='bbox 2632 1162 3110 1232; x_wconf 79' lang='lat' dir='ltr'><strong>Ethelberto37l</strong></span> <span class='ocrx_word' id='word_1_379' title='bbox 3130 1164 3325 1232; x_wconf 52' lang='lat' dir='ltr'><strong>Anglia-</strong></span> 
     </span>
    </p>
   </div>
   <div class='ocr_carea' id='block_1_56' title="bbox 1734 1250 3325 1318">
    <p class='ocr_par' dir='ltr' id='par_1_56' title="bbox 1734 1250 3325 1318">
     <span class='ocr_line' id='line_1_56' title="bbox 1734 1250 3325 1318; baseline 0.004 -17"><span class='ocrx_word' id='word_1_380' title='bbox 1734 1264 1855 1301; x_wconf 88' lang='lat' dir='ltr'><strong>rum</strong></span> <span class='ocrx_word' id='word_1_381' title='bbox 1904 1250 2013 1318; x_wconf 80' lang='lat' dir='ltr'><strong>regi</strong></span> <span class='ocrx_word' id='word_1_382' title='bbox 2062 1250 2269 1318; x_wconf 74' lang='lat' dir='ltr'><strong>objirit.</strong></span> <span class='ocrx_word' id='word_1_383' title='bbox 2322 1252 2475 1318; x_wconf 87' lang='lat' dir='ltr'><strong>Quod</strong></span> <span class='ocrx_word' id='word_1_384' title='bbox 2528 1263 2706 1307; x_wconf 88' lang='lat' dir='ltr'><strong>autem</strong></span> <span class='ocrx_word' id='word_1_385' title='bbox 2759 1252 2937 1307; x_wconf 88' lang='lat' dir='ltr'><strong>Scotis</strong></span> <span class='ocrx_word' id='word_1_386' title='bbox 2985 1254 3147 1307; x_wconf 84' lang='lat' dir='ltr'><strong>fuerit</strong></span> <span class='ocrx_word' id='word_1_387' title='bbox 3201 1254 3325 1307; x_wconf 82' lang='lat' dir='ltr'><strong>talis</strong></span> 
     </span>
    </p>
   </div>
   <div class='ocr_carea' id='block_1_57' title="bbox 1736 1341 3322 1417">
    <p class='ocr_par' dir='ltr' id='par_1_57' title="bbox 1736 1341 3322 1417">
     <span class='ocr_line' id='line_1_57' title="bbox 1736 1341 3322 1417; baseline 0.006 -23"><span class='ocrx_word' id='word_1_388' title='bbox 1736 1341 1898 1397; x_wconf 82' lang='lat' dir='ltr'><strong>libido</strong></span> <span class='ocrx_word' id='word_1_389' title='bbox 1944 1346 2097 1413; x_wconf 90' lang='lat' dir='ltr'><strong>quasi</strong></span> <span class='ocrx_word' id='word_1_390' title='bbox 2131 1346 2505 1408; x_wconf 69' lang='lat' dir='ltr'><strong>litet&#39;edilaria,</strong></span> <span class='ocrx_word' id='word_1_391' title='bbox 2546 1347 2780 1401; x_wconf 81' lang='lat' dir='ltr'><strong>ostendit</strong></span> <span class='ocrx_word' id='word_1_392' title='bbox 2813 1348 2870 1400; x_wconf 91' lang='lat' dir='ltr'><strong>S.</strong></span> <span class='ocrx_word' id='word_1_393' title='bbox 2926 1347 3283 1417; x_wconf 60' lang='lat' dir='ltr'><strong>Hieronymus</strong></span> <span class='ocrx_word' id='word_1_394' title='bbox 3308 1389 3322 1413; x_wconf 95' lang='lat'><strong>,</strong></span> 
     </span>
    </p>
   </div>
   <div class='ocr_carea' id='block_1_58' title="bbox 1734 1430 3070 1501">
    <p class='ocr_par' dir='ltr' id='par_1_58' title="bbox 1734 1430 3070 1501">
     <span class='ocr_line' id='line_1_58' title="bbox 1734 1430 3070 1501; baseline 0.005 -17"><span class='ocrx_word' id='word_1_395' title='bbox 1734 1430 1828 1485; x_wconf 86' lang='lat' dir='ltr'><strong>lib.</strong></span> <span class='ocrx_word' id='word_1_396' title='bbox 1862 1449 1920 1498; x_wconf 88' lang='lat' dir='ltr'><strong>ti,</strong></span> <span class='ocrx_word' id='word_1_397' title='bbox 1953 1435 2210 1490; x_wconf 81' lang='lat' dir='ltr'><strong>adversus</strong></span> <span class='ocrx_word' id='word_1_398' title='bbox 2240 1434 2618 1501; x_wconf 86' lang='lat' dir='ltr'><strong>Jovinianum,</strong></span> <span class='ocrx_word' id='word_1_399' title='bbox 2648 1449 2776 1492; x_wconf 87' lang='lat' dir='ltr'><strong>ante</strong></span> <span class='ocrx_word' id='word_1_400' title='bbox 2813 1438 3070 1493; x_wconf 76' lang='lat' dir='ltr'><strong>medium;</strong></span> 
     </span>
    </p>
   </div>
   <div class='ocr_carea' id='block_1_59' title="bbox 2200 1544 2864 1584">
    <p class='ocr_par' dir='ltr' id='par_1_59' title="bbox 2200 1544 2864 1584">
     <span class='ocr_line' id='line_1_59' title="bbox 2200 1544 2864 1584; baseline 0.006 -5"><span class='ocrx_word' id='word_1_401' title='bbox 2200 1544 2266 1580; x_wconf 76' lang='lat' dir='ltr'><strong>AI)</strong></span> <span class='ocrx_word' id='word_1_402' title='bbox 2298 1544 2592 1584; x_wconf 60' lang='lat' dir='ltr'><strong>EPISTOLADI</strong></span> <span class='ocrx_word' id='word_1_403' title='bbox 2636 1546 2864 1583; x_wconf 66' lang='lat' dir='ltr'><strong>XXXVIII.</strong></span> 
     </span>
    </p>
   </div>
   <div class='ocr_carea' id='block_1_60' title="bbox 1809 1617 3326 1691">
    <p class='ocr_par' dir='ltr' id='par_1_60' title="bbox 1809 1617 3326 1691">
     <span class='ocr_line' id='line_1_60' title="bbox 1809 1617 3326 1691; baseline 0.007 -22"><span class='ocrx_word' id='word_1_404' title='bbox 1809 1617 2073 1672; x_wconf 79' lang='lat' dir='ltr'><strong>Hibernia:</strong></span> <span class='ocrx_word' id='word_1_405' title='bbox 2108 1621 2213 1689; x_wconf 84' lang='lat' dir='ltr'><strong>regi</strong></span> <span class='ocrx_word' id='word_1_406' title='bbox 2245 1619 2575 1675; x_wconf 81' lang='lat' dir='ltr'><strong>Terdclvaco.</strong></span> <span class='ocrx_word' id='word_1_407' title='bbox 2602 1621 2788 1677; x_wconf 77' lang='lat' dir='ltr'><strong>Jacobi</strong></span> <span class='ocrx_word' id='word_1_408' title='bbox 2822 1624 3025 1678; x_wconf 81' lang='lat' dir='ltr'><strong>Usserii</strong></span> <span class='ocrx_word' id='word_1_409' title='bbox 3057 1624 3326 1691; x_wconf 57' lang='lat' dir='ltr'><strong>conjectu-</strong></span> 
     </span>
    </p>
   </div>
   <div class='ocr_carea' id='block_1_61' title="bbox 1736 1709 3326 1786">
    <p class='ocr_par' dir='ltr' id='par_1_61' title="bbox 1736 1709 3326 1786">
     <span class='ocr_line' id='line_1_61' title="bbox 1736 1709 3326 1786; baseline 0.007 -26"><span class='ocrx_word' id='word_1_410' title='bbox 1736 1724 1850 1761; x_wconf 88' lang='lat' dir='ltr'><strong>ram</strong></span> <span class='ocrx_word' id='word_1_411' title='bbox 1911 1709 2014 1763; x_wconf 91' lang='lat' dir='ltr'><strong>hoc</strong></span> <span class='ocrx_word' id='word_1_412' title='bbox 2048 1710 2165 1764; x_wconf 88' lang='lat' dir='ltr'><strong>loco</strong></span> <span class='ocrx_word' id='word_1_413' title='bbox 2215 1710 2444 1772; x_wconf 84' lang='lat' dir='ltr'><strong>(cumet</strong></span> <span class='ocrx_word' id='word_1_414' title='bbox 2494 1713 2626 1766; x_wconf 69' lang='lat' dir='ltr'><strong>nihil</strong></span> <span class='ocrx_word' id='word_1_415' title='bbox 2686 1714 2902 1769; x_wconf 88' lang='lat' dir='ltr'><strong>aliunde</strong></span> <span class='ocrx_word' id='word_1_416' title='bbox 2953 1726 3203 1786; x_wconf 87' lang='lat' dir='ltr'><strong>suppetat</strong></span> <span class='ocrx_word' id='word_1_417' title='bbox 3260 1720 3326 1771; x_wconf 86' lang='lat' dir='ltr'><strong>de</strong></span> 
     </span>
    </p>
   </div>
   <div class='ocr_carea' id='block_1_62' title="bbox 1659 1793 3324 1877">
    <p class='ocr_par' dir='ltr' id='par_1_62' title="bbox 1659 1793 3324 1877">
     <span class='ocr_line' id='line_1_62' title="bbox 1659 1793 3324 1877; baseline 0.006 -25"><span class='ocrx_word' id='word_1_418' title='bbox 1659 1793 1707 1852; x_wconf 85' lang='lat' dir='ltr'><strong>B</strong></span> <span class='ocrx_word' id='word_1_419' title='bbox 1737 1800 2343 1871; x_wconf 63' lang='lat' dir='ltr'><strong>Terdelvacoﬂuserere</strong></span> <span class='ocrx_word' id='word_1_420' title='bbox 2367 1804 2539 1858; x_wconf 87' lang='lat' dir='ltr'><strong>visum</strong></span> <span class='ocrx_word' id='word_1_421' title='bbox 2563 1814 2677 1870; x_wconf 85' lang='lat' dir='ltr'><strong>est;</strong></span> <span class='ocrx_word' id='word_1_422' title='bbox 2708 1805 2795 1860; x_wconf 82' lang='lat' dir='ltr'><strong>ille</strong></span> <span class='ocrx_word' id='word_1_423' title='bbox 2813 1807 2976 1877; x_wconf 77' lang='lat' dir='ltr'><strong>igitur</strong></span> <span class='ocrx_word' id='word_1_424' title='bbox 2996 1808 3061 1861; x_wconf 89' lang='lat' dir='ltr'><strong>ad</strong></span> <span class='ocrx_word' id='word_1_425' title='bbox 3077 1809 3324 1863; x_wconf 83' lang='lat' dir='ltr'><strong>eamdem</strong></span> 
     </span>
    </p>
   </div>
   <div class='ocr_carea' id='block_1_63' title="bbox 1733 1893 3325 1965">
    <p class='ocr_par' dir='ltr' id='par_1_63' title="bbox 1733 1893 3325 1965">
     <span class='ocr_line' id='line_1_63' title="bbox 1733 1893 3325 1965; baseline 0.005 -20"><span class='ocrx_word' id='word_1_426' title='bbox 1733 1893 2014 1961; x_wconf 58' lang='lat' dir='ltr'><strong>Cpislﬂiﬂlll</strong></span> <span class='ocrx_word' id='word_1_427' title='bbox 2046 1893 2097 1947; x_wconf 89' lang='lat' dir='ltr'><strong>in</strong></span> <span class='ocrx_word' id='word_1_428' title='bbox 2124 1894 2267 1948; x_wconf 89' lang='lat' dir='ltr'><strong>notis</strong></span> <span class='ocrx_word' id='word_1_429' title='bbox 2317 1896 2382 1949; x_wconf 88' lang='lat' dir='ltr'><strong>ad</strong></span> <span class='ocrx_word' id='word_1_430' title='bbox 2435 1896 2703 1965; x_wconf 87' lang='lat' dir='ltr'><strong>Epistolas</strong></span> <span class='ocrx_word' id='word_1_431' title='bbox 2762 1896 3083 1954; x_wconf 85' lang='lat' dir='ltr'><strong>Ilibernicas</strong></span> <span class='ocrx_word' id='word_1_432' title='bbox 3131 1900 3325 1954; x_wconf 83' lang='lat' dir='ltr'><strong>asserit</strong></span> 
     </span>
    </p>
   </div>
   <div class='ocr_carea' id='block_1_64' title="bbox 1732 1984 3319 2055">
    <p class='ocr_par' dir='ltr' id='par_1_64' title="bbox 1732 1984 3319 2055">
     <span class='ocr_line' id='line_1_64' title="bbox 1732 1984 3319 2055; baseline 0.004 -17"><span class='ocrx_word' id='word_1_433' title='bbox 1732 1984 2117 2039; x_wconf 85' lang='lat' dir='ltr'><strong>Terdelvacum</strong></span> <span class='ocrx_word' id='word_1_434' title='bbox 2202 2000 2544 2055; x_wconf 83' lang='lat' dir='ltr'><strong>nequaquam</strong></span> <span class='ocrx_word' id='word_1_435' title='bbox 2598 1987 2842 2042; x_wconf 88' lang='lat' dir='ltr'><strong>Gothrici</strong></span> <span class='ocrx_word' id='word_1_436' title='bbox 2909 2004 3319 2054; x_wconf 81' lang='lat' dir='ltr'><strong>successorem,</strong></span> 
     </span>
    </p>
   </div>
   <div class='ocr_carea' id='block_1_65' title="bbox 1732 2078 3325 2148">
    <p class='ocr_par' dir='ltr' id='par_1_65' title="bbox 1732 2078 3325 2148">
     <span class='ocr_line' id='line_1_65' title="bbox 1732 2078 3325 2148; baseline 0.004 -17"><span class='ocrx_word' id='word_1_437' title='bbox 1732 2078 1824 2132; x_wconf 82' lang='lat' dir='ltr'><strong>sed</strong></span> <span class='ocrx_word' id='word_1_438' title='bbox 1859 2078 2048 2132; x_wconf 90' lang='lat' dir='ltr'><strong>eodem</strong></span> <span class='ocrx_word' id='word_1_439' title='bbox 2098 2078 2257 2132; x_wconf 90' lang='lat' dir='ltr'><strong>simul</strong></span> <span class='ocrx_word' id='word_1_440' title='bbox 2292 2088 2534 2148; x_wconf 89' lang='lat' dir='ltr'><strong>tempore</strong></span> <span class='ocrx_word' id='word_1_441' title='bbox 2573 2090 2628 2134; x_wconf 87' lang='lat' dir='ltr'><strong>et</strong></span> <span class='ocrx_word' id='word_1_442' title='bbox 2688 2080 3009 2136; x_wconf 69' lang='lat' dir='ltr'><strong>Goth&#39;ricum</strong></span> <span class='ocrx_word' id='word_1_443' title='bbox 3062 2083 3325 2139; x_wconf 70' lang='lat' dir='ltr'><strong>Dubliniai</strong></span> 
     </span>
    </p>
   </div>
   <div class='ocr_carea' id='block_1_66' title="bbox 1735 2168 3322 2244">
    <p class='ocr_par' dir='ltr' id='par_1_66' title="bbox 1735 2168 3322 2244">
     <span class='ocr_line' id='line_1_66' title="bbox 1735 2168 3322 2244; baseline 0.006 -24"><span class='ocrx_word' id='word_1_444' title='bbox 1735 2168 2001 2234; x_wconf 80' lang='lat' dir='ltr'><strong>regulum,</strong></span> <span class='ocrx_word' id='word_1_445' title='bbox 2027 2179 2083 2223; x_wconf 89' lang='lat' dir='ltr'><strong>et</strong></span> <span class='ocrx_word' id='word_1_446' title='bbox 2106 2168 2492 2226; x_wconf 85' lang='lat' dir='ltr'><strong>Terdelvacum</strong></span> <span class='ocrx_word' id='word_1_447' title='bbox 2536 2187 2806 2225; x_wconf 89' lang='lat' dir='ltr'><strong>summum</strong></span> <span class='ocrx_word' id='word_1_448' title='bbox 2834 2172 3106 2229; x_wconf 66' lang='lat' dir='ltr'><strong>Ilibernize</strong></span> <span class='ocrx_word' id='word_1_449' title='bbox 3142 2190 3322 2244; x_wconf 76' lang='lat' dir='ltr'><strong>regem</strong></span> 
     </span>
    </p>
   </div>
   <div class='ocr_carea' id='block_1_67' title="bbox 1732 2261 1925 2330">
    <p class='ocr_par' dir='ltr' id='par_1_67' title="bbox 1732 2261 1925 2330">
     <span class='ocr_line' id='line_1_67' title="bbox 1732 2261 1925 2330; baseline 0.005 -17"><span class='ocrx_word' id='word_1_450' title='bbox 1732 2261 1925 2330; x_wconf 79' lang='lat' dir='ltr'><strong>egisse.</strong></span> 
     </span>
    </p>
   </div>
   <div class='ocr_carea' id='block_1_68' title="bbox 1804 2352 3318 2426">
    <p class='ocr_par' dir='ltr' id='par_1_68' title="bbox 1804 2352 3318 2426">
     <span class='ocr_line' id='line_1_68' title="bbox 1804 2352 3318 2426; baseline 0.003 -19"><span class='ocrx_word' id='word_1_451' title='bbox 1804 2352 2001 2407; x_wconf 83' lang='lat' dir='ltr'><strong>Contra</strong></span> <span class='ocrx_word' id='word_1_452' title='bbox 2057 2365 2360 2408; x_wconf 80' lang='lat' dir='ltr'><strong>sanctorum</strong></span> <span class='ocrx_word' id='word_1_453' title='bbox 2410 2370 2670 2410; x_wconf 86' lang='lat' dir='ltr'><strong>canonum</strong></span> <span class='ocrx_word' id='word_1_454' title='bbox 2732 2357 3156 2426; x_wconf 77' lang='lat' dir='ltr'><strong>prohibitionem,</strong></span> <span class='ocrx_word' id='word_1_455' title='bbox 3213 2368 3318 2414; x_wconf 85' lang='lat' dir='ltr'><strong>etc.</strong></span> 
     </span>
    </p>
   </div>
   <div class='ocr_carea' id='block_1_69' title="bbox 1736 2443 3322 2517">
    <p class='ocr_par' dir='ltr' id='par_1_69' title="bbox 1736 2443 3322 2517">
     <span class='ocr_line' id='line_1_69' title="bbox 1736 2443 3322 2517; baseline 0.005 -19"><span class='ocrx_word' id='word_1_456' title='bbox 1736 2443 1920 2500; x_wconf 72' lang='lat' dir='ltr'><strong>Tritas</strong></span> <span class='ocrx_word' id='word_1_457' title='bbox 1958 2458 2044 2500; x_wconf 90' lang='lat' dir='ltr'><strong>res</strong></span> <span class='ocrx_word' id='word_1_458' title='bbox 2075 2446 2209 2501; x_wconf 81' lang='lat' dir='ltr'><strong>adeo</strong></span> <span class='ocrx_word' id='word_1_459' title='bbox 2232 2464 2335 2500; x_wconf 52' lang='lat' dir='ltr'><strong>nwn</strong></span> <span class='ocrx_word' id='word_1_460' title='bbox 2358 2447 2445 2501; x_wconf 92' lang='lat' dir='ltr'><strong>hic</strong></span> <span class='ocrx_word' id='word_1_461' title='bbox 2491 2448 3035 2516; x_wconf 74' lang='lat' dir='ltr'><strong>retexendasjudico.</strong></span> <span class='ocrx_word' id='word_1_462' title='bbox 3070 2451 3220 2517; x_wconf 80' lang='lat' dir='ltr'><strong>Quod</strong></span> <span class='ocrx_word' id='word_1_463' title='bbox 3255 2452 3322 2506; x_wconf 89' lang='lat' dir='ltr'><strong>ad</strong></span> 
     </span>
    </p>
   </div>
   <div class='ocr_carea' id='block_1_70' title="bbox 1734 2538 3319 2611">
    <p class='ocr_par' dir='ltr' id='par_1_70' title="bbox 1734 2538 3319 2611">
     <span class='ocr_line' id='line_1_70' title="bbox 1734 2538 3319 2611; baseline 0.003 -18"><span class='ocrx_word' id='word_1_464' title='bbox 1734 2538 1982 2608; x_wconf 77' lang='lat' dir='ltr'><strong>coniugia</strong></span> <span class='ocrx_word' id='word_1_465' title='bbox 2015 2538 2347 2605; x_wconf 84' lang='lat' dir='ltr'><strong>adulterina,</strong></span> <span class='ocrx_word' id='word_1_466' title='bbox 2395 2549 2479 2594; x_wconf 90' lang='lat' dir='ltr'><strong>sat</strong></span> <span class='ocrx_word' id='word_1_467' title='bbox 2516 2540 2720 2594; x_wconf 90' lang='lat' dir='ltr'><strong>dictum</strong></span> <span class='ocrx_word' id='word_1_468' title='bbox 2781 2541 3026 2610; x_wconf 79' lang='lat' dir='ltr'><strong>proxima</strong></span> <span class='ocrx_word' id='word_1_469' title='bbox 3068 2543 3319 2611; x_wconf 87' lang='lat' dir='ltr'><strong>epistola.</strong></span> 
     </span>
    </p>
   </div>
   <div class='ocr_carea' id='block_1_71' title="bbox 1734 2628 3320 2702">
    <p class='ocr_par' dir='ltr' id='par_1_71' title="bbox 1734 2628 3320 2702">
     <span class='ocr_line' id='line_1_71' title="bbox 1734 2628 3320 2702; baseline 0.003 -18"><span class='ocrx_word' id='word_1_470' title='bbox 1734 2628 1851 2684; x_wconf 90' lang='lat' dir='ltr'><strong>Non</strong></span> <span class='ocrx_word' id='word_1_471' title='bbox 1873 2630 1942 2682; x_wconf 89' lang='lat' dir='ltr'><strong>ab</strong></span> <span class='ocrx_word' id='word_1_472' title='bbox 1968 2646 2073 2685; x_wconf 91' lang='lat' dir='ltr'><strong>uno</strong></span> <span class='ocrx_word' id='word_1_473' title='bbox 2099 2631 2372 2699; x_wconf 91' lang='lat' dir='ltr'><strong>episcopo,</strong></span> <span class='ocrx_word' id='word_1_474' title='bbox 2409 2632 2502 2685; x_wconf 90' lang='lat' dir='ltr'><strong>sed</strong></span> <span class='ocrx_word' id='word_1_475' title='bbox 2538 2648 2567 2685; x_wconf 89' lang='lat' dir='ltr'><strong>a</strong></span> <span class='ocrx_word' id='word_1_476' title='bbox 2600 2631 2776 2687; x_wconf 89' lang='lat' dir='ltr'><strong>tribus</strong></span> <span class='ocrx_word' id='word_1_477' title='bbox 2817 2634 3128 2702; x_wconf 85' lang='lat' dir='ltr'><strong>episcopum</strong></span> <span class='ocrx_word' id='word_1_478' title='bbox 3172 2636 3320 2689; x_wconf 84' lang='lat' dir='ltr'><strong>ordi-</strong></span> 
     </span>
    </p>
   </div>
   <div class='ocr_carea' id='block_1_72' title="bbox 1734 2722 3319 2792">
    <p class='ocr_par' dir='ltr' id='par_1_72' title="bbox 1734 2722 3319 2792">
     <span class='ocr_line' id='line_1_72' title="bbox 1734 2722 3319 2792; baseline 0.003 -18"><span class='ocrx_word' id='word_1_479' title='bbox 1734 2724 1971 2775; x_wconf 87' lang='lat' dir='ltr'><strong>nandum</strong></span> <span class='ocrx_word' id='word_1_480' title='bbox 1997 2722 2063 2775; x_wconf 90' lang='lat' dir='ltr'><strong>ad</strong></span> <span class='ocrx_word' id='word_1_481' title='bbox 2092 2722 2374 2792; x_wconf 88' lang='lat' dir='ltr'><strong>epistolam</strong></span> <span class='ocrx_word' id='word_1_482' title='bbox 2403 2722 2469 2777; x_wconf 74' lang='grc'><strong>12</strong></span> <span class='ocrx_word' id='word_1_483' title='bbox 2497 2739 2546 2778; x_wconf 90' lang='lat' dir='ltr'><strong>e.</strong></span> <span class='ocrx_word' id='word_1_484' title='bbox 2581 2725 2825 2779; x_wconf 90' lang='lat' dir='ltr'><strong>nonnihil</strong></span> <span class='ocrx_word' id='word_1_485' title='bbox 2874 2726 3188 2780; x_wconf 86' lang='lat' dir='ltr'><strong>adnotatum</strong></span> <span class='ocrx_word' id='word_1_486' title='bbox 3216 2737 3319 2780; x_wconf 88' lang='lat' dir='ltr'><strong>est.</strong></span> 
     </span>
    </p>
   </div>
   <div class='ocr_carea' id='block_1_73' title="bbox 1735 2812 3322 2887">
    <p class='ocr_par' dir='ltr' id='par_1_73' title="bbox 1735 2812 3322 2887">
     <span class='ocr_line' id='line_1_73' title="bbox 1735 2812 3322 2887; baseline 0.003 -20"><span class='ocrx_word' id='word_1_487' title='bbox 1735 2812 1923 2867; x_wconf 89' lang='lat' dir='ltr'><strong>Plures</strong></span> <span class='ocrx_word' id='word_1_488' title='bbox 1954 2829 2081 2868; x_wconf 83' lang='lat' dir='ltr'><strong>vero</strong></span> <span class='ocrx_word' id='word_1_489' title='bbox 2111 2815 2160 2867; x_wconf 90' lang='lat' dir='ltr'><strong>in</strong></span> <span class='ocrx_word' id='word_1_490' title='bbox 2207 2831 2313 2869; x_wconf 90' lang='lat' dir='ltr'><strong>una</strong></span> <span class='ocrx_word' id='word_1_491' title='bbox 2357 2816 2579 2870; x_wconf 77' lang='lat' dir='ltr'><strong>civitate</strong></span> <span class='ocrx_word' id='word_1_492' title='bbox 2605 2817 2886 2887; x_wconf 87' lang='lat' dir='ltr'><strong>episcopos</strong></span> <span class='ocrx_word' id='word_1_493' title='bbox 2921 2818 3142 2872; x_wconf 90' lang='lat' dir='ltr'><strong>minime</strong></span> <span class='ocrx_word' id='word_1_494' title='bbox 3186 2834 3322 2872; x_wconf 79' lang='lat' dir='ltr'><strong>con-</strong></span> 
     </span>
    </p>
   </div>
   <div class='ocr_carea' id='block_1_74' title="bbox 1736 2905 3321 2977">
    <p class='ocr_par' dir='ltr' id='par_1_74' title="bbox 1736 2905 3321 2977">
     <span class='ocr_line' id='line_1_74' title="bbox 1736 2905 3321 2977; baseline 0.003 -17"><span class='ocrx_word' id='word_1_495' title='bbox 1736 2905 2037 2960; x_wconf 83' lang='lat' dir='ltr'><strong>stituenilos</strong></span> <span class='ocrx_word' id='word_1_496' title='bbox 2048 2906 2246 2974; x_wconf 87' lang='lat' dir='ltr'><strong>passim</strong></span> <span class='ocrx_word' id='word_1_497' title='bbox 2264 2907 2768 2977; x_wconf 84' lang='lat' dir='ltr'><strong>prohibentantiqui</strong></span> <span class='ocrx_word' id='word_1_498' title='bbox 2784 2925 3020 2965; x_wconf 88' lang='lat' dir='ltr'><strong>canones</strong></span> <span class='ocrx_word' id='word_1_499' title='bbox 3035 2923 3089 2964; x_wconf 89' lang='lat' dir='ltr'><strong>et</strong></span> <span class='ocrx_word' id='word_1_500' title='bbox 3105 2910 3321 2965; x_wconf 81' lang='lat' dir='ltr'><strong>Patrum</strong></span> 
     </span>
    </p>
   </div>
   <div class='ocr_carea' id='block_1_75' title="bbox 1736 2998 3319 3076">
    <p class='ocr_par' dir='ltr' id='par_1_75' title="bbox 1736 2998 3319 3076">
     <span class='ocr_line' id='line_1_75' title="bbox 1736 2998 3319 3076; baseline 0.006 -24"><span class='ocrx_word' id='word_1_501' title='bbox 1736 2998 1976 3053; x_wconf 89' lang='lat' dir='ltr'><strong>decreta.</strong></span> <span class='ocrx_word' id='word_1_502' title='bbox 2002 2999 2192 3053; x_wconf 86' lang='lat' dir='ltr'><strong>Hilarii</strong></span> <span class='ocrx_word' id='word_1_503' title='bbox 2217 3015 2369 3071; x_wconf 75' lang='lat' dir='ltr'><strong>papa:</strong></span> <span class='ocrx_word' id='word_1_504' title='bbox 2399 3003 2563 3072; x_wconf 91' lang='lat' dir='ltr'><strong>epist.</strong></span> <span class='ocrx_word' id='word_1_505' title='bbox 2598 3002 2656 3067; x_wconf 75' lang='lat'><strong>2,</strong></span> <span class='ocrx_word' id='word_1_506' title='bbox 2688 3019 2743 3058; x_wconf 83' lang='grc' dir='ltr'>ιι.</span> <span class='ocrx_word' id='word_1_507' title='bbox 2773 3004 3015 3068; x_wconf 70' lang='lat' dir='ltr'><strong>4;conc.</strong></span> <span class='ocrx_word' id='word_1_508' title='bbox 3046 3005 3250 3076; x_wconf 81' lang='lat' dir='ltr'><strong>Lugdu.</strong></span> <span class='ocrx_word' id='word_1_509' title='bbox 3278 3024 3319 3071; x_wconf 90' lang='lat' dir='ltr'><strong>t,</strong></span> 
     </span>
    </p>
   </div>
   <div class='ocr_carea' id='block_1_76' title="bbox 1736 3090 3323 3168">
    <p class='ocr_par' dir='ltr' id='par_1_76' title="bbox 1736 3090 3323 3168">
     <span class='ocr_line' id='line_1_76' title="bbox 1736 3090 3323 3168; baseline 0.005 -24"><span class='ocrx_word' id='word_1_510' title='bbox 1736 3104 1856 3144; x_wconf 87' lang='lat' dir='ltr'><strong>ean.</strong></span> <span class='ocrx_word' id='word_1_511' title='bbox 1886 3090 1952 3155; x_wconf 86' lang='lat'><strong>5;</strong></span> <span class='ocrx_word' id='word_1_512' title='bbox 1987 3090 2367 3155; x_wconf 86' lang='lat' dir='ltr'><strong>Cabiloneuse,</strong></span> <span class='ocrx_word' id='word_1_513' title='bbox 2393 3108 2482 3148; x_wconf 85' lang='lat' dir='ltr'><strong>an.</strong></span> <span class='ocrx_word' id='word_1_514' title='bbox 2520 3093 2645 3157; x_wconf 77' lang='lat'><strong>650,</strong></span> <span class='ocrx_word' id='word_1_515' title='bbox 2670 3110 2793 3149; x_wconf 89' lang='lat' dir='ltr'><strong>ean.</strong></span> <span class='ocrx_word' id='word_1_516' title='bbox 2825 3097 2876 3150; x_wconf 77' lang='grc'><strong>4.</strong></span> <span class='ocrx_word' id='word_1_517' title='bbox 2916 3096 3069 3153; x_wconf 83' lang='lat' dir='ltr'><strong>Velut</strong></span> <span class='ocrx_word' id='word_1_518' title='bbox 3089 3106 3142 3152; x_wconf 87' lang='lat' dir='ltr'><strong>et</strong></span> <span class='ocrx_word' id='word_1_519' title='bbox 3159 3114 3323 3168; x_wconf 79' lang='lat' dir='ltr'><strong>pecu-</strong></span> 
     </span>
    </p>
   </div>
   <div class='ocr_carea' id='block_1_77' title="bbox 1735 3183 3325 3260">
    <p class='ocr_par' dir='ltr' id='par_1_77' title="bbox 1735 3183 3325 3260">
     <span class='ocr_line' id='line_1_77' title="bbox 1735 3183 3325 3260; baseline 0.008 -25"><span class='ocrx_word' id='word_1_520' title='bbox 1735 3183 1852 3237; x_wconf 88' lang='lat' dir='ltr'><strong>nias</strong></span> <span class='ocrx_word' id='word_1_521' title='bbox 1892 3185 2294 3239; x_wconf 87' lang='lat' dir='ltr'><strong>ordinationum</strong></span> <span class='ocrx_word' id='word_1_522' title='bbox 2344 3187 2518 3257; x_wconf 81' lang='lat' dir='ltr'><strong>gratia</strong></span> <span class='ocrx_word' id='word_1_523' title='bbox 2566 3188 2980 3259; x_wconf 85' lang='lat' dir='ltr'><strong>haudquaquam</strong></span> <span class='ocrx_word' id='word_1_524' title='bbox 3031 3192 3325 3260; x_wconf 77' lang='lat' dir='ltr'><strong>exigendas</strong></span> 
     </span>
    </p>
   </div>
   <div class='ocr_carea' id='block_1_78' title="bbox 1731 3277 3321 3347">
    <p class='ocr_par' dir='ltr' id='par_1_78' title="bbox 1731 3277 3321 3347">
     <span class='ocr_line' id='line_1_78' title="bbox 1731 3277 3321 3347; baseline 0.004 -16"><span class='ocrx_word' id='word_1_525' title='bbox 1731 3277 1925 3331; x_wconf 85' lang='lat' dir='ltr'><strong>concil.</strong></span> <span class='ocrx_word' id='word_1_526' title='bbox 1948 3277 2148 3332; x_wconf 88' lang='lat' dir='ltr'><strong>Turon.</strong></span> <span class='ocrx_word' id='word_1_527' title='bbox 2175 3295 2234 3343; x_wconf 86' lang='grc' dir='ltr'>ιι,</span> <span class='ocrx_word' id='word_1_528' title='bbox 2257 3294 2377 3333; x_wconf 89' lang='lat' dir='ltr'><strong>can.</strong></span> <span class='ocrx_word' id='word_1_529' title='bbox 2404 3278 2726 3344; x_wconf 73' lang='lat' dir='ltr'><strong>27;Concil.</strong></span> <span class='ocrx_word' id='word_1_530' title='bbox 2758 3281 2956 3335; x_wconf 69' lang='lat' dir='ltr'><strong>Nic-mni</strong></span> <span class='ocrx_word' id='word_1_531' title='bbox 2991 3299 3051 3347; x_wconf 88' lang='grc' dir='ltr'>ιι,</span> <span class='ocrx_word' id='word_1_532' title='bbox 3080 3299 3203 3339; x_wconf 89' lang='lat' dir='ltr'><strong>can.</strong></span> <span class='ocrx_word' id='word_1_533' title='bbox 3236 3284 3321 3339; x_wconf 87' lang='lat' dir='ltr'><strong>l9.</strong></span> 
     </span>
    </p>
   </div>
   <div class='ocr_carea' id='block_1_79' title="bbox 1732 3367 3323 3438">
    <p class='ocr_par' dir='ltr' id='par_1_79' title="bbox 1732 3367 3323 3438">
     <span class='ocr_line' id='line_1_79' title="bbox 1732 3367 3323 3438; baseline 0.005 -18"><span class='ocrx_word' id='word_1_534' title='bbox 1732 3367 1807 3421; x_wconf 71' lang='lat' dir='ltr'><strong>De</strong></span> <span class='ocrx_word' id='word_1_535' title='bbox 1837 3369 2154 3423; x_wconf 76' lang='lat' dir='ltr'><strong>chrismatis</strong></span> <span class='ocrx_word' id='word_1_536' title='bbox 2180 3370 2433 3425; x_wconf 91' lang='lat' dir='ltr'><strong>unctione</strong></span> <span class='ocrx_word' id='word_1_537' title='bbox 2462 3371 2514 3425; x_wconf 89' lang='lat' dir='ltr'><strong>in</strong></span> <span class='ocrx_word' id='word_1_538' title='bbox 2546 3372 2816 3438; x_wconf 88' lang='lat' dir='ltr'><strong>baptismo</strong></span> <span class='ocrx_word' id='word_1_539' title='bbox 2856 3374 3183 3430; x_wconf 89' lang='lat' dir='ltr'><strong>conferendo</strong></span> <span class='ocrx_word' id='word_1_540' title='bbox 3204 3375 3323 3429; x_wconf 81' lang='lat' dir='ltr'><strong>fuse</strong></span> 
     </span>
    </p>
   </div>
   <div class='ocr_carea' id='block_1_80' title="bbox 1732 3460 3323 3528">
    <p class='ocr_par' dir='ltr' id='par_1_80' title="bbox 1732 3460 3323 3528">
     <span class='ocr_line' id='line_1_80' title="bbox 1732 3460 3323 3528; baseline 0.005 -15"><span class='ocrx_word' id='word_1_541' title='bbox 1732 3460 2021 3514; x_wconf 80' lang='lat' dir='ltr'><strong>Menardus</strong></span> <span class='ocrx_word' id='word_1_542' title='bbox 2074 3472 2261 3515; x_wconf 90' lang='lat' dir='ltr'><strong>noster</strong></span> <span class='ocrx_word' id='word_1_543' title='bbox 2308 3471 2419 3515; x_wconf 91' lang='lat' dir='ltr'><strong>tum</strong></span> <span class='ocrx_word' id='word_1_544' title='bbox 2467 3477 2532 3516; x_wconf 79' lang='lat' dir='ltr'><strong>ex</strong></span> <span class='ocrx_word' id='word_1_545' title='bbox 2582 3463 2803 3517; x_wconf 83' lang='lat' dir='ltr'><strong>Patrum</strong></span> <span class='ocrx_word' id='word_1_546' title='bbox 2856 3466 3160 3528; x_wconf 88' lang='lat' dir='ltr'><strong>sententiis,</strong></span> <span class='ocrx_word' id='word_1_547' title='bbox 3207 3474 3323 3521; x_wconf 89' lang='lat' dir='ltr'><strong>tum</strong></span> 
     </span>
    </p>
   </div>
   <div class='ocr_carea' id='block_1_81' title="bbox 1734 3550 3319 3621">
    <p class='ocr_par' dir='ltr' id='par_1_81' title="bbox 1734 3550 3319 3621">
     <span class='ocr_line' id='line_1_81' title="bbox 1734 3550 3319 3621; baseline 0.006 -17"><span class='ocrx_word' id='word_1_548' title='bbox 1734 3550 1899 3604; x_wconf 89' lang='lat' dir='ltr'><strong>etiam</strong></span> <span class='ocrx_word' id='word_1_549' title='bbox 1961 3565 2028 3604; x_wconf 80' lang='lat' dir='ltr'><strong>ex</strong></span> <span class='ocrx_word' id='word_1_550' title='bbox 2094 3553 2324 3607; x_wconf 78' lang='lat' dir='ltr'><strong>diversis</strong></span> <span class='ocrx_word' id='word_1_551' title='bbox 2377 3554 2726 3608; x_wconf 89' lang='lat' dir='ltr'><strong>conciliorum</strong></span> <span class='ocrx_word' id='word_1_552' title='bbox 2778 3556 3095 3621; x_wconf 83' lang='lat' dir='ltr'><strong>canouibus,</strong></span> <span class='ocrx_word' id='word_1_553' title='bbox 3140 3558 3193 3611; x_wconf 92' lang='lat' dir='ltr'><strong>in</strong></span> <span class='ocrx_word' id='word_1_554' title='bbox 3226 3558 3319 3614; x_wconf 86' lang='lat' dir='ltr'><strong>lib.</strong></span> 
     </span>
    </p>
   </div>
   <div class='ocr_carea' id='block_1_82' title="bbox 1732 3639 3009 3716">
    <p class='ocr_par' dir='ltr' id='par_1_82' title="bbox 1732 3639 3009 3716">
     <span class='ocr_line' id='line_1_82' title="bbox 1732 3639 3009 3716; baseline 0.005 -21"><span class='ocrx_word' id='word_1_555' title='bbox 1732 3639 2074 3695; x_wconf 89' lang='lat' dir='ltr'><strong>Sacrament.</strong></span> <span class='ocrx_word' id='word_1_556' title='bbox 2106 3642 2169 3696; x_wconf 85' lang='grc' dir='ltr'><strong>ι).</strong></span> <span class='ocrx_word' id='word_1_557' title='bbox 2201 3642 2470 3715; x_wconf 78' lang='lat' dir='ltr'><strong>Gregorii,</strong></span> <span class='ocrx_word' id='word_1_558' title='bbox 2506 3659 2626 3713; x_wconf 81' lang='lat' dir='ltr'><strong>pag.</strong></span> <span class='ocrx_word' id='word_1_559' title='bbox 2671 3646 2773 3699; x_wconf 76' lang='grc'><strong>108</strong></span> <span class='ocrx_word' id='word_1_560' title='bbox 2800 3654 2855 3699; x_wconf 94' lang='lat' dir='ltr'><strong>et</strong></span> <span class='ocrx_word' id='word_1_561' title='bbox 2891 3662 3009 3716; x_wconf 87' lang='lat' dir='ltr'><strong>seq.</strong></span> 
     </span>
    </p>
   </div>
   <div class='ocr_carea' id='block_1_83' title="bbox 2195 3749 2858 3790">
    <p class='ocr_par' dir='ltr' id='par_1_83' title="bbox 2195 3749 2858 3790">
     <span class='ocr_line' id='line_1_83' title="bbox 2195 3749 2858 3790; baseline 0.005 -4"><span class='ocrx_word' id='word_1_562' title='bbox 2195 3749 2262 3786; x_wconf 83' lang='grc' dir='ltr'><strong>ΑΙ)</strong></span> <span class='ocrx_word' id='word_1_563' title='bbox 2320 3750 2618 3788; x_wconf 67' lang='grc' dir='ltr'>Ειιιςτοιλιι</span> <span class='ocrx_word' id='word_1_564' title='bbox 2668 3751 2858 3790; x_wconf 71' lang='lat' dir='ltr'><strong>XXXIX.</strong></span> 
     </span>
    </p>
   </div>
   <div class='ocr_carea' id='block_1_84' title="bbox 1804 3822 3323 3894">
    <p class='ocr_par' dir='ltr' id='par_1_84' title="bbox 1804 3822 3323 3894">
     <span class='ocr_line' id='line_1_84' title="bbox 1804 3822 3323 3894; baseline 0.007 -17"><span class='ocrx_word' id='word_1_565' title='bbox 1804 3822 2022 3894; x_wconf 73' lang='lat' dir='ltr'><strong>Rogerio</strong></span> <span class='ocrx_word' id='word_1_566' title='bbox 2072 3825 2269 3880; x_wconf 78' lang='lat' dir='ltr'><strong>comiti.</strong></span> <span class='ocrx_word' id='word_1_567' title='bbox 2328 3825 2601 3880; x_wconf 88' lang='lat' dir='ltr'><strong>Guilleltni</strong></span> <span class='ocrx_word' id='word_1_568' title='bbox 2652 3824 2874 3884; x_wconf 16' lang='lat' dir='ltr'><strong>Aeomitis</strong></span> <span class='ocrx_word' id='word_1_569' title='bbox 2930 3829 3026 3883; x_wconf 83' lang='lat' dir='ltr'><strong>ﬁlii</strong></span> <span class='ocrx_word' id='word_1_570' title='bbox 3091 3830 3323 3887; x_wconf 86' lang='lat' dir='ltr'><strong>Osberni</strong></span> 
     </span>
    </p>
   </div>
   <div class='ocr_carea' id='block_1_85' title="bbox 1730 3915 3325 3994">
    <p class='ocr_par' dir='ltr' id='par_1_85' title="bbox 1730 3915 3325 3994">
     <span class='ocr_line' id='line_1_85' title="bbox 1730 3915 3325 3994; baseline 0.006 -24"><span class='ocrx_word' id='word_1_571' title='bbox 1730 3915 1797 3987; x_wconf 86' lang='lat' dir='ltr'><strong>(si</strong></span> <span class='ocrx_word' id='word_1_572' title='bbox 1857 3917 2222 3986; x_wconf 86' lang='lat' dir='ltr'><strong>conjecturam</strong></span> <span class='ocrx_word' id='word_1_573' title='bbox 2282 3919 2607 3973; x_wconf 85' lang='lat' dir='ltr'><strong>interserere</strong></span> <span class='ocrx_word' id='word_1_574' title='bbox 2663 3919 2844 3991; x_wconf 80' lang='lat' dir='ltr'><strong>liceat)</strong></span> <span class='ocrx_word' id='word_1_575' title='bbox 2897 3921 3027 3976; x_wconf 84' lang='lat' dir='ltr'><strong>ﬁlio.</strong></span> <span class='ocrx_word' id='word_1_576' title='bbox 3086 3923 3159 3978; x_wconf 88' lang='lat' dir='ltr'><strong>De</strong></span> <span class='ocrx_word' id='word_1_577' title='bbox 3217 3941 3325 3994; x_wconf 87' lang='lat' dir='ltr'><strong>quo</strong></span> 
     </span>
    </p>
   </div>
   <div class='ocr_carea' id='block_1_86' title="bbox 1730 4009 3332 4081">
    <p class='ocr_par' dir='ltr' id='par_1_86' title="bbox 1730 4009 3332 4081">
     <span class='ocr_line' id='line_1_86' title="bbox 1730 4009 3332 4081; baseline 0.004 -18"><span class='ocrx_word' id='word_1_578' title='bbox 1730 4009 1945 4065; x_wconf 85' lang='lat' dir='ltr'><strong>Guillel.</strong></span> <span class='ocrx_word' id='word_1_579' title='bbox 1987 4011 2202 4066; x_wconf 80' lang='lat' dir='ltr'><strong>Gentet.</strong></span> <span class='ocrx_word' id='word_1_580' title='bbox 2257 4012 2395 4067; x_wconf 85' lang='lat' dir='ltr'><strong>Hist.</strong></span> <span class='ocrx_word' id='word_1_581' title='bbox 2426 4013 2518 4068; x_wconf 81' lang='lat' dir='ltr'><strong>tib.</strong></span> <span class='ocrx_word' id='word_1_582' title='bbox 2549 4012 2600 4077; x_wconf 82' lang='lat'><strong>7,</strong></span> <span class='ocrx_word' id='word_1_583' title='bbox 2653 4028 2772 4081; x_wconf 88' lang='lat' dir='ltr'><strong>cap.</strong></span> <span class='ocrx_word' id='word_1_584' title='bbox 2799 4013 2904 4077; x_wconf 71' lang='lat'><strong>25;</strong></span> <span class='ocrx_word' id='word_1_585' title='bbox 2937 4015 3152 4070; x_wconf 89' lang='lat' dir='ltr'><strong>Guillel.</strong></span> <span class='ocrx_word' id='word_1_586' title='bbox 3194 4018 3332 4070; x_wconf 86' lang='lat' dir='ltr'><strong>Mal-</strong></span> 
     </span>
    </p>
   </div>
   <div class='ocr_carea' id='block_1_87' title="bbox 1731 4104 3325 4176">
    <p class='ocr_par' dir='ltr' id='par_1_87' title="bbox 1731 4104 3325 4176">
     <span class='ocr_line' id='line_1_87' title="bbox 1731 4104 3325 4176; baseline 0.005 -20"><span class='ocrx_word' id='word_1_587' title='bbox 1731 4104 1902 4156; x_wconf 87' lang='lat' dir='ltr'><strong>mesb.</strong></span> <span class='ocrx_word' id='word_1_588' title='bbox 1939 4104 1971 4156; x_wconf 94' lang='grc' dir='ltr'><strong>Ι.</strong></span> <span class='ocrx_word' id='word_1_589' title='bbox 2005 4120 2060 4158; x_wconf 88' lang='grc' dir='ltr'><strong>ιιι</strong></span> <span class='ocrx_word' id='word_1_590' title='bbox 2091 4106 2162 4158; x_wconf 87' lang='lat' dir='ltr'><strong>De</strong></span> <span class='ocrx_word' id='word_1_591' title='bbox 2189 4105 2340 4159; x_wconf 87' lang='lat' dir='ltr'><strong>Gest.</strong></span> <span class='ocrx_word' id='word_1_592' title='bbox 2370 4105 2526 4174; x_wconf 78' lang='lat' dir='ltr'><strong>Augl.</strong></span> <span class='ocrx_word' id='word_1_593' title='bbox 2554 4105 2606 4159; x_wconf 90' lang='lat' dir='ltr'><strong>in</strong></span> <span class='ocrx_word' id='word_1_594' title='bbox 2633 4105 2908 4160; x_wconf 83' lang='lat' dir='ltr'><strong>Wiilehno</strong></span> <span class='ocrx_word' id='word_1_595' title='bbox 2934 4104 2984 4160; x_wconf 65' lang='lat' dir='ltr'><strong>l&#39;:</strong></span> <span class='ocrx_word' id='word_1_596' title='bbox 3007 4126 3024 4157; x_wconf 78' lang='grc' dir='ltr'><strong>ι</strong></span> <span class='ocrx_word' id='word_1_597' title='bbox 3058 4108 3325 4176; x_wconf 75' lang='lat' dir='ltr'><strong>Roget-us,</strong></span> 
     </span>
    </p>
   </div>
   <div class='ocr_carea' id='block_1_88' title="bbox 1733 4193 3327 4265">
    <p class='ocr_par' dir='ltr' id='par_1_88' title="bbox 1733 4193 3327 4265">
     <span class='ocr_line' id='line_1_88' title="bbox 1733 4193 3327 4265; baseline 0.004 -18"><span class='ocrx_word' id='word_1_598' title='bbox 1733 4193 1930 4263; x_wconf 86' lang='lat' dir='ltr'><strong>inquit,</strong></span> <span class='ocrx_word' id='word_1_599' title='bbox 1969 4209 1996 4246; x_wconf 87' lang='lat' dir='ltr'><strong>a</strong></span> <span class='ocrx_word' id='word_1_600' title='bbox 2030 4210 2155 4265; x_wconf 76' lang='lat' dir='ltr'><strong>rege</strong></span> <span class='ocrx_word' id='word_1_601' title='bbox 2200 4196 2431 4250; x_wconf 85' lang='lat' dir='ltr'><strong>vinculis</strong></span> <span class='ocrx_word' id='word_1_602' title='bbox 2479 4197 2722 4250; x_wconf 72' lang='lat' dir='ltr'><strong>irretitus</strong></span> <span class='ocrx_word' id='word_1_603' title='bbox 2744 4207 2856 4251; x_wconf 88' lang='lat' dir='ltr'><strong>tota</strong></span> <span class='ocrx_word' id='word_1_604' title='bbox 2896 4198 3003 4251; x_wconf 90' lang='lat' dir='ltr'><strong>vita</strong></span> <span class='ocrx_word' id='word_1_605' title='bbox 3048 4215 3327 4254; x_wconf 86' lang='lat' dir='ltr'><strong>carcerem</strong></span> 
     </span>
    </p>
   </div>
   <div class='ocr_carea' id='block_1_89' title="bbox 1735 4285 3327 4358">
    <p class='ocr_par' dir='ltr' id='par_1_89' title="bbox 1735 4285 3327 4358">
     <span class='ocr_line' id='line_1_89' title="bbox 1735 4285 3327 4358; baseline 0.004 -19"><span class='ocrx_word' id='word_1_606' title='bbox 1735 4285 2198 4354; x_wconf 84' lang='lat' dir='ltr'><strong>frequentavitvel</strong></span> <span class='ocrx_word' id='word_1_607' title='bbox 2228 4287 2406 4354; x_wconf 90' lang='lat' dir='ltr'><strong>potius</strong></span> <span class='ocrx_word' id='word_1_608' title='bbox 2446 4287 2671 4343; x_wconf 83' lang='lat' dir='ltr'><strong>incoluit</strong></span> <span class='ocrx_word' id='word_1_609' title='bbox 2707 4289 3037 4344; x_wconf 83' lang='lat' dir='ltr'><strong>detestanda:</strong></span> <span class='ocrx_word' id='word_1_610' title='bbox 3086 4288 3327 4358; x_wconf 72' lang='lat' dir='ltr'><strong>perfidite</strong></span> 
     </span>
    </p>
   </div>
   <div class='ocr_carea' id='block_1_90' title="bbox 1729 4376 2924 4446">
    <p class='ocr_par' dir='ltr' id='par_1_90' title="bbox 1729 4376 2924 4446">
     <span class='ocr_line' id='line_1_90' title="bbox 1729 4376 2924 4446; baseline 0.002 -18"><span class='ocrx_word' id='word_1_611' title='bbox 1729 4376 1969 4446; x_wconf 81' lang='lat' dir='ltr'><strong>juvenis,</strong></span> <span class='ocrx_word' id='word_1_612' title='bbox 2000 4391 2099 4429; x_wconf 92' lang='lat' dir='ltr'><strong>uec</strong></span> <span class='ocrx_word' id='word_1_613' title='bbox 2133 4376 2377 4429; x_wconf 88' lang='lat' dir='ltr'><strong>moribus</strong></span> <span class='ocrx_word' id='word_1_614' title='bbox 2405 4377 2727 4444; x_wconf 84' lang='lat' dir='ltr'><strong>patrissans,</strong></span> <span class='ocrx_word' id='word_1_615' title='bbox 2762 4396 2780 4428; x_wconf 77' lang='grc' dir='ltr'><strong>ι</strong></span> <span class='ocrx_word' id='word_1_616' title='bbox 2816 4387 2924 4433; x_wconf 86' lang='lat' dir='ltr'><strong>etc.</strong></span> 
     </span>
    </p>
   </div>
   <div class='ocr_carea' id='block_1_91' title="bbox 108 4465 3325 4566">
    <p class='ocr_par' dir='ltr' id='par_1_91' title="bbox 108 4465 3325 4566">
     <span class='ocr_line' id='line_1_91' title="bbox 108 4465 3325 4566; baseline 0.005 -56"><span class='ocrx_word' id='word_1_617' title='bbox 108 4478 209 4566; x_wconf 52' lang='lat' dir='ltr'><strong>inore</strong></span> <span class='ocrx_word' id='word_1_618' title='bbox 231 4469 456 4529; x_wconf 50' lang='lat' dir='ltr'><strong>chartam</strong></span> <span class='ocrx_word' id='word_1_619' title='bbox 497 4475 746 4545; x_wconf 55' lang='lat' dir='ltr'><strong>porrigo,</strong></span> <span class='ocrx_word' id='word_1_620' title='bbox 793 4491 986 4547; x_wconf 67' lang='grc' dir='ltr'><strong>ιηρφιθ</strong></span> <span class='ocrx_word' id='word_1_621' title='bbox 1023 4480 1117 4534; x_wconf 62' lang='lat' dir='ltr'><strong>ubi</strong></span> <span class='ocrx_word' id='word_1_622' title='bbox 1160 4481 1370 4550; x_wconf 57' lang='lat' dir='ltr'><strong>&quot;usque</strong></span> <span class='ocrx_word' id='word_1_623' title='bbox 1413 4496 1632 4537; x_wconf 57' lang='lat' dir='ltr'><strong>sumes-</strong></span> <span class='ocrx_word' id='word_1_624' title='bbox 1660 4507 1711 4566; x_wconf 63' lang='grc' dir='ltr'><strong><em>Β</em></strong></span> <span class='ocrx_word' id='word_1_625' title='bbox 1737 4562 1750 4566; x_wconf 50' lang='lat'><em>_</em></span> <span class='ocrx_word' id='word_1_626' title='bbox 1807 4465 2079 4566; x_wconf 70' lang='lat' dir='ltr'><strong>Gloriosus</strong></span> <span class='ocrx_word' id='word_1_627' title='bbox 2101 4476 2249 4536; x_wconf 84' lang='lat' dir='ltr'><strong>pater</strong></span> <span class='ocrx_word' id='word_1_628' title='bbox 2277 4476 2462 4522; x_wconf 79' lang='lat' dir='ltr'><strong>vester.</strong></span> <span class='ocrx_word' id='word_1_629' title='bbox 2495 4467 2819 4525; x_wconf 84' lang='lat' dir='ltr'><strong>Willelmus.</strong></span> <span class='ocrx_word' id='word_1_630' title='bbox 2844 4467 2988 4522; x_wconf 81' lang='lat' dir='ltr'><strong>Infra</strong></span> <span class='ocrx_word' id='word_1_631' title='bbox 3021 4468 3089 4524; x_wconf 86' lang='lat' dir='ltr'><strong>ad</strong></span> <span class='ocrx_word' id='word_1_632' title='bbox 3118 4470 3325 4539; x_wconf 81' lang='lat' dir='ltr'><strong>epistu-</strong></span> 
     </span>
    </p>
   </div>
   <div class='ocr_carea' id='block_1_92' title="bbox 107 4554 1627 4641">
    <p class='ocr_par' dir='ltr' id='par_1_92' title="bbox 107 4554 1627 4641">
     <span class='ocr_line' id='line_1_92' title="bbox 107 4554 1627 4641; baseline 0.014 -38"><span class='ocrx_word' id='word_1_633' title='bbox 107 4554 275 4609; x_wconf 74' lang='lat' dir='ltr'><strong>saribus</strong></span> <span class='ocrx_word' id='word_1_634' title='bbox 303 4561 351 4614; x_wconf 93' lang='lat' dir='ltr'><strong>in</strong></span> <span class='ocrx_word' id='word_1_635' title='bbox 377 4564 629 4619; x_wconf 83' lang='lat' dir='ltr'><strong>omnibus</strong></span> <span class='ocrx_word' id='word_1_636' title='bbox 663 4582 781 4635; x_wconf 72' lang='lat' dir='ltr'><strong>qua:</strong></span> <span class='ocrx_word' id='word_1_637' title='bbox 810 4568 877 4621; x_wconf 89' lang='lat' dir='ltr'><strong>ad</strong></span> <span class='ocrx_word' id='word_1_638' title='bbox 909 4564 1276 4624; x_wconf 73' lang='lat' dir='ltr'><strong>Christianam</strong></span> <span class='ocrx_word' id='word_1_639' title='bbox 1316 4569 1627 4641; x_wconf 82' lang='lat' dir='ltr'><strong>religionem</strong></span> 
     </span>
    </p>
   </div>
   <div class='ocr_carea' id='block_1_93' title="bbox 108 4647 1342 4729">
    <p class='ocr_par' dir='ltr' id='par_1_93' title="bbox 108 4647 1342 4729">
     <span class='ocr_line' id='line_1_93' title="bbox 108 4647 1342 4729; baseline 0.016 -38"><span class='ocrx_word' id='word_1_640' title='bbox 108 4647 327 4706; x_wconf 69' lang='lat' dir='ltr'><strong>pertinent</strong></span> <span class='ocrx_word' id='word_1_641' title='bbox 351 4655 841 4725; x_wconf 82' lang='lat' dir='ltr'><strong>obtemperaturum</strong></span> <span class='ocrx_word' id='word_1_642' title='bbox 869 4673 988 4713; x_wconf 91' lang='lat' dir='ltr'><strong>esse</strong></span> <span class='ocrx_word' id='word_1_643' title='bbox 1016 4661 1292 4729; x_wconf 90' lang='lat' dir='ltr'><strong>promitto.</strong></span> <span class='ocrx_word' id='word_1_644' title='bbox 1324 4680 1342 4711; x_wconf 73' lang='grc' dir='ltr'><strong>ι</strong></span> 
     </span>
    </p>
   </div>
   <div class='ocr_carea' id='block_1_94' title="bbox 162 4736 1634 4819">
    <p class='ocr_par' dir='ltr' id='par_1_94' title="bbox 162 4736 1634 4819">
     <span class='ocr_line' id='line_1_94' title="bbox 162 4736 1634 4819; baseline 0.016 -34"><span class='ocrx_word' id='word_1_645' title='bbox 162 4736 243 4789; x_wconf 73' lang='lat' dir='ltr'><strong>Alii</strong></span> <span class='ocrx_word' id='word_1_646' title='bbox 269 4743 479 4813; x_wconf 82' lang='lat' dir='ltr'><strong>legitime</strong></span> <span class='ocrx_word' id='word_1_647' title='bbox 506 4749 607 4803; x_wconf 85' lang='lat' dir='ltr'><strong>sibi</strong></span> <span class='ocrx_word' id='word_1_648' title='bbox 634 4748 904 4819; x_wconf 67' lang='lat' dir='ltr'><strong>copulatas</strong></span> <span class='ocrx_word' id='word_1_649' title='bbox 929 4767 1022 4819; x_wconf 79' lang='lat' dir='ltr'><strong>pro</strong></span> <span class='ocrx_word' id='word_1_650' title='bbox 1050 4753 1267 4807; x_wconf 81' lang='lat' dir='ltr'><strong>arbitrio</strong></span> <span class='ocrx_word' id='word_1_651' title='bbox 1288 4764 1336 4806; x_wconf 85' lang='lat' dir='ltr'><strong>el</strong></span> <span class='ocrx_word' id='word_1_652' title='bbox 1365 4754 1634 4810; x_wconf 80' lang='lat' dir='ltr'><strong>voluntate</strong></span> 
     </span>
    </p>
   </div>
   <div class='ocr_carea' id='block_1_95' title="bbox 112 4820 1634 4917">
    <p class='ocr_par' dir='ltr' id='par_1_95' title="bbox 112 4820 1634 4917">
     <span class='ocr_line' id='line_1_95' title="bbox 112 4820 1634 4917; baseline 0.018 -42"><span class='ocrx_word' id='word_1_653' title='bbox 112 4820 364 4901; x_wconf 57' lang='lat' dir='ltr'><strong>relinquere.</strong></span> <span class='ocrx_word' id='word_1_654' title='bbox 404 4839 542 4896; x_wconf 86' lang='lat' dir='ltr'><strong>Huic</strong></span> <span class='ocrx_word' id='word_1_655' title='bbox 575 4842 812 4911; x_wconf 82' lang='lat' dir='ltr'><strong>serpenti</strong></span> <span class='ocrx_word' id='word_1_656' title='bbox 845 4843 1033 4898; x_wconf 85' lang='lat' dir='ltr'><strong>morbo</strong></span> <span class='ocrx_word' id='word_1_657' title='bbox 1074 4847 1466 4901; x_wconf 88' lang='lat' dir='ltr'><strong>occurrendum</strong></span> <span class='ocrx_word' id='word_1_658' title='bbox 1497 4863 1634 4917; x_wconf 81' lang='lat' dir='ltr'><strong>prae-</strong></span> 
     </span>
    </p>
   </div>
   <div class='ocr_carea' id='block_1_96' title="bbox 113 4930 1628 5009">
    <p class='ocr_par' dir='ltr' id='par_1_96' title="bbox 113 4930 1628 5009">
     <span class='ocr_line' id='line_1_96' title="bbox 113 4930 1628 5009; baseline 0.024 -43"><span class='ocrx_word' id='word_1_659' title='bbox 113 4930 345 4983; x_wconf 86' lang='lat' dir='ltr'><strong>monuerat</strong></span> <span class='ocrx_word' id='word_1_660' title='bbox 399 4931 457 4987; x_wconf 88' lang='lat' dir='ltr'><strong>B.</strong></span> <span class='ocrx_word' id='word_1_661' title='bbox 524 4933 885 4990; x_wconf 84' lang='lat' dir='ltr'><strong>Lanfrancum</strong></span> <span class='ocrx_word' id='word_1_662' title='bbox 951 4934 1244 5007; x_wconf 69' lang='lat' dir='ltr'><strong>Gregorius</strong></span> <span class='ocrx_word' id='word_1_663' title='bbox 1301 4935 1389 4992; x_wconf 71' lang='lat' dir='ltr'><strong>VII</strong></span> <span class='ocrx_word' id='word_1_664' title='bbox 1452 4948 1628 5009; x_wconf 75' lang='lat' dir='ltr'><strong>papa.</strong></span> 
     </span>
    </p>
   </div>
   <div class='ocr_carea' id='block_1_97' title="bbox 113 5009 1633 5096">
    <p class='ocr_par' dir='ltr' id='par_1_97' title="bbox 113 5009 1633 5096">
     <span class='ocr_line' id='line_1_97' title="bbox 113 5009 1633 5096; baseline 0.007 -22"><span class='ocrx_word' id='word_1_665' title='bbox 113 5009 234 5074; x_wconf 66' lang='grc' dir='ltr'><strong>υρῑει.</strong></span> <span class='ocrx_word' id='word_1_666' title='bbox 259 5019 313 5085; x_wconf 84' lang='lat' dir='ltr'><strong>I,</strong></span> <span class='ocrx_word' id='word_1_667' title='bbox 346 5022 393 5078; x_wconf 93' lang='lat' dir='ltr'><strong>in</strong></span> <span class='ocrx_word' id='word_1_668' title='bbox 423 5024 748 5096; x_wconf 87' lang='lat' dir='ltr'><strong>appendiee,</strong></span> <span class='ocrx_word' id='word_1_669' title='bbox 789 5026 875 5081; x_wconf 90' lang='lat' dir='ltr'><strong>his</strong></span> <span class='ocrx_word' id='word_1_670' title='bbox 901 5027 1083 5083; x_wconf 83' lang='lat' dir='ltr'><strong>verbis</strong></span> <span class='ocrx_word' id='word_1_671' title='bbox 1113 5047 1127 5083; x_wconf 90' lang='lat'><strong>:</strong></span> <span class='ocrx_word' id='word_1_672' title='bbox 1168 5046 1186 5079; x_wconf 82' lang='grc' dir='ltr'><strong>ι</strong></span> <span class='ocrx_word' id='word_1_673' title='bbox 1223 5028 1393 5083; x_wconf 87' lang='lat' dir='ltr'><strong>Tuam</strong></span> <span class='ocrx_word' id='word_1_674' title='bbox 1441 5030 1633 5085; x_wconf 90' lang='lat' dir='ltr'><strong>frater-</strong></span> 
     </span>
    </p>
   </div>
   <div class='ocr_carea' id='block_1_98' title="bbox 114 5101 1631 5191">
    <p class='ocr_par' dir='ltr' id='par_1_98' title="bbox 114 5101 1631 5191">
     <span class='ocr_line' id='line_1_98' title="bbox 114 5101 1631 5191; baseline 0.015 -40"><span class='ocrx_word' id='word_1_675' title='bbox 114 5101 308 5173; x_wconf 80' lang='lat' dir='ltr'><strong>nitatem,</strong></span> <span class='ocrx_word' id='word_1_676' title='bbox 340 5116 437 5171; x_wconf 84' lang='lat' dir='ltr'><strong>etsi</strong></span> <span class='ocrx_word' id='word_1_677' title='bbox 469 5117 736 5173; x_wconf 89' lang='lat' dir='ltr'><strong>monitore</strong></span> <span class='ocrx_word' id='word_1_678' title='bbox 764 5134 870 5173; x_wconf 87' lang='lat' dir='ltr'><strong>non</strong></span> <span class='ocrx_word' id='word_1_679' title='bbox 889 5128 1079 5189; x_wconf 77' lang='lat' dir='ltr'><strong>egeat,</strong></span> <span class='ocrx_word' id='word_1_680' title='bbox 1112 5118 1417 5191; x_wconf 86' lang='lat' dir='ltr'><strong>impellente</strong></span> <span class='ocrx_word' id='word_1_681' title='bbox 1454 5129 1631 5175; x_wconf 88' lang='lat' dir='ltr'><strong>tamen</strong></span> 
     </span>
    </p>
   </div>
   <div class='ocr_carea' id='block_1_99' title="bbox 116 5200 1632 5283">
    <p class='ocr_par' dir='ltr' id='par_1_99' title="bbox 116 5200 1632 5283">
     <span class='ocr_line' id='line_1_99' title="bbox 116 5200 1632 5283; baseline 0.011 -31"><span class='ocrx_word' id='word_1_682' title='bbox 116 5205 189 5247; x_wconf 75' lang='lat' dir='ltr'><strong>nos</strong></span> <span class='ocrx_word' id='word_1_683' title='bbox 230 5200 568 5264; x_wconf 87' lang='lat' dir='ltr'><strong>sollicitudine</strong></span> <span class='ocrx_word' id='word_1_684' title='bbox 612 5210 971 5266; x_wconf 86' lang='lat' dir='ltr'><strong>admonemus</strong></span> <span class='ocrx_word' id='word_1_685' title='bbox 999 5252 1013 5275; x_wconf 95' lang='lat'><strong>,</strong></span> <span class='ocrx_word' id='word_1_686' title='bbox 1065 5222 1333 5281; x_wconf 86' lang='lat' dir='ltr'><strong>quatenus</strong></span> <span class='ocrx_word' id='word_1_687' title='bbox 1381 5213 1632 5283; x_wconf 77' lang='lat' dir='ltr'><strong>graviora</strong></span> 
     </span>
    </p>
   </div>
   <div class='ocr_carea' id='block_1_100' title="bbox 114 5294 1632 5367">
    <p class='ocr_par' dir='ltr' id='par_1_100' title="bbox 114 5294 1632 5367">
     <span class='ocr_line' id='line_1_100' title="bbox 114 5294 1632 5367; baseline 0.007 -17"><span class='ocrx_word' id='word_1_688' title='bbox 114 5294 441 5366; x_wconf 56' lang='lat' dir='ltr'><strong>&quot;squequaque</strong></span> <span class='ocrx_word' id='word_1_689' title='bbox 468 5314 719 5356; x_wconf 84' lang='lat' dir='ltr'><strong>resecare</strong></span> <span class='ocrx_word' id='word_1_690' title='bbox 749 5301 878 5355; x_wconf 88' lang='lat' dir='ltr'><strong>vitia</strong></span> <span class='ocrx_word' id='word_1_691' title='bbox 915 5302 1160 5367; x_wconf 89' lang='lat' dir='ltr'><strong>studeat;</strong></span> <span class='ocrx_word' id='word_1_692' title='bbox 1191 5312 1248 5359; x_wconf 88' lang='lat' dir='ltr'><strong>et</strong></span> <span class='ocrx_word' id='word_1_693' title='bbox 1285 5304 1422 5361; x_wconf 91' lang='lat' dir='ltr'><strong>inter</strong></span> <span class='ocrx_word' id='word_1_694' title='bbox 1452 5307 1632 5361; x_wconf 88' lang='lat' dir='ltr'><strong>omnia</strong></span> 
     </span>
    </p>
   </div>
   <div class='ocr_carea' id='block_1_101' title="bbox 116 5380 1630 5461">
    <p class='ocr_par' dir='ltr' id='par_1_101' title="bbox 116 5380 1630 5461">
     <span class='ocr_line' id='line_1_101' title="bbox 116 5380 1630 5461; baseline 0.021 -41"><span class='ocrx_word' id='word_1_695' title='bbox 116 5380 157 5420; x_wconf 78' lang='lat' dir='ltr'><strong>et</strong></span> <span class='ocrx_word' id='word_1_696' title='bbox 191 5388 280 5441; x_wconf 76' lang='lat' dir='ltr'><strong>pia:</strong></span> <span class='ocrx_word' id='word_1_697' title='bbox 304 5387 542 5444; x_wconf 87' lang='lat' dir='ltr'><strong>omnibus</strong></span> <span class='ocrx_word' id='word_1_698' title='bbox 572 5390 759 5457; x_wconf 87' lang='lat' dir='ltr'><strong>nefas,</strong></span> <span class='ocrx_word' id='word_1_699' title='bbox 795 5393 938 5461; x_wconf 90' lang='lat' dir='ltr'><strong>quod</strong></span> <span class='ocrx_word' id='word_1_700' title='bbox 978 5393 1045 5447; x_wconf 87' lang='lat' dir='ltr'><strong>de</strong></span> <span class='ocrx_word' id='word_1_701' title='bbox 1083 5394 1261 5449; x_wconf 87' lang='lat' dir='ltr'><strong>Scotis</strong></span> <span class='ocrx_word' id='word_1_702' title='bbox 1288 5396 1592 5451; x_wconf 82' lang='lat' dir='ltr'><strong>audivimus</strong></span> <span class='ocrx_word' id='word_1_703' title='bbox 1614 5435 1630 5460; x_wconf 89' lang='lat'><strong>,</strong></span> 
     </span>
    </p>
   </div>
   <div class='ocr_carea' id='block_1_102' title="bbox 116 5464 1631 5553">
    <p class='ocr_par' dir='ltr' id='par_1_102' title="bbox 116 5464 1631 5553">
     <span class='ocr_line' id='line_1_102' title="bbox 116 5464 1631 5553; baseline 0.004 -18"><span class='ocrx_word' id='word_1_704' title='bbox 116 5464 224 5553; x_wconf 55' lang='lat' dir='ltr'><strong>Tw&quot;</strong></span> <span class='ocrx_word' id='word_1_705' title='bbox 249 5469 466 5543; x_wconf 80' lang='lat' dir='ltr'><strong>Plerique</strong></span> <span class='ocrx_word' id='word_1_706' title='bbox 494 5480 742 5535; x_wconf 86' lang='lat' dir='ltr'><strong>videlicet</strong></span> <span class='ocrx_word' id='word_1_707' title='bbox 787 5484 1038 5553; x_wconf 84' lang='lat' dir='ltr'><strong>proprias</strong></span> <span class='ocrx_word' id='word_1_708' title='bbox 1074 5500 1273 5540; x_wconf 80' lang='lat' dir='ltr'><strong>uxores</strong></span> <span class='ocrx_word' id='word_1_709' title='bbox 1323 5501 1430 5538; x_wconf 90' lang='lat' dir='ltr'><strong>non</strong></span> <span class='ocrx_word' id='word_1_710' title='bbox 1460 5485 1631 5541; x_wconf 87' lang='lat' dir='ltr'><strong>solum</strong></span> 
     </span>
    </p>
   </div>
   <div class='ocr_carea' id='block_1_103' title="bbox 121 5550 1630 5645">
    <p class='ocr_par' dir='ltr' id='par_1_103' title="bbox 121 5550 1630 5645">
     <span class='ocr_line' id='line_1_103' title="bbox 121 5550 1630 5645; baseline 0.006 -25"><span class='ocrx_word' id='word_1_711' title='bbox 121 5550 344 5645; x_wconf 49' lang='lat' dir='ltr'><strong>fiesemnl.</strong></span> <span class='ocrx_word' id='word_1_712' title='bbox 369 5570 455 5623; x_wconf 86' lang='lat' dir='ltr'><strong>sed</strong></span> <span class='ocrx_word' id='word_1_713' title='bbox 482 5571 643 5625; x_wconf 89' lang='lat' dir='ltr'><strong>etiam</strong></span> <span class='ocrx_word' id='word_1_714' title='bbox 674 5577 935 5639; x_wconf 87' lang='lat' dir='ltr'><strong>vendunt,</strong></span> <span class='ocrx_word' id='word_1_715' title='bbox 964 5576 1137 5629; x_wconf 83' lang='lat' dir='ltr'><strong>modis</strong></span> <span class='ocrx_word' id='word_1_716' title='bbox 1164 5576 1414 5629; x_wconf 78' lang='lat' dir='ltr'><strong>omnibus</strong></span> <span class='ocrx_word' id='word_1_717' title='bbox 1445 5576 1630 5645; x_wconf 86' lang='lat' dir='ltr'><strong>prohi-</strong></span> 
     </span>
    </p>
   </div>
   <div class='ocr_carea' id='block_1_104' title="bbox 122 5640 1633 5739">
    <p class='ocr_par' dir='ltr' id='par_1_104' title="bbox 122 5640 1633 5739">
     <span class='ocr_line' id='line_1_104' title="bbox 122 5640 1633 5739; baseline 0.019 -45"><span class='ocrx_word' id='word_1_718' title='bbox 122 5640 218 5699; x_wconf 85' lang='lat' dir='ltr'><strong>bere</strong></span> <span class='ocrx_word' id='word_1_719' title='bbox 236 5662 524 5727; x_wconf 87' lang='lat' dir='ltr'><strong>contendat,</strong></span> <span class='ocrx_word' id='word_1_720' title='bbox 562 5686 580 5718; x_wconf 76' lang='grc' dir='ltr'><strong>ι</strong></span> <span class='ocrx_word' id='word_1_721' title='bbox 612 5676 719 5722; x_wconf 87' lang='lat' dir='ltr'><strong>etc.</strong></span> <span class='ocrx_word' id='word_1_722' title='bbox 750 5667 899 5723; x_wconf 82' lang='lat' dir='ltr'><strong>Adeo</strong></span> <span class='ocrx_word' id='word_1_723' title='bbox 932 5668 1243 5739; x_wconf 85' lang='lat' dir='ltr'><strong>pestiferam</strong></span> <span class='ocrx_word' id='word_1_724' title='bbox 1286 5640 1633 5723; x_wconf 34' lang='lat' dir='ltr'><strong>hicni&#39;adhuc</strong></span> 
     </span>
    </p>
   </div>
   <div class='ocr_carea' id='block_1_105' title="bbox 125 5744 1633 5829">
    <p class='ocr_par' dir='ltr' id='par_1_105' title="bbox 125 5744 1633 5829">
     <span class='ocr_line' id='line_1_105' title="bbox 125 5744 1633 5829; baseline 0.018 -41"><span class='ocrx_word' id='word_1_725' title='bbox 125 5744 308 5797; x_wconf 69' lang='lat' dir='ltr'><strong>grassari</strong></span> <span class='ocrx_word' id='word_1_726' title='bbox 362 5758 586 5824; x_wconf 79' lang='lat' dir='ltr'><strong>tempore</strong></span> <span class='ocrx_word' id='word_1_727' title='bbox 652 5758 710 5812; x_wconf 79' lang='grc' dir='ltr'><strong>Β.</strong></span> <span class='ocrx_word' id='word_1_728' title='bbox 770 5759 1007 5815; x_wconf 86' lang='lat' dir='ltr'><strong>Ansclmi</strong></span> <span class='ocrx_word' id='word_1_729' title='bbox 1072 5760 1403 5814; x_wconf 70' lang='lat' dir='ltr'><strong>demonszzat</strong></span> <span class='ocrx_word' id='word_1_730' title='bbox 1469 5760 1633 5829; x_wconf 85' lang='lat' dir='ltr'><strong>ipsius</strong></span> 
     </span>
    </p>
   </div>
   <div class='ocr_carea' id='block_1_106' title="bbox 1736 4561 1963 4617">
    <p class='ocr_par' dir='ltr' id='par_1_106' title="bbox 1736 4561 1963 4617">
     <span class='ocr_line' id='line_1_106' title="bbox 1736 4561 1963 4617; baseline 0.009 -2"><span class='ocrx_word' id='word_1_731' title='bbox 1736 4562 1841 4615; x_wconf 87' lang='lat' dir='ltr'><strong>lam</strong></span> <span class='ocrx_word' id='word_1_732' title='bbox 1872 4561 1963 4617; x_wconf 72' lang='grc'><strong>42.</strong></span> 
     </span>
    </p>
   </div>
   <div class='ocr_carea' id='block_1_107' title="bbox 1810 4651 3327 4724">
    <p class='ocr_par' dir='ltr' id='par_1_107' title="bbox 1810 4651 3327 4724">
     <span class='ocr_line' id='line_1_107' title="bbox 1810 4651 3327 4724; baseline 0.005 -20"><span class='ocrx_word' id='word_1_733' title='bbox 1810 4651 1960 4706; x_wconf 77' lang='grc' dir='ltr'><strong>Ριαεὶ</strong></span> <span class='ocrx_word' id='word_1_734' title='bbox 1985 4670 2037 4706; x_wconf 83' lang='lat' dir='ltr'><strong>u.</strong></span> <span class='ocrx_word' id='word_1_735' title='bbox 2092 4651 2197 4708; x_wconf 87' lang='lat' dir='ltr'><strong>Pro</strong></span> <span class='ocrx_word' id='word_1_736' title='bbox 2224 4652 2457 4708; x_wconf 87' lang='lat' dir='ltr'><strong>decretis</strong></span> <span class='ocrx_word' id='word_1_737' title='bbox 2495 4653 2787 4709; x_wconf 82' lang='lat' dir='ltr'><strong>i&#39;entidem</strong></span> <span class='ocrx_word' id='word_1_738' title='bbox 2822 4663 3154 4723; x_wconf 76' lang='lat' dir='ltr'><strong>usurpantur</strong></span> <span class='ocrx_word' id='word_1_739' title='bbox 3185 4656 3327 4724; x_wconf 88' lang='lat' dir='ltr'><strong>apud</strong></span> 
     </span>
    </p>
   </div>
   <div class='ocr_carea' id='block_1_108' title="bbox 1735 4744 3327 4817">
    <p class='ocr_par' dir='ltr' id='par_1_108' title="bbox 1735 4744 3327 4817">
     <span class='ocr_line' id='line_1_108' title="bbox 1735 4744 3327 4817; baseline -0.001 -15"><span class='ocrx_word' id='word_1_740' title='bbox 1735 4746 1941 4817; x_wconf 88' lang='lat' dir='ltr'><strong>peritos</strong></span> <span class='ocrx_word' id='word_1_741' title='bbox 1993 4745 2028 4798; x_wconf 93' lang='lat' dir='ltr'><strong>li</strong></span> <span class='ocrx_word' id='word_1_742' title='bbox 2054 4760 2188 4813; x_wconf 65' lang='lat' dir='ltr'><strong>igtur:</strong></span> <span class='ocrx_word' id='word_1_743' title='bbox 2238 4744 2445 4799; x_wconf 69' lang='lat' dir='ltr'><strong>Latinre</strong></span> <span class='ocrx_word' id='word_1_744' title='bbox 2484 4753 2611 4800; x_wconf 72' lang='lat' dir='ltr'><strong>anet</strong></span> <span class='ocrx_word' id='word_1_745' title='bbox 2647 4760 2765 4811; x_wconf 73' lang='lat' dir='ltr'><strong>res;</strong></span> <span class='ocrx_word' id='word_1_746' title='bbox 2792 4747 2935 4814; x_wconf 86' lang='lat' dir='ltr'><strong>quod</strong></span> <span class='ocrx_word' id='word_1_747' title='bbox 2965 4761 3083 4815; x_wconf 67' lang='lat' dir='ltr'><strong>qua:</strong></span> <span class='ocrx_word' id='word_1_748' title='bbox 3110 4746 3327 4801; x_wconf 87' lang='lat' dir='ltr'><strong>decreta</strong></span> 
     </span>
    </p>
   </div>
   <div class='ocr_carea' id='block_1_109' title="bbox 1737 4836 3331 4907">
    <p class='ocr_par' dir='ltr' id='par_1_109' title="bbox 1737 4836 3331 4907">
     <span class='ocr_line' id='line_1_109' title="bbox 1737 4836 3331 4907; baseline -0.001 -13"><span class='ocrx_word' id='word_1_749' title='bbox 1737 4847 1883 4904; x_wconf 90' lang='lat' dir='ltr'><strong>sunt,</strong></span> <span class='ocrx_word' id='word_1_750' title='bbox 1909 4854 1971 4892; x_wconf 90' lang='lat' dir='ltr'><strong>ea</strong></span> <span class='ocrx_word' id='word_1_751' title='bbox 2012 4838 2095 4894; x_wconf 90' lang='lat' dir='ltr'><strong>sic</strong></span> <span class='ocrx_word' id='word_1_752' title='bbox 2110 4837 2334 4893; x_wconf 74' lang='lat' dir='ltr'><strong>senatui</strong></span> <span class='ocrx_word' id='word_1_753' title='bbox 2364 4837 2446 4894; x_wconf 88' lang='lat' dir='ltr'><strong>vel</strong></span> <span class='ocrx_word' id='word_1_754' title='bbox 2471 4836 2771 4906; x_wconf 72' lang='lat' dir='ltr'><strong>majoribus</strong></span> <span class='ocrx_word' id='word_1_755' title='bbox 2816 4838 3085 4907; x_wconf 89' lang='lat' dir='ltr'><strong>placuisse</strong></span> <span class='ocrx_word' id='word_1_756' title='bbox 3108 4838 3331 4893; x_wconf 85' lang='lat' dir='ltr'><strong>videan-</strong></span> 
     </span>
    </p>
   </div>
   <div class='ocr_carea' id='block_1_110' title="bbox 1737 4928 3328 4996">
    <p class='ocr_par' dir='ltr' id='par_1_110' title="bbox 1737 4928 3328 4996">
     <span class='ocr_line' id='line_1_110' title="bbox 1737 4928 3328 4996; baseline -0.002 -10"><span class='ocrx_word' id='word_1_757' title='bbox 1737 4940 1842 4986; x_wconf 89' lang='lat' dir='ltr'><strong>tur.</strong></span> <span class='ocrx_word' id='word_1_758' title='bbox 1892 4930 2058 4994; x_wconf 88' lang='lat' dir='ltr'><strong>Plin.,</strong></span> <span class='ocrx_word' id='word_1_759' title='bbox 2099 4929 2138 4984; x_wconf 87' lang='grc' dir='ltr'>ι.</span> <span class='ocrx_word' id='word_1_760' title='bbox 2191 4944 2346 4996; x_wconf 69' lang='lat' dir='ltr'><strong>xxxx,</strong></span> <span class='ocrx_word' id='word_1_761' title='bbox 2376 4943 2427 4985; x_wconf 91' lang='lat' dir='ltr'><strong>c.</strong></span> <span class='ocrx_word' id='word_1_762' title='bbox 2480 4930 2504 4983; x_wconf 83' lang='grc'><strong>1</strong></span> <span class='ocrx_word' id='word_1_763' title='bbox 2543 4946 2558 4983; x_wconf 89' lang='lat'><strong>:</strong></span> <span class='ocrx_word' id='word_1_764' title='bbox 2594 4947 2613 4980; x_wconf 76' lang='grc' dir='ltr'><strong>ι</strong></span> <span class='ocrx_word' id='word_1_765' title='bbox 2651 4928 2851 4985; x_wconf 81' lang='lat' dir='ltr'><strong>Eadem</strong></span> <span class='ocrx_word' id='word_1_766' title='bbox 2901 4941 3034 4985; x_wconf 63' lang='lat' dir='ltr'><strong>retas</strong></span> <span class='ocrx_word' id='word_1_767' title='bbox 3094 4929 3328 4985; x_wconf 81' lang='lat' dir='ltr'><strong>Neronis</strong></span> 
     </span>
    </p>
   </div>
   <div class='ocr_carea' id='block_1_111' title="bbox 1735 5022 3325 5095">
    <p class='ocr_par' dir='ltr' id='par_1_111' title="bbox 1735 5022 3325 5095">
     <span class='ocr_line' id='line_1_111' title="bbox 1735 5022 3325 5095; baseline -0.003 -17"><span class='ocrx_word' id='word_1_768' title='bbox 1735 5023 2039 5095; x_wconf 88' lang='lat' dir='ltr'><strong>principatu</strong></span> <span class='ocrx_word' id='word_1_769' title='bbox 2071 5022 2140 5077; x_wconf 89' lang='lat' dir='ltr'><strong>ad</strong></span> <span class='ocrx_word' id='word_1_770' title='bbox 2171 5022 2394 5077; x_wconf 87' lang='lat' dir='ltr'><strong>Testum</strong></span> <span class='ocrx_word' id='word_1_771' title='bbox 2428 5022 2747 5086; x_wconf 78' lang='lat' dir='ltr'><strong>transilivit,</strong></span> <span class='ocrx_word' id='word_1_772' title='bbox 2797 5022 3067 5077; x_wconf 85' lang='lat' dir='ltr'><strong>delentem</strong></span> <span class='ocrx_word' id='word_1_773' title='bbox 3103 5030 3325 5075; x_wconf 92' lang='lat' dir='ltr'><strong>cuncto-</strong></span> 
     </span>
    </p>
   </div>
   <div class='ocr_carea' id='block_1_112' title="bbox 1736 5109 3324 5186">
    <p class='ocr_par' dir='ltr' id='par_1_112' title="bbox 1736 5109 3324 5186">
     <span class='ocr_line' id='line_1_112' title="bbox 1736 5109 3324 5186; baseline -0.003 -18"><span class='ocrx_word' id='word_1_774' title='bbox 1736 5130 1857 5169; x_wconf 89' lang='lat' dir='ltr'><strong>rum</strong></span> <span class='ocrx_word' id='word_1_775' title='bbox 1887 5114 2154 5186; x_wconf 54' lang='lat' dir='ltr'><strong>m-«jorum</strong></span> <span class='ocrx_word' id='word_1_776' title='bbox 2181 5113 2401 5185; x_wconf 89' lang='lat' dir='ltr'><strong>placita,</strong></span> <span class='ocrx_word' id='word_1_777' title='bbox 2435 5131 2455 5165; x_wconf 73' lang='grc' dir='ltr'><strong>ι</strong></span> <span class='ocrx_word' id='word_1_778' title='bbox 2491 5114 2692 5169; x_wconf 81' lang='lat' dir='ltr'><strong>etc.At</strong></span> <span class='ocrx_word' id='word_1_779' title='bbox 2721 5111 2810 5168; x_wconf 89' lang='lat' dir='ltr'><strong>hic</strong></span> <span class='ocrx_word' id='word_1_780' title='bbox 2839 5111 3034 5181; x_wconf 70' lang='lat' dir='ltr'><strong>placita</strong></span> <span class='ocrx_word' id='word_1_781' title='bbox 3056 5109 3324 5177; x_wconf 84' lang='lat' dir='ltr'><strong>juridicos</strong></span> 
     </span>
    </p>
   </div>
   <div class='ocr_carea' id='block_1_113' title="bbox 1736 5200 3316 5277">
    <p class='ocr_par' dir='ltr' id='par_1_113' title="bbox 1736 5200 3316 5277">
     <span class='ocr_line' id='line_1_113' title="bbox 1736 5200 3316 5277; baseline -0.006 -13"><span class='ocrx_word' id='word_1_782' title='bbox 1736 5223 1833 5264; x_wconf 90' lang='lat' dir='ltr'><strong>seu</strong></span> <span class='ocrx_word' id='word_1_783' title='bbox 1862 5207 2105 5263; x_wconf 89' lang='lat' dir='ltr'><strong>forenses</strong></span> <span class='ocrx_word' id='word_1_784' title='bbox 2147 5215 2450 5263; x_wconf 85' lang='lat' dir='ltr'><strong>conventus</strong></span> <span class='ocrx_word' id='word_1_785' title='bbox 2514 5205 2848 5277; x_wconf 76' lang='lat' dir='ltr'><strong>signiﬁcant.</strong></span> <span class='ocrx_word' id='word_1_786' title='bbox 2895 5202 3125 5272; x_wconf 85' lang='lat' dir='ltr'><strong>Capitul.</strong></span> <span class='ocrx_word' id='word_1_787' title='bbox 3155 5200 3316 5255; x_wconf 87' lang='lat' dir='ltr'><strong>Carol</strong></span> 
     </span>
    </p>
   </div>
   <div class='ocr_carea' id='block_1_114' title="bbox 1736 5293 3325 5371">
    <p class='ocr_par' dir='ltr' id='par_1_114' title="bbox 1736 5293 3325 5371">
     <span class='ocr_line' id='line_1_114' title="bbox 1736 5293 3325 5371; baseline -0.006 -15"><span class='ocrx_word' id='word_1_788' title='bbox 1736 5301 1909 5366; x_wconf 86' lang='lat' dir='ltr'><strong>Calvi,</strong></span> <span class='ocrx_word' id='word_1_789' title='bbox 1939 5301 2033 5366; x_wconf 76' lang='lat'><strong>9.0,</strong></span> <span class='ocrx_word' id='word_1_790' title='bbox 2064 5315 2158 5355; x_wconf 90' lang='lat' dir='ltr'><strong>seu</strong></span> <span class='ocrx_word' id='word_1_791' title='bbox 2206 5299 2409 5371; x_wconf 82' lang='lat' dir='ltr'><strong>Synodi</strong></span> <span class='ocrx_word' id='word_1_792' title='bbox 2431 5299 2722 5353; x_wconf 61' lang='lat' dir='ltr'><strong>Carisiacte</strong></span> <span class='ocrx_word' id='word_1_793' title='bbox 2752 5312 2873 5367; x_wconf 88' lang='lat' dir='ltr'><strong>cap.</strong></span> <span class='ocrx_word' id='word_1_794' title='bbox 2908 5296 2942 5351; x_wconf 76' lang='grc'>2</span> <span class='ocrx_word' id='word_1_795' title='bbox 2976 5313 2988 5348; x_wconf 88' lang='lat'><strong>:</strong></span> <span class='ocrx_word' id='word_1_796' title='bbox 3020 5312 3037 5344; x_wconf 87' lang='grc' dir='ltr'><strong>ι</strong></span> <span class='ocrx_word' id='word_1_797' title='bbox 3074 5293 3325 5364; x_wconf 75' lang='lat' dir='ltr'><strong>Episcopi</strong></span> 
     </span>
    </p>
   </div>
   <div class='ocr_carea' id='block_1_115' title="bbox 1739 5386 3326 5463">
    <p class='ocr_par' dir='ltr' id='par_1_115' title="bbox 1739 5386 3326 5463">
     <span class='ocr_line' id='line_1_115' title="bbox 1739 5386 3326 5463; baseline -0.005 -16"><span class='ocrx_word' id='word_1_798' title='bbox 1739 5394 1940 5463; x_wconf 82' lang='lat' dir='ltr'><strong>quique</strong></span> <span class='ocrx_word' id='word_1_799' title='bbox 1969 5392 2021 5446; x_wconf 92' lang='lat' dir='ltr'><strong>in</strong></span> <span class='ocrx_word' id='word_1_800' title='bbox 2053 5391 2163 5446; x_wconf 91' lang='lat' dir='ltr'><strong>suis</strong></span> <span class='ocrx_word' id='word_1_801' title='bbox 2192 5390 2497 5462; x_wconf 84' lang='lat' dir='ltr'><strong>parochiis:</strong></span> <span class='ocrx_word' id='word_1_802' title='bbox 2518 5400 2573 5445; x_wconf 91' lang='lat' dir='ltr'><strong>et</strong></span> <span class='ocrx_word' id='word_1_803' title='bbox 2607 5390 2757 5445; x_wconf 90' lang='lat' dir='ltr'><strong>missi</strong></span> <span class='ocrx_word' id='word_1_804' title='bbox 2792 5389 2843 5442; x_wconf 87' lang='lat' dir='ltr'><strong>ia</strong></span> <span class='ocrx_word' id='word_1_805' title='bbox 2886 5388 3101 5442; x_wconf 87' lang='lat' dir='ltr'><strong>illorum</strong></span> <span class='ocrx_word' id='word_1_806' title='bbox 3127 5386 3326 5442; x_wconf 88' lang='lat' dir='ltr'><strong>missa-</strong></span> 
     </span>
    </p>
   </div>
   <div class='ocr_carea' id='block_1_116' title="bbox 1742 5477 3325 5551">
    <p class='ocr_par' dir='ltr' id='par_1_116' title="bbox 1742 5477 3325 5551">
     <span class='ocr_line' id='line_1_116' title="bbox 1742 5477 3325 5551; baseline -0.006 -13"><span class='ocrx_word' id='word_1_807' title='bbox 1742 5484 1899 5545; x_wconf 85' lang='lat' dir='ltr'><strong>ticis;</strong></span> <span class='ocrx_word' id='word_1_808' title='bbox 1956 5482 2289 5551; x_wconf 75' lang='lat' dir='ltr'><strong>comitesque</strong></span> <span class='ocrx_word' id='word_1_809' title='bbox 2360 5482 2412 5535; x_wconf 92' lang='lat' dir='ltr'><strong>in</strong></span> <span class='ocrx_word' id='word_1_810' title='bbox 2474 5495 2662 5535; x_wconf 88' lang='lat' dir='ltr'><strong>eorum</strong></span> <span class='ocrx_word' id='word_1_811' title='bbox 2710 5478 3059 5533; x_wconf 85' lang='lat' dir='ltr'><strong>comitatibus</strong></span> <span class='ocrx_word' id='word_1_812' title='bbox 3116 5477 3325 5548; x_wconf 86' lang='lat' dir='ltr'><strong>pariter</strong></span> 
     </span>
    </p>
   </div>
   <div class='ocr_carea' id='block_1_117' title="bbox 1738 5568 3321 5643">
    <p class='ocr_par' dir='ltr' id='par_1_117' title="bbox 1738 5568 3321 5643">
     <span class='ocr_line' id='line_1_117' title="bbox 1738 5568 3321 5643; baseline -0.004 -17"><span class='ocrx_word' id='word_1_813' title='bbox 1738 5573 1937 5643; x_wconf 88' lang='lat' dir='ltr'><strong>placita</strong></span> <span class='ocrx_word' id='word_1_814' title='bbox 1983 5581 2244 5637; x_wconf 88' lang='lat' dir='ltr'><strong>teneant,</strong></span> <span class='ocrx_word' id='word_1_815' title='bbox 2303 5591 2321 5623; x_wconf 78' lang='grc' dir='ltr'><strong>ι</strong></span> <span class='ocrx_word' id='word_1_816' title='bbox 2366 5581 2472 5627; x_wconf 90' lang='lat' dir='ltr'><strong>etc.</strong></span> <span class='ocrx_word' id='word_1_817' title='bbox 2528 5570 2729 5624; x_wconf 89' lang='lat' dir='ltr'><strong>Ibidem</strong></span> <span class='ocrx_word' id='word_1_818' title='bbox 2791 5569 2842 5622; x_wconf 92' lang='lat' dir='ltr'><strong>in</strong></span> <span class='ocrx_word' id='word_1_819' title='bbox 2898 5568 3321 5623; x_wconf 82' lang='lat' dir='ltr'><strong>Annuntiatione</strong></span> 
     </span>
    </p>
   </div>
   <div class='ocr_carea' id='block_1_118' title="bbox 1740 5658 3314 5731">
    <p class='ocr_par' dir='ltr' id='par_1_118' title="bbox 1740 5658 3314 5731">
     <span class='ocr_line' id='line_1_118' title="bbox 1740 5658 3314 5731; baseline -0.005 -13"><span class='ocrx_word' id='word_1_820' title='bbox 1740 5664 1983 5731; x_wconf 67' lang='lat' dir='ltr'><strong>eiusdem</strong></span> <span class='ocrx_word' id='word_1_821' title='bbox 2031 5662 2235 5727; x_wconf 87' lang='lat' dir='ltr'><strong>Caroli,</strong></span> <span class='ocrx_word' id='word_1_822' title='bbox 2288 5669 2342 5716; x_wconf 91' lang='lat' dir='ltr'><strong>et</strong></span> <span class='ocrx_word' id='word_1_823' title='bbox 2392 5659 2604 5729; x_wconf 85' lang='lat' dir='ltr'><strong>nepetis</strong></span> <span class='ocrx_word' id='word_1_824' title='bbox 2652 5659 2736 5713; x_wconf 90' lang='lat' dir='ltr'><strong>sui</strong></span> <span class='ocrx_word' id='word_1_825' title='bbox 2797 5658 3041 5714; x_wconf 87' lang='lat' dir='ltr'><strong>Lotharii</strong></span> <span class='ocrx_word' id='word_1_826' title='bbox 3086 5658 3225 5728; x_wconf 90' lang='lat' dir='ltr'><strong>apud</strong></span> <span class='ocrx_word' id='word_1_827' title='bbox 3255 5658 3314 5710; x_wconf 63' lang='grc' dir='ltr'><strong>ὃς</strong></span> 
     </span>
    </p>
   </div>
   <div class='ocr_carea' id='block_1_119' title="bbox 1741 5752 3319 5826">
    <p class='ocr_par' dir='ltr' id='par_1_119' title="bbox 1741 5752 3319 5826">
     <span class='ocr_line' id='line_1_119' title="bbox 1741 5752 3319 5826; baseline -0.004 -17"><span class='ocrx_word' id='word_1_828' title='bbox 1741 5757 2077 5825; x_wconf 80' lang='lat' dir='ltr'><strong>Quintinuin,</strong></span> <span class='ocrx_word' id='word_1_829' title='bbox 2121 5764 2241 5826; x_wconf 89' lang='lat' dir='ltr'><strong>post</strong></span> <span class='ocrx_word' id='word_1_830' title='bbox 2298 5752 2580 5813; x_wconf 86' lang='lat' dir='ltr'><strong>medium:</strong></span> <span class='ocrx_word' id='word_1_831' title='bbox 2640 5772 2653 5805; x_wconf 86' lang='grc' dir='ltr'><strong>ι</strong></span> <span class='ocrx_word' id='word_1_832' title='bbox 2706 5752 2811 5809; x_wconf 87' lang='lat' dir='ltr'><strong>Per</strong></span> <span class='ocrx_word' id='word_1_833' title='bbox 2887 5766 3045 5807; x_wconf 65' lang='lat' dir='ltr'><strong>omne</strong></span> <span class='ocrx_word' id='word_1_834' title='bbox 3099 5764 3319 5823; x_wconf 76' lang='lat' dir='ltr'><strong>regium</strong></span> 
     </span>
    </p>
   </div>
  </div>
