3864 6304
474 325 580 383 613

1670 306 1877 363 ΒΟΜΝΙ
1923 299 2124 357 l.liC.-E
2170 298 2496 352 DACHERII

3633 294 3725 347 618

470 448 716 494 nostrum
748 430 1005 502 episcOpi,
1035 436 1088 481 et
1111 426 1260 480 missi
1305 423 1499 488 nostri,
1533 429 1588 473 et
1617 420 1841 472 comites
1866 398 2060 484 placita
2095 418 2137 473 Α
2166 424 2219 467 et
2248 413 2337 477 49.,
2372 414 2423 467 in
2456 411 2783 482 appendice;
2842 417 2895 462 ct
2925 407 3015 463 alii
3062 421 3230 479 prope
3259 407 3532 461 innumeri
3561 420 3725 461 aucto.

474 534 713 587 teneant,
743 523 900 577 etilla
958 520 1151 590 placita
1202 517 1378 571 omnis
1426 515 1604 573 homo,
1659 511 1748 579 qui
1799 507 2055 578 placitum

472 615 748 670 custodire
790 612 951 665 debet
978 651 992 671 ,
1034 610 1149 663 sine
1204 605 1520 674 exceptione
1546 643 1561 667 ,
1615 611 1671 656 et
1708 598 2058 655 excusatione

470 706 765 760 custodiat.
802 722 819 754 ι
872 700 1032 756 Jubet
1084 699 1279 755 concil.
1309 696 1512 752 Arelat.
1569 708 1643 757 vr,
1676 707 1795 761 cap.
1840 689 1912 743 22
1947 704 1966 738 ι
2000 696 2059 740 ut

474 796 670 863 placita
695 794 907 862 publica
952 801 1005 845 et
1027 789 1330 847 szccularia,
1362 801 1532 854 neque
1558 785 1609 837 in
1631 782 1783 835 atriis
1810 777 2053 833 basilicae

476 905 618 950 rum,
648 896 820 957 neque
854 888 906 939 in
935 886 1066 955 ipsis
1089 883 1326 938 basilicis
1356 879 1508 934 ﬁant.
1542 899 1559 930 ι
1595 876 1861 930 Placitum
1893 872 2055 927 etiam

472 981 706 1037 Sumitur
729 994 823 1047 pro
850 978 965 1043 lite,
995 976 1137 1031 unde
1181 975 1398 1029 verbum
1422 972 1542 1027 Gal.
1570 970 1740 1040 plcida
1787 978 1841 1021 et
1892 966 2060 1037 placi-

486 1079 618 1125 tare.
683 1071 881 1133 idest,
936 1069 990 1122 in
1033 1066 1236 1137 judicio
1284 1065 1516 1134 litigare.
1561 1072 1654 1115 aut
1702 1050 2036 1114 contendere

480 1162 776 1217 secundum
810 1160 1005 1230 placita
1035 1164 1210 1231 legum
1235 1156 1619 1227 etjudiciorum
1645 1166 1826 1222 agere,
1854 1150 2057 1205 Gallice

477 1253 699 1323 pluider.

983 1358 1051 1397 AD
1103 1355 1400 1397 EPISTULA“
1452 1355 1539 1393 XL.

550 1456 1043 1518 li'illelmicomitis,
1070 1455 1220 1523 cujus
1257 1453 1556 1524 prudentia,
1590 1460 1694 1507 etc.
1726 1469 1744 1502 ι
1788 1450 1889 1504 llic
1928 1447 2057 1517 legi-

476 1548 1198 1621 tiinus(aithmeticensis
1248 1546 1338 1600 lib.
1384 1562 1479 1610 vn,
1540 1545 1676 1599 Hist.
1713 1558 1831 1611 cap.
1878 1540 1969 1610 25)
2005 1548 2060 1592 et

482 1643 720 1696 liberalis
747 1643 831 1695 vir
853 1643 1121 1696 Adelizam
1146 1641 1363 1710 Rogerii
1395 1641 1636 1695 Toenitzc
1667 1639 1824 1691 tiliam
1846 1640 1896 1690 in
1925 1652 2059 1689 con-

474 1728 656 1800 jugem
687 1730 893 1792 habuit,
916 1745 979 1783 ex
1012 1745 1118 1798 qua
1146 1730 1280 1783 duos
1303 1728 1466 1793 lilios,
1497 1727 1824 1781 Willelmum
1861 1738 1915 1781 et
1950 1726 2056 1779 Ro-

480 1823 688 1892 gerium
707 1830 1099 1887 contumacem,
1122 1821 1423 1889 procreavit
1446 1837 1459 1884 ;
1485 1820 1589 1873 duo
1610 1818 1856 1872 coenobia
1880 1831 2064 1871 mona-

481 1914 709 1966 chorum
760 1912 817 1965 S.
874 1911 1053 1965 Marite
1076 1911 1195 1967 εαξη
1225 1911 1421 1981 regium
1446 1910 1707 1972 condidit,
1735 1925 1900 1962 unum
1926 1907 2066 1976 apud

483 2001 685 2067 Liram,
720 2012 772 2056 et
806 2003 1034 2057 alterum
1061 2002 1201 2072 apud
1232 2001 1548 2056 Cormelias.
1583 2020 1599 2051 ι
1628 2000 1690 2054 Et
1720 2010 1838 2069 post
1866 2014 2063 2069 pauca:

489 2113 507 2144 ι
544 2093 866 2148 Comitattnn
930 2077 1230 2147 HerfOrdite
1273 2107 1397 2146 cum
1446 2106 1639 2160 magna
1682 2100 1834 2153 parte
1891 2090 2065 2159 regni,

484 2199 643 2239 sensu
700 2194 753 2237 ct
785 2184 987 2237 viribus
1030 2184 1280 2247 obtinuit,
1323 2202 1340 2234 ›
1377 2192 1483 2237 etc.
1517 2182 1584 2236 Et
1637 2180 1908 2237 Guillclm.
1942 2180 2069 2234 Mal-

482 2276 654 2330 niesb.
684 2276 759 2329 De
788 2284 925 2344 gest.
967 2274 1102 2343 Augl
1134 2315 1149 2337 ,
1182 2274 1233 2329 in
1258 2274 1529 2329 Willelmo
1557 2274 1594 2337 l,
1628 2283 1752 2327 ante
1782 2272 2017 2327 medium
2049 2290 2063 2325 :

491 2387 511 2420 ς
558 2369 859 2424 Willelmus
905 2369 1047 2423 ﬁlius
1071 2369 1296 2424 Osberni
1348 2369 1871 2439 principis,0ptimis
1917 2384 2068 2423 com-

484 2461 779 2528 parandus,
838 2460 981 2513 haud
1010 2460 1123 2513 seio
1159 2474 1226 2514 an
1267 2460 1431 2514 etiam
1488 2460 1901 2529 prmponendus.
1940 2459 2069 2528 Ejus

486 2550 715 2605 consilio
746 2566 836 2604 rex
862 2550 1159 2606 Willeltnus
1196 2552 1373 2621 primo
1398 2552 1669 2605 animatus
1694 2553 1760 2605 ad
1780 2582 1783 2583 ν
1805 2552 2066 2605 invaden-

487 2641 612 2692 dam
642 2639 911 2709 Angliam,
941 2655 1059 2694 mox
1091 2641 1288 2694 virtute
1309 2639 1524 2708 adjutus
1567 2642 1634 2696 ad
1660 2657 1825 2696 manu
1879 2650 2070 2709 tenen-

483 2731 630 2785 dam.
663 2731 794 2785 Erat
825 2732 875 2785 in
903 2747 968 2785 eo
1002 2733 1197 2787 mentis
1223 2734 1559 2797 animositas,
1602 2750 1766 2803 quam
1790 2747 2067 2789 commen-

485 2821 649 2875 dabat
673 2838 810 2892 pcnc
836 2812 1057 2893 prodiga
1082 2822 1399 2888 liberalitas,
1444 2842 1462 2874 ι
1494 2836 1603 2878 etc.

557 2912 635 2965 De
684 2913 913 2981 pcrjurio
941 2913 1015 2968 vel
1038 2913 1250 2982 fraude,
1281 2924 1388 2967 etc.
1436 2912 1540 2967 Per
1590 2913 1704 2968 btcc
1745 2913 1905 2967 verba
1937 2912 2065 2981 quid

487 3005 551 3058 B.
579 3004 918 3061 Lanl‘rancus
949 3007 1192 3061 intendat
1212 3004 1496 3076 perhibere
1526 3004 1736 3058 videtur
1758 3004 2064 3060 Florentius

491 3092 865 3190 figornicnsis
910 3094 974 3148 ad
1030 3111 1120 3149 an.
1184 3095 1362 3149 1074:
1404 3112 1421 3145 ι
1464 3092 1838 3148 Herelordesis
1885 3108 2066 3147 comes
2095 3103 2162 3190 ρ’

486 3182 774 3253 Rogerus,
834 3185 976 3239 (ilius
1022 3185 1292 3261 Guillclmi
1342 3185 1583 3255 ejusdem
1642 3186 1765 3254 pagi
1826 3186 2063 3250 comitis,

485 3276 1114 3349 Bastanglorum'comiti
1148 3278 1430 3347 Rodulpho
1482 3278 1696 3348 (contra
1734 3286 2065 3347 praeceptum

485 3370 631 3438 regis
659 3368 949 3440 Guillclmi)
977 3384 1219 3425 sororem
1270 3384 1423 3423 suam
1472 3366 1755 3439 conjugem
1792 3367 2013 3421 tradidit
2046 3384 2061 3432 ;

485 3463 815 3532 nuptiasque
853 3464 1270 3533 permagnilicas
1294 3477 1415 3517 cum
1463 3461 1691 3531 plurima
1723 3460 2066 3515 multitudine

482 3556 803 3625 optimatum
832 3557 883 3610 in
924 3555 1366 3625 Grautebrigensi
1390 3556 1694 3626 provincia,
1729 3555 1782 3609 in
1817 3555 1935 3610 loco
1971 3555 2064 3624 qui

487 3648 706 3718 lsninga
726 3649 946 3721 dicitur,
969 3648 1326 3712 celebrantes,
1346 3663 1594 3716 magnam
1614 3648 2063 3716 conjurationem,

486 3737 734 3804 plurimis
766 3740 1206 3803 assentientibus,
1235 3747 1426 3793 contra
1470 3754 1651 3807 regem
1711 3737 2064 3791 Guillclmum

491 3827 565 3883 ibi
598 3827 863 3883 feccrtmt.
891 3827 1015 3893 Qui,
1043 3845 1164 3883 mox
1189 3841 1247 3884 ut
1283 3830 1476 3899 potuit,
1506 3830 1866 3884 Laulrancum
1899 3831 2067 3884 Doro-

486 3919 811 3974 bcrnensem
856 3920 1320 3990 archiepiscopum
1376 3921 1531 3986 adiit,
1583 3922 2066 3991 pmpitentiamque

490 4009 558 4062 ab
584 4023 649 4062 eo
674 4024 771 4077 pro
804 4007 969 4071 facto.
999 4009 1124 4065 licet
1151 4025 1255 4064 non
1285 4020 1499 4081 sponte,
1525 4022 1864 4067 sacramento
1915 4028 2065 4067 acce-

486 4101 586 4169 pit,
640 4099 865 4171 ejusque‘
901 4102 1129 4156 consilio
1179 4116 1366 4171 regem
1411 4102 1754 4157 Guillclmum
1782 4105 1832 4157 in
1870 4103 2065 4159 North-

489 4192 704 4246 matmia
734 4193 1012 4262 degentem
1034 4194 1207 4262 petiit,
1229 4194 1389 4262 eique
1413 4210 1617 4249 remex
1645 4195 1832 4249 ordine
1857 4207 2063 4266 gestam

485 4286 746 4355 pandens,
794 4286 936 4341 illius
982 4286 1377 4361 misericordiae
1433 4286 1575 4343 ultro
1612 4302 1671 4342 se
1702 4288 1871 4352 dedit,
1902 4306 1920 4340 ι
1956 4297 2061 4342 etc.

488 4377 678 4432 Verbis
710 4377 857 4434 hisce
887 4379 1175 4448 postremis
1229 4379 1435 4449 liquido
1460 4389 1676 4434 constat
1705 4395 1885 4450 regem
1912 4379 2066 4434 Guil-

2165 522 2273 562 ICS.

2238 598 2455 650 Romam
2507 596 2866 666 proﬁciscens.
2935 592 3093 647 Anno
3150 591 3405 646 videlicet
3488 604 3731 660 reparata:

2160 692 2347 747 Salutis
2378 691 2533 755 1071,
2571 702 2677 744 tam
2715 690 2860 758 pallu
2895 685 3186 755 recipiendi
3228 686 3400 755 gratia
3427 701 3582 753 quam
3609 684 3727 735 diri-

2158 783 2370 838 mendre
2394 782 2503 837 litis
2541 798 2599 836 se
2632 781 2775 835 inter
2805 789 2859 833 et
2880 779 3143 832 Thomam
3191 776 3609 830 Eboracensem.
3631 773 3733 838 Qua

2161 874 2225 930 de
2256 888 2314 928 re
2337 873 2583 942 superius
2606 871 2671 926 ad
2689 868 2901 940 epistol.
2920 869 2973 935 4,
2999 883 3052 932 a,
3069 876 3123 922 et
3144 867 3196 921 in
3221 865 3417 919 Vital).
3436 863 3730 925 Lanfranci,

2160 979 2279 1034 cap.
2314 964 2397 1028 11,
2423 963 2603 1034 pagiu.
2646 963 2732 1027 11,
2766 962 2856 1017 12.
2884 960 3083 1029 Quinto
3119 957 3179 1029 [Ι.
3213 957 3536 1027 Quinquies,
3572 955 3628 1008 Ε.
3656 953 3732 1025 ἢ]

2160 1060 2389 1114 Romam
2448 1060 2506 1113 S.
2548 1058 2889 1114 Lanfrancus
2939 1056 3161 1127 petiisse
3205 1054 3448 1109 videtur:
3487 1053 3540 1119 1,
3588 1068 3731 1106 causa

2160 1154 2502 1225 Berengarii;
2534 1153 2590 1214 2.
2604 1162 2824 1223 propter
2838 1151 3108 1207 Guillclmi
3134 1149 3292 1204 ducis
3314 1148 3733 1211 matrimonium;

2160 1248 2214 1311 5,
2242 1258 2298 1300 ut
2327 1245 2559 1302 concilio
2585 1246 2827 1300 Romano
2850 1244 3169 1307 interesset;
3229 1242 3295 1305 4,
3350 1248 3412 1295 ut
3463 1238 3736 1294 conﬁrma-

2162 1341 2362 1394 tionem
2408 1322 2633 1394 Joannis
2662 1336 3016 1392 Abrincensis
3062 1336 3115 1389 in
3140 1333 3607 1403 archiepiscopum
3642 1331 3735 1385 [io-

2163 1431 2565 1501 tltomagensem
2596 1427 2848 1493 electum,
2872 1426 3170 1492 obtineret;
3208 1424 3399 1478 ultimo
3423 1438 3546 1477 cum
3577 1422 3737 1475 archi.

2160 1524 2415 1593 episcopo
2443 1521 2793 1586 Eboracensi,
2821 1521 2963 1589 quod
2996 1519 3240 1589 proxime
3267 1517 3677 1571 adnotabamus.

2232 1612 2604 1668 Dulcissimum
2634 1614 2761 1668 mihi
2789 1612 2970 1681 fratris
3001 1612 3103 1665 mei
3130 1610 3320 1679 ﬁlium.
3363 1608 3442 1664 De
3473 1625 3581 1679 quo
3604 1608 3733 1661 intra

2165 1710 2231 1764 ad
2252 1710 2407 1779 epist.
2445 1708 2513 1762 47
2543 1715 2596 1763 et
2620 1706 2709 1762 49.
2766 1762 2780 1771 ,

2237 1800 2530 1855 Leczionem
2586 1798 2793 1869 legeret.
2832 1797 2889 1851 111
2918 1796 3227 1853 documenti
3258 1795 3409 1851 dedit
3435 1809 3503 1850 ex
3534 1793 3737 1865 Regula:

2167 1890 2530 1945 Benedictinae
2568 1905 2689 1959 cap.
2743 1888 2848 1944 ὅδε
2880 1906 2899 1938 ‹
2941 1886 3166 1942 Fratres
3219 1902 3325 1940 non
3382 1901 3480 1956 per
3506 1885 3735 1939 ordinem

2166 1982 2370 2054 legant,
2390 1981 2484 2035 sed
2517 1980 2605 2049 qui
2633 1980 2901 2034 aediﬁcent
2929 1979 3229 2033 audientes.
3249 1997 3267 2029 ι
3305 1976 3371 2031 Et
3395 1992 3512 2031 tuos
3534 1976 3732 2045 quidem

2169 2075 2267 2129 iste
2289 2074 2357 2128 ab
2391 2071 2626 2140 antiquis
2658 2070 2941 2125 monachis
2969 2068 3221 2137 religiose
3242 2068 3658 2133 observabatur,
3687 2076 3737 2120 ut

2168 2165 2416 2221 aseeticaa
2464 2164 2587 2219 vitre
2617 2162 3306 2235 tirones‘exercitarentur,
3358 2162 3737 2216 imbuercntur-

2167 2274 2271 2327 que
2300 2256 2575 2339 aliquapto
2618 2265 2860 2323 tempore
2924 2255 3241 2310 monasticis
3295 2256 3490 2316 rebus;
3552 2254 3659 2321 sed
3694 2262 3737 2307 et

2168 2348 2534 2418 pet-discendis
2569 2347 2885 2402 memoriter
2907 2346 3149 2417 psalmis,
3178 2356 3342 2416 atque
3367 2346 3736 2402 ecclesiastici:

2170 2442 2383 2506 ritibus,
2430 2441 2743 2511 priusquam
2787 2441 2838 2494 in
2868 2440 3144 2509 publicum
3181 2442 3491 2510 prodirent,
3545 2443 3738 2498 addice.

2169 2536 2401 2595 bantur;
2430 2534 2532 2605 (uti
2560 2535 2858 2588 etiamnum
2902 2534 3130 2604 ipsemet
3175 2532 3542 2601 Lanfrancus,
3570 2536 3737 2591 inom-

2168 2632 2324 2686 nibus
2373 2630 2501 2685 licet
2547 2629 2797 2685 scientiis
2843 2628 3036 2685 fuisset
3064 2638 3328 2695 versatus,
3360 2628 3508 2684 ultro
3548 2645 3737 2685 summa

2169 2723 2334 2776 animi
2357 2721 2708 2786 demissione,
2741 2737 2863 2776 cum
2887 2722 3123 2792 primum
3149 2722 3418 2778 Becoensc
3444 2720 3737 2777 coznobiutn

2169 2814 2447 2875 intrasset,
2507 2813 2661 2882 egit.)
2709 2811 2864 2879 Quod
2896 2813 3117 2869 uberius
3163 2814 3358 2883 probat
3386 2812 3672 2869 Menardus
3695 2812 3738 2867 in

2168 2922 2287 2976 cap.
2321 2907 2390 2962 65
2415 2906 2728 2963 Concordiae
2750 2907 3081 2978 regularum,
3130 2923 3252 2979 pag.
3283 2908 3390 2963 956
3410 2917 3470 2964 et
3500 2924 3613 2978 seq.

2665 3015 2733 3055 Αι)
2775 3016 3074 3055 ειιιδτοιω
3107 3016 3232 3056 XLVI

2240 3090 2573 3162 Coadnlpfco.
2628 3091 2764 3148 Cum
2823 3093 2936 3148 sola
2982 3092 3161 3151 littera
3220 3093 3289 3150 G.
3331 3096 3462 3150 nuie
3518 3094 3738 3163 epistolae

2170 3186 2387 3255 praeﬁxa
2430 3197 2601 3252 esset,
2634 3186 3015 3256 Gondulphum
3046 3187 3299 3257 apposui,
3352 3188 3461 3243 hac
3502 3190 3736 3243 nimirqu

2167 3280 2476 3348 conjectura
2508 3281 2706 3336 ductus
2733 3280 2876 3349 quod
2898 3280 2961 3336 Β.
2986 3280 3296 3343 Anselmus,
3332 3280 3428 3336 lib.
3458 3298 3473 3336 t
3498 3284 3663 3351 epist.
3687 3280 3736 3340 1.

2166 3374 2235 3425 ad
2259 3371 2638 3440 Gondulpbum
2657 3414 2672 3439 ,
2701 3371 2930 3428 salutem
2957 3373 3193 3428 ascribat
3210 3372 3525 3429 Laul'raneo
3545 3374 3735 3444 nepoti:

2172 3483 2188 3513 ι
2218 3464 2428 3530 Saluta,
2498 3464 2693 3534 inquit,
2729 3462 3007 3521 dominum
3059 3463 3428 3520 Lanl'rancum
3477 3465 3733 3534 juvenes,

2165 3565 2415 3625 nepotem
2447 3555 2673 3619 domini,
2704 3564 2761 3610 et
2796 3556 3102 3621 reverendi,
3128 3564 3183 3612 et
3210 3556 3391 3612 Patris
3415 3558 3591 3611 nostri
3616 3554 3736 3611 La-

2165 3648 2336 3702 franci
2360 3648 2778 3717 archiepiscopi,
2826 3666 2843 3699 ι
2875 3657 2986 3703 etc.
3020 3648 3087 3701 Et
3114 3648 3276 3717 epist.
3303 3647 3335 3699 7
3358 3648 3428 3701 ad
3458 3647 3731 3703 eumdem:

2172 3758 2189 3788 ι
2221 3740 2593 3795 ltever’endum
2624 3749 2680 3795 et
2730 3739 3086 3807 diligendum,
3136 3739 3418 3795 dominum
3463 3741 3731 3797 etPatrem

2164 3842 2408 3886 nostrum
2440 3830 2908 3900 archiepiscopum
2955 3829 3347 3899 Lanl‘rancum,
3384 3842 3443 3886 et
3504 3846 3731 3905 nepote-

2165 3924 2280 3992 ejus
2329 3935 2462 3989 ete.,
2509 3925 2706 3979 saluta.
2752 3944 2771 3982 ι
2812 3924 2891 3979 Ex
2935 3926 3019 3980 his
3056 3940 3207 3995 ergo,
3264 3936 3321 3981 et
3360 3926 3423 3980 Β.
3467 3928 3732 3983 Lanl'md

2167 4018 2364 4081 verbis,
2390 4017 2700 4072 necessario
2726 4016 3106 4071 atlirmandutn
3136 4016 3351 4071 videtur
3382 4018 3531 4073 illam
3553 4020 3733 4088 cpiti;-

2164 4111 2268 4163 lam
2330 4110 2550 4163 inscribi
2604 4108 2967 4177 Goudulpho,
3014 4109 3098 4162 cui
3154 4107 3467 4165 edocendus
3522 4113 3730 4167 traditus

2164 4202 2341 4256 fuerat
2382 4198 2717 4254 Lanfrancus
2774 4213 2961 4267 nepos.
3013 4198 3110 4255 Vel
3170 4200 3415 4269 profecto
3468 4202 3727 4259 dicendum

2164 4294 2345 4362 plures
2388 4292 2618 4347 diversis
2672 4291 2727 4344 in
2772 4290 2907 4346 locis
2958 4290 3213 4347 habuisse
3259 4305 3493 4363 nepotes
3534 4295 3727 4365 (Pa-tua

2165 4385 2309 4443 enim
2336 4385 2425 4455 qui
2449 4394 2502 4438 et
2530 4384 2699 4438 abbas
2723 4381 2934 4437 exstitit
2956 4381 3015 4437 S.
3045 4381 3261 4445 Albani,
3286 4394 3349 4438 ut
3374 4401 3543 4454 supra
3569 4394 3729 4439 aster

485 4471 708 4526 lelnmm
760 4474 812 4526 in
858 4474 1253 4530 Northmannia
1292 4476 1585 4539 exstitisse,
1643 4477 1768 4530 dum
1823 4477 1888 4530 ad
1935 4492 2058 4531 eum
2093 4482 2137 4537 D
2162 4495 2281 4535 sum
2308 4487 2413 4540 est,
2438 4486 2554 4532 erat
2576 4489 2745 4545 nepos
2767 4475 2930 4541 illius)
2954 4490 3121 4528 unum
3154 4474 3335 4539 Beeci,
3369 4477 3600 4532 alterum
3621 4492 3723 4530 cuiu

486 4558 648 4628 372
673 4560 879 4616 litteras
907 4563 975 4617 55
1000 4574 1054 4617 et
1086 4565 1155 4618 56
1174 4568 1326 4619 daret
1361 4564 1422 4617 Β.
1453 4564 1807 4619 Lauri-ancus.

972 4689 1038 4725 an
1081 4660 1389 4727 ertsrouu
1412 4689 1564 4727 xuii.

557 4779 819 4833 Anselmo.
853 4780 949 4835 llic
972 4792 1054 4835 est
1085 4799 1311 4851 magnus
1349 4784 1635 4838 Ansclmtts
1665 4784 1834 4853 prior,
1865 4772 2063 4841 deinde

485 4871 671 4934 abbas,
698 4885 760 4924 ac
790 4870 1002 4925 demum
1024 4872 1082 4926 Β.
1115 4873 1401 4928 Lanfranci
1428 4875 1829 4930 Cantuaricnsis
1852 4879 2062 4931 archie-

483 4960 688 5030 piscopi
718 4976 1037 5029 successor;
1073 4962 1226 5035 cujus
1259 4965 1423 5019 vitam
1470 4965 1841 5020 admirandam
1871 4968 2062 5022 Edmeo

482 5055 783 5127 rvs(qttcm
838 5055 925 5109 ille
975 5057 1375 5122 cbarissimum,
1436 5066 1621 5128 utpote
1653 5073 2056 5126 amanuensem,

481 5146 737 5219 habt-bat)
775 5147 1119 5217 conscripsit.
1161 5147 1404 5214 Quantos
1439 5148 1600 5201 etiam
1633 5148 1845 5203 labores
1884 5159 1938 5203 et
1967 5166 2056 5203 su-

482 5240 641 5293 (lorcs
671 5255 768 5309 pro
796 5238 1161 5295 ecclesiastica
1216 5237 1487 5303 libertate,
1532 5254 1651 5293 cum
1686 5239 1907 5309 pietate,
1945 5250 2056 5293 tum

481 5329 724 5385 doctrina
779 5341 833 5386 et
870 5324 1188 5387 constantia
1242 5332 1648 5402 incomparabili
1696 5332 1762 5385 ad
1820 5338 2053 5387 mortem

480 5419 830 5475 exantlaverit
856 5422 935 5474 vir
956 5421 1355 5487 sanctissimus,
1373 5423 1488 5475 fuse
1513 5422 1651 5475 idern
1677 5430 1888 5486 auctor,
1916 5422 2054 5475 libro

481 5509 564 5561 cui
595 5510 804 5564 titulum
832 5510 1121 5566 Historiam
1140 5510 1408 5566 Novorum
1433 5513 1683 5581 pra-ﬁxit,
1714 5522 1952 5565 enarrat.
1979 5514 2055 5567 De

483 5599 541 5653 S.
600 5601 875 5667 Anselmo,
928 5604 1234 5660 Chronicon
1286 5606 1580 5669 Bcccense,
1612 5619 1733 5673 pag.
1763 5603 1818 5668 Ξ,
1849 5604 1881 5656 5
1906 5612 1961 5656 οι
1989 5603 2051 5668 δῖ

481 5686 601 5742 Vita
626 5693 914 5746 vcnerabil.
948 5694 1215 5751 Guillclmi
1244 5695 1305 5749 Ill
1338 5696 1516 5751 abbat.
1549 5696 1802 5749 Bccccus.
1830 5709 1950 5764 pag.
1980 5694 2037 5747 ιι

2162 4572 2480 4644 Gondulpbo
2498 4570 2719 4627 Cadomi
2751 4570 3036 4624 mansisse.
3067 4571 3175 4624 Aut
3198 4569 3382 4624 forsan
3412 4573 3609 4633 verius,
3634 4570 3725 4625 col—

2164 4666 2364 4720 lobimn
2394 4665 2542 4718 illum
2594 4664 2767 4731 ipsum
2800 4671 3047 4731 nepotem
3080 4662 3317 4716 induisse
3350 4662 3531 4729 Becci,
3557 4674 3608 4717 et
3631 4674 3726 4718 sta-

2163 4756 2268 4811 diis
2295 4756 2422 4809 alibi
2472 4769 2692 4824 operam
2748 4767 2977 4807 navasse
3019 4752 3185 4821 prius,
3208 4753 3294 4807 vel
3317 4761 3715 4824 postquamnto

2164 4850 2369 4903 nachus
2407 4846 2597 4903 fuisset
2639 4847 2832 4902 factus.
2882 4846 2949 4899 Et
2993 4860 3124 4900 sane
3176 4854 3365 4915 patere
3426 4848 3633 4901 videtur
3669 4858 3723 4896 ex

2164 4939 2227 4995 D.
2261 4938 2522 5003 Anselmi,
2555 4936 2647 4991 lib.
2683 4953 2721 4999 ι,
2753 4936 2912 5005 epist.
2944 4934 3030 4998 19,
3078 4936 3149 4989 24
3170 4946 3223 4990 et
3252 4936 3323 4990 36
3344 4978 3360 4999 ,
3395 4938 3484 4991 ubi
3513 4935 3725 5007 gratula-

2164 5043 2275 5095 tur,
2298 5040 2689 5102 acceptumque
2710 5029 2878 5083 refert
2904 5028 2961 5082 S.
2994 5027 3320 5091 Laniraneo,
3347 5031 3492 5099 quod
3516 5029 3719 5082 Becco.»

2162 5124 2339 5191 potius
2364 5136 2525 5192 quam
2556 5120 2663 5175 alio
2686 5128 2935 5189 nepotem
2970 5120 3036 5173 ad
3053 5119 3385 5173 induendum
3401 5119 3719 5173 monachum.

2164 5214 2545 5271 transmiserit.
2591 5211 2788 5267 Verum
2838 5212 2891 5268 in
2942 5228 3001 5264 re
3057 5211 3241 5273 dubia,
3276 5220 3331 5265 et
3365 5211 3506 5265 haud
3559 5205 3721 5274 magni

2163 5308 2444 5369 momenti,
2471 5319 2635 5374 penes
2665 5304 2921 5359 lectorem
2973 5313 3094 5357 esto
3140 5301 3434 5369 judicium.
3483 5303 3555 5357 De
3592 5298 3717 5353 ϐοᾶν

2163 5398 2362 5467 dulpbo
2401 5400 2467 5450 ad
2495 5396 2669 5451 Vitam
2693 5409 2880 5463 supra,
2901 5407 3019 5463 pag.
3045 5394 3136 5449 40.

2659 5522 2726 5560 ΔΙ)
2758 5519 3014 5561 ΕΡΝΤΟΙΛ
3024 5520 3058 5558 τιι
3092 5520 3211 5558 XLVI
3224 5545 3235 5557 .

2238 5599 2589 5669 Dinprasinm.
2649 5596 3012 5651 Electuariuin
3069 5611 3137 5649 ex
3192 5595 3468 5648 marrubio
3518 5588 3712 5649 herba.

2165 5691 2408 5746 marrube
2438 5689 2615 5758 vulgo,
2680 5688 2868 5744 Graece
2922 5690 3175 5763 wpiczov;
3234 5685 3477 5757 phtisicis
3505 5681 3712 5741 multum
