3864 6304
72 371 144 428 6Π

1106 362 1170 417 IN
1208 361 1402 418 EPIST
1442 362 1506 420 Β.
1548 359 1943 417 LANFRANCI
1986 360 2193 417 ΝΟΤᾹ]

3187 369 3291 426 618

69 485 247 544 confert
308 480 660 550 pharmacum
700 477 884 549 gistud.
964 477 1163 532 Paulus
1235 478 1485 547 [Egineta
1540 478 1606 532 de
1635 482 1681 537 Α
1710 476 1889 531 rituali
1921 476 2321 532 necessitudine
2352 476 2671 547 cunjunctos
2702 481 2920 535 eosdem
2951 480 3144 551 probat
3167 479 3293 535 Milo

70 587 164 634 arte
185 576 442 636 medendi,
473 572 565 627 lib.
594 586 690 635 vn,
722 585 841 639 cap.
874 570 970 640 ll;
1022 569 1183 634 Plin.,
1216 568 1309 626 lib.
1340 586 1432 633 xx,
1489 585 1607 638 cap.

68 670 145 731 22;
171 675 219 722 et
241 664 469 720 Iacobus
482 661 919 731 Dalechampius,
936 659 1074 715 Hist.
1090 660 1393 730 plantarum
1423 669 1551 714 tom.
1567 658 1607 722 I,

69 760 140 813 lib.
167 771 266 816 vni,
297 766 416 822 cap.
454 753 559 817 36,
590 750 806 821 prolixe
848 751 916 806 de
940 750 1231 805 virtutibus
1281 759 1336 805 et
1383 748 1611 805 diversis

68 845 284 902 marrubii
311 842 613 915 speciebus.

496 948 564 988 ΑΒ
610 945 909 989 Εριδτοιλιι
969 946 1134 987 XLVII.

117 1024 389 1092 Lufranco
417 1032 467 1077 et
492 1020 744 1079 Gaidani.
788 1021 894 1077 Iste
912 1020 1089 1077 Guido
1132 1019 1331 1076 sodalis
1371 1027 1489 1074 erat
1516 1033 1610 1074 ne-

65 1113 176 1183 potis
195 1110 501 1175 Lanfranci,
528 1113 618 1183 qui
668 1112 917 1167 monachi
952 1110 1263 1166 tirocinium
1299 1108 1463 1166 ambo
1497 1118 1608 1164 tum

68 1201 190 1257 Becci
210 1202 452 1271 agebant.
482 1199 550 1254 Et
572 1207 863 1269 utrumque
904 1200 984 1255 sic
1032 1198 1376 1255 commendat
1404 1195 1464 1254 S.
1493 1198 1607 1256 An-

66 1290 248 1354 selunts,
277 1288 417 1346 libro
436 1304 482 1353 ι,
511 1288 728 1358 epistol.
754 1289 845 1352 3t,
878 1286 1248 1358 archiprzesuli
1271 1285 1605 1341 Lanfranco:

69 1398 86 1430 ‹
103 1379 162 1433 De
178 1376 476 1433 dulcissimo
501 1386 558 1433 et
587 1376 940 1431 dilectissimo
966 1375 1225 1432 dilectore
1247 1390 1391 1441 meo,
1414 1384 1608 1445 nepote

67 1480 229 1539 vostro,
263 1470 418 1541 cujus
487 1469 923 1544 conversationis
967 1482 1064 1525 vos
1124 1468 1240 1524 scio
1282 1476 1606 1539 praesentem

68 1564 230 1620 habere
254 1563 383 1620 velle
432 1562 684 1619 notitiam
727 1564 831 1619 hoc
869 1562 1022 1620 vobis
1050 1562 1268 1630 mando,
1306 1562 1450 1634 quod
1486 1577 1605 1618 mea

67 1664 254 1712 testator
274 1654 636 1711 conscientia.
663 1654 756 1711 Sic
779 1655 964 1726 utique
1014 1663 1170 1711 cavet
1208 1670 1238 1709 a
1270 1654 1467 1727 quibus
1506 1669 1605 1709 ca-

68 1748 271 1802 vendum.
290 1755 362 1817 ut~
380 1746 515 1803 nulli
540 1755 785 1803 nostrum
806 1747 931 1818 jure
952 1744 1393 1817 reprehensibilis
1421 1744 1604 1800 videa—

1711 566 2011 637 Crispinus,
2046 568 2097 621 in
2128 567 2243 622 Vita
2276 584 2401 638 pag.
2433 569 2517 634 10,
2552 570 2615 624 D.
2655 568 2743 626 ubi
2779 572 2907 641 quid
2947 573 3047 627 sibi
3078 572 3292 627 accide-

1715 667 1823 724 rat,
1857 675 1979 713 cum
2006 657 2204 739 fugam
2238 661 2615 727 meditaretur,
2662 662 2760 717 soli
2796 661 3079 718 Guillelmo
3119 663 3294 732 aperit

1712 749 2067 806 Lanfranctts.
2105 750 2448 807 Guillelmnm
2493 766 2620 806 vero
2669 752 2722 805 in
2766 753 3020 807 abbatem
3067 751 3295 806 Corme-

1713 841 1934 897 liensem
1983 851 2321 913 assumptum
2366 844 2557 898 eadem
2606 843 2723 897 Vita
2776 842 3033 907 declarat,
3082 856 3200 911 cap.
3233 841 3291 907 Ξ,

1710 932 1906 1003 pagina
1930 932 1986 986 4.

1783 1023 2023 1077 Priorem
2066 1023 2315 1078 damnum
2344 1020 2629 1077 Ernostum
2678 1023 3028 1077 constituatis.
3074 1022 3296 1078 Cormc-

1712 1115 1901 1170 liensis
1939 1117 2278 1182 monasterii,
2324 1117 2463 1186 (mea
2492 1118 2707 1187 quidem
2738 1117 3071 1188 conjectura)
3104 1132 3295 1187 quam-

1710 1204 1792 1259 vis
1840 1203 2025 1259 forsan
2078 1213 2205 1260 tunc
2254 1207 2512 1275 temporis
2560 1206 2720 1261 Becci
2767 1214 3112 1271 moraretur;
3171 1221 3295 1259 nam

1708 1295 1852 1364 apud
1908 1295 2207 1351 monachos
2262 1303 2318 1351 et
2370 1286 2684 1363 canonicos,
2746 1297 2941 1366 quibus
2994 1297 3294 1368 praesertim

1708 1385 1860 1441 cordi
1903 1396 2025 1440 erat
2073 1385 2369 1457 disciplina:
2421 1386 2808 1444 ecclesiastica:
2856 1403 2920 1443 ac
2982 1389 3297 1442 monastica:

1710 1478 1859 1549 rigor
1904 1485 1961 1532 et
2006 1478 2371 1544 observantia,
2425 1478 2479 1533 in
2533 1491 2686 1533 more
2732 1477 2968 1548 positum
3006 1476 3129 1543 fuit,
3169 1479 3297 1533 dum

1706 1569 2031 1625 electionum
2054 1567 2177 1636 jure
2198 1568 2526 1638 potirentur,
2557 1579 2617 1623 ut
2641 1568 3114 1625 indiscritninatim
3145 1568 3297 1639 (nota

1710 1657 1925 1729 loquor)
1974 1674 2040 1713 ex
2086 1658 2315 1713 diversis
2382 1657 2641 1714 Ecclesiis
2692 1667 2747 1712 et
2795 1658 3141 1714 monasteriis
3187 1659 3298 1729 epi-

1709 1765 1926 1821 scopos,
1976 1748 2224 1818 abbates,
2262 1760 2318 1805 et
2356 1750 2586 1819 priores,
2632 1751 2779 1805 viros
2818 1750 3104 1820 inculpata:
3148 1750 3293 1816 vitae,

67 1844 163 1903 tur;
186 1838 255 1893 sic
280 1839 459 1895 studet
498 1838 689 1894 humili
720 1838 1067 1908 benignitati,
1092 1847 1147 1895 et
1162 1838 1407 1908 benigna:
1430 1837 1607 1891 humi-
1640 1819 1682 1873 Β
1709 1819 1946 1910 probata:
1975 1842 2295 1911 prudentire,
2322 1857 2386 1897 ac
2415 1843 2674 1899 doctrinae
2703 1819 3011 1912 singularis,
3046 1842 3145 1897 sibi
3171 1842 3295 1897 seli-

68 1930 192 2001 litati,
208 1931 280 1986 sic
300 1932 466 2003 quieti
496 1940 557 1987 et
580 1918 819 1998 silentio,
853 1940 1017 2001 atque
1036 1929 1291 1994 orationi,
1323 1937 1382 1983 ut
1410 1930 1605 1984 merito

68 2022 122 2075 sit
148 2024 377 2079 omnibus
405 2023 678 2078 amabilis.
704 2022 808 2077 Sed
827 2029 912 2078 est
927 2022 1202 2090 quiddam,
1235 2020 1377 2088 quod
1409 2034 1602 2090 quam-

71 2115 130 2169 vis
155 2129 257 2170 rere
274 2115 488 2170 credam
510 2114 642 2185 quia
661 2114 957 2169 clementer
983 2112 1033 2168 ei
1066 2110 1197 2166 facit
1217 2110 1396 2166 divina
1425 2110 1604 2181 provi-

68 2207 230 2272 dentia,
256 2223 356 2263 non
385 2217 573 2264 tamen
599 2208 731 2264 illud
773 2208 963 2263 videre
990 2222 1209 2277 possum
1241 2207 1444 2276 absque
1474 2206 1603 2261 eba-

71 2298 239 2354 ritativa
263 2300 653 2371 compassionis
686 2298 974 2364 molestia;
1011 2299 1196 2354 dolore
1245 2311 1478 2367 namque
1507 2312 1601 2351 ca-

69 2391 323 2462 pitis373
352 2391 462 2460 jam
488 2405 591 2462 per
614 2391 795 2461 plures
844 2404 1058 2445 menses
1104 2392 1183 2444 sic
1211 2403 1333 2442 eum
1376 2394 1602 2458 paterae

70 2481 208 2536 divina
235 2481 413 2552 afﬂigit
438 2482 747 2553 castigatio,
775 2492 913 2537 utet
949 2481 1240 2550 aliquando
1270 2497 1298 2534 a
1330 2489 1597 2536 conventu

68 2575 287 2627 communi
312 2575 426 2645 ejus
481 2575 609 2629 latta
633 2574 958 2629 dissocietur
1003 2573 1365 2637 conversatio,
1402 2580 1458 2627 et
1484 2588 1599 2627 om-

71 2665 166 2717 nino
190 2679 215 2718 a
234 2664 452 2721 lectione
475 2675 577 2721 aut
624 2666 804 2736 aliqua
835 2661 1076 2721 studiosa
1099 2663 1454 2719 meditatione
1480 2664 1599 2732 ejus

72 2759 364 2824 prohibeatur
384 2760 644 2824 intentio,
674 2778 693 2811 ι
726 2769 824 2814 etc.
854 2758 1097 2814 Meminit
1124 2758 1319 2812 iterum
1356 2756 1596 2827 ejusdem

72 2845 326 2916 Lanfranei,
353 2850 513 2905 simul
537 2857 593 2905 et
617 2848 880 2906 Guidonis
903 2848 1095 2903 eodem
1128 2847 1243 2912 lib.,
1268 2845 1483 2916 epistol.
1506 2846 1595 2901 65.

71 2938 122 2990 At
153 2938 229 2992 lib.
259 2955 314 3004 ιι,
333 2941 494 3010 epist.
532 2938 641 3004 42,
670 2939 819 2994 illum
852 2939 1028 3009 ipsum
1060 2935 1424 2991 Lant‘rancum
1483 2936 1597 3006 (qui

71 3030 174 3087 dam
195 3041 240 3089 et
261 3034 557 3090 inconsulto
583 3032 645 3088 Β.
673 3033 976 3087 abbatesuo
987 3030 1265 3095 Ansehno,
1282 3030 1411 3096 quin
1432 3029 1596 3085 etiam

71 3123 305 3189 renitente,
332 3139 620 3180 assensum
643 3122 948 3194 pnebuerat
972 3130 1034 3175 ut
1054 3122 1107 3175 in
1130 3121 1382 3176 abbatem
1410 3120 1595 3176 Sancti
1623 3147 1670 3209 ο

72 3212 381 3286 Vandregesiii
449 3214 850 3286 assumeretur)
929 3213 1277 3270 severissime
1327 3211 1593 3284 obiurgat,

71 3313 307 3377 monetque
343 3321 406 3362 ac
458 3305 714 3377 prmeipit
747 3314 1016 3376 quatenus
1062 3302 1383 3360 electionem
1422 3305 1490 3358 de
1540 3317 1599 3359 se

73 3392 225 3449 tactam
269 3397 480 3467 abjiciat
522 3395 777 3467 (legenda
824 3393 1025 3450 ibidem
1081 3392 1312 3465 epistola
1336 3392 1600 3451 Gualtero

71 3483 197 3548 priori
243 3487 401 3541 sancti
427 3486 803 3558 Vaudregesili
832 3485 1138 3557 inscripta).
1165 3486 1367 3541 Verum
1392 3484 1600 3541 electus

74 3577 241 3633 tandem
288 3580 449 3637 abbas
503 3578 847 3635 Lanfrancus
911 3578 1056 3633 haud
1106 3576 1338 3633 solidum
1398 3590 1598 3631 annum

75 3665 240 3723 abbatis
279 3672 479 3741 potitus
525 3678 643 3737 est;
692 3684 842 3724 nam.
871 3684 961 3724 an.
996 3668 1128 3723 1091
1154 3707 1170 3733 ,
1223 3667 1400 3736 inquit
1437 3666 1601 3721 breve

73 3751 327 3816 Chronicon
352 3775 454 3816 ms.
484 3759 550 3817 S.
585 3757 981 3830 Vandregesili,
1013 3776 1032 3812 ι
1066 3757 1405 3813 Lanfrancus
1433 3757 1601 3812 abbas

74 3845 439 3911 Fontanellensis
458 3852 700 3910 emnobii
732 3852 890 3917 obiit,
921 3852 1008 3907 cui
1045 3852 1309 3907 successit
1333 3850 1601 3908 Gtrardus

73 3936 200 3994 abbas
213 3939 292 3995 3i.
323 3959 342 3993 ι
370 3942 445 3999 De
463 3942 719 3999 Gnidone
746 3952 928 3996 autem
959 3941 1365 4011 foquituridem
1396 3940 1454 3996 S.
1483 3941 1598 3995 An-

73 4024 443 4101 teimusepistola
472 4032 629 4105 prius
651 4032 820 4087 citata
849 4048 865 4085 :
899 4051 918 4083 ι
954 4030 1240 4086 Dominum
1272 4029 1599 4096 Guidonetn,

71 4127 193 4181 linem
243 4122 553 4193 magisterio
604 4136 897 4194 puerorum
950 4121 1281 4188 addidimus,
1309 4123 1389 4177 sic
1419 4122 1600 4178 suavis

73 4214 355 4269 commendat
399 4215 741 4279 obedientia,
766 4223 821 4271 et
848 4216 901 4270 in
927 4215 1249 4270 strenuitate
1300 4214 1597 4280 humilitas,

75 4306 117 4351 υι
142 4304 315 4369 pariter
336 4306 559 4374 gloriari
612 4306 908 4377 possimus,
939 4314 997 4361 et
1026 4320 1122 4361 vos
1174 4319 1271 4383 per
1320 4320 1503 4376 quem,
1546 4313 1601 4359 et

75 4406 149 4447 uos
172 4399 246 4465 qui
270 4414 385 4455 eum
406 4401 571 4457 talem
602 4402 889 4457 habemus.
928 4419 945 4450 ι

1708 1941 1920 2003 gerent,
1950 1942 2263 2002 expeterent
2275 1975 2288 1998 ,
2324 1943 2578 2005 cogerent

1778 2021 2087 2077 Ernostum.
2128 2024 2175 2078 Is
2214 2033 2296 2079 est
2344 2038 2506 2093 quem
2534 2024 2790 2080 Ecclesia:
2814 2023 3052 2080 Rotl‘ensr
3100 2026 3292 2093 practe-

1706 2113 1849 2169 cisse
1899 2115 2364 2186 archiepiscopum
2397 2116 2763 2172 Lanfrancum
2811 2117 3042 2172 vidimus
3077 2118 3128 2171 in
3177 2100 3294 2185 ejus

1709 2202 1828 2256 Vita
1886 2204 2046 2258 toties
2088 2206 2374 2273 producta,
2426 2221 2545 2275 cap.
2592 2207 2645 2272 7,
2697 2221 2819 2276 pag.
2856 2206 2909 2272 9,
2953 2215 3008 2260 et
3059 2208 3292 2274 cap.15.

1705 2292 1947 2362 pag.15.
1992 2291 2304 2365 Eademque
2349 2296 2546 2365 repetit
2592 2294 2862 2351 Robertus
2902 2294 2969 2350 de
3019 2294 3197 2349 Monte
3238 2296 3291 2350 in

1704 2383 1895 2438 chron.
1930 2399 2032 2440 ms.
2064 2400 2154 2440 an.
2180 2386 2340 2443 1089.

2204 2492 2273 2531 ΑΙ)
2312 2493 2606 2534 Εριδτοιμι
2651 2494 2792 2533 XLIX.

1776 2565 1842 2619 Et
1871 2566 1923 2618 in
1950 2568 2059 2621 suis
2088 2583 2176 2622 eos
2203 2568 2356 2632 locis,
2382 2577 2488 2623 etc.
2531 2568 2815 2638 Sumptum
2850 2571 2901 2625 id
2930 2571 3186 2641 prmcepti
3224 2584 3293 2625 ex

1706 2655 1902 2726 regula:
1950 2655 2008 2710 S.
2037 2655 2316 2712 Benedicti
2365 2672 2483 2727 cap.
2510 2657 2601 2713 29.
2648 2658 2801 2724 Quod
2850 2658 3175 2714 monachum
3222 2660 3293 2713 ob

1703 2746 1910 2800 crimen
1960 2763 1991 2802 e
2052 2748 2387 2803 monasterio
2433 2763 2735 2818 egressum,
2776 2749 2823 2805 si
2865 2759 3191 2812 revertatur,
3235 2749 3293 2803 iu

1702 2834 2060 2891 novissimum
2094 2835 2270 2890 locum
2303 2837 2462 2891 docet
2488 2836 2887 2905 dejiciendum:
2922 2857 2938 2887 ι
2973 2837 3036 2891 Et
3065 2838 3167 2902 sic,
3205 2839 3292 2891 iu-

1702 2923 1843 2991 quit,
1876 2924 1930 2978 in
1964 2924 2156 2979 ultimo
2182 2926 2352 2996 gradu
2387 2926 2700 2995 recipiatur,
2734 2935 2791 2980 ut
2817 2940 2881 2980 ex
2920 2928 3021 2982 hoc
3046 2928 3164 2998 ejus
3193 2928 3294 2981 bu-

1702 3011 1902 3067 militas
1942 3018 2343 3084 comprobctur.
2380 3034 2398 3065 ι
2454 3015 2520 3069 Et
2555 3030 2676 3083 cap.
2711 3015 2801 3070 44.
2844 3015 2919 3072 De
2967 3017 3033 3071 iis
3065 3018 3155 3087 qui
3193 3033 3295 3072 ex-

1702 3106 2176 3161 communicantur
2200 3104 2264 3160 εἲ
2300 3107 2365 3161 Et
2398 3116 2545 3174 tunc,
2586 3109 2631 3182 si
2663 3107 2908 3177 jusserit,
2941 3111 3111 3165 abbas
3159 3111 3297 3165 rcci-

1703 3196 1883 3263 piatur
1921 3195 1973 3250 in
2001 3195 2189 3263 choro,
2221 3197 2303 3253 vel
2358 3198 2550 3254 ordine
2578 3213 2685 3268 quo
2714 3201 2882 3256 abbas
2909 3201 3229 3256 decreverit.
3271 3220 3288 3251 ι

2241 3302 2271 3341 Α
2280 3303 2310 3340 D
2350 3301 2645 3343 ιῑριοτοιη
2687 3304 2738 3342 ι..

1780 3374 2042 3430 Ramaldo
2067 3376 2403 3432 Pictavorum
2431 3379 2579 3432 urbis
2602 3379 2802 3436 abbati.
2850 3379 2965 3436 Hoc
2995 3390 3078 3437 cst
3108 3396 3297 3437 emno-

1704 3466 1775 3520 bii
1831 3466 1999 3524 sancti
2050 3467 2301 3538 Cypriani
2359 3468 2427 3522 ad
2476 3484 2663 3525 muros
2710 3471 2864 3526 urbis
2912 3471 3289 3528 Pictaviensis.

1706 3556 1931 3612 Veteres
1967 3557 2295 3612 membrana:
2337 3557 2580 3626 ejusdem
2623 3562 2938 3616 monasterii
2967 3580 2979 3615 :
3014 3580 3032 3613 ς
3064 3562 3290 3617 Rainal-

1703 3648 1806 3704 dus
1836 3662 1904 3703 ex
1949 3650 2216 3704 monacho
2240 3646 2392 3703 Casa:
2438 3649 2556 3715 Dei,
2586 3648 2762 3705 factus
2799 3661 2883 3706 est
2910 3653 3079 3707 abbas
3106 3651 3293 3707 Sancti

1703 3738 1987 3811 Cypriani;
2021 3754 2179 3809 quem
2199 3737 2585 3803 Cluniacenses
2610 3741 2860 3797 monachi
2890 3742 2991 3798 sibi
3023 3742 3296 3811 subjicere

1705 3834 2019 3902 cupientes,
2060 3830 2413 3887 multifariam
2455 3831 2774 3904 fatigarunt,
2809 3836 2903 3891 sed
2946 3851 3013 3892 eo
3063 3835 3299 3891 viriliter

1706 3930 1759 3977 et
1800 3923 2079 3993 sapienter
2115 3923 2423 3989 resistente,
2473 3939 2579 3979 non
2612 3927 3032 3996 prmvalnerunt.
3079 3927 3301 3985 Restitit

1702 4013 1867 4070 etiam
1908 4013 2082 4069 tribus
2118 4015 2171 4069 in
2210 4015 2455 4071 conciliis
2487 4016 2704 4073 favente
2737 4018 2838 4074 sibi
2867 4020 3064 4076 Amato
3094 4020 3292 4092 legato,

1702 4114 1759 4160 et
1803 4104 2103 4161 lsamberto
2147 4107 2403 4177 episcopo
2438 4106 2807 4174 Pictaviensi,
2841 4107 3058 4178 Majoris
3110 4110 3298 4168 Mona-

1704 4198 1856 4255 sterii
1909 4197 2215 4263 monachis,
2254 4216 2272 4249 ι
2322 4206 2432 4253 etc.
2487 4199 2769 4266 Quomodo
2831 4211 3014 4255 autem
3068 4204 3298 4257 summis

1704 4293 2055 4364 pontificibus
2104 4306 2263 4363 opem
2321 4292 2684 4361 (potissimum
2718 4293 3003 4349 Urbauoll
3048 4295 3103 4347 in
3150 4310 3297 4348 stun-

1706 4400 1850 4457 matn
1904 4383 2269 4438 calamitatem
2317 4381 2560 4447 redacto)
2617 4383 2959 4453 praestiterit,
3013 4384 3180 4439 habes
3230 4400 3296 4439 ex

127 4482 352 4543 Theodino
378 4491 554 4546 dctus.
592 4489 670 4544 Ita
711 4491 765 4545 in
795 4498 1025 4557 utroque
1070 4489 1379 4558 apographo
1408 4496 1461 4541 et
1487 4486 1592 4542 Ca-
1629 4491 1672 4543 Il
1700 4474 1929 4547 ορίειο¹ί¹
1978 4474 2217 4529 “onum”
2266 4473 2432 4543 (Ἶυοα
2475 4474 2665 4543 suam)
2706 4475 2870 4537 θίιίίθν
2912 4474 3161 4545 θὶυεάεηι
3197 4475 3299 4531 U‘"

76 4573 294 4643 doutcnsi,
337 4591 389 4636 et
417 4581 605 4637 Jacobi
638 4579 911 4636 Sirmondi
942 4580 1167 4650 legitur;
1200 4578 1294 4633 sed
1325 4577 1599 4639 lloratins,

76 4662 170 4717 libr.
202 4683 214 4719 l
244 4670 440 4737 epistol.
469 4673 561 4737 l8,
603 4670 671 4726 ad
703 4670 956 4734 Lollium,
992 4668 1157 4724 refert
1194 4668 1260 4723 de
1295 4665 1599 4730 Theonino,

78 4752 174 4811 ﬁcto
196 4763 392 4818 nomine
435 4780 465 4819 a
498 4764 721 4819 'l‘heone
750 4772 906 4830 poeta
950 4759 1393 4829 petulantissima:
1445 4757 1603 4811 male-

79 4843 272 4905 dicentia:
300 4870 311 4904 :

1006 4957 1093 5011 qui

214 5030 358 5090 Dente
384 5036 647 5092 Theonino
673 5052 791 5089 cum
817 5033 1253 5097 circumroditur;
1277 5032 1460 5101 ecquid

219 5126 287 5179 Αιι
315 5137 359 5183 te
383 5141 496 5199 post
529 5128 686 5199 paulo
715 5137 936 5183 ventura
964 5123 1199 5196 pericula
1223 5124 1383 5179 semis
1400 5125 1428 5177 ἶ)

498 5236 564 5274 ΑΙ)
602 5231 896 5273 ενιςτοωιι
937 5230 1126 5270 XLVIII.

136 5301 382 5365 Witfetmo.
418 5311 515 5367 Hic
542 5311 720 5380 primo
746 5308 1053 5371 Beccensis,
1079 5305 1293 5377 Opinor,
1322 5316 1444 5378 post
1466 5306 1601 5364 Cor-

88 5394 305 5454 tacliensis
333 5402 554 5458 abbatis:
582 5400 898 5465 monachus,
929 5406 983 5454 et
1011 5398 1179 5454 abbas
1204 5398 1434 5466 denique
1461 5398 1603 5465 cjus-

88 5481 180 5537 dem
213 5489 297 5545 loci
341 5494 456 5560 fuit,
495 5497 571 5549 uti
611 5492 920 5565 signiﬁcare
958 5491 1171 5546 videtur
1199 5492 1300 5545 hoc
1342 5490 1498 5545 titnlo
1543 5491 1597 5543 Β.

94 5569 405 5639 Lanfrancns:
442 5604 459 5636 ε
494 5584 856 5640 Dilectissimo
905 5582 1052 5637 Patri
1090 5580 1381 5646 Willelmo,
1431 5596 1604 5649 qttmt-

94 5659 187 5716 dam
214 5669 548 5739 dulcissimus,
590 5695 607 5727 ι
654 5682 761 5730 etc.
801 5673 936 5740 Quia
986 5671 1245 5727 nimirum
1290 5670 1445 5726 Becci
1497 5672 1604 5740 pri-

98 5752 190 5810 dem
214 5762 349 5819 simul
369 5769 521 5823 vitam
550 5771 816 5824 duxerant
851 5765 1257 5833 cmuobiticam;
1296 5766 1387 5823 sed
1418 5774 1468 5821 et
1499 5767 1606 5835 spi-

358 5860 619 5924 Pn'noL.
661 5860 784 5924 CL.

1705 4568 1828 4622 bani
1888 4564 1954 4619 ad
1999 4564 2283 4633 episcopos
2332 4572 2391 4631 et
2428 4562 2682 4632 praelatos
2718 4563 3046 4633 Aquitaniae,
3090 4564 3296 4620 Gasco-

1708 4659 1831 4722 nire,
1866 4665 2016 4711 etc..:
2053 4675 2069 4705 ι
2104 4654 2500 4710 Dilectissimus
2530 4670 2593 4709 ac
2619 4655 2904 4710 familiaris
2939 4669 3125 4711 noster
3152 4657 3295 4713 filius

1706 4746 2001 4804 Rainaldus
2054 4744 2369 4800 monasterii
2439 4742 2622 4799 Sancti
2660 4746 2915 4816 Cypriani
2967 4746 3155 4813 abbas,
3202 4764 3298 4800 no-

1704 4847 1914 4899 biscum
1972 4841 2282 4911 aliquandiu
2346 4851 2743 4905 commoratus,
2803 4852 2856 4896 et
2888 4842 3294 4912 oppressionem

1703 4950 1867 5007 quam
1919 4934 1977 4988 S.
2021 4932 2086 4986 Β.
2132 4931 2372 4987 Ecclesia
2437 4933 2697 5005 patitur,_
2745 4948 2807 4987 ac
2869 4934 3293 4989 consulatiOnem

1704 5045 1866 5099 quam
1924 5037 2106 5097 sperat
2162 5028 2214 5081 in
2272 5026 2490 5081 Christo
2537 5027 2825 5097 diligenter
2885 5028 3141 5092 intuitus;
3199 5043 3296 5096 per

1707 5121 1881 5189 ipsum
1922 5127 2108 5185 itaque
2134 5116 2418 5172 charitatts
2444 5124 2639 5171 vestrae
2666 5116 3083 5173 sollicitudinem
3112 5116 3295 5171 admo-

1706 5222 1916 5270 nemus,
1969 5217 2025 5261 ut
2072 5221 2217 5261 etrca
2266 5208 2508 5261 omnium
2560 5216 2801 5263 vestrum
2857 5217 3087 5261 matrem
3141 5205 3290 5261 8.8.

1708 5301 2002 5358 Ecclesiam
2048 5299 2228 5354 debito
2282 5298 2468 5370 vigore
2518 5298 2725 5354 ferveat
2771 5300 3129 5369 praesentibus
3176 5296 3293 5362 ejus

1706 5393 1984 5451 laboribus
2007 5390 2172 5462 374
2198 5406 2539 5456 succurrere,
2585 5401 2639 5444 et
2688 5393 2831 5460 quod
2878 5391 3155 5459 aspirante
3182 5390 3292 5444 Deo

1706 5484 2076 5548 destinaverit,
2126 5498 2223 5552 per
2274 5481 2485 5537 ﬁdelem
2538 5481 2845 5535 ministrum
2888 5481 3118 5535 latorum
3155 5496 3293 5550 pra:-

1708 5579 1940 5633 sentium
1974 5574 2211 5647 dirigere
2254 5590 2357 5629 non
2391 5584 2695 5635 cunetctur,
2740 5576 2811 5626 ita
2846 5584 3026 5629 tamen
3069 5576 3293 5644 utquod

1709 5671 1938 5740 quisque
1971 5667 2293 5731 contulerit,
2326 5667 2564 5733 ascripto
2612 5668 2690 5721 sui
2724 5668 2959 5721 nominis
2996 5667 3150 5722 titulo
3199 5683 3297 5721 no-

1710 5773 1837 5819 strrc
1888 5760 2092 5817 notitiae
2147 5768 2567 5828 repraesentet.»
2623 5759 2821 5813 lterum
2875 5758 3122 5814 Urbanus
3165 5758 3297 5813 Βαία-

2941 5852 3020 5912 20
