3864 6304
562 322 677 397 tuo

1791 326 2001 388 DOMNI
2040 326 2152 386 LU(

2286 325 2604 386 DACllEl‘lll
2624 326 2637 329 '
2868 296 2875 300 ’
3660 337 3729 399 eo

559 449 733 510 inaddo
762 467 776 505 :
815 466 833 502 ι
862 448 940 505 De
969 426 1229 519 religione
1269 451 1360 500 tua
1393 451 1452 501 et
1479 442 1766 516 prudentia
1798 444 2154 509 confidentes,
2187 449 2233 509 Α
2264 453 2367 510 tas,
2392 445 2533 498 sicut
2576 451 2703 500 sunt
2750 451 2859 499 tres
2911 442 3131 516 angeli,
3166 443 3238 499 na
3290 452 3450 509 tamen
3487 458 3537 504 ut
3571 466 3652 513 una
3680 460 3729 512 sit

563 541 799 617 apostoli
829 537 983 598 Pauli
1024 539 1387 596 obedientiam
1431 536 1763 608 injnngimus
1799 544 1880 603 ut,
1920 537 2063 592 sicut
2087 536 2181 591 de.

572 633 877 689 natiuisterio
921 631 1065 702 quod
1114 629 1278 684 ﬁebat
1333 627 1540 683 sanctis
1603 628 1696 697 qui
1769 626 2156 695 Hierosolymis

574 725 936 788 habitabant,
983 720 1215 792 gentiles
1250 719 1470 783 Paulus,
1521 734 1657 789 quos
1707 719 1817 773 Deo
1862 727 2157 789 praestante

564 822 941 880 converterat,
975 812 1331 877 admonebat;
1364 811 1434 865 ita
1472 819 1526 865 tu
1562 825 1776 880 quoque
1805 809 2075 879 episcopis
2103 819 2157 865 et

566 904 908 973 proceribus,
939 902 1259 972 cae-terisque
1293 900 1578 956 catholicis
1617 909 1775 955 terrm
1804 909 1998 955 vestrae
2027 900 2158 956 lide-

572 998 699 1051 litc'r
723 996 952 1050 devotus
983 992 1206 1048 insistas
1250 982 1519 1063 quatenus
1567 1007 1866 1062 pauperum
1894 990 2156 1047 Romanae

571 1086 829 1143 Ecclesiae
870 1098 1143 1140 memores
1212 1084 1357 1148 sint,
1411 1098 1708 1153 eorumque
1766 1083 2001 1152 inopiam
2059 1099 2155 1139 sua

574 1178 905 1236 abundantia
930 1177 1185 1248 supplere
1221 1193 1325 1232 non
1360 1177 1653 1247 negligant.
1703 1177 1783 1231 Ad
1826 1178 1969 1247 quod
2002 1192 2157 1232 exse-

572 1272 846 1343 quendum
884 1271 1265 1326 charissimum
1312 1269 1482 1323 lilium
1508 1268 1754 1322 neStrUm
2058 1268 2179 1322 ab;

568 1364 751 1419 batem
790 1363 845 1417 S.
876 1362 1063 1418 Sabini
1098 1360 1303 1417 laboris
1346 1362 1424 1415 tui
1474 1361 1733 1416 comitem
1783 1358 1903 1417 esse
1952 1363 2157 1420 consti-

573 1455 796 1521 tuimus,
841 1463 901 1508 ut
932 1452 1252 1507 maturatius
1280 1450 1688 1521 pressurarum‘
1713 1462 2021 1508 nostrarum
2053 1469 2175 1509 an-

581 1546 761 1617 gustiis
811 1544 1038 1600 valeatis
1089 1543 1400 1607 subvenire,
1447 1554 1555 1597 etc.
1617 1563 1635 1595 ι
1699 1543 1813 1599 Huc
1868 1559 2037 1615 usque
2087 1561 2154 1601 ex

575 1636 908 1692 chartulario
939 1634 1253 1689 monasterii
1288 1633 1467 1688 Sancti
1496 1633 1749 1704 Cypriani
1779 1637 2155 1707 congregatio-

572 1728 656 1781 nis
690 1725 875 1781 Sancti
908 1723 1098 1783 Mauri.
1134 1724 1399 1779 Czeterum
1443 1724 1507 1777 ad
1546 1724 1795 1778 eumdem
1830 1725 2151 1781 Rainaldum

570 1816 634 1870 Β.
660 1816 944 1871 Ansehuus
977 1815 1125 1869 misit
1168 1813 1486 1882 opusculum
1539 1814 1626 1869 cui
1678 1814 1863 1870 titulus
1921 1815 2155 1871 Menelo-
2187 1795 2229 1854 Β

571 1909 737 1978 gium,
768 1908 860 1961 lib.
895 1922 935 1973 ι,
966 1907 1125 1976 epist.
1160 1906 1246 1959 74.

644 1998 1024 2069 Bercngarium
1056 1997 1193 2050 ilico.
1229 1995 1481 2051 Pluribus
1529 2012 1691 2068 supra
1743 1999 1794 2052 in
1825 1998 1983 2069 epist.
2016 2000 2068 2067 l,
2101 2016 2153 2067 a,

569 2096 625 2143 ct
650 2087 705 2152 4,
740 2104 803 2149 u,
850 2087 917 2142 de
964 2085 1330 2155 Bereugario;
1390 2085 1543 2155 cujus
1588 2088 1751 2141 verba
1800 2088 1854 2141 in
1897 2091 2156 2145 extremis

568 2176 733 2246 positi
778 2175 1037 2231 describit
1078 2176 1132 2229 iu
1164 2175 1309 2230 hunc
1343 2176 1561 2229 modum
1608 2174 1749 2230 Guil.
1805 2176 2152 2234 Mulmcsbur.

568 2269 665 2325 lib.
700 2283 759 2323 ιιι
795 2268 872 2324 De
893 2276 1032 2337 gest.
1058 2266 1314 2337 Anglor.:
1348 2286 1365 2318 ι
1388 2267 1748 2339 Berengarius
1777 2268 1935 2338 plane
1961 2286 2155 2340 quam-

566 2361 649 2416 \‘is
693 2359 1021 2415 sententiam
1069 2359 1387 2422 correxerit,
1441 2374 1631 2414 omnes
1679 2368 1879 2426 tamen,
1928 2376 2064 2431 quos
2089 2378 2157 2418 ex

571 2451 706 2507 totis
757 2453 916 2506 terris
964 2453 1359 2520 dcpravaverat
1388 2491 1403 2517 ,
1458 2462 1780 2508 convertere
1827 2455 2091 2524 nequivit.
2132 2475 2151 2507 ι

566 2544 633 2599 Ει
666 2543 804 2599 infra
831 2561 843 2597 :
875 2561 893 2594 ι
921 2542 1055 2609 Quia
1087 2552 1141 2597 et
1179 2542 1291 2613 ipse
1322 2543 1408 2597 die
1440 2540 1865 2613 Epiphaniorum
1894 2546 2154 2613 moriens,

566 2633 880 2703 gemituque
912 2631 1176 2703 producto
1211 2634 1528 2688 recordatus
1557 2642 1690 2702 quot
1720 2636 1949 2690 miseros
1983 2651 2159 2707 quon-

571 2726 695 2781 dam
726 2724 1042 2780 adolescens
1065 2723 1250 2793 ~primo
1275 2723 1453 2777 aetatis
1476 2724 1659 2779 calore
1700 2735 1847 2780 secta
1879 2744 1975 2782 sua
2023 2728 2157 2784 infe-

565 2824 715 2872 cerat
735 2832 778 2867 ει
798 2813 988 2879 Hodie,
1008 2814 1202 2883 inquit,
1221 2813 1272 2866 in
1300 2813 1387 2867 die
1409 2814 1766 2882 apparitionis
1797 2831 1906 2870 sua:
1931 2831 2155 2887 appare-

570 2904 652 2959 bit
693 2906 825 2959 mihi
858 2905 1118 2959 Dominus
1148 2918 1299 2958 meus
1322 2901 1482 2958 Iesus
1509 2902 1759 2960 Christus
1788 2918 2008 2975 propter
2038 2926 2155 2979 pa:-

569 2996 878 3063 ttileutiatn,
913 3004 971 3049 ut
1000 3008 1181 3065 spero,
1221 2995 1287 3049 ad
1327 2994 1594 3065 gloriam;
1632 2996 1714 3051 vel
1747 3009 1968 3068 propter
1996 3000 2152 3066 alios,

567 3099 628 3145 ut
658 3090 843 3154 timeo,
870 3089 936 3143 ad
969 3103 1209 3159 pinnam.
1242 3106 1260 3139 ι

2258 535 2508 592 voluntas
2538 544 2593 591 et
2642 544 2914 606 potestas;
2953 546 3045 591 aut
3073 535 3289 593 Patrem
3322 548 3375 593 et
3397 539 3615 608 Spiritum
3646 561 3729 601 san-

2256 632 2401 678 ctum
2436 639 2556 680 esse
2596 626 2957 693 incarnaturn,
2994 636 3049 681 et
3082 634 3194 683 tres
3217 628 3341 683 deos
3363 644 3475 684 vere
3500 632 3584 687 dici
3606 648 3727 703 posse,

2255 713 2302 768 si
2328 710 2467 770 'usus
2494 715 2823 772 admitteret.
2871 716 2928 772 ln
2956 733 3061 788 qua
3092 719 3355 775 sententia
3387 723 3559 778 asserit
3578 740 3731 783 retiera—
3828 710 3829 783 i

2256 808 2381 864 bilis
2424 811 2698 866 memoria:
2739 811 3209 883 archiepiscopum
3238 812 3565 870 Lanfrancum
3602 817 3728 882 fuisse.

2255 906 2310 951 et
2338 913 2426 954 me
2449 914 2591 966 esse,
2622 918 2641 950 ι
2675 909 2795 956 etc.
2814 902 3019 958 Deinde
3042 911 3229 973 partes
3260 913 3366 957 tum
3391 907 3730 973 prastantissiuii

2257 991 2498 1062 magistri
2534 992 2616 1047 sui
2674 1001 2784 1047 tum
2814 1009 2943 1050 suas
2983 994 3035 1048 iu
3070 994 3300 1050 concilio
3323 995 3547 1052 Remensi
3575 1001 3730 1056 tuendas

2257 1081 2534 1151 suscipere
2577 1090 2731 1153 rogat
2783 1084 3095 1154 episcopum
3142 1084 3729 1145 BelvacensemztArcbi-

2256 1172 2567 1244 episcopum
2631 1175 2850 1244 quidem
2898 1175 3261 1232 Lanfrancum
3313 1178 3503 1249 (subdit
3541 1179 3626 1248 ille)
3660 1183 3732 1236 vita

2256 1263 2371 1333 ejus
2402 1265 2587 1320 multis
2620 1265 2891 1337 religiosis
2916 1276 2974 1322 et
3007 1267 3340 1337 sapientibus
3365 1268 3483 1324 viris
3512 1279 3629 1335 nota,
3651 1271 3733 1341 quia

2256 1358 2323 1411 de
2350 1371 2419 1412 eo
2448 1372 2722 1427 nunquam
2768 1357 2969 1427 aliquid
3003 1358 3109 1415 tale
3136 1360 3334 1426 sonuit,
3365 1358 3427 1415 ab
3460 1362 3547 1415 hoc
3574 1360 3733 1416 crimine

2256 1447 2390 1503 satis
2427 1457 2680 1515 excusat,
2727 1457 2782 1503 et
2811 1449 3057 1505 absentia
3112 1456 3167 1505 et
3205 1464 3351 1515 more
3386 1448 3490 1519 ejus
3511 1463 3676 1505 omnem
3692 1452 3735 1505 de

2256 1552 2321 1593 eo
2346 1552 2541 1592 novam
2571 1538 2969 1595 accusationem
2996 1548 3233 1595 recusat.
3263 1540 3336 1595 De
3358 1555 3437 1595 me
3458 1549 3732 1604 autem,etc.i

2254 1629 2521 1685 Caeterum
2564 1630 2624 1686 Β.
2646 1630 2939 1686 Laufranci
2970 1633 3134 1686 verba
3165 1631 3256 1687 illa
3285 1632 3399 1703 plus
3426 1633 3541 1687 satis
3564 1630 3734 1687 Resedi-

2256 1737 2384 1776 num
2397 1722 2701 1789 confutant,
2717 1724 3001 1779 audaciam
3049 1724 3364 1790 retundunt,
3396 1724 3578 1779 diluunt
3597 1723 3736 1778 calum-

2257 1815 2423 1869 niam.
2480 1815 2703 1883 Ecquid,
2738 1816 2956 1879 amabo,
2993 1817 3037 1871 is
3081 1816 3183 1871 nisi
3234 1816 3490 1871 Christum
3536 1816 3578 1869 iu
3610 1814 3735 1868 eadem

2259 1918 2491 1974 persona
2540 1905 2813 1961 hominem
2863 1921 3053 1960 verum
3120 1916 3174 1962 et
3247 1907 3409 1962 Deum
3455 1921 3608 1961 verum
3645 1920 3735 1967 esse,

2258 2005 2418 2066 atque
2446 1997 2619 2051 solum
2666 1998 2840 2068 ipsum
2872 1998 3167 2054 humanam
3204 2010 3444 2054 naturam
3475 1997 3736 2067 assumpsisse

2257 2087 2591 2157 profitetur?
2637 2088 2695 2142 ln
2742 2083 2863 2160 ipSa
2907 2104 3130 2160 quoque
3178 2106 3404 2161 persona
3448 2106 3553 2144 cum
3594 2096 3735 2143 asserat

2257 2172 2386 2235 vere
2430 2179 2810 2246 divinitatem,
2857 2196 2923 2237 ac
2950 2180 3100 2236 Patri
3153 2192 3206 2236 et
3250 2182 3465 2253 Spiritui
3507 2190 3737 2249 sanctopct

2257 2273 2441 2328 omnia
2492 2287 2616 2328 esse
2666 2271 2927 2342 aqualem
2958 2313 2972 2339 ,
3026 2272 3336 2328 nullatenus
3390 2282 3491 2327 tres
3535 2272 3637 2325 deos
3671 2267 3736 2321 diri

2256 2370 2413 2434 posse
2440 2363 2597 2420 docet
2621 2365 2927 2433 perspicue,
2950 2362 3105 2433 juxta
3129 2362 3428 2434 symbolum
3458 2358 3738 2418 D.Atliana.~io

2257 2451 2549 2521 aSCriptum
2576 2470 2589 2505 :
2622 2471 2639 2503 ι
2663 2451 2847 2518 Qualis
2874 2451 3056 2516 Pater,
3092 2453 3213 2507 talis
3236 2452 3420 2518 Filius,
3448 2451 3557 2506 talis
3577 2448 3737 2520 Spiritus

2256 2550 2497 2596 sanctus.
2526 2560 2545 2593 ι
2582 2540 2862 2597 Postremo
2890 2556 3104 2611 quoque
3131 2542 3222 2597 illo
3249 2542 3441 2598 eﬂ‘ato:
3467 2560 3484 2592 ι
3514 2538 3739 2608 Uttigeaitus

2256 2632 2433 2688 Patris
2467 2634 2539 2687 ita
2583 2634 2636 2688 in
2684 2635 2941 2690 mundum
2993 2634 3171 2702 venit,
3220 2645 3281 2690 ut
3328 2646 3495 2690 tamen
3539 2640 3740 2702 apatcnio

2256 2722 2378 2777 sinu
2420 2738 2695 2793 nunquam
2741 2724 3062 2795 discederet,
3097 2745 3115 2778 ι
3168 2726 3315 2781 haud
3360 2725 3563 2781 obscure
3591 2723 3739 2777 deuio"-

2256 2822 2395 2869 Strat
2441 2813 2739 2883 sejunctam
2792 2824 2889 2870 aut
2961 2816 3323 2885 separabilem
3374 2828 3605 2885 nusquam
3639 2823 3741 2880 passo

2255 2917 2375 2958 esse
2412 2904 2608 2959 divinae
2647 2912 2855 2960 natura:
2890 2914 3150 2961 aeternam
3189 2907 3588 2968 connexiouem;
3624 2912 3742 2955 unum

2258 2994 2456 3049 mentis
2504 2994 2660 3064 inops
2710 2995 2852 3051 foret
2901 2996 2990 3051 ille
3036 2999 3367 3063 censendus,
3411 2993 3649 3066 qui,quirl
3682 3006 3743 3041 tm-

2254 3099 2418 3153 quam
2468 3091 2655 3157 nequit
2702 3089 2967 3159 separari,
3013 3098 3327 3161 separatum
3369 3085 3646 3153 afﬁrmaret?
3676 3082 3744 3134 Au-

647 3182 851 3237 Vocmts
894 3197 1013 3235 eunt
1060 3180 1423 3235 Romanorum
1470 3181 1792 3252 Luciferum.
1861 3185 2044 3241 Potius
2088 3204 2152 3242 ex

2258 3173 2470 3230 diamus
2485 3155 2645 3246 porro
2670 3155 2843 3248 ipsum
2869 3155 3181 3248 loquentem
3209 3155 3263 3234 in
3290 3194 3408 3249 cap.
3436 3178 3457 3231 1
3476 3177 3535 3231 ad
3553 3176 3705 3229 bonum
3718 3183 3743 3221 is

565 3273 826 3328 memoria
874 3288 1036 3342 quant
1084 3270 1355 3341 ipsissima
1401 3272 1574 3327 sancti
1622 3273 1934 3348 Hieronymi
1990 3280 2155 3334 verba

564 3363 774 3420 referre
805 3363 1041 3428 videtur,
1071 3361 1149 3416 sic
1175 3361 1425 3417 laudibus
1454 3362 1722 3419 adornatis
1769 3364 1825 3419 S.
1860 3364 2151 3435 Hilarium;

564 3471 628 3507 ea
677 3453 944 3524 siquidem
988 3451 1112 3523 (nisi
1165 3452 1426 3507 memoria
1469 3468 1554 3507 me
1598 3453 1773 3525 fallat)
1826 3456 1968 3512 inter
2013 3459 2157 3516 illitis

569 3547 812 3601 doctoris
858 3559 1023 3615 opera
1068 3544 1207 3599 haud
1253 3559 1528 3615 quaquam
1576 3545 1703 3601 licet
1758 3547 2021 3604 invenire.
2066 3551 2158 3607 Sic

564 3649 742 3691 autem
774 3636 970 3706 legitur
996 3635 1137 3704 apud
1163 3636 1413 3691 eumdem
1448 3635 1858 3709 Hieronymum,
1892 3650 2037 3697 tomo
2065 3641 2154 3709 Ill,

565 3729 725 3797 epist.
759 3727 882 3791 Ml,
917 3728 983 3780 ad
1014 3726 1319 3780 Marcellam
1364 3744 1375 3779 :
1428 3745 1445 3777 ι
1485 3727 1718 3782 Tantum
1764 3730 1938 3784 virum
1988 3730 2158 3801 (Hilai

568 3816 735 3888 rium)
774 3825 828 3870 et
870 3813 1203 3883 temporibus
1243 3816 1357 3869 suis
1399 3814 1817 3870 disertissimum
1862 3819 2158 3888 reprehens

570 3910 702 3964 dere
742 3924 848 3963 non
880 3908 1075 3971 audeo,
1103 3907 1193 3976 qui
1241 3916 1295 3961 et
1320 3908 1680 3963 confessionis
1708 3922 1818 3961 sua:
1853 3909 2070 3976 merito,
2099 3904 2157 3966 et

544 3999 695 4073 _vita:
740 3996 1032 4061 industria,
1077 4004 1130 4051 et
1160 3996 1485 4065 eloquentia:
1530 3994 1798 4060 claritate,
1850 3997 2155 4069 ubicunque

566 4095 875 4149 Romanum
909 4106 1104 4145 nomen
1148 4098 1233 4145 est
1279 4091 1629 4161 przedicatur.
1671 4111 1688 4143 ι
1742 4093 1872 4148 Item
1926 4094 1978 4147 in
2011 4092 2155 4163 prie;

565 4188 772 4243 fatione
787 4186 879 4241 lib.
898 4201 994 4242 Vlll
1012 4183 1381 4240 Commentar.
1405 4185 1455 4237 in
1482 4183 1676 4239 Isaiam
1694 4201 1705 4236 :
1726 4204 1745 4235 ι
1764 4184 1863 4251 Qui
1883 4185 1927 4239 si
1953 4184 2151 4242 flumen

562 4280 904 4351 eloquentize,
939 4287 994 4333 et
1019 4277 1317 4332 concinnas
1371 4274 1790 4330 declamationes
1820 4276 2148 4343 desiderant,

563 4373 747 4443 legant
773 4369 1029 4434 Tullium,
1062 4367 1474 4435 Quintilianum,
1497 4375 1629 4432 etc.,
1653 4375 1728 4434 et,
1755 4374 1813 4420 ut
1838 4368 1904 4422 ad
1934 4375 2151 4426 nostros

562 4462 807 4525 veniam,
843 4458 1259 4523 Tertullianum,
1286 4455 1645 4527 Cyprianum,
1676 4457 1963 4527 Hilarium,
1994 4479 2012 4512 ι
2042 4468 2147 4516 etc.

568 4552 571 4556 ’
633 4551 893 4604 Dominus
936 4548 1091 4602 Jesus
1134 4546 1373 4601 Christus
1422 4549 1480 4601 in
1525 4546 1706 4602 eadem
1756 4564 2004 4620 persona,
2040 4558 2148 4605 etc.

563 4640 692 4696 Haec
717 4650 774 4694 et
801 4654 921 4708 quae
950 4646 1254 4707 sequuntur
1282 4637 1595 4706 longissime
1629 4640 1829 4694 absunt
1865 4656 1894 4693 a
1925 4639 2152 4695 crimine

562 4733 658 4788 illo
690 4732 965 4786 lucreseos
996 4728 1327 4795 Trinitarias,
1375 4730 1519 4798 quod
1552 4728 1609 4785 S.
1635 4728 1964 4796 Lanfranco,
2010 4746 2151 4787 mor-

563 4823 655 4878 tali
690 4822 798 4877 vita
834 4820 1044 4886 functo,
1082 4821 1364 4889 imponere
1405 4819 1590 4874 nescio
1617 4835 1723 4888 qua
1764 4820 1945 4876 fronte
1976 4820 2153 4876 fuerat

560 4896 725 4969 ausus
757 4913 976 4983 quidam
1002 4910 1452 4979 Cninpendiensis
1499 4910 1747 4973 clericus,
1802 4904 2017 4967 nomine
2048 4913 2151 4969 Ho-

558 5005 826 5070 sceliuus;
882 5012 936 5058 et
984 5003 1241 5073 quidem,
1286 5010 1345 5055 ut
1390 5000 1624 5055 validius
1673 5002 1952 5059 insibilare
2000 5007 2149 5062 virus

557 5111 925 5170 spargereque
971 5102 1173 5165 posset,
1223 5091 1498 5165 pestifera)
1537 5107 1648 5148 suae
1693 5105 1856 5151 sectae
1899 5096 2149 5152 conscios

556 5184 651 5244 seu
684 5188 994 5257 magistros,
1016 5185 1266 5241 eumdem
1289 5183 1588 5238 antistitem
1633 5192 1688 5238 et
1717 5183 1779 5237 Β.
1807 5185 2145 5254 Anselmuni,

555 5280 931 5335 sanctissimos
972 5279 1120 5333 viros
1166 5287 1221 5333 et
1262 5276 1330 5332 de
1379 5275 1625 5333 Ecclesia
1666 5277 1935 5333 catholica
1983 5295 2145 5347 quam

555 5377 762 5447 optime
812 5373 1159 5444 promeritos,
1205 5372 1547 5435 susurrabat,
1593 5368 1894 5434 asserebat,
1935 5372 2145 5439 procla-

557 5452 781 5531 mabat;
832 5461 1290 5534 quemadmodum
1337 5460 1518 5531 legere
1566 5469 1649 5515 est
1694 5459 1836 5529 apud
1892 5459 2141 5514 eumdem

555 5561 897 5628 Anselmum,
946 5560 1041 5626 lib,
1092 5576 1157 5627 ιι,
1193 5563 1357 5631 epist.
1386 5559 1452 5614 41
1490 5559 1559 5615 ad
1609 5572 1925 5630 episcopum
1957 5559 2142 5615 Beira-

560 5668 814 5708 ccnsem:
846 5672 863 5705 ι
892 5652 1067 5709 Audio
1100 5654 1226 5723 quia
1272 5651 1597 5707 Roscelinus
1646 5648 1875 5704 clericus
1906 5649 2038 5705 dicit
2082 5652 2138 5707 in

558 5744 670 5800 Deo
704 5752 815 5800 tres
840 5759 1101 5815 personas
1152 5759 1271 5800 esse
1305 5755 1415 5801 tres
1448 5759 1534 5800 res
1559 5744 1627 5800 ab
1657 5743 1885 5801 invicem
1914 5756 2135 5814 separa-

2256 3279 2382 3336 Pdg.
2415 3266 2468 3332 9,
2507 3283 2561 3322 ιι.
2589 3266 2679 3333 20,
2720 3268 2786 3323 ad
2818 3268 2921 3325 hoc
2950 3270 3174 3325 verbum
3204 3268 3462 3325 Justitia‘:
3487 3288 3503 3320 ι
3526 3266 3622 3321 Alia
3639 3275 3743 3319 causa

2256 3370 2358 3409 cur
2407 3372 2515 3411 non
2568 3360 2882 3424 erubescat,
2931 3361 3056 3430 quia
3108 3360 3161 3414 in
3207 3375 3275 3416 eo
3317 3360 3564 3416 revelatur
3586 3353 3743 3427 qualiter

2251 3445 2430 3514 justos
2470 3448 2636 3504 faciat
2679 3451 2967 3517 credentes
3001 3467 3068 3507 ex
3105 3451 3213 3508 tide
3246 3452 3453 3509 Veteris
3485 3442 3741 3505 Tcstamenli.

2259 3552 2364 3605 qua
2396 3554 2534 3595 unus
2561 3539 2699 3595 Deus
2725 3540 3067 3607 credebatur,
3096 3541 3414 3610 proficiente
3441 3541 3489 3595 in
3516 3538 3641 3593 fidem
3656 3529 3742 3587 limi

2260 3625 2615 3693 Testamenti,
2642 3645 2747 3700 qua
2774 3630 2955 3696 Pater,
2989 3641 3044 3687 et
3066 3632 3254 3695 Filius,
3284 3641 3338 3689 ct
3363 3632 3571 3703 Spiritus
3595 3636 3746 3682 satietas

2259 3734 2399 3773 unus
2426 3727 2481 3773 et
2510 3721 2683 3776 tritius
2712 3721 2854 3777 Deus
2880 3725 3153 3780 creditur?
3182 3745 3201 3778 ι
3238 3725 3296 3780 ln
3324 3741 3440 3792 cap.
3462 3722 3591 3783 tuad
3609 3718 3742 3772 (ἐπει.

2256 3809 2324 3863 ad
2354 3810 2519 3882 375
2548 3814 2662 3867 haec
2693 3830 2708 3869 :
2743 3814 2882 3869 Dens
2909 3825 3081 3870 autem
3105 3834 3242 3873 unus
3270 3828 3368 3873 est.
3402 3838 3419 3870 ι
3450 3817 3586 3884 Q..ia.
3613 3808 3744 3878 inquit.

2258 3900 2535 3956 Christum
2588 3903 2724 3957 dixit
2751 3902 3101 3959 Mediatoretu
3137 3906 3510 3963 Dei'videlicet
3548 3896 3743 3959 et’liotui-

2256 4006 2409 4057 num,
2458 4000 2514 4047 et
2539 3991 2787 4049 Christus
2821 4004 2924 4063 est,
2960 3997 3286 4053 videbantur
3333 4013 3451 4054 esse
3478 3999 3568 4052 duo
3585 3992 3665 4053 dii;
3687 3988 3746 4042 εαι

2258 4083 2433 4140 absit!
2482 4084 2671 4142 Uuuus
2706 4087 2851 4143 enim
2884 4089 3047 4155 Deus,
3077 4090 3262 4159 Pater,
3294 4102 3349 4147 ct
3373 4091 3546 4153 Filius,
3572 4084 3746 4151 ειδρίτι·

2257 4187 2345 4234 tus
2372 4189 2615 4234 sanctus.
2649 4198 2670 4233 ι
2711 4178 2851 4235 Sunt
2880 4191 2935 4235 et
2966 4181 3070 4235 alia
3099 4182 3151 4237 id
3178 4189 3355 4253 genus
3382 4183 3587 4255 sparsim
3614 4187 3692 4230 ton
3713 4174 3747 4223 ιιι

2255 4267 2768 4334 Commetttarioad
2803 4270 3074 4341 Epistolas
3106 4271 3172 4326 Ι).
3197 4273 3349 4327 Pauli
3381 4274 3624 4327 innumera
3656 4272 3745 4333 pene

2255 4358 2395 4414 loca.
2448 4359 2763 4417 Detraxisse
2792 4362 3009 4417 demum
3051 4365 3233 4435 magni
3262 4362 3538 4420 Laufrauci
3563 4354 3745 4428 singular!

2256 4451 2520 4506 doctrinae
2571 4452 2885 4519 nonnullos,
2932 4455 3118 4524 paucis
3158 4456 3391 4525 ipsemet
3439 4444 3743 4509 inuuetct‘itk-

2257 4550 2368 4608 tur,
2414 4542 2434 4595 l
2477 4543 2543 4597 ad
2584 4542 2831 4598 Corinth.
2876 4560 2932 4607 ιι,
2966 4544 3053 4609 15,
3103 4546 3156 4600 in
3189 4546 3323 4611 tiae,
3369 4546 3435 4601 ad
3468 4546 3569 4599 lucc
3605 4535 3741 4591 verba:

2258 4632 2382 4689 Non
2413 4637 2467 4689 in
2486 4635 2672 4703 doctis,
2700 4646 2807 4691 etc.
2844 4656 2863 4689 ι
2898 4636 3028 4704 Qum
3056 4654 3153 4709 per
3179 4640 3413 4713 singula,
3440 4635 3605 4704 inquit.
3632 4640 3745 4693 cli‘"

2255 4732 2463 4791 nerem,
2509 4728 2615 4783 nisi
2663 4729 3042 4799 imperitorum
3094 4732 3377 4787 hominum
3432 4728 3593 4785 talium
3615 4715 3746 4777 distri-

2255 4831 2447 4871 naruni
2481 4832 2727 4872 murmur
2763 4819 3064 4875 timeretur.
3106 4839 3125 4873 ι

2327 4908 2511 4980 Neque
2534 4912 2671 4965 enim
2694 4912 2848 4966 [tanta
2884 4914 2940 4966 in
2967 4923 3107 4967 terra
3132 4915 3344 4985 degens,
3368 4917 3423 4969 in
3439 4912 3552 4967 casio
3570 4911 3745 4962 tractu?

2255 4999 2465 5068 poterit.
2502 4998 2645 5054 Solis
2673 4999 2928 5056 nimirum
2951 5002 3203 5057 humanae
3234 5014 3441 5059 natura:
3463 4998 3745 5056 vinbuswf'“

2257 5089 2492 5160 alioquin
2520 5090 2574 5145 iu
2604 5092 2856 5148 confesso
2884 5094 2956 5149 sit
2983 5094 3124 5165 apttd
3149 5110 3341 5151 omnes
3377 5094 3476 5151 SS.
3508 5093 3675 5147 Patres.
3696 5087 3733 5131 δι

2254 5198 2359 5251 quc
2381 5183 2635 5239 Ecclesia:
2660 5185 2943 5243 catholicae
2962 5189 3237 5252 doctores,
3262 5188 3333 5243 de
3373 5188 3580 5244 veritate
3618 5188 3748 5242 εοτρο·

2253 5273 2331 5329 ris
2349 5274 2545 5330 Christi
2570 5275 2624 5329 in
2648 5278 2993 5333 sacramento
3014 5279 3366 5345 disserentes,
3397 5280 3446 5335 id
3476 5275 3747 5337 ωοιιοευια·

2254 5364 2514 5430 naturali,
2537 5380 2601 5421 ac
2631 5366 2889 5424 divinitus
2925 5371 3041 5425 fieri
3070 5386 3245 5441 posse,
3303 5363 3698 5442 quemadmodum
3714 5362 3748 5403 τι

2252 5454 2482 5528 iPset‘net
2513 5462 2851 5521 Lanfrancus
2871 5464 3068 5536 probat
3100 5450 3153 5519 in
3182 5463 3365 5520 libello
3395 5463 3467 5518 De
3486 5445 3747 5515 eucharislii

2250 5565 2609 5611 sacramento.
2742 5549 2746 5552 ’

2795 5663 2863 5702 ΑΒ
2893 5662 3187 5703 ειιιετοιλιιι
3214 5662 3264 5701 ιι
3274 5686 3289 5699 .

2319 5740 2547 5796 Causam
2578 5740 2822 5796 Goduiui.
2854 5742 2900 5796 ls
2935 5751 3017 5796 cst
3056 5741 3235 5796 forsan
3265 5739 3421 5809 cujus
3469 5733 3610 5789 tiliam
3634 5725 3743 5779 d0“
