3864 6304
96 394 166 452 εει
1072 380 1138 441 ΙΝ
1178 380 1398 442 EPIST.
1437 382 1496 439 Β.
1536 380 1617 438 LA

1729 380 1937 439 RANCl
1975 377 2186 439 NOTrE
2207 432 2210 435 .

3188 382 3293 439 622

96 519 157 566 rit
189 502 255 562 S.
291 499 553 561 Eduardus
596 514 691 556 rex
736 498 1029 571 Anglorum
1056 538 1070 563 ,
1125 499 1325 568 quique
1369 498 1603 552 maxima
1632 504 1680 560 Α
1777 494 2135 551 ϐενειωωυς
2164 492 2606 564 Salzeburgensis
2631 494 2942 567 episcopus,
2993 495 3295 554 "sanasse

98 600 249 669 potitus
280 592 580 651 auctoritate
626 591 861 673 pessime
905 604 965 645 se
1014 590 1223 660 gessit,
1279 603 1343 644 ac
1388 588 1609 644 tandem

97 687 342 744 miserrime
366 692 588 740 mortem
615 682 862 753 Oppetiit.
893 679 1168 737 Guillelm.
1192 679 1528 734 Pictavensis
1556 679 1610 734 iu

94 782 203 835 Gest.
236 776 505 840 Guillelmi,
525 790 646 846 pag.
666 774 789 837 178,
815 782 871 828 et
903 771 1069 837 inl‘ra,
1101 771 1302 841 aliique
1336 769 1609 841 permulti.

96 869 173 925 Sed
197 868 303 939 quia
330 868 391 921 de
416 864 656 920 adultera
684 862 819 918 nihil
841 861 1104 927 occurrit,
1129 859 1434 916 Godvinum
1461 857 1612 913 illum

92 975 177 1015 esse
213 958 455 1014 aﬂirmare
480 971 583 1014 non
608 956 800 1012 audeo.

547 1064 615 1101 AD
645 1061 941 1101 EPISTOLAII
973 1060 1088 1100 LIII.

147 1139 296 1193 Abbati
343 1137 619 1192 Tantane.
653 1136 891 1190 Historia
943 1152 1044 1189 ms.
1091 1150 1212 1205 quia
1251 1134 1353 1189 sub
1397 1133 1617 1188 nomine

94 1230 308 1287 Guillelmi
334 1230 395 1285 de
420 1228 715 1299 Nangiacio
740 1227 1128 1283 circumfertur
1176 1245 1190 1280 :
1248 1245 1266 1278 ι
1320 1227 1377 1281 ln
1422 1227 1615 1296 Anglia

94 1323 337 1377 ‘l‘urstanus
360 1319 944 1390 abbasGlastingeberi
999 1328 1158 1387 turpe
1207 1318 1386 1374 scelus
1430 1328 1483 1374 et
1515 1334 1615 1373 nco

96 1412 401 1465 laudissimum
428 1411 575 1481 egit;
613 1418 726 1465 tres
775 1424 1011 1478 namque
1058 1425 1123 1464 ex
1175 1410 1290 1464 suis
1337 1410 1617 1464 monachis

94 1519 217 1572 super
238 1501 390 1556 altare
409 1503 535 1571 poni
560 1502 710 1568 fecit,
736 1511 790 1555 et
818 1502 1024 1567 occidi;
1048 1502 1347 1573 decemque
1390 1510 1446 1556 et
1491 1511 1617 1557 octo

89 1592 209 1660 jussit
231 1592 451 1663 graviter
476 1593 787 1659 vulnerari;
820 1593 1009 1662 sicque
1038 1593 1259 1664 sanguis
1282 1607 1470 1647 eorum
1521 1608 1617 1648 cu-

92 1682 223 1736 currit
242 1682 301 1737 ab
327 1682 476 1737 altari
505 1697 670 1753 super
693 1683 914 1752 gradus,
959 1690 1017 1736 et
1066 1699 1098 1736 a
1144 1681 1401 1751 gradibus
1454 1696 1619 1752 super

94 1789 248 1827 aream.
279 1792 297 1827 »
320 1772 546 1830 Causam
574 1788 706 1829 vero
734 1774 866 1827 tanti
894 1772 1004 1828 odii
1049 1773 1101 1827 in
1132 1773 1427 1829 monachos
1455 1773 1619 1828 habet

1712 587 1935 644 Metensi
1965 588 2240 658 episcopo,
2270 586 2525 642 salutem.
2566 585 2847 644 Wibertus
2866 590 3140 659 quondam
3189 592 3297 645 Ra-

1713 692 1918 732 vennas
1948 677 2386 747 archiepiscopus
2417 717 2432 743 ,
2499 691 2620 731 cum
2669 677 3033 734 obedientiam
3069 722 3084 746 ,
3132 697 3295 752 quam

1713 769 2025 838 apostolica:
2052 770 2171 825 sedi
2200 769 2511 839 juramento
2566 773 2913 843 promiserat,
2964 794 3070 833 non
3125 790 3329 833 attcn-'

1713 860 1864 927 dere,
1897 861 1990 916 sed
2011 862 2175 916 etiam
2206 856 2377 931 ipsam
2401 865 2714 921 onmimode
2738 868 3021 937 superbire
3065 871 3300 925 studuis-

1715 962 1821 1017 set,
1850 954 1903 1008 in
1935 953 2179 1009 Romana
2204 955 2413 1026 synodo
2466 956 2969 1027 irreouperabiliter
3023 962 3303 1030 depositus

1715 1042 1880 1115 376
1905 1051 1960 1099 et
1987 1044 2480 1101 anathematizatus
2524 1055 2608 1102 est
2636 1050 2703 1102 ab
2734 1050 3028 1119 apostolica
3073 1053 3201 1106 sede
3252 1062 3307 1106 et

1716 1132 1784 1184 ab
1807 1133 2075 1203 episcopis
2108 1137 2271 1193 totius
2297 1138 2582 1207 Ecclesiae;
2614 1156 2715 1197 nec
2760 1142 2862 1198 hoc
2894 1142 3061 1198 semel
3117 1143 3169 1195 in
3201 1159 3306 1196 uua

1716 1220 1941 1290 synodo,
1973 1225 2066 1279 sed
2097 1226 2149 1280 in
2196 1229 2447 1284 omnibus
2482 1232 2706 1303 synodis
2753 1241 3019 1304 quotquot
3058 1233 3171 1303 jam
3225 1249 3312 1287 se-

1718 1314 1938 1381 ptennio
1963 1316 2149 1389 Roma:
2179 1319 2468 1375 celebratae
2495 1332 2639 1377 sunt.
2682 1323 2782 1379 Hic
2807 1324 2971 1396 igitur
3001 1325 3072 1379 ita
3100 1344 3150 1379 lli
3182 1341 3309 1393 per-

1711 1400 1872 1471 juriis
1896 1404 2268 1475 inveteratus,
2325 1421 2379 1466 et
2421 1428 2519 1481 pro
2564 1412 2770 1468 eisdem
2817 1415 3313 1486 irrecuperabiliter

1718 1494 1995 1562 depositus
2019 1506 2077 1552 et
2127 1501 2635 1569 anathematizatus,
2667 1507 2851 1561 sedem
2901 1507 3130 1564 Romam
3176 1525 3310 1579 pon-

1720 1582 1902 1650 tilicis,
1936 1588 2019 1641 cui
2052 1588 2417 1645 obedientiam
2463 1591 2691 1661 juravit,
2733 1611 2831 1666 per
2858 1612 3051 1651 manus
3082 1601 3312 1655 anathe-

1720 1676 2124 1746 matizatorum,
2154 1691 2342 1751 utpote
2370 1684 2454 1737 sui
2488 1685 2773 1751 similium,
2822 1688 3039 1755 invasit,
3066 1690 3313 1761 legitimo

1720 1776 1938 1835 pastore
1967 1769 2145 1825 adhuc
2181 1773 2358 1827 eidem
2384 1775 2502 1829 sedi
2534 1777 2881 1845 praesidente.
2923 1778 3171 1849 Ipsorum
3218 1800 3315 1837 au~

95 1866 148 1919 De
170 1866 329 1936 poutil‘.
362 1868 568 1934 Anglia:
588 1866 843 1921 Guillelm
876 1865 1246 1929 Malmesbur.,
1292 1865 1387 1920 lib.
1428 1881 1490 1926 ll,
1520 1864 1613 1919 fol.
1651 1879 1693 1932 Β
1724 1870 1829 1915 tem
1858 1864 2667 1924 ex-communicatorumnullus
2710 1885 2834 1925 eum
2881 1886 3208 1929 consecrare
3229 1875 3314 1931 vel

96 1956 184 2019 iis,
209 1956 409 2025 loquens
432 1958 499 2012 de
524 1956 896 2013 Glastoniensi
931 1955 1149 2011 abbatia
1182 1973 1195 2009 :
1235 1973 1253 2005 ι
1284 1954 1613 2019 Turstanus,

94 2047 198 2101 dono
224 2048 349 2119 regis
374 2047 636 2103 Willelmi
660 2049 852 2119 patris,
904 2048 1023 2118 ejus
1067 2047 1384 2103 monasterii
1440 2047 1617 2102 l‘actus

94 2136 236 2201 abbas,
257 2149 417 2195 terras
446 2148 498 2195 et
538 2140 798 2210 pecunias
847 2140 901 2193 in
938 2139 1263 2195 lectatorum
1315 2137 1405 2211 [f.,
1434 2148 1614 2193 secta-

94 2228 244 2301 torum]
268 2246 471 2285 suorum
488 2229 698 2286 abusus
724 2230 1083 2299 consumpsit.
1148 2229 1195 2283 A
1223 2229 1506 2285 monachis
1535 2244 1620 2284 se-

93 2333 185 2373 vere
202 2321 417 2376 ordinem
447 2323 693 2392 exigere,
727 2323 822 2377 sed
849 2322 992 2377 inter
1020 2324 1135 2376 haec
1157 2336 1252 2377 eos
1284 2322 1336 2376 iu
1362 2321 1617 2377 victuali-

93 2405 165 2462 bus
184 2409 538 2466 miserabiliter
589 2420 849 2467 tractare.
911 2410 1049 2465 Hinc
1096 2411 1222 2466 lites
1274 2410 1563 2465 verborum
1600 2450 1617 2477 ,

93 2500 333 2557 animorum
356 2504 661 2560 discordiae.
690 2504 1021 2575 Postjurgia
1068 2514 1286 2559 ventum
1329 2504 1398 2558 ad
1441 2519 1615 2570 arma,

93 2595 366 2665 coactiquea
411 2597 678 2652 militibus
726 2596 979 2651 monachi
1004 2597 1057 2650 in
1097 2596 1387 2651 ecclesiam
1429 2604 1620 2652 sancto

94 2687 210 2742 altari
230 2690 455 2745 miserias
484 2691 846 2760 adplorabant
878 2704 1023 2744 suas.
1061 2688 1167 2744 Sed
1196 2688 1620 2758 irrumpentibus

96 2778 300 2835 militibus
325 2782 424 2835 duo
454 2797 522 2835 ex
558 2782 622 2834 iis
651 2781 848 2835 ibidem
878 2780 1027 2845 caesi,
1051 2779 1464 2849 quatuordecim
1502 2778 1621 2832 vul-

94 2870 239 2932 nerati,
267 2871 433 2925 caeteri
466 2869 692 2939 repulsi,
715 2888 742 2932 Vr
780 2878 886 2923 etc.
917 2868 1226 2923 Florentius
1274 2867 1523 2937 Wigorn.
1552 2868 1622 2923 ad

92 2959 390 3026 A.C.1083;
430 2962 657 3017 Henric.
703 2961 1063 3026 lluntindou.,
1119 2960 1216 3015 lib.
1273 2975 1347 3013 vn
1389 2951 1620 3025 Histor.,

91 3062 198 3103 anno
215 3049 462 3105 Guillelmi
489 3049 657 3121 primi
694 3065 784 3103 xv.

550 3156 619 3195 AD
656 3156 956 3196 εριετοιηι
984 3156 1089 3195 LVI.

1718 1951 1900 2019 potius
1946 1968 2234 2009 exsecrare
2280 1959 2646 2028 praesumpsit,
2698 1969 2895 2030 praeter
2957 1961 3315 2019 Mutinensem

1717 2050 1773 2096 et
1805 2044 2119 2099 Arithinum
2150 2062 2217 2101 ex
2254 2048 2523 2117 episc0pis
2544 2091 2558 2115 ,
2590 2050 2681 2120 qui
2713 2052 2874 2107 ambo
2915 2068 3014 2123 pro
3060 2056 3173 2109 suis
3208 2058 3316 2110 cri-

1719 2133 1955 2190 minibus
1991 2134 2105 2203 jam
2160 2138 2317 2193 annis
2371 2139 2545 2194 tribus
2589 2140 2766 2195 ollicio
2821 2152 2878 2197 et
2928 2145 3315 2199 communione

1719 2236 2033 2281 caruerant.
2062 2227 2168 2283 Sed
2191 2230 2492 2294 hi,etiamsi
2532 2230 2766 2286 cilicium
2798 2242 2852 2288 et
2874 2237 3315 2292 communionem

1720 2317 2007 2384 haberent,
2034 2328 2088 2374 et
2117 2319 2359 2376 Romana
2386 2323 2544 2378 sedes
2564 2333 2784 2392 pastore
2815 2334 3051 2393 vacaret,
3084 2324 3313 2383 nullum

1721 2418 1901 2464 tamen
1934 2412 2109 2466 eidem
2139 2414 2253 2467 sedi
2280 2415 2593 2482 poutilicem
2617 2418 2873 2474 ordinare
2903 2430 3157 2490 possent;
3209 2422 3315 2477 hu-

1714 2498 1804 2568 jus
1827 2502 1973 2555 enim
1996 2501 2355 2560 ordinationis
2381 2506 2720 2576 privilegium
2758 2508 2890 2564 solis
2924 2511 3315 2573 cardinalibus.

1720 2590 1991 2661 episcopis
2017 2593 2338 2661 Albanensi,
2384 2598 2647 2663 Ostiensi,
2695 2598 3004 2668 Portueusi,
3052 2620 3080 2656 a
3110 2607 3318 2660 sanctis

1720 2678 1977 2735 Patribus
2007 2691 2091 2736 est
2127 2696 2469 2739 concessum.
2516 2687 2658 2758 Ergo
2699 2688 3063 2746 Muntinensis
3093 2703 3149 2748 et
3194 2696 3319 2749 Ari-

1722 2772 1909 2827 thinus
1957 2776 2265 2846 exepiscopi
2296 2817 2310 2843 ,
2347 2776 2503 2845 juxta
2557 2781 2924 2838 testimonium
2981 2787 3318 2844 sanctissimi

1722 2880 1875 2935 papa:
1900 2865 2220 2932 Innocentii,
2252 2883 2355 2923 non
2383 2870 2837 2940 benedictionem,
2887 2877 2979 2931 sed
3011 2878 3320 2936 damnatio-

1725 2970 1845 3008 nem
1876 2969 2036 3024 quam
2066 2957 2499 3014 habueruntsuo
2539 2960 2844 3017 Ravennati
2895 2965 3177 3035 imponere
3221 2985 3320 3039 po-

1727 3051 1965 3107 tuerunt,
2004 3060 2103 3101 nec
2145 3046 2296 3100 illum
2336 3047 2388 3101 in
2423 3048 2726 3106 Romanum
2781 3055 3173 3123 patriarcham,
3224 3058 3320 3114 sed

1726 3135 1779 3189 in
1810 3136 2238 3205 perditissimum
2269 3137 2690 3195 hmresiarcham
2749 3156 3161 3212 promoverunt.
3216 3147 3321 3202 Ca-

139 3232 262 3298 Apud
283 3231 621 3289 Gloceuram.
656 3235 826 3301 Quam
860 3233 1018 3302 pleno
1038 3249 1133 3289 ore
1160 3233 1345 3289 laudat
1369 3233 1619 3288 Mahnes—
1649 3236 1698 3302 ο
1726 3236 1851 3282 veat
1877 3227 2040 3297 igitur
2066 3229 2245 3285 omnis
2269 3228 2616 3287 Christianus
2646 3243 2811 3304 caput
2840 3236 3179 3293 Antichristo
3230 3241 3320 3295 in-

90 3320 202 3387 bur.,
228 3325 304 3377 ubi
330 3340 513 3395 supra,
541 3325 637 3381 lib.
662 3341 736 3390 tv,
768 3325 821 3380 in
835 3324 1029 3394 pontif.
1054 3324 1298 3395 Wigorn.
1322 3323 1616 3379 Glocestra:

88 3422 226 3469 autem
253 3418 560 3473 cathedram
590 3418 953 3490 episcopalem
1016 3416 1284 3473 Henricus
1336 3415 1459 3479 Vlll,
1521 3415 1618 3470 eli-

90 3504 259 3561 minatis
284 3509 559 3563 monachis
589 3508 894 3583 collocavit,
931 3517 989 3562 ut
1029 3515 1218 3562 auctor
1268 3516 1354 3561 est
1395 3504 1615 3560 Godwi-

88 3610 163 3650 nus
184 3597 246 3653 De
272 3602 587 3669 praesulibus
617 3600 842 3673 Anglia},
876 3619 997 3673 pag.
1028 3602 1151 3657 59οι
1204 3662 1211 3671 ,ν

139 3686 245 3744 Cum
267 3692 438 3748 abbate
464 3693 707 3749 Serlone.
738 3674 881 3749 Idem
934 3694 1451 3761 Illalmesburieusis,
1501 3693 1618 3747 loco

85 3777 214 3835 citato
233 3782 539 3841 describens
564 3787 916 3851 monasteria,
950 3788 1105 3842 initio
1138 3790 1155 3841 ε’
1184 3808 1200 3839 ι
1241 3788 1334 3842 Est
1378 3803 1510 3859 ergo
1563 3788 1618 3842 in

87 3870 172 3938 ipsa
202 3875 401 3934 civitate
426 3878 744 3934 Glocestria:
773 3878 830 3932 S.
862 3877 1004 3934 Petri
1033 3881 1446 3945 monasterium,
1476 3880 1618 3950 quod

86 3960 139 4017 ibi
157 3964 416 4026 Aldredum
456 3969 931 4041 archiepiscopum
988 3972 1256 4042 incepisse
1294 3989 1400 4028 non
1445 3973 1616 4028 semel

86 4054 185 4110 dixi.
210 4059 399 4118 Paucos
423 4062 520 4128 ibi,
552 4072 608 4117 et
633 4078 738 4117 non
773 4062 891 4133 plus
943 4078 1104 4134 quam
1159 4075 1270 4121 tres
1323 4066 1620 4121 monachos

85 4142 249 4203 invenit
279 4152 436 4207 abbas
469 4151 650 4215 Serlo,
674 4166 704 4205 a
736 4168 860 4222 rege
882 4152 1153 4208 Willelmo
1183 4156 1396 4210 seniore
1417 4156 1618 4210 donum

85 4238 192 4293 exile
211 4244 455 4314 adeptus;
485 4244 585 4300 sed
624 4252 885 4314 quantum
936 4244 1030 4298 Dei
1065 4247 1260 4315 gratia,
1310 4262 1432 4300 cum
1478 4247 1623 4304 illius

86 4332 348 4400 conspirans
399 4334 689 4402 industria,
741 4335 917 4390 locum
974 4336 1228 4389 extulerit
1279 4336 1452 4404 ilhtm,
1501 4340 1623 4409 quis

84 4432 273 4488 congrua
296 4426 527 4496 explicet
559 4425 857 4481 facundia?
905 4425 1039 4482 Nota
1091 4435 1175 4481 est.
1232 4426 1624 4486 Gloeestrensis

85 4510 308 4581 religionis
335 4518 614 4585 discretio,
648 4534 808 4589 quam
860 4519 1107 4575 inlirmus
1136 4522 1303 4590 possit
1326 4525 1621 4594 suscipere,

1720 3318 1962 3384 clinare,
2023 3329 2298 3387 statuam,
2344 3337 2506 3391 quam
2550 3321 3051 3381 Nabuchodonosor
3099 3330 3318 3395 erexit,

1721 3410 1971 3476 adorare,
1999 3412 2186 3481 sicque
2214 3428 2273 3468 se
2305 3413 2476 3482 ipsius
2532 3414 2914 3470 hmresiarcha:
2962 3419 3317 3487 perniciosis-

1720 3499 1861 3556 simo
1884 3503 2219 3571 anathemati
2250 3504 2530 3559 innodare.
2565 3504 2700 3559 Nam
2747 3507 3058 3578 quicunque
3088 3510 3167 3564 illi
3190 3512 3317 3567 obe-

1720 3594 1883 3649 dierit
1912 3595 2002 3663 qui
2031 3595 2166 3649 dixit
2197 3612 2210 3647 :
2236 3592 2438 3650 Ponant
2470 3596 2642 3651 sedem
2688 3614 2856 3652 meum
2905 3614 2971 3653 aa
2998 3601 3318 3671 aquilonem,

1720 3694 1767 3738 et
1804 3700 1890 3738 ero
1920 3685 2107 3738 similis
2133 3685 2403 3739 Altissimo
2435 3685 2591 3758 (Isai.
2625 3702 2741 3751 xw,
2767 3688 2880 3759 14),
2933 3693 3241 3750 certissime
3267 3696 3321 3750 in

1719 3783 1979 3839 aeternam
2005 3775 2409 3830 danmationem
2438 3778 2679 3839 ibitcum
2711 3778 2849 3848 ipso.
2877 3782 3074 3836 Amen.

1794 3864 1870 3919 Ita
1920 3864 2115 3919 littera:
2163 3864 2469 3921 Gebehardi
2499 3883 2563 3922 ex
2612 3867 2885 3925 Chronico
2923 3887 3022 3925 ms.
3076 3872 3322 3944 llugonis

1723 3958 2332 4025 Flaviniacensis,mihi
2364 3975 2598 4016 aret'er.
2665 3961 2724 4017 Ρ.
2771 3964 2975 4022 Jacobo
3029 3965 3321 4026 Sirmondo

1721 4049 2083 4107 libentissime
2105 4066 2388 4109 concesso.

2262 4162 2288 4197 Λ
2299 4160 2329 4197 D
2356 4157 2612 4201 EPISTULA
2622 4162 2655 4201 ιι
2689 4164 2752 4202 LX
2764 4188 2777 4202 .

1795 4233 2093 4288 Historiam
2125 4234 2387 4289 describit
2434 4237 2595 4307 hujus
2646 4240 2891 4307 cpistola:
2934 4243 3085 4314 llugo
3143 4246 3321 4302 Flavi-

1726 4325 1997 4379 niaccnsis
2029 4326 2143 4379 loco
2171 4326 2457 4396 producto,
2503 4330 2570 4382 ad
2619 4345 2747 4392 ann.
2797 4330 2954 4388 1085.
3007 4333 3321 4406 Rodulphus

1726 4416 1981 4471 nimirum
2012 4415 2180 4471 abbas
2206 4418 2292 4489 (de
2324 4433 2431 4488 quo
2461 4420 2606 4491 mox)
2639 4437 2763 4476 cum
2791 4426 3168 4484 strenuissime
3188 4445 3320 4499 par-

1729 4517 1809 4564 tes
1853 4509 2027 4564 sancti
2068 4508 2313 4580 Gregorii
2362 4528 2517 4582 papm
2564 4529 2641 4574 vn
2700 4527 2888 4571 contra
2946 4517 3267 4577 Guibertum
3301 4564 3318 4590 ,

83 4617 157 4654 ηρρ
185 4607 370 4665 validus
388 4588 952 4680 possilcohwmnerc.
1013 4588 1262 4668 "uotiuis
1291 4588 1516 4685 signife'r
1539 4588 1620 4673 in;
1657 4588 1701 4641 Ι)
1729 4598 2038 4668 autipapam
2066 4602 2166 4654 sub
2195 4601 2413 4656 nomine
2439 4600 2735 4659 Clementis
2793 4616 3057 4676 tueretur,
3112 4621 3320 4671 tantam

85 4690 172 4743 tulit
205 4695 359 4764 Serio,
388 4710 443 4754 ut
469 4700 549 4756 Ne
579 4702 704 4771 quid
731 4703 910 4758 nimis.
943 4722 961 4756 ι

531 4810 600 4849 an
640 4784 933 4850 ertsrorau
968 4814 1080 4852 ιιι.

136 4875 263 4939 Quod
280 4900 466 4953 papam
491 4882 802 4955 Gregorium
834 4887 1113 4955 vituperaa.
1167 4888 1240 4942 De
1264 4886 1323 4943 S.
1357 4888 1618 4961 Gregorio

81 4964 198 5028 Plura
221 4987 331 5029 cum
359 4974 515 5030 laude
538 4974 606 5029 ad
653 4974 907 5045 epistolas
963 4977 1071 5032 ὅθι
1102 4976 1134 5031 6
1181 4981 1386 5034 attexui
1431 4997 1614 5051 supra.

83 5055 357 5120 Scliismatis
377 5082 563 5136 porro,
589 5067 731 5136 quod
763 5069 853 5122 hic
880 5070 1049 5139 tangit
1071 5069 1123 5125 ὃ.
1153 5071 1617 5144 archiepiscopus,

81 5152 330 5210 uteminere
360 5155 635 5211 Marianos
667 5156 860 5213 Scotus
901 5169 1404 5230 conitemporaneus
1430 5174 1619 5221 auctor

82 5236 179 5295 libr.
202 5262 253 5299 nt
283 5247 537 5304 Chronici
563 5265 689 5302 ann.
724 5248 889 5313 1081;
942 5247 1067 5304 Otto
1114 5251 1515 5323 Frinsingcnsis
1564 5256 1615 5311 in

81 5330 330 5404 Chronico,
363 5340 455 5395 lib.
496 5357 571 5405 vt,
602 5355 721 5409 cap.
759 5339 851 5406 '56,
889 5348 943 5395 et
993 5340 1086 5395 lib.
1120 5357 1217 5407 vn,
1244 5345 1451 5412 cap.l;
1500 5344 1619 5401 fuse

80 5424 276 5485 Annales
305 5434 442 5487 sacri
475 5432 704 5489 Cresaris
749 5432 965 5487 Barouii
1006 5442 1136 5487 tom.
1186 5432 1227 5489 I.
1268 5432 1618 5491 Solummodo

80 5518 219 5573 sancti
242 5520 537 5578 Gebehardi
570 5524 721 5578 testis
767 5523 969 5578 oculati
1024 5523 1305 5593 epistolam
1357 5526 1617 5593 (nondum

82 5610 213 5675 typis,
235 5614 441 5682 Opinor,
476 5616 803 5687 mandatam)
826 5615 893 5670 ad
917 5616 1287 5672 l‘lermannum
1324 5616 1618 5672 Metensem

80 5697 383 5769 episcopum,
426 5718 529 5772 qua
569 5703 887 5760 Guibertum
937 5706 1247 5778 antipapam
1300 5706 1621 5776 compendio

81 5790 357 5861 berslt‘ingil
384 5808 488 5850 non
519 5793 790 5866 indignam
825 5795 946 5854 luce
968 5797 1216 5855 arbitrati
1243 5812 1429 5856 sumus
1460 5812 1473 5851 :

1728 4707 1759 4745 a
1791 4688 2129 4747 Theoderico
2154 4691 2474 4750 Virduneusi
2499 4698 2773 4768 episcopo,
2802 4702 3070 4758 acerrimo
3089 4704 3321 4761 Guiber-

1731 4784 1767 4839 ti
1792 4784 2023 4848 l'autore,
2063 4800 2256 4853 passus
2298 4796 2382 4842 est
2413 4790 2867 4858 persecutionem,
2902 4803 2959 4848 ut
2992 4799 3229 4862 tandem,
3265 4802 3319 4855 in

1728 4889 1995 4929 summam
2020 4874 2282 4931 adductus
2320 4893 2637 4944 aerumnam,
2668 4884 2977 4940 cmttobium
3025 4902 3181 4942 suum
3225 4891 3321 4944 de-

1729 4969 1986 5033 seruerit,
2016 4969 2343 5039 petieritque
2377 4971 2434 5024 S.
2468 4972 2689 5046 Benigni
2736 4966 3078 5035 Divionensis
3128 4996 3320 5036 mona-

1724 5060 1971 5124 sterium,
2002 5077 2108 5131 quo
2137 5063 2523 5119 comitantibus
2550 5068 2823 5125 nonnullis
2849 5073 3130 5129 monachis
3159 5074 3320 5145 (quos

1726 5151 1871 5206 inter
1900 5153 2107 5221 primas
2136 5151 2290 5226 Hugo
2323 5154 2559 5227 tenebat)
2590 5159 2675 5212 ub'
2704 5160 3034 5229 divertisset,
3059 5174 3221 5233 atque
3248 5169 3317 5221 ab

1728 5244 2150 5299 archimandrita
2192 5247 2513 5317 ueterisque
2558 5252 2850 5307 coenobitis
2887 5242 3147 5323 'ejusdem
3212 5256 3319 5313 loci

1728 5334 1921 5389 luisset
1942 5336 2116 5390 obviis
2159 5336 2301 5392 ulnis
2344 5349 2625 5409 exceptus,
2686 5340 2900 5396 Rodulli
2943 5344 3319 5415 sodaliumque

1727 5427 1835 5479 vita
1883 5428 2155 5496 specimen
2197 5437 2441 5485 exstaret
2492 5431 2739 5498 virtutis,
2793 5443 2956 5504 atque
3001 5436 3069 5490 ad
3108 5437 3317 5507 majora

1719 5517 2050 5572 charismata
2104 5530 2427 5588 provocaret
2466 5523 2765 5578 annulanda
2792 5566 2806 5589 ,
2850 5534 2910 5580 ut
2961 5529 3316 5588 stabilitatem

1721 5607 1938 5663 ﬁrment
1977 5610 2030 5664 in
2056 5610 2364 5668 Divionensi
2390 5615 2740 5679 monasterio,
2773 5626 3081 5673 monentur.
3111 5621 3313 5677 Verum

1718 5705 1843 5773 quia
1866 5705 2190 5775 jampridem
2219 5707 2272 5763 in
2296 5708 2562 5764 asceterio
2590 5709 2774 5766 Sancti
2804 5710 2981 5768 Vitoni
3009 5712 3314 5770 Virduuen-

1722 5801 1796 5855 sis
1821 5800 2212 5872 professionem
2258 5805 2574 5879 emiserant,
2620 5806 2769 5865 illam
2816 5818 3063 5882 repetere
3118 5817 3311 5883 putant
