3864 6304
556 374 660 430 δίε
1584 366 1648 421 n.
1678 362 2071 422 LANFR‘ANCI
2107 358 2455 421 caurum.
2500 356 2819 425 ARC‘HIEP;
3646 365 3715 424 et

544 502 651 541 non
683 487 863 540 licere.
905 501 922 534 ι
955 482 1253 551 Quaesierat
1297 484 1459 551 Super
1506 481 1608 535 hac
1631 497 1687 535 re
1709 481 1992 535 consilium
2035 480 2134 550 (lo-
2164 485 2209 539 Α
2237 493 2407 543 seras,
2441 476 2843 539 mortiﬁcationi
2898 473 3105 532 carnis.
3156 470 3445 536 humilitati,
3477 472 3648 547 vilitati,
3683 492 3719 535 et
3816 480 3817 523 1

516 576 725 645 squitur
754 574 926 646 fingo)
957 574 1126 629 abbas
1154 572 1474 641 Rodulphus
1502 587 1531 625 a
1585 571 2025 641 quampluribus;
2083 582 2137 623 ct

548 666 885 721 Lanfrancus
946 665 1361 720 Cantuariorum
1424 663 1868 732 archiepiscopus
1931 662 2036 717 tale
2086 662 2133 714 ei

551 770 869 827 responsum
899 755 1229 817 reddiderat,
1254 753 1501 807 scribens
1542 753 1609 807 ad
1636 766 1759 806 eum
1789 752 1840 805 in
1871 752 1986 807 haec
2018 766 2139 805 ver-

548 846 613 899 ba
645 861 659 898 :
692 864 711 896 ι
746 844 949 899 Deinde
971 842 1251 913 epistolam
1280 842 1420 898 hanc
1443 841 1511 896 60
1542 839 1858 895 conscribit.

618 936 898 1004 Ron’ulphc
939 936 1135 989 abbati.
1194 932 1357 1002 Cujus
1416 949 1504 988 res
1539 942 1721 1003 gestas
1766 932 1883 987 fuse
1923 932 2137 1002 lateque

545 1027 898 1096 persequitur
926 1026 1080 1097 llngo
1113 1025 1203 1080 ubi
1232 1040 1417 1094 supra.
1460 1023 1616 1079 Unde
1643 1024 1777 1088 hare,
1803 1033 1863 1078 ut
1895 1024 1980 1077 vir
2021 1032 2139 1078 tan-

553 1129 640 1173 tus
671 1118 1027 1187 aliquousque
1054 1118 1106 1172 in
1132 1117 1304 1173 lucem
1334 1118 1580 1187 prodeat,
1604 1116 1867 1185 descripsi
1897 1133 1910 1170 :
1943 1134 1963 1167 ι
1984 1117 2139 1170 Anno

551 1210 762 1264 Domini
791 1210 951 1273 1075,
984 1209 1294 1265 Grimoldus
1317 1210 1589 1264 abbatiam
1618 1208 1823 1263 dimisit
1851 1209 1939 1263 die
1966 1209 2137 1264 sancti

550 1298 781 1353 Nicolai.
846 1298 1161 1368 Rodulphns
1223 1298 1511 1364 successit;
1576 1298 1845 1353 ordinatio
1889 1297 2004 1366 ejus
2054 1298 2141 1353 die

550 1388 726 1442 sancti
756 1386 982 1442 Urbani.
1018 1408 1036 1439 ι
1071 1388 1136 1441 Ει
1157 1389 1222 1443 ad
1250 1403 1377 1442 ann.
1409 1387 1575 1443 1046:
1612 1408 1629 1439 ‹
1663 1389 1839 1443 Beata:
1867 1388 2139 1444 memoria:

546 1478 710 1533 Pater
737 1477 1053 1548 Rodulphus
1082 1478 1276 1533 tertius
1302 1488 1426 1548 post
1448 1493 1571 1533 eum
1625 1479 1898 1550 (sanctum
1950 1478 2140 1533 Βίων--

547 1569 701 1641 dum)
729 1584 1012 1624 successor
1043 1569 1096 1624 in
1128 1570 1390 1640 regimine
1442 1569 1715 1636 Ecclesiae,
1749 1578 1826 1635 et,
1859 1579 1919 1624 ut
1956 1571 2138 1626 credi-

549 1679 693 1728 mus,
712 1663 1073 1718 hacreditariae
1101 1663 1412 1718 sanctitatis
1446 1678 1752 1733 possessor,
1801 1678 1946 1719 nunc
1996 1661 2137 1718 felici

546 1760 743 1813 beatus
758 1772 1007 1821 excessu,
1036 1757 1126 1811 ubi
1159 1742 1334 1812 locum
1356 1757 1532 1827 ipsum
1558 1757 1853 1827 regendum
1878 1756 2136 1826 suscepit,

549 1861 602 1904 et
627 1850 839 1905 audiret
864 1864 896 1903 a
924 1848 1282 1905 referentibus
1309 1849 1477 1904 multa
1499 1848 1567 1903 de
1608 1863 1675 1903 eo
1725 1848 1898 1904 relatu
1955 1847 2136 1918 digna.
2174 1837 2217 1891 Β

549 1940 773 1995 Videret
809 1953 1026 2009 quoque
1053 1940 1359 1995 unanimem
1381 1954 1511 2010 erga
1541 1939 1743 1995 cultum
1770 1938 2138 1994 memorialem

550 2028 665 2098 ejus
718 2030 957 2086 omnium
1018 2030 1402 2096 devotionem,
1455 2028 1868 2098 amplexabatur
1924 2028 2139 2097 quidem

556 2121 695 2190 quod
742 2122 957 2177 videbat
1006 2130 1062 2177 et
1092 2121 1346 2177 audiebat
1374 2121 1703 2193 generaliter
1744 2120 1812 2176 ab
1841 2120 2134 2187 omnibus;

556 2214 821 2268 aestuabat
852 2228 982 2269 vero
1031 2214 1174 2268 intra
1223 2213 1486 2282 seipsum,
1532 2212 1577 2268 si
1622 2220 1786 2266 tanta:
1829 2212 2138 2267 sanctitatis

557 2304 634 2357 iir
669 2302 756 2358 ille
788 2303 978 2358 fuisset
1028 2312 1088 2358 ut
1146 2301 1506 2369 referebatur,
1566 2311 1624 2358 et
1658 2302 1813 2371 quasi
1865 2303 2144 2371 quaerebat

550 2393 796 2453 sollicitis
838 2403 894 2449 ct
920 2393 1196 2465 dispositis
1224 2393 1618 2465 cogitationum
1660 2390 1928 2456 excubiis,
1989 2390 2145 2461 cujus

549 2487 730 2542 meriti
757 2486 897 2556 apud
924 2486 1091 2541 Deum
1113 2495 1277 2543 esset.
1315 2484 1538 2542 Solebat
1586 2493 1641 2539 et
1667 2484 1786 2553 ipse
1821 2485 1886 2539 ad
1915 2482 2032 2550 ejus
2061 2500 2145 2539 se-

549 2577 722 2649 pulcri
750 2578 952 2644 locum,
984 2578 1114 2648 quia
1174 2586 1424 2633 senserat
1477 2576 1549 2631 ibi
1591 2575 1779 2630 faciles
1836 2576 2146 2630 orationum

552 2680 872 2738 proventus,
926 2668 1260 2725 creberrime
1300 2683 1485 2733 orare,
1528 2677 1583 2722 et
1621 2667 1898 2723 multoties
1948 2682 2148 2737 perno-

551 2770 724 2816 ctare.
758 2782 777 2814 ι
823 2761 1027 2817 Deinde
1052 2761 1318 2833 prolixius
1346 2760 1603 2815 describit
1623 2760 1893 2829 quomodo
1924 2758 2144 2814 Ricardi

552 2853 766 2909 abbatis
794 2854 1146 2909 sanctitatem
1198 2852 1482 2922 liodulpho
1521 2850 1841 2921 patefecerit
1895 2849 2142 2921 angelus,

552 2943 710 3012 cujus
752 2953 807 2999 et
857 2945 1017 2999 verba
1050 2945 1167 2999 haec
1214 2944 1395 2999 subdit
1447 2952 1720 3013 postrema
1753 2959 1766 2996 :
1797 2942 1917 2996 «Tu
1966 2947 2147 3011 itaque

552 3034 643 3089 his
667 3035 732 3090 de
754 3036 915 3090 beato
944 3036 1061 3090 viro
1087 3036 1308 3105 agnitis,
1342 3036 1482 3089 viam
1506 3050 1671 3104 quam
1701 3035 1915 3103 cmpisti
1964 3050 2030 3089 ne
2056 3036 2146 3090 dc-

568 3216 784 3234 .-—-—"

2243 570 2576 625 castimonia:
2603 568 2843 639 iuvigila,
2895 565 3169 621 lucrandis
3195 564 3455 618 animabus
3471 570 3722 635 speranda,
3816 608 3817 619 χ

2240 670 2302 715 ut
2331 676 2454 715 cum
2488 660 2573 715 his
2588 668 2649 716 et
2679 675 2803 714 cum
2834 658 2957 713 aliis
2990 656 3209 712 doncris
3234 656 3533 712 beatitudine
3571 670 3722 715 sterile
3816 660 3817 719 ἲ

2234 751 2613 820 jocunditatis.
2646 771 2666 804 ι
2710 752 2778 807 Ει
2799 759 2921 821 post
2946 749 3053 804 alia
3088 766 3102 803 :
3136 767 3155 802 ι
3177 748 3330 803 Anno
3353 750 3416 804 ab
3438 748 3722 805 lncarnatione

2244 844 2455 899 Domini
2515 843 2655 899 1090
2708 842 3077 898 Theodericus
3149 839 3481 895 Virduncnsis
3522 857 3565 895 iv
3601 839 3723 897 Nonas
3816 834 3817 875 ἶ

2242 934 2365 988 Maii
2413 933 2701 989 defunctus
2746 943 2904 997 erat,
2949 930 3043 1001 qui
3091 938 3269 986 tamen
3315 930 3366 985 in
3407 930 3724 985 intiruti‘atede
3816 996 3817 1003 γ

2242 1024 2625 1079 communione
2653 1022 2937 1087 Witberti,
2961 1030 3019 1077 et
3037 1021 3104 1076 de
3130 1019 3434 1089 expulsione
3451 1019 3638 1073 fratrum
3656 1032 3724 1087 ινστ-
3816 1019 3817 1089 ᾖ

2243 1115 2529 1170 nitentiam
2556 1115 2687 1185 egit,
2720 1115 2936 1184 culpam
2980 1112 3262 1185 professus
3305 1120 3402 1177 est,
3453 1110 3723 1180 elaquodm

2242 1207 2415 1262 fratre
2444 1206 2692 1262 Gerardo
2730 1208 2970 1270 nomine,
3018 1205 3180 1276 377
3220 1204 3473 1273 quondam
3522 1202 3724 1263 canonico,

2242 1309 2299 1354 et
2323 1300 2708 1355 archidiacono
2738 1297 3103 1352 Virdunensis
3159 1294 3425 1356 Ecclesia,
3466 1303 3571 1348 tunc
3606 1301 3727 1345 autem

2244 1390 2512 1444 monacho
2546 1388 2735 1444 Sancti
2766 1387 2991 1454 Vitoni,
3030 1401 3188 1457 quem
3223 1384 3512 1455 Rodulphus
3530 1384 3727 1452 abbaspia
3816 1384 3817 1457 ᾗ

2242 1480 2607 1537 sollicitudine
2636 1494 2733 1549 pro
2756 1480 2859 1534 hoc
2891 1478 2984 1533 illo
3012 1478 3275 1541 miserat,
3308 1480 3545 1546 prmeepto
3562 1471 3727 1543 ejusdem
3816 1472 3817 1543 l

2244 1571 2478 1636 abbatis,
2506 1570 2600 1639 qui
2649 1577 2976 1639 potestatem
3019 1564 3332 1621 absolvendi
3360 1577 3445 1619 eos
3476 1562 3551 1632 qui
3587 1562 3637 1616 ab
3670 1574 3728 1614 ει·
3816 1586 3817 1639 ἦ

2243 1665 2737 1723 communicatione
2758 1663 3026 1727 redibant,
3061 1663 3133 1718 ab
3174 1660 3458 1731 apostolica
3496 1658 3602 1715 sede
3638 1656 3728 1712 oliti-
3816 1688 3817 1731 ᾖ

2243 1770 2466 1822 nuerat,
2503 1757 2784 1814 absolutus
2828 1763 2932 1812 est.
2988 1755 3071 1810 Ex
3132 1762 3264 1810 tunc
3312 1754 3470 1809 abbas
3504 1749 3729 1819 Rodulplms

2246 1866 2370 1906 cum
2408 1848 2671 1904 fratribus
2708 1863 2773 1903 ac
2806 1847 3116 1905 coenobium
3147 1847 3252 1904 sibi
3289 1845 3595 1903 commissum
3629 1856 3730 1897 reto-

2246 1948 2406 1997 catus
2432 1948 2537 2005 est,
2565 1954 2686 1995 cum
2714 1947 2837 2008 post
2856 1938 3156 1995 discessum
3186 1936 3306 2007 ejus
3324 1931 3730 1991 intrassentinillnd

2249 2033 2359 2102 lupi
2383 2047 2626 2102 rapaces,
2665 2032 2786 2088 loco
2807 2045 2916 2087 non
2947 2039 3258 2102 parcentes,
3280 2038 3335 2085 et
3361 2028 3531 2093 Deum,
3551 2035 3589 2082 et
3613 2019 3726 2080 homi-

2250 2138 2372 2179 nem
2423 2138 2530 2178 non
2580 2130 2919 2187 reverentes,
2950 2136 2981 2175 a
3011 2121 3231 2191 quibus
3263 2120 3332 2174 ita
3376 2117 3540 2177 omnia
3579 2110 3729 2170 confusa

2244 2224 2369 2271 sunt
2397 2223 2454 2270 et
2480 2215 2776 2279 destructa,
2801 2225 2861 2273 ut
2885 2214 3149 2271 memoria
3175 2212 3492 2269 confusionis
3506 2217 3553 2265 et
3566 2220 3732 2277 pessnm‘

2246 2308 2483 2364 dationis
2511 2307 2656 2363 illius
2690 2308 2964 2377 hodieque
3002 2306 3316 2362 oblitterari
3348 2319 3445 2359 non
3474 2301 3629 2355 valeat.
3658 2293 3733 2347 »Β

2248 2400 2433 2456 infra:
2469 2419 2487 2453 ι
2524 2400 2795 2456 Reversus
2826 2409 2911 2455 est
2964 2408 3148 2454 autem
3198 2400 3270 2454 ad
3318 2395 3587 2453 ctrnobium
3629 2402 3729 2444 suum

2247 2509 2370 2549 cum
2396 2492 2657 2549 fratribus
2683 2494 2798 2550 suis
2823 2493 3056 2551 domnus
3092 2492 3265 2549 abbas
3307 2489 3599 2559 Rodulphus,
3641 2493 3732 2536 nam

2251 2585 2319 2638 ab
2348 2582 2729 2639 lncarnatione
2774 2583 2989 2639 Domini
3036 2582 3199 2648 1092,
3249 2598 3371 2638 cum
3429 2581 3522 2642 iam
3557 2572 3733 2630 Ecclesia

2250 2670 2607 2729 Virdunensis
2660 2671 2930 2729 Riclierus
2979 2672 3239 2742 prtclatus
3304 2679 3442 2727 esset
3489 2668 3535 2722 in
3582 2662 3734 2718 ecclesia

2249 2761 2433 2818 Sancti
2467 2762 2726 2831 Stephani
2760 2763 3037 2827 Metensns,
3082 2764 3278 2819 dccam
3318 2762 3513 2816 functus
3556 2750 3729 2809 οίῐιοὶοιι

2250 2854 2487 2909 Tandem
2519 2857 2586 2908 ad
2614 2870 2745 2911 ann.
2779 2855 2918 2911 1099
2943 2872 2971 2929 :_
3017 2875 3033 2905 ι
3057 2856 3205 2910 Obiit
3250 2856 3474 2909 domnus
3512 2841 3735 2910 Bodttlp'M

2254 2958 2282 2997 v
2316 2944 2435 2998 Kal.
2464 2941 2687 3014 Aprilis.
2729 2965 2747 2997 ι

2682 3034 2793 3091 Soli
2824 3037 2927 3091 Deo
2954 3038 3122 3092 honor
3148 3046 3197 3090 et
3228 3036 3413 3107 glstt'a.

792 3196 3732 3237 ___________________________________________...__...

1520 3359 2112 3457 PEBICOPE
2188 3358 2857 3453 OBATIONIS

558 3556 749 3626 cum:
786 3554 851 3611 lN
892 3548 2478 3626 CONCILIQA._Q.__tg7g_C§I:EIjRATQ_llABQlIAli.
2503 3543 3485 3626 EA§E§ANC§§J_D_E‘PRiMATU
3520 3533 3736 3597 ctam

1200 3621 1472 3677 RlENSlS
1513 3620 1900 3689 ECCLESIIE,
1930 3620 2217 3678 CONTRA
2254 3619 2549 3677 ἸῊΟΜΑΜ
2599 3618 3116 3677 EBORACENSEM

1332 3776 1418 3832 Ex
1444 3775 1711 3833 Guillclmi
1739 3775 2079 3833 Malmeabur.
2113 3776 2207 3832 lib.
2231 3792 2249 3832 ι
2277 3776 2354 3832 De
2380 3774 2525 3832 Gott.
2554 3774 2746 3848 pontif.
2770 3776 3080 3832 Armorum.

630 3998 798 4069 378
818 3995 1013 4065 Opinio
1036 4004 1121 4048 est
1151 3993 1725 4063 vcritatisegcua,’qua
1755 3995 1949 4051 niteris
1979 4006 2035 4048 ut
2065 3996 2146 4051 di-
2173 4014 2214 4071 ο
2247 3996 2542 4068 Anglorum
2576 3995 2827 4051 Ecclesia:
2872 3994 2941 4050 ab
2988 4008 3053 4050 eo
3101 3994 3222 4050 ioco
3273 3999 3563 4049 mutucntur
3597 3976 3740 4071 virenti}

562 4100 718 4145 catur
746 4088 843 4144 soli
865 4085 1167 4157 Augustino
1194 4098 1509 4139 concessum
1537 4084 1738 4139 habere
1765 4084 2153 4153 subjectionem

563 4182 805 4235 omnium
852 4178 1230 4247 episcoporum
1281 4174 1605 4241 Britannitc,
1657 4184 1713 4228 et
1756 4188 1943 4229 eorum
1988 4176 2152 4231 etiam

562 4273 877 4341 quiessent
924 4267 1164 4325 ordinati
1217 4280 1316 4335 per
1371 4265 1683 4336 episcopum
1732 4265 2152 4322 Eboracensem.

561 4362 714 4417 Exite
762 4370 817 4416 et
861 4360 1083 4416 omnino
1126 4365 1418 4430 angustum
1470 4356 1523 4411 id
1570 4365 1717 4411 esset
1760 4372 1959 4412 munus
2007 4357 2152 4427 quod

568 4452 815 4506 familiari
854 4452 922 4506 ab
958 4450 1087 4505 olim
1138 4464 1261 4516 suo,
1312 4463 1454 4504 novo
1488 4448 1683 4519 Anglo,
1726 4449 1811 4502 vir
1858 4448 2153 4519 largiretur

565 4544 928 4614 apOstolicus;
964 4544 1263 4614 praesertim
1313 4558 1439 4599 cum
1473 4543 1594 4597 vivo
1635 4543 1938 4614 Augustino
1976 4544 2154 4599 nullus

566 4635 930 4690 Eboracensis
969 4632 1213 4703 pontifex
1248 4633 1535 4687 ordinaret
1562 4647 1699 4701 quos
1741 4632 2013 4702 subjectos
2057 4633 2156 4688 ba-

564 4730 722 4784 beret
766 4725 1128 4795 Augustinus,
1179 4723 1272 4777 sed
1335 4737 1437 4778 nec
1499 4722 1699 4792 aliquis
1756 4723 1831 4779 ibi
1881 4723 2157 4780 exstiterit

565 4819 880 4889 episc0pus:
898 4814 1091 4870 beatus
1107 4815 1152 4869 si
1173 4814 1390 4884 quidem
1411 4813 1671 4870 Paulinus
1691 4815 1899 4885 primus
1914 4814 2152 4884 ejusdem

494 4889 502 4940 ἶ
569 4907 717 4963 urbis
746 4904 972 4975 prmsul,
1003 4916 1110 4959 non
1140 4911 1390 4973 tempore
1425 4902 1743 4974 Augustini,
1775 4904 1872 4960 sed
1914 4914 2155 4976 tempore

566 5001 704 5059 Justi
726 5039 741 5067 ,
773 4998 862 5070 qui
889 5007 1115 5068 quartus
1158 4997 1259 5052 fult
1292 4996 1499 5053 Cantia:
1532 4995 1811 5067 pontifex,
1842 4997 1969 5053 illuc
2012 4998 2158 5055 dire-

565 5104 687 5151 ctus
711 5101 815 5150 est.
838 5090 1180 5147 Nescientem
1207 5089 1369 5145 Gesta
1395 5090 1693 5160 Anglorum
1719 5091 1991 5148 docebunt
2012 5094 2155 5162 quod

500 5242 503 5245 .
551 5188 709 5243 .dico.
738 5184 853 5241 Hoc
884 5182 1252 5255 intelligentes
1280 5181 1644 5238 sanctissime
1671 5181 1819 5238 sedis
1844 5182 2157 5253 apostolica:

504 5340 510 5347 _
564 5278 824 5349 praesules
848 5276 1241 5347 subjectionem
1271 5274 1515 5331 omnium
1544 5275 1920 5346 episcoporum
1947 5274 2155 5344 Anglia;

2258 4086 2633 4157 disciplinam,
2692 4100 2723 4139 a
2777 4085 2932 4153 cujus
2978 4084 3168 4139 fomite
3239 4091 3519 4155 rapuerunt
3568 4070 3740 4165 credendi

2256 4175 2553 4231 flammam.
2587 4174 2721 4243 Quis
2746 4174 2895 4230 enim
2927 4175 3139 4230 nesciat
3159 4175 3309 4244 quod
3331 4190 3361 4229 a
3390 4170 3562 4228 Cantia
3580 4166 3742 4221 manant
3816 4166 3817 4233 ᾗ

2256 4268 2458 4323 Christi
2486 4266 2782 4323 credulitas
2808 4267 2860 4321 in
2890 4266 3192 4322 Eboracum
3229 4276 3287 4321 et
3312 4266 3366 4320 in
3397 4271 3592 4320 cteteras
3606 4250 3741 4322 Angli!

2259 4359 2555 4415 Ecclesias?
3508 4398 3513 4401 .

2327 4452 2499 4509 Porro
2528 4452 2671 4523 quod
2699 4452 2839 4508 dicis
2874 4452 3120 4522 potuisse
3163 4453 3384 4507 beatum
3419 4436 3741 4519 Gregoriumsi

2256 4542 2557 4610 voluisset,
2589 4536 3004 4599 successoribus
3034 4543 3326 4614 Augustini
3353 4541 3633 4599 continuare
3651 4528 3742 4585 δὶαο
3816 4540 3817 4607 l

2256 4636 2402 4704 quod
2431 4642 2778 4690 concesserat
2806 4634 3130 4705 Augustino,
3162 4648 3355 4689 verum
3377 4629 3575 4688 omnino
3592 4630 3741 4683 est.nec
3816 4629 3817 4705 ξ

2255 4735 2436 4799 potest
2473 4726 2694 4798 ambigi.
2729 4724 2836 4782 Sed
2865 4726 3045 4795 quod,
3077 4741 3298 4797 quaeso,
3343 4709 3741 4797 przejudiciumltoc

2256 4817 2637 4873 Cantuariensi
2662 4816 2779 4873 sedi
2807 4814 3002 4871 affert?
3023 4816 3067 4871 A
3090 4816 3256 4872 simili
3278 4829 3491 4871 causam
3511 4816 3740 4882 ρτοροωω-

2257 4906 2391 4963 Nam
2448 4907 2666 4978 quando
2718 4908 2981 4964 Dominus
3028 4917 3085 4964 et
3137 4907 3389 4964 Salvator
3446 4911 3602 4962 noster
3642 4893 3743 4949 16315

2255 5000 2508 5056 Christus
2534 5000 2670 5056 dixit
2699 5002 2857 5058 beato
2886 5001 3046 5059 Petro
3079 5017 3094 5057 :
3131 5001 3210 5058 Tu
3234 5019 3291 5059 es
3322 5002 3532 5067 Petrus,
3572 5004 3611 5051 et
3644 5002 3744 5055 ut"

2256 5093 2392 5147 hanc
2423 5104 2619 5163 petram
2652 5095 2925 5163 a'di/tcabo
2954 5094 3246 5151 Ecclesium
3283 5111 3480 5159 meum,
3504 5101 3545 5147 et
3566 5080 3742 5143 ιὲιὶάιέθ
3816 5080 3817 5147 Ῑ

2256 5182 2424 5237 claves
2473 5183 2620 5253 regni
2664 5183 2914 5239 caelorum
2959 5184 3182 5257 (Matth.
3233 5200 3364 5251 xvi,
3410 5182 3519 5251 18).
3562 5172 3744 5249 polumt

2259 5274 2577 5342 atljicere,si
2610 5274 2904 5331 voluisset:
2938 5275 3197 5331 Eamdem
3211 5282 3521 5345 potestatem
3548 5272 3742 5324 ειιοοεεεθ·

566 5348 1852 5438 SuccessoribusAugustiniconfirmarunt,sicut
1874 5365 2151 5436 privilegia
2179 5377 2231 5437 ι)
2262 5366 2411 5421 ribus
2439 5367 2545 5423 tuis
2583 5367 2855 5433 concedo;
2893 5383 3081 5424 verum
3113 5366 3241 5422 dicti
3289 5358 3639 5437 praetermissio
3659 5348 3742 5405 "illil

565 5463 792 5517 recitata
824 5469 1111 5516 testantur.
1148 5459 1575 5531 Gregorianam,
1610 5470 1669 5515 ut
1699 5462 1918 5525 dicunt,
1949 5461 2141 5515 consti-
2258 5460 2574 5515 reverentiae
2640 5461 2913 5516 imminuit
2978 5462 3388 5517 successoribus
3439 5453 3584 5511 Petri.
3626 5444 3743 5502 Ibisne

566 5553 833 5608 tationem
876 5553 1057 5608 verbis
1086 5563 1343 5607 ornantes
1387 5552 1770 5622 amplissimis,
1818 5562 1873 5606 et
1901 5552 2150 5608 libertate
2253 5549 2340 5605 bis
2385 5549 2567 5606 verbis
2610 5550 2861 5606 obviam?
2899 5550 3193 5607 Referesne
3235 5547 3496 5606 adversa?
3532 5540 3744 5599 ﬁniumr0

568 5642 823 5697 munifica
853 5652 1244 5712 prosequentes
1292 5643 1534 5713 ejusdem
1571 5642 1718 5698 sedis
1751 5640 1978 5709 arbitri,
2008 5641 2153 5712 ejus-
2253 5642 2493 5697 omnium
2537 5641 2974 5698 Christianorum
3017 5636 3363 5700 conscientiis
3392 5646 3473 5695 est
3508 5632 3684 5691 inditum
3707 5628 3742 5671 δι

570 5736 692 5813 t‘em
720 5738 1001 5790 sententiae
1026 5736 1263 5806 patroni,
1285 5750 1607 5806 aequumque
1627 5744 1851 5803 censent
1882 5743 1939 5789 ut
1960 5750 2149 5791 omnes
2253 5733 2604 5789 nihilominus
2631 5747 2795 5802 quam
2832 5734 2991 5791 beato
3040 5734 3221 5801 Petro,
3267 5725 3632 5789 successoribus
3667 5714 3742 5782 0"”
