3864 6304
1188 368 1313 430 un.
1357 372 1444 429 ne
1481 371 1636 429 CEU

1841 362 2329 428 CONFESSIONE‘.
3245 344 3364 432 sae

124 500 163 551 et
206 487 533 546 m'nantibus
573 493 866 543 attremant
894 526 909 551 ,
958 494 1013 540 et
1064 497 1311 543 serenam
1364 487 1679 559 dignitatem
1714 493 1753 548 Α
1788 494 2006 550 manet,
2042 483 2146 538 nisi
2178 484 2221 539 si
2253 482 2382 553 quid
2407 485 2762 555 personaliter
2788 493 2844 542 et
2874 486 3187 555 nominatim
3215 490 3363 546 excic

119 566 487 651 indulgentihns
545 579 841 652 gaudenter
895 578 1248 648 applaudant;
1319 588 1512 649 estque
1556 589 1682 634 tunc
1784 579 1983 647 piatur.
2008 577 2189 644 Quare
2233 576 2375 632 sicut
2418 576 2670 632 Christus
2701 579 2838 633 dixit
2877 581 3129 635 omnibus
3156 598 3359 651 prtesuo
3422 611 3431 625 ι

116 674 302 727 demum
328 672 569 725 omnium
595 670 1090 726 ecclesiasticarum
1115 685 1297 723 rerum
1323 679 1437 723 rata
1458 671 1678 740 dispeu-
1784 669 1922 724 libus
1948 668 2211 723 Romanis
2233 668 2377 737 quod
2401 668 2539 722 dixit
2562 669 2720 724 beato
2746 669 2930 736 Petro,
2959 672 3033 726 ita
3058 674 3199 743 quod
3221 674 3361 729 disit

116 765 263 828 satio,
288 762 331 816 si
361 777 741 818 successorum
773 762 910 816 beati
943 761 1089 816 Petri
1131 761 1295 815 fuerit
1333 764 1679 832 comprobata
1782 759 2096 831 Gregorius,
2122 760 2375 815 omnibus
2399 761 2812 816 successoribus
2828 762 3114 833 Augustini
3143 764 3279 818 dixit
3305 766 3359 819 in

111 852 308 921 jnlicio.
330 851 468 918 Quid
510 852 640 907 illud
680 852 817 922 agit,
850 852 955 907 nisi
987 852 1070 907 vis
1110 853 1304 907 divina:
1344 852 1681 907 liberalitatis
1780 853 2101 924 Augustino.
2129 853 2267 909 Hinc
2292 854 2579 909 conﬁcitur
2600 862 2678 919 ut,
2704 854 3052 910 sicutCantia
3076 856 3361 925 subjicitur

114 960 192 1014 per
222 945 505 998 Dominum
544 942 729 999 Jesum
763 958 795 997 a
832 944 993 998 beato
1030 943 1192 998 Petro
1226 944 1279 997 in
1310 943 1542 996 vicarios
1563 943 1679 1014 ejus
1781 944 1997 1011 Romm,
2041 946 2184 1014 quod
2228 960 2296 1000 ex
2345 961 2408 1001 ea
2461 946 2621 1001 ﬁdem
2657 946 2899 1017 accepit,
2938 946 3011 1001 ita
3057 946 3359 1003 Eboracum

111 1032 301 1088 ditiusa?
317 1032 971 1104 Ergodesimilibusidem
995 1032 1368 1103 pronuntiabis
1387 1031 1678 1104 judicium,
1778 1036 2097 1104 subjiciatur
2125 1038 2332 1094 Cantire
2353 1080 2367 1103 ,
2396 1055 2516 1109 quae
2551 1055 2616 1095 eo
2644 1041 3040 1111 praedicatores
3064 1040 3225 1095 misit.

111 1128 147 1180 si
168 1126 491 1181 dialecticam
512 1125 677 1179 nosti.
1846 1126 1967 1181 Jam
2030 1142 2161 1183 vero
2206 1131 2350 1197 quod
2396 1129 2598 1199 allegas
2644 1130 2878 1186 voluisse
2921 1130 3239 1201 Gregorium
3300 1139 3365 1185 ut

169 1216 422 1269 Pra2terca
453 1216 602 1284 quod
630 1215 775 1269 valet
805 1216 859 1270 in
889 1225 1031 1280 toto,
1071 1215 1211 1269 valet
1240 1216 1291 1269 in
1319 1224 1501 1286 parte;
1529 1213 1674 1284 quod
1773 1216 2115 1284 Augustinus
2145 1219 2409 1274 resideret
2448 1219 2769 1286 Lundoniae,
2800 1220 3024 1276 ﬂuctuat
3052 1220 3227 1290 plane.
3255 1222 3359 1288 Qui

118 1304 241 1361 valet
270 1304 321 1358 in
353 1303 583 1372 majori,
616 1305 762 1365 valet
792 1305 843 1360 in
875 1305 1092 1360 minori.
1143 1304 1387 1360 Romana
1433 1303 1670 1360 Ecclesia
1773 1307 1918 1364 enim
1961 1308 2168 1364 ﬁrmari
2197 1319 2378 1379 potest
2414 1317 2474 1366 ut
2503 1309 2638 1380 ipse,
2672 1311 2916 1380 magistri
2965 1310 3048 1364 sui
3089 1310 3356 1365 voluntati

110 1396 239 1466 quasi
272 1404 443 1450 totum
493 1404 581 1451 est
624 1397 866 1450 omnium
889 1437 919 1459 ,_
950 1406 1161 1453 recterite
1210 1396 1469 1453 Ecclesiae
1516 1397 1671 1467 quasi
1775 1400 2075 1466 resultans,
2107 1401 2159 1455 in
2194 1400 2466 1469 repulsam
2510 1401 2853 1455 decretorum
2883 1400 3024 1455 iret?
3059 1398 3165 1454 Sed
3197 1398 3357 1454 fama:

110 1491 206 1558 ejus
226 1497 422 1558 partes.
478 1487 637 1543 Sicut
683 1490 831 1543 enim
876 1490 1110 1557 quodam
1145 1490 1343 1544 intuitu
1393 1492 1555 1544 homo
1580 1497 1671 1567 test
1773 1498 1882 1544 tam
1901 1489 2193 1544 multorum
2212 1503 2440 1545 assensu
2460 1489 2688 1545 ﬁrmata:
2704 1490 2967 1561 derogare
2986 1489 3144 1544 ﬁdem
3160 1487 3356 1544 refuto.

111 1593 251 1646 genus
284 1577 687 1633 individuorum
715 1594 958 1641 suorum,
984 1588 1040 1634 et
1062 1588 1245 1635 tamen
1270 1580 1321 1634 in
1345 1593 1669 1650 unoquoque
1771 1580 1904 1638 Esto
1950 1581 2127 1648 enim,
2179 1591 2239 1636 ut
2282 1582 2419 1637 alias
2469 1582 2766 1652 m’graret,
2812 1582 2939 1651 quid
2992 1581 3056 1635 ad
3096 1596 3212 1646 me,
3264 1580 3357 1650 qui

106 1668 352 1723 individuo
396 1667 545 1723 inest
594 1669 762 1723 totius
798 1669 1035 1724 hominis
1066 1676 1177 1724 tota
1225 1670 1558 1739 proprietas;
1594 1670 1666 1724 ita
1766 1675 2132 1730 Londinensis
2181 1675 2471 1746 episcopus
2518 1690 2623 1731 non
2676 1676 2834 1729 sum?
2863 1673 3007 1729 Nihil
3058 1675 3201 1728 enim
3232 1688 3352 1728 mea

110 1760 310 1828 quodam
340 1768 597 1829 respectu
625 1759 782 1816 sedes
813 1758 1058 1815 Romana
1081 1770 1165 1816 est
1200 1776 1369 1831 genus
1406 1770 1461 1815 et
1496 1770 1665 1816 totum
1698 1828 1736 1836 _
1772 1768 2032 1832 interest,
2086 1764 2191 1821 nisi
2237 1766 2381 1836 quod
2433 1781 2562 1822 usus
2604 1766 2946 1834 antiquitatis
2994 1780 3097 1818 non
3130 1764 3353 1832 patitur,

110 1839 316 1906 omnium
348 1850 752 1915 Ecclesiarum,
804 1860 859 1906 et
904 1860 1085 1906 tamen
1118 1851 1170 1905 in
1208 1866 1531 1922 unaquaque
1562 1852 1662 1907 Ec-
1695 1828 1741 1887 Β
1768 1858 1813 1913 si
1860 1868 1915 1913 tn
1960 1873 2086 1912 cum
2122 1857 2456 1914 Londinensi
2490 1857 2745 1927 pontiﬁce
2793 1856 3061 1926 primatus
3091 1857 3351 1911 honorem

110 1940 245 1994 casia
271 1939 434 1994 totius
463 1938 796 1994 Christianae
823 1940 946 1994 ﬁdei
977 1949 1090 2020 tota
1120 1949 1310 2011 regnat
1353 1941 1660 2010 integritas.
1768 1948 2056 2019 partiaris?
2085 1948 2160 2003 Ea
2190 1948 2258 2003 de
2306 1963 2363 2005 re
2395 1949 2475 2013 si,
2527 1948 2620 2002 lite
2648 1955 2962 2017 sequestra,
3009 1961 3140 2016 pace
3176 1944 3353 2000 media

111 2031 204 2100 Ipsa
227 2040 304 2086 est
334 2030 512 2101 major
539 2031 783 2085 onmium
822 2030 1222 2096 Ecclesiarum;
1254 2040 1311 2086 et
1338 2031 1481 2101 quod
1516 2033 1567 2086 in
1594 2048 1637 2086 e:

1838 2042 2042 2110 gotinm
2072 2041 2323 2096 ventilari
2364 2041 2668 2107 desideres,
2697 2055 2796 2111 pro
2844 2040 2950 2094 mei
2992 2037 3135 2107 juris
3177 2037 3362 2093 oﬁicio

114 2120 485 2202 ralet,debet_et
506 2120 762 2175 valerein
788 2120 1186 2186 minoribus,ut
1209 2129 1478 2191 postestas
1499 2121 1657 2191 primi
1766 2147 1875 2186 ηοη
1906 2133 2067 2188 dcem
2107 2141 2255 2188 τρειο
2278 2132 2502 2203 judicio,

111 2199 441 2283 cujuscunque
484 2214 746 2272 Ecclesiae
792 2214 1052 2286 principis
1082 2215 1134 2269 in
1181 2216 1537 2271 succedentes
1566 2215 1655 2267 di-

117 2384 3128 2409 Mm

717 2562 765 2580 -λ
822 2511 1398 2624 anan
1488 2454 2243 2625 ιΑΜτιιΔ

1051 2511 1398 2624 ιΔτι
1488 2454 2577 2628 hauriuntur

1139 2723 1692 2784 CANTUARIENSIS
1726 2725 2245 2783 ARCHIEPISCOPI

599 2898 794 3021 DE
915 2897 1646 3027 CELANDA
1744 2899 2807 3029 CONFESSIONE

1374 3132 2003 3222 LIBELLUS‘

250 3319 345 3379 lia:
381 3321 631 3382 duobus
665 3340 807 3382 mss.
842 3322 1167 3385 codicibus
1193 3323 1413 3385 Sancti
1450 3322 1718 3382 Victoris
1749 3322 2165 3393 Part'siensis,
2201 3333 2253 3385 et
2288 3324 2355 3385 C.
2400 3328 2461 3386 ιν.
2503 3323 2854 3385 Alexandri
2894 3322 3157 3384 l’rtat't’i.

1502 3473 1883 3486 ψ

164 3549 305 3621 379
320 3553 356 3605 .-\
368 3568 721 3611 acrrnnxrun.
743 3586 803 3594 ——
824 3555 1001 3622 Quaeri
1022 3557 1233 3611 videtur
1261 3558 1310 3611 in
1336 3559 1439 3612 hoc
1457 3559 1658 3626 libello,
1679 3577 1799 3615 cum
1825 3560 2071 3630 proprius
2090 3559 2342 3613 sacerdos
2358 3554 2666 3627 pwnitcntis
2691 3552 3082 3608 confessionem
3102 3552 3343 3621 publica-

111 3640 240 3703 verit,
266 3643 471 3695 cuinam
503 3645 781 3713 pmnitens
812 3647 1055 3700 conﬁteri
1080 3647 1295 3702 debeat.
1326 3647 1367 3702 Ι.
1399 3648 1629 3705 Probata
1660 3651 1914 3706 Ecclesiae
1966 3650 2277 3719 virginitate
2306 3656 2361 3701 et
2390 3647 2611 3710 unitate,
2644 3643 2881 3699 ostendit
2928 3652 3120 3699 auctor
3166 3656 3346 3713 quan-

112 3735 255 3784 torum
285 3733 550 3789 ma'orum
574 3749 739 3792 causa
766 3737 1008 3793 extiterit
1035 3738 1194 3809 sigilli
1243 3739 1638 3796 confessionnis
1671 3742 1951 3797 intractor.
1972 3771 2049 3783 —
2080 3741 2144 3797 ll.
2172 3740 2227 3793 ln
2264 3740 2367 3793 hoc
2416 3754 2544 3793 casu
2574 3778 2587 3803 ,
2621 3737 2713 3792 ubi
2746 3737 2998 3793 nimirum
3051 3728 3342 3811 pteuitenti

109 3821 402 3877 sacerdotum
434 3824 579 3879 inest
610 3826 831 3896 penuria
868 3835 1015 3880 tanta
1048 3829 1324 3885 utvnullus
1356 3842 1521 3895 queat
1562 3846 1783 3899 prorsus
1814 3832 2060 3903 reperiri,
2101 3847 2261 3900 posse
2298 3846 2421 3885 eum
2448 3829 2679 3894 clericis,
2728 3830 2859 3900 quin
2886 3831 3053 3885 etiam
3094 3838 3149 3885 et
3179 3827 3357 3883 laicis

111 3911 309 3975 mundis,
337 3914 437 3969 hoc
462 3923 554 3993 est
580 3914 825 3972 ﬁdelibus
875 3915 1121 3971 conﬁteri
1157 3935 1173 3984 ;
1202 3936 1307 3975 non
1344 3923 1488 3992 quod
1516 3920 1606 3976 illa
1634 3923 1906 3980 confessio
1931 3928 2015 3994 (ut
2057 3925 2329 3993 proferam
2377 3924 2478 3977 hac
2508 3923 2560 3976 in
2595 3936 2653 3976 re
2703 3921 3073 3993 theologorum
3120 3930 3338 3976 senten-

110 3998 232 4068 tiain)
252 4004 473 4070 gratiam
495 4020 566 4061 ex
596 4019 761 4075 opere
784 4016 1008 4078 operate
1031 4008 1277 4066 conferat
1303 4014 1502 4083 (neque
1526 4014 1671 4068 enim
1697 4014 2231 4086 sacramentalisest)
2282 4016 2378 4069 sed
2406 4029 2471 4068 ex
2508 4028 2672 4084 opere
2698 4012 2996 4083 operantis,
3021 4025 3215 4080 nempe
3264 4025 3334 4065 ex

109 4095 414 4163 tontritione,
451 4106 509 4153 et
532 4097 841 4155 humilitate
869 4115 1029 4171 quant
1064 4110 1313 4159 testatam
1341 4104 1471 4161 facit
1497 4108 1764 4163 conﬁtens
1796 4108 1847 4160 in
1880 4107 1961 4159 sui
1995 4106 2174 4161 delicti
2204 4105 2557 4169 revelatione,
2585 4102 2847 4173 majorem
2878 4102 3047 4157 utsibi
3074 4102 3331 4157 ruborem

108 4187 342 4245 adsciscat
365 4193 534 4255 ;unde
562 4183 971 4261 quodammodo
991 4194 1128 4249 Deus
1148 4197 1393 4267 suppleat
1416 4200 1717 4255 sacerdotis
1766 4198 2205 4253 otIicium.—Ill.
2237 4198 2335 4252 Ubi
2354 4211 2454 4251 nec
2485 4196 2769 4255 sacerdos.
2803 4210 2901 4249 nec
2930 4192 3160 4248 clericus
3180 4232 3194 4256 ,
3231 4208 3332 4247 nec

108 4271 248 4330 laicus
264 4280 533 4337 invenitur
580 4296 683 4337 non
709 4281 771 4337 de
794 4282 967 4338 salute
993 4284 1415 4356 desperandum,
1435 4291 1530 4344 sed
1557 4290 1654 4345 soli
1681 4291 1791 4345 Deo
1806 4290 2170 4345 conﬁtendum
2198 4304 2265 4344 ex
2290 4288 2521 4343 diversis
2549 4287 2742 4357 probat
2763 4284 2862 4339 SS.
2895 4285 3114 4337 Patrqu
3143 4292 3353 4339 aucto-

111 4364 340 4427 ritatibus.

166 4480 382 4554 Rogatus
417 4504 585 4560 super
606 4489 917 4559 virginitate
960 4494 1154 4549 matris
1187 4495 1463 4563 Ecclesiae,
1511 4511 1645 4566 quo-
1674 4500 1719 4562 C
1750 4495 2027 4565 baptismi,
2053 4496 2314 4550 Dominici
2330 4493 2570 4563 corporis
2586 4501 2639 4548 et
2659 4491 2962 4563 sanguinis,
2985 4501 3351 4561 peccatorum-

108 4571 238 4628 modo
266 4578 407 4648 virgo
428 4574 543 4643 est,
574 4596 694 4647 quae
724 4597 829 4635 non
872 4582 1045 4637 solum
1078 4599 1144 4638 er
1188 4586 1509 4656 virginibus,
1550 4588 1644 4642 sed
1752 4584 2110 4640 confessionis
2138 4585 2309 4640 divisa
2337 4598 2443 4639 non
2471 4594 2573 4646 est,
2589 4592 2641 4636 et
2656 4582 2781 4652 quia
2804 4597 2932 4637 vere
2956 4597 3225 4647 una,vere
3248 4594 3351 4638 est

106 4658 315 4717 ctiamcx
356 4667 681 4737 conjugatis,
718 4685 782 4723 ex
841 4673 1114 4740 corruptis
1144 4713 1159 4738 ,
1206 4682 1262 4727 et
1319 4675 1649 4744 incorruptis
1752 4676 2525 4747 virgo,quiaomnisvirgo,ex
2542 4673 2758 4743 eoquod
2782 4673 3332 4744 virgoest,induodi-

106 4762 244 4808 carne
267 4768 508 4823 constat,
545 4775 740 4829 negare
772 4776 876 4816 non
916 4762 1075 4817 debui
1122 4764 1375 4819 charitati
1405 4766 1543 4819 dare
1561 4767 1647 4839 ,αθ
1754 4768 1978 4823 vidinon
2002 4776 2212 4837 potest;
2248 4767 2450 4822 etenim
2474 4782 2603 4822 caro
2629 4780 2750 4835 quae
2776 4765 2928 4834 virgo
2954 4774 3058 4829 est,
3086 4763 3329 4833 perfecte

108 4839 380 4936 virginitate
424 4850 815 4906 testimonium.
870 4851 1032 4924 Virgo
1080 4856 1221 4910 enim
1267 4864 1374 4920 est,
1421 4864 1476 4911 et
1524 4872 1648 4912 vere
1749 4868 1835 4915 est
1862 4859 2050 4929 Virgo;
2076 4859 2232 4913 beam
2257 4872 2387 4928 ergo
2420 4856 2546 4928 [αι-ν
2575 4854 3181 4926 νθΓΟῘ-ωθίθτΕθθΙθδίδ
3224 4870 3330 4909 una

110 4938 256 4997 “rgo;
303 4950 444 5002 nam,
493 4938 539 4991 si
569 4939 878 4993 intueamur
924 4940 975 4993 in
1035 4941 1254 5010 speculo
1288 4944 1537 5011 puritatis
1592 4953 1647 4999 et
1748 4950 2047 5019 eademque
2074 4950 2128 5003 in
2160 4948 2548 5010 sacramentis.
2597 4955 2652 5001 et
2684 4947 2805 5010 ﬁde,
2861 4946 2985 5000 dum
3033 4945 3166 4999 nihil
3206 4960 3331 4999 cor-

109 5021 336 5118 Veritatis,
359 5038 411 5082 et
437 5045 560 5085 vere
586 5032 735 5099 virgO
762 5031 1045 5103 imaginem
1075 5034 1279 5089 habens
1307 5034 1427 5106 Wo.
1463 5036 1643 5107 huius]
1750 5052 1968 5114 ruptum
2019 5043 2071 5096 in
2113 5042 2464 5106 conscientia,
2496 5042 2635 5096 sicut
2667 5055 2766 5095 nec
2794 5040 2946 5109 virgo
2970 5038 3061 5093 Dei
3093 5035 3329 5106 genitrix

108 5114 410 5183 Virginitatis,
470 5123 611 5192 quod
665 5132 747 5179 est
811 5140 977 5179 carne
1029 5126 1184 5180 beata
1247 5127 1397 5198 virgo
1452 5128 1641 5191 Maria,
1746 5135 1978 5204 patitur;
2011 5143 2069 5187 ut
2092 5133 2177 5187 illa
2208 5133 2261 5186 in
2308 5148 2562 5202 corpore,
2623 5132 2698 5185 ita
2745 5132 2857 5201 ipsa
2904 5144 3118 5199 quoque
3161 5141 3327 5182 sensu
3382 5202 3385 5203 ν

111 5212 255 5297 tenter
282 5221 360 5264 est
387 5213 625 5269 Ecclesia
657 5216 1007 5271 conscientia.
1038 5216 1203 5285 Cujus
1237 5219 1312 5274 rei
1364 5220 1415 5273 in
1446 5219 1640 5275 lineam
1749 5226 1924 5295 virgo,
1958 5232 2063 5279 est.
2095 5223 2152 5276 In
2201 5222 2360 5293 hujus
2406 5222 2589 5291 itaque
2614 5220 2951 5289 virginitatis
2997 5216 3215 5286 speculo
3258 5218 3325 5270 ad

110 5291 243 5349 citius
261 5297 555 5372 dirigimus,
584 5306 628 5360 si
646 5316 878 5375 quatuor
905 5308 1269 5363 ecclesiastica
1301 5320 1641 5364 sacramenta
1749 5291 2060 5368 intuendam
2089 5291 2283 5367 faciem
2332 5313 2577 5367 veritatis
2606 5311 2659 5365 in
2694 5310 3056 5366 sacramentis
3106 5307 3322 5363 confes-

112 5379 356 5454 diligenter
384 5394 712 5466 insptcunus,
744 5399 900 5453 ﬁdem
940 5441 953 5464 ,
979 5401 1327 5470 bapttsnnm,
1362 5401 1631 5456 Dominici
1748 5405 1915 5459 sionis
1948 5403 2212 5467 nonnulli,
2240 5411 2296 5458 et
2319 5403 2462 5473 quod
2486 5404 2707 5473 gravius
2728 5409 2832 5467 est,
2882 5400 2974 5468 qui
3026 5398 3318 5465 imaginem

112 5480 319 5541 corporis
342 5492 395 5537 et
438 5488 715 5557 sanguinis
749 5492 1232 5551 consecrationem,
1294 5499 1643 5557 peccatorum
1747 5494 1998 5549 videntur
2027 5494 2222 5549 habere
2246 5494 2543 5564 religionis,
2567 5492 2834 5560 caligant;
2861 5506 2982 5557 quae
3011 5488 3323 5555 diligentius

117 5565 461 5629 remissionem.
490 5577 620 5633 Fide
636 5580 778 5633 enim
807 5590 892 5635 est
926 5589 1097 5635 mater
1122 5580 1542 5651 Ecclesia,quod
1562 5591 1646 5636 est
1749 5584 2073 5646 intueamur;
2098 5591 2151 5636 et
2192 5597 2352 5636 omne
2389 5582 2533 5650 quod
2583 5596 2747 5633 ttnum
2782 5595 2888 5634 non
2917 5587 3002 5632 est
3044 5593 3097 5629 tn
3151 5575 3321 5647 380

116 5660 247 5708 came
272 5657 413 5715 beata
441 5666 623 5733 Maria,
649 5670 773 5739 quia
803 5670 942 5739 quod
993 5670 1078 5725 illa
1109 5672 1159 5725 in
1221 5670 1424 5739 Spiritu
1457 5681 1644 5724 sancto
1747 5658 1931 5727 sancta
1956 5671 2223 5737 Ecclesia,
2253 5671 2322 5724 ab
2348 5669 2509 5725 oculo
2538 5669 2783 5725 veritatis
2811 5676 3122 5724 evanescat.

117 5749 461 5821 “acerinam
490 5761 539 5816 in
581 5762 784 5832 Spiritu
822 5774 1010 5820 sancto
1040 5763 1228 5821 credit.
1276 5763 1644 5819 Sacramcntis
1816 5763 1940 5817 Tria
1980 5776 2099 5817 esse
2148 5766 2485 5815 sacramenta
2532 5758 2596 5825 (')
2651 5758 3006 5831 confessionis
3057 5756 3321 5814 Dominus
