3864 6304
409 442 418 452 κ
480 373 586 431 627

1470 364 1533 433 n.
1574 377 1961 437 LANFRANCI
2000 378 2353 439 CANTUAR.
2393 370 2712 442 ARCHIEP.
3637 398 3728 456 oss

480 486 535 541 in
572 498 671 543 sua
706 498 937 557 persona
967 485 1288 554 declaravit,
1328 486 1554 559 ﬁguram
1579 480 1860 562 baptismi,
1887 509 2051 548 unam
2088 502 2133 557 Α
2158 495 2349 552 effectu
2382 500 2623 564 tractari,
2666 502 2844 570 palam
2900 500 3171 572 loquimur
3199 514 3255 561 et
3291 514 3565 564 testamur.
3590 512 3651 568 Et
3682 516 3729 571 in

483 577 875 632 conscientiam
906 576 976 633 de
1001 578 1428 643 duobus,‘Deum
1470 590 1528 636 et
1551 582 1827 638 hominem
1878 585 1935 639 in
1966 599 2062 639 eo-

480 668 855 738 demjudicio.
892 669 949 723 In
996 668 1168 740 ﬁgura
1206 671 1457 741 baptismi
1489 673 1580 744 (θ),
1626 674 1674 730 is
1714 674 1804 744 qui
1840 674 2065 731 confite-

481 766 595 821 tur,
649 758 998 812 abrenuntiat
1028 774 1124 828 per
1158 761 1538 830 pmnitcntiam
1564 803 1579 827 ,
1638 774 1694 817 et
1735 764 1908 819 credit
1969 780 2065 835 per

485 847 672 911 tidem,
716 848 858 902 sicut
902 849 950 902 is
1021 850 1114 917 qui
1168 850 1479 921 baptizatur
1512 853 1580 923 (³)
1634 853 1978 909 abrenuntiat
2011 864 2067 911 et

481 938 681 992 credit.
737 938 892 994 Unde
939 947 993 993 et
1034 940 1293 997 Dominus
1336 943 1478 997 idem
1539 946 1908 1000 testimonium
1968 961 2064 1001 ac-

481 1029 868 1099 cepitaPatre
895 1029 949 1085 in
1003 1033 1502 1103 transfiguratione,
1549 1035 1691 1105 quod
1728 1045 1783 1089 et
1831 1037 1883 1090 in
1936 1038 2066 1107 bap-

478 1119 669 1184 tismo,
693 1130 747 1174 et
776 1122 1016 1176 additum
1050 1132 1134 1177 est
1164 1140 1177 1175 :
1204 1123 1387 1189 Ipsum
1421 1126 1599 1179 audite
1624 1126 1965 1193 (Math.xvn,
1985 1129 2061 1199 6).

476 1211 557 1266 De
588 1228 653 1267 eo
683 1213 829 1266 enim
857 1214 925 1269 de
952 1230 1059 1283 quo
1108 1216 1357 1271 audierat
1400 1216 1805 1273 Joannes:Hic
1854 1232 1929 1274 est
1977 1224 2065 1291 qui

477 1303 709 1375 baptizat
741 1305 922 1373 (Joan.
970 1323 1011 1373 ι,
1038 1307 1150 1379 55),
1196 1309 1490 1365 audierunt
1541 1310 1791 1380 discipuli
1832 1312 2066 1382 :Ipsum

476 1393 680 1458 audite,
703 1394 829 1463 quia
860 1396 951 1464 qui
996 1398 1236 1466 baptizat
1268 1399 1320 1452 in
1372 1398 1724 1469 baptismate,
1769 1401 1883 1470 ipse
1912 1401 2065 1456 audi-

476 1494 569 1544 tur
596 1489 649 1544 in
686 1491 1062 1560 paenitentiam
1102 1492 1266 1548 dante
1303 1493 1391 1565 (⁸).
1433 1496 1561 1551 Duae
1604 1497 1957 1552 conscientiae
2008 1498 2063 1553 in

476 1595 639 1634 tinam
674 1590 971 1646 transeunt,
1002 1582 1312 1640 confitentis
1337 1586 1543 1641 scilicet
1588 1590 1641 1642 in
1670 1588 1786 1658 ejus
1811 1590 1896 1642 cui
1928 1603 2065 1643 con-

477 1672 680 1733 litetur,
712 1680 768 1727 et
789 1670 1084 1741 judicantis
1121 1677 1173 1729 in
1196 1676 1437 1744 ejusdem
1469 1679 1560 1748 qui
1586 1680 1881 1749 judicatur.
1916 1680 2069 1736 lianc

480 1762 747 1817 unitatem
779 1763 1110 1834 imprecatur
1131 1767 1300 1823 Filius
1329 1768 1422 1823 Dei
1453 1771 1594 1841 apud
1625 1771 1839 1827 Patrem
1874 1790 1887 1824 :
1916 1771 1986 1826 Ut
2019 1783 2067 1827 et

2168 586 2348 642 Veteri
2367 588 2718 646 Testamento
2746 593 2844 647 bos
2877 607 3171 666 cornnpeta
3206 597 3408 653 recludi
3446 604 3733 673 pracipitnr

2168 678 2362 747 (Exod.
2382 696 2471 735 XXI
2500 724 2513 746 ,
2542 681 2657 753 29);
2684 683 2885 738 sienim
2903 699 3009 740 non
3042 687 3350 743 rcclususin
3366 705 3556 761 campo
3570 695 3730 761 publi--

2166 770 2397 825 cationis
2436 771 2666 842 aliquem
2698 775 2989 840 occiderit,
3021 778 3073 833 id
3112 787 3237 845 est,
3299 779 3352 833 in
3389 782 3731 851 suspicionem

2167 859 2410 915 mortalis
2431 860 2678 917 criminis
2715 863 3024 931 adduxerit,
3064 867 3318 923 dominus
3360 867 3504 938 ejus,
3530 871 3575 925 is
3606 872 3732 926 ride-

2169 950 2296 1007 licet
2331 953 2417 1007 cui
2473 969 2571 1025 per
2616 955 3012 1012 confessionem
3045 972 3103 1013 se
3160 960 3439 1025 credidit,
3484 962 3606 1030 quia
3641 978 3732 1016 non

2168 1056 2291 1096 eum
2317 1042 2552 1109 reclusit,
2588 1045 2803 1115 aliquod
2831 1048 3085 1103 videlicet
3109 1047 3158 1101 in
3192 1047 3538 1104 confessione
3552 1051 3733 1104 dictum

2167 1143 2470 1201 peccatum,
2512 1135 2596 1190 vel
2643 1151 2970 1207 quemquam
3002 1139 3326 1209 simpliciter
3377 1155 3408 1193 a
3461 1139 3732 1209 deroganie

2169 1226 2528 1291 nominatum,
2561 1227 2611 1280 in
2643 1222 2863 1282 causam
2887 1230 3157 1298 publicam
3206 1246 3535 1300 quocunque
3589 1233 3731 1287 modo

2170 1316 2409 1383 adducit,
2434 1327 2609 1373 morte
2630 1322 2769 1374 mori
2787 1321 3117 1390 prrecipitur.
3144 1320 3435 1375 Revelator
3455 1323 3600 1375 enim
3622 1337 3737 1375 eon-

2170 1403 2439 1468 fessionis.
2472 1409 2719 1465 mortalis
2743 1411 2993 1466 criminis
3022 1428 3144 1467 reus
3176 1423 3290 1478 est;
3324 1412 3485 1467 fidem
3513 1429 3730 1483 namque

2171 1499 2457 1565 mentitur,
2512 1509 2855 1555 sacramenta
2904 1502 3261 1558 confessionis
3312 1518 3419 1557 non
3472 1503 3733 1569 observat,

2171 1586 2223 1641 in
2248 1587 2506 1643 unitatem
2531 1587 2708 1644 Patris
2731 1598 2786 1643 et
2836 1588 2954 1645 Filii
2986 1601 3194 1660 peccat,
3242 1592 3297 1645 in
3324 1592 3585 1660 Spiritum
3615 1608 3729 1646 san-

2171 1686 2340 1742 ctum,
2374 1677 2467 1748 qui
2506 1686 2590 1733 est
2622 1693 2748 1734 vera
2791 1680 3042 1735 remissio
3068 1721 3083 1746 ,
3135 1681 3497 1751 blasphemat,
3529 1691 3583 1734 et
3625 1697 3731 1735 cum

2171 1767 2374 1823 Judteis
2409 1769 2636 1825 DOmino
2671 1770 2801 1825 dicit
2830 1788 2842 1825 :
2874 1771 3065 1826 Nonne
3101 1772 3225 1826 bene
3253 1774 3477 1827 dicimus
3514 1790 3603 1827 nos
3630 1774 3734 1841 quia

478 1854 581 1923 ipsi
612 1855 666 1907 in
698 1856 865 1923 nobis,
892 1856 1163 1927 inquiens,
1192 1876 1357 1913 unum
1392 1862 1526 1928 sint,
1554 1863 1688 1916 sicut
1720 1873 1776 1917 tu
1811 1861 1975 1917 Pater
2006 1864 2062 1917 in

2170 1858 2534 1913 Samaritanus
2550 1876 2603 1913 es
2618 1870 2673 1913 tu
2693 1877 2707 1926 ;
2723 1871 2771 1915 et
2791 1860 3733 1933 άωηιοηίυηψιαῡεεῗ(Ιοαηωιη,ιω

480 1960 583 2010 me,
613 1958 660 2000 ct
687 1963 780 2017 ego
830 1949 885 2002 in
913 1957 962 2003 te
994 1950 1177 2020 (Joan.
1211 1967 1351 2017 xvn,
1389 1952 1501 2022 ει).
1536 1954 1680 2009 Deus
1723 1964 1776 2009 et
1810 1956 1972 2010 homo
2009 1955 2063 2010 in

478 2036 670 2091 eodem
689 2037 896 2105 judicio
927 2041 1285 2107 conveniunt,
1315 2043 1439 2112 quia
1469 2044 1559 2113 qui
1610 2059 1669 2099 se
1697 2043 1927 2113 jttdicat,
1952 2044 2063 2113 jam

479 2142 605 2182 cum
635 2127 747 2183 Deo
774 2129 901 2184 facit
933 2129 1092 2202 (Aug.
1127 2143 1280 2187 tract.
1318 2133 1404 2200 l2,
1437 2134 1491 2188 in
1520 2134 1687 2189 Joan.
1716 2138 1816 2191 sub
1854 2136 2061 2208 finem).

486 2219 638 2276 Unde
665 2233 719 2277 et
742 2221 881 2279 latro
913 2224 969 2278 in
1020 2239 1182 2280 cruce
1236 2241 1356 2280 cum
1415 2227 1675 2283 dixisset:
1703 2228 1817 2282 Nos
1860 2229 2067 2299 quidem

478 2312 639 2383 digna
694 2314 848 2384 [actis
889 2318 1165 2387 recipimus
1214 2316 1367 2388 (Luc.
1402 2336 1557 2384 xxm,
1620 2320 1733 2391 Η),
1765 2320 1892 2390 quia
1943 2335 2065 2375 cum

486 2402 715 2459 Domino
736 2420 794 2459 se
832 2405 1117 2475 judicavit,
1167 2422 1291 2462 cum
1336 2408 1563 2465 Domino
1599 2410 1652 2465 in
1681 2410 1933 2480 paradiso
1963 2418 2063 2465 est.

550 2494 609 2549 lu
642 2496 725 2551 his
759 2500 1116 2554 sacramentis
1142 2500 1235 2569 qui
1270 2515 1596 2572 quocunque
1643 2504 1806 2559 modo
1836 2504 1903 2559 de
1932 2517 2064 2558 con-

478 2583 642 2642 fessis
668 2587 770 2642 sibi
816 2588 1052 2660 aliquam
1104 2593 1468 2663 suspicionem
1503 2595 1555 2648 in
1607 2594 1879 2665 publicum
1933 2594 2065 2649 oriri

477 2678 716 2734 scienter
742 2679 965 2744 faciunt,
1009 2682 1089 2736 vel
1134 2684 1412 2739 confessos
1444 2684 1743 2751 infamant,
1796 2684 2064 2755 caligant;

476 2779 533 2824 et
548 2770 604 2825 lii
627 2770 720 2841 qui
744 2771 796 2825 in
820 2771 1218 2829 confessionem
1258 2774 1515 2843 aliquam,
1549 2774 1634 2829 vel
1655 2784 1961 2829 consortem
1982 2774 2066 2827 sui

483 2861 731 2917 criminis
759 2863 1015 2931 produnt,
1044 2874 1298 2933 peccant;
1333 2874 1387 2919 et
1426 2864 1501 2919 illi
1532 2864 1624 2935 qui
1668 2865 1724 2919 in
1765 2863 2067 2919 confessio-

478 2968 607 3009 nem
628 2953 693 3025 [ι’.
724 2954 1067 3012 confessione
1094 2972 1109 3022 ;
1145 2958 1223 3012 cet
1252 2958 1361 3012 sic:
1390 2965 1638 3027 peccant,
1672 2966 1726 3011 et
1759 2957 1834 3011 illi
1860 2956 1911 3010 in
1941 2969 2072 3011 con-

484 3045 802 3110 fessionem,
836 3046 927 3115 qui
951 3047 1117 3113 facta,
1139 3048 1273 3119 etc.‘]
1304 3048 1443 3103 facta
1474 3049 1703 3103 aliorum
1727 3048 2066 3119 perquirunt.

485 3136 626 3191 Cum
658 3134 803 3189 enim
860 3134 1130 3191 confessio
1176 3138 1402 3214 figuram
1458 3136 1714 3207 baptismi
1768 3146 1949 3192 teneat
1979 3138 2063 3210 (').

485 3226 692 3282 scimus
720 3228 844 3296 quia
884 3228 937 3282 in
968 3229 1177 3298 peccati
1208 3229 1696 3297 abrenuntiatione,
1727 3246 1832 3284 non
1848 3229 2069 3285 alterius

485 3315 823 3370 detractione
886 3317 1246 3388 baptizamur.
1281 3318 1339 3373 ln
1366 3318 1518 3375 Judae
1543 3320 1712 3374 etiam
1770 3320 2070 3389 proditoris

484 3404 700 3461 Domini
729 3416 1021 3462 censentur
1037 3409 1345 3479 participio,
1378 3411 1527 3480 quia,
1556 3410 1682 3465 licet
1707 3412 1751 3465 is
1772 3410 1858 3466 cui
1886 3411 2069 3466 detra-

485 3496 735 3562 hitur,ex
763 3512 829 3552 eo
855 3497 997 3567 quod
1029 3500 1595 3570 peccavit,personam
1622 3502 1833 3559 Domini
1862 3516 1966 3555 non
1993 3501 2069 3555 si-

484 3587 741 3659 gnificet,
792 3602 857 3643 ex
918 3605 984 3645 eo
1027 3599 1206 3646 tamen
1259 3594 1402 3663 quod
1467 3594 1697 3650 traditur
1760 3594 2070 3665 signiﬁcare

482 3688 681 3748 potest.
712 3679 973 3736 Dominus
1004 3697 1258 3751 namque,
1307 3684 1406 3739 etsi
1439 3701 1542 3738 non
1576 3685 1849 3754 peccavit,
1885 3695 2065 3739 tamen

486 3770 724 3825 traditus
747 3781 829 3826 est
859 3812 873 3836 ,
903 3774 970 3827 de
995 3787 1102 3841 quo
1148 3774 1313 3829 Judas
1344 3776 1419 3829 ait
1452 3793 1464 3828 :
1502 3776 1881 3848 Quemcunque
1913 3794 2069 3831 oscu-

484 3861 626 3915 latus
651 3861 823 3931 fuero,
847 3862 956 3931 ipse
983 3874 1258 3926 est,tencte
1286 3883 1403 3919 eum
1433 3866 1627 3936 (Marc.
1647 3884 1761 3934 xw,
1786 3867 1909 3936 44);
1944 3877 1990 3923 cI
2022 3870 2067 3924 is

487 3952 600 4017 cui,
627 3967 751 4007 cum
767 3951 999 4023 imagine
1017 3950 1141 4025 [al.,
1161 3954 1473 4027 imaginem]
1493 3955 1890 4021 familiaritatis,
1912 3957 2064 4026 quasi

483 4043 730 4100 osculum
781 4044 866 4099 vel
898 4044 1119 4100 exhibet
1157 4044 1242 4098 vel
1290 4046 1555 4109 exhibuit,
1594 4048 1659 4101 de
1712 4048 1940 4101 crimine
1982 4063 2067 4102 ro-

481 4144 576 4208 gat
604 4136 774 4192 teneri
805 4136 856 4191 in
881 4134 1245 4191 confessione.
1274 4135 1360 4208 (°).
1390 4137 1453 4190 Et
1483 4136 1769 4206 Apostolus
1794 4137 2061 4195 Joannes:

477 4226 669 4284 Omnis
696 4230 788 4300 qui
809 4230 937 4299 facit
975 4240 1268 4300 peccatum,
1293 4245 1359 4283 ea:
1387 4229 1598 4284 diabolo
1621 4238 1696 4283 est
1727 4239 1906 4293 natus,
1940 4232 2064 4300 quin

476 4321 543 4376 ab
564 4321 714 4376 initio
735 4321 981 4375 diabolus
1007 4331 1185 4391 peccat
1210 4318 1260 4392 (1
1284 4320 1445 4375 Ιοαη.
1479 4321 1846 4392 tn,v.8);hoc
1869 4336 2062 4391 pecca-

476 4421 593 4466 tum
647 4412 995 4467 violationem
1039 4411 1325 4468 charitatis
1391 4412 1780 4480 intelligimus,
1841 4412 1966 4483 quia
1996 4412 2063 4466 ab

2170 1948 2353 2003 Fidem
2377 1948 2655 2016 mentitur,
2688 1963 2835 2015 cum,
2861 1951 3004 2019 quod
3035 1950 3156 2005 ﬁdei
3178 1950 3606 2007 Christianitatis
3638 1949 3736 2016 ejus

2168 2038 2435 2092 creditum
2465 2047 2549 2093 cst
2592 2054 2697 2095 non
2729 2049 2941 2106 servat;
2965 2041 3032 2096 de
3057 2057 3163 2112 qua
3200 2042 3398 2096 beatus
3426 2042 3735 2109 Augustinus

2170 2126 2222 2180 in
2249 2127 2465 2182 humilia
2493 2129 2559 2183 10
2585 2144 2747 2198 super
2779 2131 2938 2201 epist.
2977 2131 3207 2185 Joannis
3256 2132 3389 2187 dicit
3424 2150 3438 2186 :
3474 2152 3493 2183 ι
3529 2133 3625 2199 Qui
3646 2147 3733 2184 non

2169 2218 2401 2273 credunt
2435 2259 2451 2285 ,
2473 2219 2524 2274 id
2550 2230 2631 2276 est
2652 2260 2666 2286 ,
2701 2222 2789 2290 qui
2816 2222 2975 2277 fidem
3011 2239 3115 2277 non
3143 2223 3369 2290 habent,
3400 2223 3610 2294 pejores
3629 2229 3733 2277 sunt

2169 2327 2331 2381 quam
2361 2320 2658 2379 tlzemones,
2681 2323 2737 2369 et
2768 2316 3090 2371 tardiores.»

2242 2404 2591 2458 Sacramenta
2623 2407 2985 2461 confessionis
3033 2407 3218 2473 violat,
3260 2407 3387 2477 quia
3441 2422 3543 2463 nec
3585 2422 3731 2478 paint-

2172 2500 2373 2548 tenteni
2404 2494 2457 2548 in
2471 2494 2808 2551 confessione
2843 2497 3175 2567 baptizatum
3209 2499 3419 2565 credit;
3471 2500 3732 2569 ipsumque

2171 2583 2464 2637 secundum
2509 2585 2860 2656 baptismum,
2903 2588 2956 2641 id
2986 2597 3070 2643 est
3121 2587 3549 2654 confessionem,
3587 2605 3735 2659 quan-

2172 2684 2281 2729 tum
2308 2674 2361 2729 in
2388 2676 2505 2745 ipso
2529 2687 2638 2743 est,
2661 2678 2915 2745 destruit,
2947 2694 3047 2735 nec
3099 2679 3364 2734 unitatem
3411 2680 3733 2736 conscientia:

2170 2765 2426 2826 custodit.
2460 2782 2561 2822 nec
2596 2767 2763 2823 Deum
2794 2770 2847 2824 in
2874 2771 2987 2825 suis
3018 2770 3242 2841 judieiis
3291 2772 3612 2825 convenisse
3657 2787 3734 2823 re-

2172 2870 2343 2915 retnr.
2372 2862 2428 2916 In
2463 2862 2725 2917 unitatem
2758 2862 2939 2917 Patris
2964 2873 3018 2919 et
3047 2863 3167 2918 Filii
3216 2872 3430 2933 peccat,
3474 2879 3595 2918 cini
3637 2863 3734 2917 uni-

2170 2958 2337 3005 tatem
2386 2966 2505 3020 quze
2542 2961 2627 3007 est
2675 2960 2817 3006 inter
2870 2950 3039 3006 Deum
3090 2951 3307 3007 Patrem
3351 2964 3407 3007 et
3437 2951 3645 3016 Filium,
3684 2953 3731 3004 in

2172 3044 2464 3098 confitente
2505 3044 2606 3099 sibi
2639 3053 3107 3115 reprmscntatam,
3136 3061 3467 3115 quacunque
3509 3046 3731 3116 publica-

2174 3133 2318 3187 tione
2347 3135 2554 3189 dividit.
2579 3134 2713 3190 Cum
2767 3135 2910 3191 enim
2966 3135 3135 3191 Filius
3179 3136 3246 3190 ad
3302 3136 3523 3191 Patrem
3569 3136 3729 3190 dicat:

2173 3224 2238 3277 Et
2265 3226 2363 3294 ipsi
2386 3227 2439 3279 in
2470 3226 2615 3280 nobis
2642 3243 2803 3280 unum
2832 3228 2959 3293 sint,
2998 3228 3135 3282 sicut
3158 3238 3234 3294 tu,
3264 3226 3448 3289 Pater,
3492 3229 3545 3281 in
3575 3244 3664 3290 me,
3696 3238 3732 3279 et

2171 3328 2263 3381 ego
2277 3314 2329 3367 in
2346 3324 2392 3366 te
2404 3312 2582 3381 (Joan.
2602 3331 2728 3378 ινιτ,
2748 3314 2859 3384 2|);
2878 3325 2966 3370 aut
2987 3316 3151 3371 Deum
3170 3332 3360 3380 unum,
3378 3325 3475 3369 aut
3497 3332 3557 3372 se
3572 3316 3730 3377 inillo,

2171 3406 2526 3474 quiunnscst,
2549 3418 2641 3461 aut
2662 3409 3085 3477 omnipotentem
3127 3412 3179 3464 in
3205 3410 3322 3479 ipso
3342 3426 3504 3480 posse
3534 3408 3723 3481 Operari

2171 3495 2430 3550 unitatem
2470 3509 2647 3569 negat.
2675 3499 2781 3553 Sed
2805 3502 2931 3570 quia
2973 3500 3115 3556 Deus
3143 3516 3281 3556 unus
3298 3512 3486 3565 est,et
3517 3500 3729 3557 membr:

2170 3585 2371 3641 Christi
2390 3588 2439 3642 in
2464 3604 2628 3642 unutn
2645 3591 2993 3655 conveniunt,
3010 3592 3252 3662 profecto
3277 3591 3448 3662 liquet
3466 3593 3609 3663 quia.
3625 3592 3729 3645 dum

2171 3676 2237 3731 ab
2266 3677 2470 3732 unitate
2520 3677 2794 3742 Ecclesize,
2828 3696 2949 3750 qua:
2999 3690 3083 3735 est
3124 3696 3325 3752 corpus
3379 3680 3604 3743 Christi,
3647 3694 3727 3749 per

2172 3770 2307 3823 tanti
2332 3770 2675 3826 violationem
2716 3774 3051 3828 sacramenti
3078 3788 3137 3827 se
3191 3773 3530 3843 prmscindit,
3556 3787 3653 3825 non
3684 3771 3728 3823 in

2171 3858 2303 3925 Deo,
2330 3876 2429 3917 nec
2468 3875 2532 3916 ex
2571 3864 2699 3930 Deo,
2742 3878 2842 3918 nec
2871 3878 2994 3918 cum
3052 3864 3161 3919 Deo
3213 3874 3318 3919 est.
3383 3863 3439 3917 ln
3498 3864 3729 3932 Spiritum

2169 3960 2413 4005 sanetum
2448 3951 2807 4022 lilaspltemat,
2847 3955 2973 4007 dum
3004 3956 3147 4025 quod
3191 3955 3241 4007 in
3279 3953 3387 4009 fide
3427 3965 3483 4009 et
3526 3954 3732 4007 advoca-

2170 4041 2316 4097 tione
2362 4042 2476 4111 ejus
2507 4043 2598 4112 qui
2630 4052 2713 4098 est
2741 4045 2987 4099 remissio
3011 4055 3378 4114 peccatorum,
3430 4046 3535 4100 sibi
3583 4042 3731 4099 credi-

2169 4140 2281 4186 tum
2336 4143 2420 4188 est
2479 4135 2721 4200 revelat,
2763 4136 3056 4191 ostendens
3101 4137 3225 4207 quia
3287 4136 3430 4207 apud
3488 4152 3606 4191 eum
3648 4148 3729 4187 nec

2170 4225 2406 4295 Spiritus
2436 4237 2656 4283 sanctus
2698 4238 2782 4285 est
2832 4232 3149 4286 advocatus.
3198 4231 3356 4302 Apud
3410 4231 3729 4287 Salomonetn

2166 4329 2379 4386 quoque
2434 4319 2595 4389 331
2648 4319 3021 4375 fraudulentus
3097 4331 3323 4376 vocatur
3388 4325 3482 4391 qui
3552 4321 3728 4377 revelat

2168 4421 2391 4473 arcana,
2432 4419 2485 4463 et
2516 4409 2686 4465 fidelis
2710 4412 2977 4480 quianimi
3004 4414 3148 4468 celat
3169 4414 3529 4469 commissum
3566 4412 3723 4485 (Pror.

477 4498 636 4554 initio
683 4500 929 4555 diabolus
978 4510 1169 4570 peccat
1215 4500 1338 4573 [al.,
1379 4502 1665 4575 perdidit].
1711 4503 2057 4559 Horrendum
2087 4526 2140 4585 ο
2170 4514 2247 4563 st,
2284 4499 2394 4570 15).
2426 4500 2490 4554 Et
2527 4502 2580 4555 in
2613 4502 2996 4559 Ecelesiastico
3037 4523 3049 4559 :
3082 4506 3187 4571 Qui
3236 4507 3476 4560 denudat
3561 4519 3725 4560 areanis

473 4604 609 4644 vero
642 4599 724 4645 est
744 4591 917 4657 valde,
949 4606 1075 4646 cum
1130 4593 1196 4656 is,
1224 4594 1315 4663 qui
1335 4594 1839 4662 perconfessionem
1867 4611 2058 4665 puram

477 4684 547 4739 de
572 4682 779 4753 Spiritu
804 4693 1001 4739 sancto
1021 4686 1234 4740 renasci
1278 4686 1556 4751 debuerat,
1614 4688 1668 4742 in
1706 4688 1932 4743 alterius
1960 4689 2057 4743 de-

479 4773 747 4830 tractione
782 4789 880 4843 per
916 4773 1262 4831 violationem
1300 4775 1580 4831 charitatis
1607 4776 1675 4832 de
1723 4777 1939 4832 diabolo
1978 4792 2061 4833 re-

475 4865 742 4920 nascitur.
768 4866 839 4920 Et
860 4865 1178 4936 Scriptura:
1210 4865 1400 4920 Justus
1438 4868 1495 4920 in
1548 4869 1810 4938 principio
1851 4872 1936 4922 sui
1968 4886 2059 4923 ac-

475 4968 691 5014 cusator
729 4968 805 5013 cst
833 4957 1015 5029 (Prov.
1045 4973 1177 5014 xvnt
1201 4998 1216 5023 ,
1252 4959 1341 5028 l7)
1376 4958 1525 5025 :.sui,
1575 4974 1681 5015 non
1709 4960 1957 5015 alterius.
1994 4961 2061 5017 Et

475 5050 608 5104 item
647 5046 986 5119 Conﬁtemini
1024 5050 1341 5104 alterutrum
1366 5059 1578 5121 peccata
1624 5060 1795 5105 uestra
1823 5051 1967 5122 (Jac.
2005 5070 2057 5119 ν,

471 5138 565 5209 16)
596 5148 803 5206 vestra,
833 5154 941 5195 non
978 5139 1177 5194 aliena.

543 5229 601 5285 in
632 5244 742 5300 quo
770 5243 1088 5286 revocemns
1139 5231 1208 5285 ad
1261 5230 1578 5285 memoriam
1633 5231 1758 5300 quia
1796 5229 1964 5288 Judas
2001 5250 2059 5290 se

469 5321 643 5378 solum
668 5322 1169 5393 laqueosuspendit;
1196 5322 1463 5393 derogans
1490 5323 1698 5377 enimin
1718 5323 2060 5382 confessione

470 5412 645 5467 solum
678 5414 778 5470 sibi
797 5424 978 5480 nocet,
998 5415 1124 5486 quia
1149 5413 1215 5479 is,
1233 5413 1318 5469 cui
1342 5414 1652 5485 derogatur,
1682 5431 1782 5471 nec
1818 5416 2059 5485 publica-

471 5507 582 5563 tur,
598 5517 699 5557 nec
714 5502 770 5558 in
784 5519 1162 5574 quamcunque
1174 5503 1537 5574 suspicionem
1549 5520 1871 5575 quocunque
1899 5508 2057 5562 modo

472 5589 665 5646 adduci
699 5594 862 5650 salvis
891 5597 1249 5652 sacramentis
1273 5605 1452 5667 potest
1473 5596 1855 5652 confessionis.
1886 5598 2053 5663 Unde,

470 5677 527 5733 in
564 5680 735 5736 sacris
776 5683 1075 5739 canonibus
1116 5693 1172 5740 et
1215 5685 1396 5741 causis
1420 5684 1829 5751 ecclesiasticis,
1861 5688 1928 5743 de
1969 5688 2056 5744 his

471 5777 683 5829 tantum
714 5789 834 5843 quae
883 5776 939 5834 in
986 5785 1217 5834 tractatu
1264 5778 1588 5845 audivimus,
1630 5787 1683 5832 et
1730 5777 1974 5836 videmus
2001 5782 2053 5836 in

2164 4594 2341 4659 amici,
2368 4595 2536 4663 perdit
2561 4595 2717 4663 ﬁdem
2743 4595 2932 4667 (Eccli.
2956 4616 3124 4667 xxvn,
3142 4600 3388 4670 l7),qnae
3410 4609 3491 4655 est
3517 4601 3653 4669 origo
3683 4606 3726 4649 ct

2165 4683 2570 4739 fundamentum
2620 4689 2861 4743 omnium
2912 4690 3208 4755 virtutum,
3257 4693 3596 4763 incurritque
3645 4689 3721 4742 dc-

2163 4776 2548 4844 spesationem,
2567 4789 2783 4847 quaeest
2806 4780 3139 4851 blasphemia
3159 4784 3419 4855 Spiritus,
3440 4796 3497 4840 et
3511 4785 3721 4839 ultimum

2164 4870 2567 4941 maximumque
2578 4874 2821 4928 omnium
2835 4876 3145 4931 criminum.
3163 4877 3297 4933 Cum
3312 4877 3520 4933 Judaris
3534 4873 3722 4930 Domino

2164 4960 2295 5015 dicit
2323 4978 2335 5014 :
2368 4960 2557 5017 Nonne
2601 4964 2724 5018 bene
2756 4966 2980 5021 dicimus
3013 4985 3106 5021 nos
3137 4969 3262 5038 quia
3296 4967 3653 5023 Samaritanus
3680 4978 3722 5014 (ε

2163 5063 2239 5118 tu,
2264 5054 2641 5108 etdwmoninm
2657 5055 3037 5123 habes?(Joan.
3054 5074 3173 5125 vtit,
3192 5058 3418 5131 48.)Per
3434 5056 3720 5114 dzenioniutn

2163 5152 2445 5212 peccatum
2486 5153 2664 5213 potest
2707 5145 2969 5217 intelligi,
3002 5155 3136 5202 teste
3167 5150 3526 5220 evangelista,
3569 5146 3645 5215 qui
3668 5141 3721 5191 αἵθ

2163 5231 2332 5287 Maria
2379 5232 2691 5302 Magdalena
2723 5245 2949 5304 septeni»
2982 5237 3248 5293 daemonia
3280 5238 3456 5308 ejecta
3506 5237 3650 5293 dicit;
3675 5240 3718 5282 οι

2162 5325 2423 5380 Dominus
2465 5325 2844 5383 Samaritanus
2893 5343 3012 5384 esse
3037 5370 3053 5395 ,
3084 5340 3140 5385 ct
3168 5330 3495 5385 daemonium
3548 5326 3719 5382 habere

2161 5417 2510 5483 dicitur,cum
2551 5418 2785 5474 confessi
2823 5420 2976 5492 culpa
3012 5422 3321 5489 reducitur;
3350 5426 3475 5493 quia
3528 5419 3608 5491 qui
3633 5415 3717 5469 82·

2162 5508 2463 5562 maritanns
2497 5518 2599 5574 est,
2653 5509 2704 5563 id
2735 5520 2818 5564 est
2864 5522 3048 5568 custos
3075 5529 3173 5583 per
3222 5514 3631 5572 confessionem,
3666 5506 3711 5557 in

2160 5615 2227 5655 eo
2253 5615 2413 5670 quem
2459 5601 2717 5666 custodit,
2780 5604 3105 5660 dmmoiiium
3154 5606 3358 5663 habere
3416 5604 3715 5676 improperal

2159 5706 2258 5762 per
2281 5693 2487 5761 peccati
2520 5693 2980 5750 communionem.

2234 5786 2288 5842 Si
2322 5801 2452 5842 vero
2502 5786 2545 5844 is
2589 5787 2678 5854 qui
2708 5789 3002 5846 confitetur
3033 5792 3087 5847 in
3119 5792 3274 5864 culpa
3307 5794 3635 5863 perseverat.
3663 5789 3708 5833 Cl
