3864 6304
119 352 211 414 ϐξθ

1063 360 1190 419 LIB.
1235 363 1322 421 DE
1362 364 1680 423 CELANDA
1721 368 2229 431 CONFESSIONE.’

3254 383 3361 440 ssc
3394 452 3420 468 Α

118 469 260 523 etiam
292 467 580 525 anathema
616 481 700 527 est
727 470 776 527 is
817 474 900 528 cui
928 478 1383 547 conl‘essumest,
1410 499 1531 538 cum
1564 484 1747 545 Do-A
1777 489 2000 544 diuutur
2036 491 2316 546 tentorium
2356 491 2531 560 illius,
2577 507 2627 551 et
2658 500 2898 555 universa
2965 518 3087 556 vasa
3139 519 3254 574 qua:
3287 508 3360 560 ibi

117 564 245 613 mino
272 574 445 627 usque
476 560 540 613 ad
563 562 765 616 exitum
795 562 989 619 Judam
1012 568 1279 637 patiatur;
1305 587 1407 637 nec
1433 575 1597 645 etiam
1623 576 1675 628 in

116 653 219 709 illos
262 653 551 723 aliquanlo
610 656 867 728 [aliquam
924 662 1145 718 omnino
1194 664 1303 735 vel]
1359 680 1456 735 per
1501 666 1677 723 se'vol

115 760 196 814 per
219 744 447 814 aliquem
484 746 772 804 vindictam
804 761 1059 819 exerceat
1082 754 1218 822 ,Iqui
1245 755 1357 810 sibi»
1374 757 1675 814 denuntiati

114 842 221 887 sunt
248 835 300 888 iu
333 836 595 915 crimine,
614 838 847 915 vel'per
875 842 1252 915 conﬁtentium
1293 846 1553 903 malitiam
1595 847 1678 903 vel

113 922 521 992 simplicitatem,
546 942 613 982 ne
637 941 981 986 sacramenta
1006 932 1363 1006 confessionis
1384 937 1671 992 violentur.

113 1012 231 1067 Sunt
257 1015 397 1069 enim
422 1017 642 1085 quidam
668 1020 758 1089 qui
788 1036 891 1075 non
920 1022 1257 1079 arbitrantur
1282 1025 1674 1097 indulgentiam

111 1104 367 1173 consequi,
404 1106 511 1160 nisi
541 1109 813 1185 sociorum
842 1126 1063 1166 suorum
1097 1115 1314 1170 nomina
1347 1116 1673 1171 dctcxcrint.

167 1193 292 1248 Sunt
321 1205 375 1276 et
402 1198 495 1251 alii
532 1199 623 1268 qui
660 1201 1059 1259 studiosissime
1082 1205 1133 1258 in
1164 1206 1508 1263 confessione
1532 1207 1674 1262 facta

10 1356 18 1373 ι
108 1284 406 1355 perquirunt
434 1287 666 1343 aliorum
712 1292 854 1360 quod
898 1294 1305 1359 vitiosissimum
1339 1298 1495 1354 nobis
1522 1297 1673 1353 vide-

110 1386 181 1430 tur
205 1392 339 1444 esse,
363 1381 830 1449 quia,secun.lum
861 1398 1055 1452 papam
1083 1384 1408 1457 Gregorium
1442 1388 1519 1453 (in
1545 1388 1671 1458 Job,

110 1466 139 1519 L
166 1481 211 1531 v,
238 1482 286 1522 c.
313 1468 368 1532 5,
396 1483 543 1524 vers.
569 1469 686 1539 40),
718 1486 972 1541 magnum
997 1474 1331 1530 curiositatis
1352 1485 1436 1530 est
1459 1477 1671 1531 vitium.

108 1554 208 1610 iam
232 1556 295 1611 de
323 1557 409 1612 bis
440 1559 536 1627 qui
584 1559 671 1613 vel
696 1560 832 1616 alios
863 1562 918 1615 in
946 1562 1285 1621 confessione
1314 1566 1568 1635 produnt,
1591 1567 1674 1622 vel

110 1646 233 1717 quod
260 1648 577 1705 confessum
607 1659 690 1706 est
724 1652 774 1706 in
802 1666 1028 1707 causam
1050 1644 1318 1724 publicam
1347 1672 1674 1726 quocunque

109 1738 245 1793 modo
266 1739 566 1823 adducunt,
582 1741 667 1797 vel
693 1757 722 1796 a
743 1742 1131 1799 conﬁtentibus
1150 1746 1375 1815 crimina
1400 1749 1669 1803 sociorum

1780 591 1923 645 sunt,
1967 583 2166 649 polluta
2210 597 2360 640 erunt
2405 598 2597 657 septem
2645 590 2846 647 diebus.
2893 593 3013 654 ναι
3060 596 3201 666 quod
3255 613 3359 651 non

1776 672 2021 727 habuerit
2050 676 2353 742 operculum
2372 718 2385 740 ,
2422 695 2514 733 nec
2546 679 2832 749 ligaturam
2861 683 3101 754 desuper,
3133 686 3357 741 immun-

1778 762 1905 814 dum
1934 764 2054 817 erit.
2080 763 2143 819 Si
2171 766 2287 836 quis
2313 768 2366 823 in
2396 786 2523 840 agro
2552 773 2778 842 tetigerit
2819 776 3042 829 cadaver
3081 780 3239 831 occisi
3265 781 3359 832 ho-

1779 850 1964 916 minis,
1988 862 2083 911 aut
2106 870 2198 923 per
2217 872 2272 910 se
2295 860 2515 924 mortui,
2538 861 2644 915 sive
2665 878 2721 915 os
2745 862 2887 916 illius
2905 905 2919 928 ,
2944 865 3020 918 vel
3039 867 3353 935 sepulcrum,

1778 940 2077 996 immundus
2124 945 2221 996 erit
2265 956 2458 1015 septem
2501 949 2705 1005 diebus.
2748 950 2950 1005 Tellent
2995 954 3059 1007 de
3097 955 3360 1011 cineribus

1778 1031 2148 1087 combustionis
2194 1044 2351 1105 atque
2399 1039 2600 1106 peccati
2624 1080 2638 1105 ,
2675 1049 2723 1094 et
2770 1042 2975 1095 mittent
3017 1060 3182 1112 aquas
3224 1047 3359 1103 vivas

1777 1137 1937 1189 super
1966 1138 2053 1176 eos
2082 1124 2137 1177 in
2170 1142 2280 1192 vas,
2307 1126 2362 1180 in
2391 1130 2578 1203 quibus
2608 1147 2726 1184 cum
2751 1132 2906 1185 homo
2934 1135 3160 1188 mundus
3191 1136 3359 1190 tiuer-

1779 1212 1845 1266 rit
1893 1214 2207 1285 hyssopum,
2248 1206 2485 1289 asperget
2540 1238 2609 1274 ea:
2653 1238 2713 1276 eo
2755 1239 2905 1278 omne
2954 1226 3266 1291 tentorium,
3312 1237 3359 1279 et

1778 1315 2022 1359 cunctam
2057 1307 2433 1375 supellectilem
2466 1312 2613 1381 ejus,
2653 1325 2702 1368 et
2733 1316 2968 1373 homines
2997 1318 3362 1387 hujuscemodi

1778 1398 2090 1469 contagione
2110 1399 2338 1468 pollutos
2352 1420 2371 1467 ;
2399 1414 2553 1473 atque
2574 1405 2672 1459 hoc
2692 1414 2847 1461 modo
2870 1410 3097 1463 mundus
3117 1410 3361 1463 lustrabit

1779 1486 2106 1543 immundum
2125 1493 2304 1557 tertio,
2326 1503 2373 1547 et
2397 1495 2615 1564 septimo
2631 1497 2717 1550 die
2741 1498 2930 1567 (Num.
2953 1514 3066 1563 ιιι,
3087 1500 3358 1569 c.1449).

1776 1578 2020 1651 Longum
2048 1590 2132 1637 est
2156 1597 2255 1652 per
2283 1583 2497 1653 singula
2537 1586 2916 1657 allegoriarum
2952 1590 3208 1660 mysteria
3237 1606 3363 1644 cur-

1779 1685 1916 1726 rere.
1952 1670 2057 1727 Sed
2088 1673 2377 1743 diligenter
2412 1674 2726 1732 intuendum
2768 1680 2901 1747 quid
2943 1689 3025 1735 est
3057 1681 3200 1750 quod
3241 1680 3359 1735 sino

1777 1760 2230 1819 determinatione
2280 1765 2593 1836 cujusquam
2640 1770 2846 1826 ordinis
2904 1771 3067 1826 homo
3121 1774 3353 1827 mundus

113 1830 399 1898 ίηίιυὶηιηιι
458 1848 590 1889 Tam
643 1834 897 1906 quidem.
954 1849 1054 1890 nec
1092 1838 1387 1893 secundum
1437 1840 1671 1909 rigorem
1706 1834 1749 1888 Β
1777 1853 2006 1908 lustrare
2037 1855 2372 1912 immundum
2404 1859 2631 1927 dicitur:
2667 1869 2720 1915 et
2746 1862 3009 1929 quosdam
3037 1873 3352 1918 sanctorum

110 1921 524 1995 Scripturarum,
569 1940 671 1982 nec
716 1942 876 1985 aures
912 1928 1125 1996 audire,
1172 1944 1334 2000 quam
1382 1929 1672 1987 horribiles

117 2014 210 2071 sint
233 2016 575 2075 horrescant.
1160 2081 1165 2087 ,

169 2107 355 2166 Tamen
401 2112 951 2185 quantulumcunque
996 2114 1201 2171 dictum
1241 2123 1360 2181 est,
1393 2115 1671 2171 videamus

110 2199 282 2268 quibus
323 2208 452 2258 tunc
498 2203 868 2273 conﬁtendum
911 2206 983 2261 sit
1018 2206 1107 2278 (⁷).
1159 2206 1223 2261 Hi
1266 2207 1322 2261 in
1378 2208 1568 2278 primis
1606 2207 1672 2262 de

112 2289 278 2357 quibus
293 2290 532 2347 diximus
555 2293 781 2349 cavendi
802 2304 929 2349 sunt
947 2295 1033 2365 (⁸),
1051 2296 1335 2365 quoniam,
1357 2296 1401 2351 si
1427 2296 1484 2349 Β.
1508 2294 1672 2351 Joan-

112 2380 183 2434 nis
216 2381 442 2450 Epistola
479 2384 659 2454 prima
716 2387 1013 2454 requiritur
1043 2387 1187 2457 (cap.
1219 2402 1281 2451 ιι,
1324 2387 1414 2456 2),
1469 2388 1522 2441 in
1556 2403 1672 2442 om-

115 2472 248 2527 nibus
271 2476 638 2531 sacramentis
664 2478 907 2532 moribus
937 2477 1259 2532 Antichristi
1286 2486 1432 2534 sunt.
1466 2478 1671 2545 Quibus

114 2565 504 2633 prtetermissis,
555 2567 611 2622 in
670 2568 852 2635 Veteri
905 2567 1253 2625 Testamento
1295 2570 1671 2626 sacerdotibus

116 2650 236 2721 lepra
280 2655 589 2711 ostenditur
638 2655 827 2728 (Leuit,
862 2673 985 2723 xm,
1028 2658 1152 2728 49);
1199 2660 1375 2714 levita:
1421 2661 1670 2713 taberna-

116 2742 266 2798 culum
296 2740 525 2809 fmderis
556 2757 932 2818 comportant,
963 2749 1211 2820 erigunt,
1240 2751 1534 2821 deponunt.
1567 2751 1669 2806 Tao

115 2830 395 2891 bernaculis
421 2837 609 2907 populi
651 2853 682 2892 a
729 2838 1091 2894 tabernaculo
1119 2839 1342 2896 foederis
1380 2842 1671 2896 terminum

115 2933 322 2990 ponunt,
358 2942 427 2983 ne
476 2929 775 2984 indiscrete
819 2934 1253 3001 appropinquant
1298 2932 1365 2986 ad
1413 2933 1668 2986 taberna-

115 3008 286 3076 culum,
307 3023 359 3066 et
381 3016 689 3071 moriantur
708 3016 901 3087 (Num.
926 3035 967 3086 ι,
994 3020 1084 3086 50,
1105 3020 1218 3090 53).
1236 3019 1667 3075 Tabernaculum

114 3097 305 3158 hederis
344 3121 546 3177 corpus
580 3118 663 3163 est
707 3109 801 3165 Dei
844 3120 900 3166 et
940 3112 1220 3169 hominum
1260 3111 1606 3177 Mediatoris,
1636 3128 1664 3166 a

113 3203 202 3257 quo
241 3192 405 3251 levita:
426 3198 628 3268 populo
652 3201 939 3255 terminum
962 3211 1188 3272 ponunt,
1209 3202 1336 3257 dum
1359 3217 1457 3272 pro
1473 3204 1669 3273 quibus
1696 3178 1741 3240 Ο

116 3286 317 3345 peccatis
345 3303 375 3341 a
418 3304 613 3344 mensa
645 3290 855 3345 Domini
889 3294 1167 3348 abstinere
1197 3294 1424 3359 debeat,
1452 3294 1667 3349 docent.

114 3368 177 3425 De
194 3376 604 3436 subdiaconihus
627 3382 824 3437 dicitur
847 3401 861 3437 :
888 3382 1238 3459 Munda‘mini,
1263 3386 1350 3455 qui
1374 3384 1522 3453 fertis
1548 3401 1672 3438 vasa

114 3460 298 3521 Domini
328 3468 482 3539 (Isai.
513 3488 613 3539 LII,
642 3473 751 3543 ll).
779 3474 937 3538 Vasa,
968 3474 1133 3530 corda
1163 3473 1500 3544 signiﬁcant;
1532 3475 1673 3529 unde

118 3550 161 3604 in
182 3554 457 3629 Evangelio
492 3580 507 3615 :
555 3561 850 3618 Prndcntes
896 3581 1014 3618 vero
1052 3573 1361 3635 acceperunt
1403 3565 1578 3618 oleum
1616 3566 1671 3619 in

114 3646 230 3698 satis
254 3649 357 3704 suis
388 3668 511 3705 cum
547 3652 878 3722 lampadibus
912 3654 1125 3723 (Matth.
1172 3670 1299 3721 xxv,
1333 3654 1410 3726 4).
1442 3653 1663 3709 Subdia-

116 3739 218 3794 coni
243 3741 420 3811 itaque
460 3760 592 3799 vasa
635 3747 846 3801 Domini
894 3746 1106 3811 lavant,
1146 3762 1268 3802 cum
1310 3746 1676 3802 conscientias

115 3830 378 3897 mandant;
427 3830 674 3904 acoly’thi
724 3832 1010 3889 luminaria
1043 3836 1348 3889 accendunt
1395 3833 1670 3893 Ecclesiae.

115 3914 494 3979 Erorcistarum
545 3911 909 3980 estioﬁicium
957 3941 1043 3983 ex.
1072 3926 1307 3984 obsessis
1356 3926 1695 3996 corporibus.

116 4003 352 4065 dmmonia
402 4012 676 4081 cﬁ'ugarc;
730 4014 991 4068 lectorum
1052 4023 1136 4070 est
1196 4017 1419 4070 verbum
1460 4015 1552 4070 Dei
1595 4032 1677 4071 re-

117 4095 266 4165 ferre;
304 4104 657 4159 ostiariorum
716 4113 799 4161 est
829 4105 1113 4161 ecclesiam
1153 4107 1397 4175 aperire.
1440 4106 1585 4173 Qute
1628 4107 1672 4161 si

118 4189 275 4244 omnia
300 4192 593 4265 diligenter
620 4195 926 4260 intuentur,
957 4196 1024 4250 ad
1060 4195 1161 4251 hoc
1188 4195 1324 4250 ﬁunt
1365 4195 1677 4259 visibiliter,

117 4285 168 4332 ut
191 4280 253 4335 ab
281 4282 363 4339 his
390 4285 650 4357 aquibus
672 4285 809 4342 tium
832 4286 966 4342 ﬁant
989 4302 1085 4358 per
1112 4288 1514 4343 mundationem
1546 4303 1676 4341 con-

118 4370 443 4431 scientiarum
518 4377 883 4433 iuvisibiliter.
943 4379 1095 4435 Unde
1144 4380 1203 4433 Β.
1250 4379 1586 4449 Augustinus
1622 4378 1672 4431 in

119 4466 332 4520 tractatu.
366 4478 526 4524 sexto
555 4468 812 4539 Epistolm
850 4470 908 4524 S.
939 4469 1164 4525 Joannis
1189 4469 1435 4539 Apostoli
1455 4510 1471 4534 ,
1504 4470 1593 4525 sic.
1616 4470 1680 4524 de

119 4548 365 4621 Baptismo
407 4577 419 4612 :
466 4578 485 4611 ι
539 4560 691 4630 Aqua
738 4561 1063 4615 sacramenti
1109 4559 1338 4615 visibilis
1375 4567 1491 4630 est,
1538 4573 1675 4627 aqua

119 4640 314 4707 spiritus
348 4635 679 4715 invisibilis;
715 4650 820 4704 ista
854 4650 1024 4705 abluit
1053 4666 1281 4720 corpus,
1323 4658 1377 4706 et
1406 4648 1679 4721 signiﬁcat

119 4731 229 4797 quid
256 4734 344 4792 ﬁat
366 4735 491 4809 παι..
520 4739 662 4810 quod
689 4739 781 4811 sit]
806 4740 1081 4794 inanima.
1106 4760 1124 4792 ι
1165 4739 1404 4795 Visibilia
1443 4753 1701 4809 namque

120 4831 440 4882 sacramenta
464 4836 521 4883 ct
547 4840 866 4898 operantur,
888 4839 941 4884 et
964 4829 1273 4901 signiﬁcant
1296 4829 1415 4902 [al.,
1433 4827 1672 4900 signant]

121 4905 404 4970 invisibilia.
458 4918 517 4972 ln
567 4920 668 4974 hoc
717 4921 1095 4987 cognoscimus
1145 4921 1272 4990 quia
1332 4921 1399 4975 de
1446 4919 1674 4975 occultis

124 5002 251 5056 omni
292 5007 667 5065 ecclesiastico
715 5010 890 5066 ordini
953 5012 1201 5067 conﬁteri
1273 5011 1533 5066 debemus
1576 5010 1673 5081 (⁹)·;

123 5090 177 5145 (ιθ
195 5102 387 5165 apertis
416 5117 549 5158 vero
569 5103 699 5159 solis
721 5100 975 5160 convenit
996 5103 1391 5169 sacerdotibus,
1422 5117 1518 5174 per
1543 5117 1697 5173 quos.

126 5178 362 5256 Ecclesia,
395 5208 516 5263 qua:
547 5194 763 5263 publice
787 5195 960 5261 novit,
993 5205 1046 5250 et
1075 5195 1239 5250 solvit
1265 5204 1321 5250 ct
1352 5195 1502 5266 ligat.

185 5271 271 5330 Sin
298 5283 489 5338 neciiin
518 5284 803 5341 ordinibus
828 5285 1216 5342 ecclesiasticis
1251 5284 1338 5340 cui
1366 5283 1681 5341 conﬁtearis

132 5358 344 5449 invenis,
372 5373 459 5427 vir
482 5375 715 5432 mundus
738 5376 1047 5448 ubicunque
1069 5379 1163 5445 sit,
1187 5378 1517 5449 requiratur,
1538 5378 1681 5433 sicut

132 5446 177 5502 in
204 5452 755 5524 Veteri'Testamento'
773 5446 1085 5538 praecipitur
1109 5483 1124 5522 ε
1158 5446 1279 5521 Ista
1294 5466 1379 5521 lea:
1402 5476 1478 5521 est
1506 5466 1678 5521 Itami-

139 5542 207 5596 κει
239 5550 321 5615 qui
378 5556 602 5611 moritur
638 5557 695 5612 in
734 5553 1091 5613 tabernaculo.
1143 5556 1336 5615 Omnes
1375 5555 1465 5627 qui
1502 5556 1679 5626 ingre-

1772 1940 1993 1998 Patrum
2045 1943 2276 2016 legimus
2320 1948 2411 2017 qui
2460 1949 2673 2006 animas
2719 1960 3006 2019 rexerant,
3061 1962 3117 2008 et
3174 1963 3356 2010 tamen

1772 2048 1960 2089 eorum
1982 2032 2202 2092 ordines
2225 2039 2499 2095 nescimus
2522 2039 2634 2112 (‘°).

1846 2123 2000 2191 Quod
2023 2127 2069 2181 si
2100 2142 2260 2184 nemo
2289 2129 2375 2184 cui
2407 2130 2719 2187 conﬁtearis
2748 2132 3038 2201 invenitur,
3073 2150 3140 2191 ne
3165 2136 3359 2206 despe-

1773 2230 1861 2271 res
1905 2217 2017 2286 (“),
2060 2218 2186 2288 quia
2236 2218 2290 2273 in
2341 2220 2444 2275 hoc
2492 2219 2715 2276 Patrum
2767 2225 3098 2278 conveniunt
3134 2234 3355 2280 senten-

1774 2308 1862 2362 tia:
1904 2310 2017 2379 (η),
2072 2320 2131 2366 ιιι
2168 2309 2395 2367 Domino
2434 2313 2763 2369 conﬁtearis.
2821 2314 2973 2369 Unde
3014 2316 3072 2370 Β.
3119 2316 3356 2373 Joannes

1771 2400 2194 2472 Chrysostomus
2222 2418 2386 2473 super
2416 2403 2459 2458 L
2478 2404 2742 2475 psalmum
2769 2406 2979 2477 (bomil.
3016 2406 3051 2460 2
3070 2448 3082 2471 ,
3111 2411 3177 2462 ad
3212 2409 3356 2464 hunc

1772 2508 1989 2549 νοιευηι
2019 2512 2032 2547 1
2064 2493 2133 2548 ΕΙ
2160 2508 2429 2564 peccatum
2474 2514 2646 2552 meum
2676 2509 2858 2552 contra
2896 2515 2977 2553 me
3017 2509 3091 2554 εει
3132 2516 3353 2570 semper,

1771 2595 1899 2640 ante
1939 2584 2238 2656 medium):
2271 2605 2290 2639 ι
2331 2588 2387 2642 Si
2428 2588 2781 2644 confunderis
2820 2589 2982 2643 alicui
3024 2590 3206 2645 dicere
3235 2604 3357 2660 qute

1774 2674 1892 2746 [at.,
1926 2675 2076 2748 quia]
2121 2678 2391 2746 peccasti,
2438 2678 2526 2733 die
2564 2693 2626 2732 ea
2657 2679 2900 2748 quotidie
2942 2679 2994 2733 in
3038 2679 3217 2733 anima
3244 2687 3354 2734 tua.

1772 2764 1890 2820 Non
1924 2766 2046 2822 dico
2075 2776 2135 2822 ut
2160 2768 2473 2824 conﬁtearis
2500 2783 2769 2824 conservo
2797 2777 2910 2834 tuo,
2941 2776 3000 2822 ut
3033 2768 3125 2824 tibi
3163 2783 3359 2838 expro~

1773 2855 1918 2922 bret,
1945 2857 2038 2911 sed
2068 2855 2329 2912 conﬁtere
2364 2857 2497 2922 Deo,
2541 2858 2643 2931 qui,
2662 2873 2727 2913 ea
2765 2865 2936 2912 curet.
2976 2876 2995 2909 ›
3038 2857 3170 2911 ltem
3212 2858 3355 2911 idem

1771 2960 1937 3016 super
1965 2947 2258 3018 Epistolam
2282 2950 2349 3004 ad
2376 2948 2631 3005 Hebraeos
2649 2950 2833 3020 (super
2855 2964 2974 3018 cap.
3001 2951 3068 3003 l2
3094 2951 3242 3003 hom.
3265 2949 3356 3014 51,

1772 3049 1894 3106 post
1923 3039 2181 3111 medium)
2213 3057 2225 3093 :
2264 3058 2284 3092 ι
2320 3038 2437 3095 Non
2478 3041 2599 3096 dico
2643 3041 2737 3095 tibi
2772 3049 2830 3094 ut
2858 3048 2907 3095 te
2935 3041 3135 3110 prodas
3163 3040 3215 3095 in
3260 3053 3359 3109 pu-

1774 3129 1990 3193 blicum,
2018 3147 2194 3201 neque
2217 3143 2276 3188 ut
2306 3141 2357 3189 te
2386 3137 2529 3204 apud
2561 3133 2698 3189 alios
2720 3149 2973 3201 accuses;
3007 3136 3100 3190 sed
3133 3132 3358 3188 obedire

1778 3229 1828 3276 te
1855 3221 1976 3277 volo
1997 3221 2278 3292 Propheta:
2300 3224 2517 3280 dicenti.
2548 3242 2566 3276 ι
2595 3223 2784 3279 Revela
2807 3224 3033 3278 Domino
3056 3225 3191 3278 viam
3212 3233 3359 3278 tuam

1774 3315 1949 3387 (Psal.
1977 3333 2163 3381 xxxvi,
2192 3316 2269 3385 5),
2293 3315 2457 3386 382
2478 3325 2531 3370 et
2561 3325 2689 3370 tunc
2714 3316 2930 3369 demum
2956 3330 3110 3385 spera
3143 3314 3359 3370 miseri-

1775 3408 2013 3463 cordiam
2046 3413 2099 3461 te
2128 3421 2288 3476 posse
2316 3406 2597 3477 consequi.
2636 3406 2703 3460 Et
2742 3406 2793 3459 in
2818 3414 3022 3475 septem
3050 3402 3355 3459 collationi-

1776 3499 1877 3553 bus
1905 3498 2113 3553 ultimis
2148 3496 2386 3553 Joannes
2415 3497 2711 3552 Cassianus
2747 3496 2947 3568 (collnt.
2975 3496 3069 3559 20,
3107 3511 3230 3565 cap.
3258 3494 3315 3565 8)
3343 3512 3358 3544 :

1783 3606 1802 3640 ι
1844 3588 1901 3643 Si
1951 3588 2279 3643 verecundia
2324 3588 2638 3643 retraltente
2688 3588 2930 3641 revelare
2984 3594 3205 3655 peccata
3264 3593 3353 3640 tua

1776 3696 1959 3737 coram
2003 3679 2325 3737 hominibus
2351 3679 2665 3745 erubescis,
2699 3678 2809 3742 illi,
2839 3693 3001 3748 quem
3040 3678 3208 3732 latere
3246 3692 3354 3732 non

1777 3780 2036 3842 possunt,
2057 3771 2301 3827 conﬁteri
2336 3786 2398 3825 ea
2417 3769 2531 3842 jugi
2563 3771 2956 3841 supplicatione
2981 3785 3085 3826 non
3119 3769 3355 3829 desinas.

1779 3863 1871 3931 qui
1892 3874 1947 3918 et
1971 3862 2173 3931 absque
2201 3861 2360 3916 ullius
2382 3860 2723 3917 verecundiae
2751 3859 3118 3931 publicatione
3140 3871 3357 3920 curare,

1779 3966 1834 4011 ct
1859 3956 1977 4011 sine
2005 3954 2332 4025 improperio
2363 3963 2600 4024 peccata.
2616 3954 2820 4007 donare
2848 3951 3152 4007 consuevit.
3182 3947 3356 4002 Maxi-

1782 4061 1902 4101 mus
1938 4046 1993 4099 in
2021 4059 2281 4100 sermone.
2307 4044 2547 4115 paschali
2579 4044 2711 4098 dicit
2739 4043 2829 4113 (¹³)
2865 4060 2877 4096 :
2918 4062 2936 4094 ι
2970 4040 3193 4097 Invenio
3217 4038 3360 4109 quod

1781 4138 1974 4193 Petrus
1999 4132 2230 4201 ﬂeverit,
2260 4150 2365 4190 non
2407 4134 2622 4189 invenio
2650 4134 2779 4203 quid
2810 4134 3010 4188 dixerit
3042 4150 3055 4186 :
3090 4132 3361 4201 lacrymas

1782 4227 1899 4296 ejus
1927 4225 2077 4296 lego,
2105 4222 2535 4281 satisfactionem
2561 4236 2668 4276 non
2704 4220 2827 4288 lego
2851 4218 2986 4290 (68).
3022 4238 3043 4271 ι
3072 4220 3139 4274 Et
3175 4219 3359 4288 lingua

1783 4314 2019 4383 Spiritus
2056 4313 2229 4367 sancti
2262 4311 2373 4371 Leo
2403 4329 2417 4365 :
2459 4329 2477 4362 ι
2513 4310 2795 4379 Lacrymis
2853 4306 3360 4363 lavaturdcltctutn

1782 4406 1924 4475 quod
1971 4419 2105 4460 voce
2150 4403 2325 4473 pudor
2369 4409 2453 4457 est
2489 4398 2759 4456 conﬁteri.
2802 4397 3111 4452 Misericors
3157 4395 3361 4452 etenim

1711 4520 1756 4575 Ι)
1783 4498 2063 4562 Dominus,
2078 4505 2134 4551 et
2152 4495 2355 4564 absque
2376 4493 2481 4548 ulla
2502 4490 2842 4547 confessione
2861 4489 3101 4558 respexit
3118 4487 3361 4555 Petrum,

1782 4588 2085 4651 et,indulsit
2116 4583 2692 4655 eitrimencgatiOIIis
2709 4580 3030 4637 admissum.
3065 4599 3085 4632 ι

1855 4724 2147 4783 Sciendum
2165 4735 2294 4778 vero
2315 4719 2613 4775 minoribus
2639 4729 2982 4787 summopere
3001 4721 3084 4770 est
3111 4713 3361 4769 sacerdov

1784 4819 1959 4885 tibus,
2009 4814 2344 4873 et-maxime
2388 4810 2656 4882 praelatis,
2707 4823 2774 4863 ne
2817 4807 3032 4878 culpam
3075 4806 3276 4862 dictam
3311 4804 3360 4859 in

1781 4912 1995 4969 occulto
2029 4908 2129 4965 sub
2169 4907 2386 4962 nomine
2426 4901 2652 4959 alterius
2678 4900 2849 4970 culpa:
2877 4899 3154 4954 vindicent
3189 4898 3242 4953 in
3269 4912 3355 4967 put

1781 5006 1943 5062 blico.
1978 5001 2129 5059 Unde
2164 5001 2216 5055 in
2242 4999 2380 5054 linea
2414 4994 2689 5057 veritatis,
2715 4990 2895 5061 sigillo
2923 4988 3175 5045 videlicet
3205 5001 3340 5043 evan

1782 5100 1954 5170 gelico
1970 5138 1985 5164 ,
2009 5113 2132 5152 cum
2154 5094 2323 5150 Filius
2339 5092 2432 5147 Dei
2455 5090 2683 5147 dixisset
2707 5107 2720 5142 :
2746 5087 2813 5142 Ut
2838 5086 2937 5156 ipsi
2959 5080 3012 5138 in
3035 5083 3183 5138 nobis
3205 5098 3362 5137 unutr
3412 5157 3419 5169 '

1782 5190 2057 5257 sint,sicut
2082 5197 2135 5240 tu
2163 5184 2322 5239 Pater
2346 5186 2400 5238 in
2424 5200 2527 5248 me,
2552 5192 2598 5236 et
2620 5198 2712 5253 ego
2735 5181 2790 5233 in
2815 5188 2863 5232 te
2886 5176 3071 5249 (Joan.
3095 5188 3227 5238 xvu,
3254 5170 3350 5243 21)

1785 5296 1890 5336 non
1922 5280 2041 5334 sine
2073 5291 2268 5347 magno
2304 5281 2644 5330 sacramento
2684 5270 2858 5325 tacuit
2897 5280 3095 5322 nomen
3134 5261 3373 5333 Spiritm
3400 5276 3421 5309 νς
3452 5354 3457 5361 ⁵

1787 5369 1994 5432 sancti,
2041 5382 2163 5423 cum
2206 5365 2405 5430 Pater,
2433 5373 2490 5419 et
2532 5361 2730 5426 Filius,
2773 5368 2828 5414 et
2875 5356 3114 5428 Spiritus
3152 5360 3363 5407 sanetur

1789 5476 1955 5515 unum
1981 5460 2107 5515 sint.
2140 5459 2332 5516 Unitas
2354 5456 2499 5512 enim
2526 5451 2834 5509 conﬁtentis
2856 5451 2908 5505 in
2936 5447 3147 5505 tertiam
3176 5444 3370 5500 adducr

1791 5566 2077 5625 personam
2109 5566 2214 5607 non
2248 5550 2427 5615 debet,
2452 5562 2551 5603 nec
2571 5546 2672 5602 sub
2696 5543 2917 5600 nomine
2947 5539 3167 5597 alterius
3205 5535 3389 5607 culpat,

197 5681 440 5775 (68)]109
475 5693 613 5752 idem
653 5695 816 5752 etiam
843 5694 915 5751 .S.
957 5696 1143 5751 Ambr.
1184 5692 1317 5749 dicit
1357 5706 1519 5764 super
1564 5691 1799 5759 Lucam,
1858 5690 1953 5745 lib.
2004 5706 2055 5775 κζ
2083 5690 2133 5745 in
2202 5688 2327 5742 ﬁne-
2354 5680 2730 5742 commentarii
2774 5680 2840 5736 ad
2894 5694 2943 5736 e.
2981 5676 3079 5736 22:
3108 5676 3363 5744 denos-f1.

142 5749 266 5808 nouo
286 5749 447 5818 Petri.
