3864 6304
487 343 584 397 651

1496 350 1557 405 Β.
1598 349 1990 410 LANFRANCI
2027 352 2374 412 CANTUAR.
2426 351 2742 414 ARCHIEP.
3583 352 3656 412 632

488 458 592 512 ista
632 458 842 528 paritas
886 458 1165 525 infamari,
1218 460 1311 516 sed
1354 473 1563 519 secrete
1614 464 1822 537 Spiritu
1872 476 2067 522 sancto
2095 474 2145 530 Α
2171 479 2281 526 tate
2308 472 2520 542 praaditi
2561 487 2682 527 esse
2726 471 3008 526 debemus.
3056 466 3208 526 Unde
3236 467 3497 536 aliquando
3528 470 3657 527 homi-

491 548 784 602 committi.

561 635 764 693 Omitto
792 639 858 694 de
897 640 983 697 his
1010 655 1131 712 qua:
1166 642 1417 699 confessa
1452 655 1611 710 sunt,
1645 654 1851 702 tantum
1889 647 2071 716 loqui,

491 742 613 782 cum
643 727 994 801 Evangelium
1049 732 1117 788 de
1157 733 1241 788 his
1280 748 1400 802 quae
1460 736 1705 791 videmus
1746 745 1799 791 et
1836 737 2103 807 patimur“

492 817 678 871 dicat:
720 815 777 872 Si
809 822 1097 881 peccaverit
1137 826 1190 878 in
1234 834 1283 879 te
1318 825 1483 893 frater
1512 836 1669 892 tuus,
1710 830 1913 897 corripe
1955 846 2073 883 eum

490 909 629 963 inter
666 919 714 963 te
759 921 807 964 et
848 913 1016 981 ipsum
1051 918 1221 969 solum
1263 918 1480 986 (Matth.
1525 936 1680 984 xvm,
1715 921 1823 990 l5).
1863 922 1936 977 De
1966 938 2073 992 qua

492 999 758 1053 sententia
792 1000 851 1054 Β.
884 1003 1218 1074 Augustinus
1243 1008 1322 1063 sic
1353 1009 1405 1064 in
1437 1010 1615 1066 verbis
1644 1010 1911 1083 evangelii
1944 1012 2076 1069 dicit

494 1084 699 1156 (Serm.
736 1089 803 1143 iti
833 1092 897 1144 de
926 1095 1066 1147 verb.
1096 1094 1327 1161 Domini,
1355 1112 1403 1152 c.
1432 1098 1488 1161 4,
1519 1106 1653 1153 tom.
1686 1110 1741 1170 ι)
1770 1117 1782 1153 :
1814 1120 1832 1153 ι
1854 1100 2078 1171 Corripe

492 1175 718 1231 fratrem
754 1187 902 1233 tuum
944 1181 1086 1238 inter
1114 1194 1165 1239 te
1195 1195 1249 1241 et
1278 1187 1454 1256 ipsum
1484 1190 1680 1255 solum,
1710 1191 1925 1248 intuens
1952 1192 2027 1263 [αι
2059 1234 2074 1259 ,

496 1268 807 1343 intendens]
847 1276 1203 1338 correctioni,
1238 1293 1470 1347 parcens
1498 1281 1719 1351 pudori;
1762 1282 1903 1339 forte
1929 1284 2075 1338 enim

492 1375 605 1429 pra:
634 1364 957 1418 verecundia
990 1365 1210 1436 incipiet
1231 1368 1527 1427 defendere
1553 1373 1766 1444 culpam
1794 1390 1969 1440 suam,
1992 1374 2079 1431 vel

492 1462 776 1517 peccatum
828 1470 1019 1523 suum;
1075 1470 1129 1513 et
1175 1461 1268 1530 qui
1318 1463 1403 1518 vis
1449 1463 1633 1519 facere
1684 1466 2076 1522 correctionem

493 1541 617 1610 μὴ,
640 1558 800 1612 quem
842 1546 924 1601 vis
964 1546 1145 1603 facere
1169 1552 1611 1627 correctiorem],
1644 1554 1782 1611 facis
1817 1556 2077 1628 peiorem.

494 1631 721 1703 Corripe
748 1650 875 1705 ergo
925 1636 1067 1692 inter
1096 1648 1148 1694 te
1182 1648 1237 1695 et
1276 1633 1448 1711 ip'sum
1478 1644 1677 1701 solum.
1715 1664 1735 1698 ι
1767 1645 1899 1701 item
1934 1646 2076 1702 idem

494 1720 674 1794 (ibid)
701 1742 713 1778 :
744 1742 763 1776 ι
792 1724 872 1780 Tu
916 1728 1024 1784 scis
1055 1730 1181 1800 quia
1208 1742 1469 1801 peccavit,
1493 1735 1618 1805 quia
1640 1735 1786 1790 enim
1809 1745 2077 1793 secretum

2174 578 2271 618 nes
2296 564 2697 633 reprehendunt
2724 575 2844 627 nos,
2875 561 3028 631 quia,
3056 561 3207 631 quasi
3233 576 3332 616 non
3358 561 3657 629 corripiamus,

2174 662 2269 707 aut
2314 659 2505 721 putant
2551 666 2653 707 nos
2697 650 2841 706 scire
2881 651 3025 720 quod
3071 650 3359 713 nescimus,
3400 658 3481 704 aut
3520 660 3659 720 putant

2173 757 2276 797 nos
2306 752 2487 798 tacere
2515 741 2659 812 quod
2689 740 2912 796 scimus.
2963 739 3072 795 Sed
3103 738 3240 795 forte
3276 739 3407 809 quod
3442 738 3552 793 dicis
3572 740 3660 805 [ειη

2174 832 2308 903 scis]
2339 842 2391 886 et
2421 846 2523 902 ego
2557 832 2702 897 scio;
2737 831 2836 887 sed
2865 845 2972 886 non
3014 844 3197 886 coram
3237 838 3289 886 te
3319 831 3551 899 corripio,
3574 832 3663 900 quia

2176 936 2369 976 curare
2395 921 2519 975 volo
2541 961 2556 985 ,
2596 935 2701 975 non
2742 934 3022 975 accusare.
3067 918 3207 973 Sunt
3241 919 3470 975 homines
3500 918 3666 975 adulteri

2175 1012 2231 1066 in
2251 1012 2501 1067 domibus
2523 1012 2655 1076 suis,
2680 1010 2735 1066 in
2765 1018 2980 1067 secreto
3000 1018 3255 1080 peccant;
3287 1010 3543 1080 aliquando
3559 1012 3669 1066 nobis

2176 1103 2480 1172 produntur
2507 1102 2575 1157 ab
2600 1102 2862 1157 uxoribus
2885 1101 3000 1155 suis
3018 1141 3033 1166 ,
3064 1101 3376 1171 plerumque
3413 1098 3670 1162 ulantibus,

2177 1191 2470 1260 aliquando
2501 1192 2824 1246 maritorum
2844 1191 3083 1246 salutem
3106 1190 3477 1260 quaerentibus.
3497 1188 3586 1244 Nos
3601 1206 3673 1243 non

2176 1281 2457 1351 prodimus
2485 1279 2685 1350 palam,
2714 1283 2810 1335 sed
2842 1280 2895 1334 in
2920 1288 3135 1335 secreto
3164 1278 3461 1350 arguimus;
3488 1277 3561 1333 ubi
3587 1292 3676 1332 con-

2179 1372 2336 1442 tingit
2367 1371 2593 1436 malum,
2626 1371 2699 1426 ibi
2729 1371 2932 1425 malum
2960 1369 3247 1426 moriatur.
3288 1368 3398 1423 Non
3434 1377 3581 1423 tamen
3599 1368 3679 1420 vul-

2182 1480 2284 1520 nus
2308 1465 2442 1520 illud
2498 1463 2857 1536 negligimus,
2898 1473 3026 1520 ante
3064 1464 3248 1519 omnia
3288 1464 3591 1518 ostendentes
3610 1468 3678 1517 ho-

2180 1555 2315 1611 mini
2344 1556 2399 1610 iu
2429 1555 2524 1610 tali
2556 1564 2785 1625 peccato
2808 1556 3141 1619 constituto,
3168 1552 3498 1622 sanciamque
3530 1553 3680 1622 gerenti

2182 1647 2599 1712 conscientiam,
2630 1646 2761 1701 illud
2787 1646 2987 1701 vulnus
3008 1659 3128 1702 esse
3150 1642 3580 1700 mortiferumnil.
3600 1641 3682 1698 llic

2183 1749 2445 1806 ronymus
2489 1736 2570 1791 sic
2616 1750 2778 1806 super
2819 1735 3133 1791 Matthaeum
3186 1736 3319 1791 dicit
3362 1734 3442 1803 {in
3480 1750 3580 1804 cap.
3616 1733 3682 1795 18,

496 1815 596 1869 Ιύἱι
650 1820 867 1886 quando
898 1820 951 1875 in
989 1830 1040 1877 te
1069 1824 1343 1892 peccavit;
1386 1836 1659 1883 secretum
1696 1844 1913 1899 quaere,
1953 1846 2077 1886 cum
2112 1826 2154 1880 B
2182 1825 2236 1879 in
2267 1825 2469 1890 medio,
2500 1824 2570 1879 ad
2601 1823 2693 1879 illa
2732 1824 2897 1880 verba
2929 1841 2943 1877 :
2976 1823 3036 1879 Si
3072 1823 3360 1894 peccaverit
3396 1824 3446 1875 in
3478 1831 3537 1888 te,
3557 1818 3683 1889 etc):

494 1908 724 1978 corrigis
750 1912 894 1981 quod
923 1915 1201 1982 peccavit:
1231 1932 1358 1972 nam
1385 1918 1430 1973 si
1455 1918 1603 1975 solus
1629 1921 1770 1977 nosti
1791 1922 1934 1991 quod
1958 1936 2081 1993 pec-

495 1998 640 2053 cavit
663 1998 714 2053 in
742 2008 814 2066 te,
838 2009 891 2055 et
911 2018 1034 2057 eum
1060 2004 1141 2060 vis
1167 2020 1349 2061 coram
1376 2009 1630 2065 omnibus
1650 2012 1945 2082 corrigere,
1972 2026 2081 2066 non

494 2106 556 2148 es
598 2103 911 2162 corrector,
962 2098 1056 2153 sed
1104 2101 1368 2169 proditor.
1415 2119 1433 2153 ι
1482 2102 1614 2158 Item
1658 2104 1802 2159 idem
1846 2104 2028 2176 (ibid.)
2066 2121 2080 2158 :

500 2201 520 2233 ι
554 2182 673 2249 ipsa
700 2185 1041 2256 corripienda
1070 2198 1197 2244 sunt
1223 2205 1406 2245 coram
1438 2192 1777 2260 hominibus,
1809 2210 1930 2265 quae
1956 2210 2086 2266 pec-

494 2283 693 2329 cantur
748 2291 934 2353 coram
991 2280 1341 2348 hominibus;
1386 2283 1501 2354 ipsa
1556 2286 1899 2356 corripienda
1956 2298 2084 2344 sunt

492 2366 783 2433 secretius,
815 2383 936 2437 qua:
961 2379 1257 2439 peccantur
1279 2374 1545 2430 secretius
1571 2393 1585 2427 :
1614 2376 1922 2433 distribuite
1949 2386 2084 2433 tem-

492 2472 645 2527 pora,
673 2469 728 2513 et
755 2463 1053 2518 concordat
1084 2462 1388 2534 Scriptura.
1428 2466 1520 2521 Sic
1556 2469 1769 2536 agimus
1797 2469 1919 2540 [al.,
1954 2486 2085 2540 agao

493 2546 658 2618 mus}.
685 2557 742 2603 et
770 2549 851 2605 sic
878 2552 1145 2622 agendum
1169 2564 1273 2619 est,
1305 2572 1410 2611 non
1438 2558 1614 2612 solum
1646 2560 1867 2628 quando
1897 2561 1952 2615 in
1986 2576 2085 2616 nos

494 2646 769 2705 peccatur,
802 2641 895 2694 sed
926 2643 1147 2710 quando
1181 2653 1439 2714 peccatur
1478 2646 1545 2701 ab
1572 2646 1783 2717 aliquo,
1822 2649 1895 2703 ita
1924 2659 1984 2703 ut
2020 2650 2089 2705 ab

496 2726 668 2782 altero
706 2731 1002 2785 nesciatur.
1040 2752 1059 2785 ι
1099 2732 1258 2804 (Ibid.
1290 2734 1369 2802 8.)
1412 2755 1429 2787 ι
1470 2735 1527 2790 ln
1568 2745 1784 2793 secreto
1825 2738 2087 2795 debemus

496 2819 802 2887 corripere,
847 2820 898 2874 in
939 2834 1155 2879 secreto
1186 2839 1438 2896 arguere,
1478 2842 1571 2890 ne,
1605 2828 1848 2885 volentes
1876 2829 2089 2899 publice

498 2923 750 2976 arguere,
777 2912 1071 2981 prodamus
1092 2915 1391 2971 hominem.
1415 2915 1523 2972 Nos
1546 2918 1795 2972 volumus
1813 2919 2089 2989 corripere

498 3007 554 3051 et
598 3001 905 3071 corrigere;
956 3005 1085 3073 quid
1136 3000 1180 3059 si
1220 3007 1475 3064 inimicus
1520 3010 1719 3078 quaerit
1758 3011 1978 3076 audire,
2033 3019 2089 3066 et

499 3090 775 3158 corripere
825 3089 1007 3162 [quod
1066 3094 1314 3167 puniat]?
1346 3096 1505 3152 Novit
1544 3099 1688 3152 enim
1718 3100 1903 3155 nescio
1924 3113 2084 3169 quem

2189 1935 2210 1970 ι
2241 1915 2629 1987 Corripiendus
2670 1924 2755 1971 est
2808 1915 2977 1972 frater
3012 1929 3299 1980 seorsum,
3343 1927 3435 1981 ne,
3478 1913 3518 1968 si
3565 1912 3685 1966 semel

2185 2009 2443 2078 pudorem
2499 2022 2563 2062 ac
2604 2006 2987 2063 verecundiam
3023 2005 3302 2073 amiserit,
3338 2012 3611 2077 permaneat
3648 2002 3688 2057 in

2186 2109 2431 2169 peccato.
2470 2118 2490 2150 ι

2257 2190 2314 2244 In
2342 2191 2427 2245 his
2453 2189 2588 2246 satis
2641 2188 2812 2258 liquet
2844 2189 2972 2260 quia
3029 2189 3075 2244 si
3108 2204 3233 2259 quae
3262 2187 3494 2243 videmus
3529 2182 3687 2252 elpati-

2189 2295 2332 2344 mur,
2366 2278 2518 2333 salvo
2555 2278 2842 2335 Dominico
2879 2288 3183 2350 praecepto,
3220 2278 3427 2333 nonnisi
3469 2276 3586 2330 inter
3626 2287 3695 2327 nos

2187 2381 2241 2427 et
2264 2372 2467 2427 fratres
2493 2381 2715 2426 nostros
2738 2381 3031 2442 peccantes
3060 2379 3336 2427 secretum
3360 2368 3539 2423 habere
3558 2378 3693 2435 possu-

2191 2480 2332 2520 mus.
2384 2463 2465 2530 Si,
2495 2464 2766 2534 corrigere
2814 2463 3117 2530 voluerint,
3162 2460 3480 2517 omnimodis
3511 2457 3695 2512 confessa

2192 2554 2492 2624 delegimus
2512 2594 2526 2619 ,
2561 2542 2697 2609 teste
2726 2552 2930 2622 Spiritu
2953 2560 3178 2617 sancto,
3214 2549 3516 2605 Antichristi
3538 2557 3578 2601 et
3604 2559 3692 2616 pro-

2191 2644 2393 2700 ditores
2441 2645 2726 2707 habemur.
2782 2643 2858 2698 De
2901 2643 3100 2712 quibus
3148 2642 3300 2697 Felix
3340 2655 3465 2711 papa
3508 2635 3627 2707 (Fat.
3656 2636 3696 2695 Ι,

2191 2752 2277 2808 ep.
2307 2740 2355 2800 l,
2384 2738 2437 2793 in
2471 2736 2655 2794 medio
2679 2744 2811 2791 tom.
2838 2751 2857 2789 r
2878 2735 3249 2790 Conciliornm
3278 2732 3511 2786 editionis
3529 2726 3696 2797 regiae):

2196 2842 2214 2877 ι
2250 2827 2594 2884 Proditorum
2631 2841 2730 2881 nec
2756 2840 2881 2890 vox,
2914 2839 3017 2879 nec
3044 2822 3317 2877 calumnia
3348 2821 3584 2876 audiatur.
3615 2828 3647 2867 γ

2262 2920 2416 2986 Quod
2446 2932 2575 2973 vero
2604 2932 2727 2986 quae
2771 2914 3019 2973 confessa
3048 2923 3175 2969 sunt
3195 2914 3300 2968 sub
3328 2905 3701 2966 uomineaiterios

2190 3012 2362 3079 culpae
2386 3009 2670 3073 vindicari,
2694 3007 2779 3063 vel
2803 3014 3014 3062 secrete
3037 3006 3151 3059 visa
3179 3002 3359 3073 detegi
3397 3016 3491 3055 non
3512 2998 3700 3055 debeant,

2190 3102 2271 3158 sic
2312 3102 2447 3156 dicit
2475 3100 2820 3157 Innocentius
2845 3114 2983 3169 papa
3021 3114 3034 3151 :
3076 3116 3096 3148 ι
3131 3096 3381 3151 Latentia
3418 3100 3605 3164 peccata
3629 3102 3704 3140 non

501 3181 831 3236 homicidam
867 3185 1186 3255 episcopus,
1234 3196 1291 3242 et
1323 3188 1461 3244 alius
1513 3204 1672 3245 nemo
1711 3190 1862 3245 illum
1908 3191 2077 3245 novit.
2110 3184 2154 3246 C
2187 3193 2423 3249 habeant
2448 3191 2768 3255 vindictam,
2790 3198 2863 3253 et,
2894 3189 3217 3260 probatione
3240 3178 3706 3247 ccssante,vindieta

502 3271 615 3343 Ego
658 3266 882 3342 publice
928 3276 1235 3347 corripere,
1289 3288 1345 3334 at
1403 3289 1459 3334 tu
1503 3282 1703 3350 quaeris
1752 3282 2082 3337 inscribere:

503 3378 726 3431 prorsus
756 3381 857 3420 nec
883 3366 1076 3436 prodo,
1110 3384 1210 3424 nec
1230 3370 1466 3441 negligo.
1492 3371 1740 3441 Corripio
1772 3373 1825 3426 in
1852 3381 2085 3438 secreto,

501 3469 646 3522 pono
692 3466 818 3512 ante
859 3460 1044 3515 oculos
1096 3461 1189 3516 Dei
1230 3462 1532 3533 judicium,
1575 3473 1755 3519 terreo
1803 3470 2088 3519 cruentam

500 3549 915 3617 conscientiam,
958 3555 1260 3621 persuadeo
1308 3556 1710 3625 ptenitentiam.
1745 3555 1858 3610 Hac
1902 3553 2089 3611 chari-

2192 3285 2333 3339 ratio
2354 3283 2726 3352 conquiescat.
2758 3302 2776 3334 ι
2805 3282 2862 3336 1η
2889 3282 2979 3336 his
2997 3280 3255 3335 omnibus
3282 3278 3446 3347 liquet
3464 3274 3570 3345 quia
3588 3283 3707 3323 unum

2194 3392 2316 3432 cum
2347 3374 2561 3446 Sponso
2590 3389 2691 3429 suo
2720 3382 2895 3429 mater
2918 3383 3001 3428 cst
3032 3372 3275 3427 Ecclesia
3295 3412 3310 3433 ,
3340 3379 3391 3425 et
3416 3366 3619 3423 membra
3642 3368 3708 3414 Sua

2193 3482 2299 3522 non
2327 3465 2607 3529 divisioni,
2631 3465 2726 3519 sed
2751 3464 2945 3517 unitati
2967 3463 3107 3531 parit
3130 3463 3180 3516 in
3211 3460 3408 3517 saecula
3439 3454 3706 3513 saeculorum

2197 3557 2388 3610 Amen.

2043 3730 3679 3762 ______________________________________________.__..

1275 3888 1732 4002 DOMNI
1811 3887 2226 4001 LUC/ta:
2304 3885 2988 4003 DACHERII

1636 4108 1982 4155 ἮΕΝΕΜΕΤῙΝΙ
2009 4110 2344 4155 εοΝθιιεσΑτ.
2380 4112 2430 4153 So
2467 4112 2633 4153 κλυιιι

622 4249 728 4309 ΑΙ)
760 4248 829 4309 Β.
865 4247 1325 4311 LANFRANCI
1369 4249 2006 4312 CANTUARIENSIS
2049 4249 2662 4313 ARCHIEPISCOPI
2698 4249 3108 4314 LIBELLUM
3143 4250 3259 4312 DE
3286 4246 3626 4313 CELANDA

1430 4328 1974 4391 CONFESSIONE
2010 4330 2802 4393 ANIMADVERSIONES.

564 4598 729 4669 383
754 4598 821 4667 (‘)
849 4596 972 4652 Tria
993 4614 1104 4652 esse
1124 4607 1474 4654 sacramenta.
1503 4596 1852 4670 Perspicuum
1883 4608 1967 4655 est
1991 4615 2081 4655 sa-
2113 4601 2159 4661 D
2187 4597 2532 4669 praeparatio.
2586 4597 2711 4651 ideo
2758 4596 3107 4667 subiungitur
3137 4609 3153 4648 :
3204 4595 3262 4649 Is
3314 4595 3405 4666 qui
3446 4562 3723 4648 abrenuntiat

495 4700 835 4747 cramentum
872 4690 976 4744 hoc
1019 4690 1141 4745 loco
1175 4692 1275 4759 (uti
1313 4699 1369 4745 et
1407 4692 1678 4762 superius)
1710 4708 1808 4763 pro
1836 4706 1895 4747 re
1925 4708 2085 4748 sacra

496 4783 769 4854 usurpari,
801 4782 1018 4839 sublimi
1045 4783 1315 4847 videlicet.
1341 4798 1563 4850 arcana,
1591 4793 1646 4839 et
1698 4785 2001 4851 recondita;
2032 4786 2085 4841 id

494 4875 670 4932 Graeci
691 4868 1275 4949 puernpiovappellant.
1301 4872 1393 4928 Sic
1419 4872 1820 4943 intelligendum
1846 4883 1930 4929 est
1957 4874 2087 4929 illud

495 4965 812 5036 Sapientia},
839 4981 900 5029 II,
916 4964 986 5019 22
1004 4982 1016 5018 :
1036 4963 1351 5019 Nescierunt
1376 4975 1707 5019 sacramenta
1739 4965 1831 5019 Dei
1850 4981 1867 5029 ;
1885 4964 2083 5034 Ephes.

493 5076 535 5121 ι,
564 5058 617 5124 9,
645 5057 711 5112 Ut
737 5068 917 5113 notum
946 5057 1138 5127 faceret
1178 5056 1324 5112 nobis
1372 5068 1760 5113 sacramentum
1808 5056 2087 5110 voluntatis

491 5165 643 5214 .uw;
680 5158 734 5204 et
762 5149 1016 5205 Collecta:
1071 5148 1125 5202 in
1180 5148 1521 5203 solemnitate
1571 5145 2086 5218 Transﬁguratiouis

494 5241 708 5296 Domini
737 5255 753 5295 :
786 5258 806 5292 α
831 5241 990 5304 Deus,
1032 5240 1122 5310 qui
1180 5240 1303 5294 tidei
1339 5248 1679 5295 sacramenta
1735 5241 1787 5294 in
1812 5239 2085 5311 Uuigeniti

448 5358 451 5361 ι
496 5331 575 5387 tui
628 5332 1105 5403 transilguratione
1129 5331 1352 5387 Patrum
1381 5332 1693 5387 testimonio
1732 5332 2019 5398 roborasti,
2062 5352 2079 5385 ›

496 5426 606 5476 etc.
1158 5434 1161 5439 '

485 5522 491 5561 ι
566 5510 632 5580 (³)
672 5510 738 5564 In
765 5514 939 5583 figura
970 5514 1213 5583 baptismi
1238 5553 1251 5574 .
1290 5515 1392 5569 hoc
1434 5521 1553 5576 est,
1588 5513 1640 5566 in
1682 5510 1904 5567 Joannis
1957 5512 2084 5581 bap-

495 5599 737 5665 tismate,
767 5605 909 5657 quod
949 5606 1137 5660 umbra
1186 5606 1284 5659 fuit
1310 5615 1365 5660 et
1410 5604 1580 5674 ﬁgura
1628 5603 1876 5671 baptismi
1934 5618 2085 5659 nova;

480 5690 659 5760 legis;
716 5690 842 5746 illud
888 5695 1031 5748 enim
1086 5696 1419 5762 poenitentia:
1480 5701 1615 5750 erat.
1654 5702 1705 5747 et
1754 5694 1819 5748 ad
1852 5693 2080 5763 gratiam

2191 4703 2289 4758 per
2311 4688 2709 4759 ptenitentiam,
2749 4696 2804 4741 et
2847 4685 3021 4741 credit
3057 4699 3156 4755 per
3204 4686 3398 4750 fidem;
3450 4684 3623 4754 quippe
3648 4673 3719 4745 qui

2193 4778 2555 4836 iuitiabantur
2596 4779 2865 4850 baptismo
2892 4776 3136 4839 Joannis,
3182 4787 3406 4846 peccata
3438 4790 3525 4831 sua
3552 4769 3723 4827 conﬁte-

2194 4871 2412 4936 bantur,
2442 4870 2617 4940 iisquc
2641 4868 3125 4933 abrenuntiabant,
3147 4877 3203 4923 et
3227 4868 3282 4923 in
3306 4867 3571 4925 Christum
3582 4858 3720 4917 crede-

2192 4962 2325 5019 bant
2352 4971 2663 5017 venturum.
2690 4963 2766 5017 De
2794 4976 3041 5017 consecr.
3059 4962 3187 5017 dist.
3211 4960 3270 5027 4,
3294 4976 3348 5017 c.
3378 4959 3507 5025 £35;
3535 4948 3721 5011 Duth

2196 5056 2261 5111 de
2292 5055 2349 5110 S.
2381 5054 2640 5109 Portiano
2694 5055 2745 5108 in
2795 5054 2829 5109 4
2869 5055 3045 5119 Scnt.,
3079 5055 3206 5112 dist.
3238 5053 3292 5121 '5,
3329 5070 3386 5125 q.
3412 5053 3477 5119 ὃς
3510 5039 3723 5107 δοιοίιιι

2194 5157 2316 5203 sent
2344 5189 2359 5211 ,
2392 5148 2518 5202 dist.
2551 5147 2606 5212 Ξ,
2632 5162 2686 5216 q.
2713 5148 2770 5211 2,
2803 5159 2905 5202 art.
2928 5147 2986 5200 2.

2267 5239 2334 5309 (³)
2371 5237 2518 5292 Sicut
2548 5238 2593 5292 is
2621 5239 2711 5308 qui
2758 5238 3078 5307 baptizatur.
3118 5237 3318 5294 Christi
3361 5234 3594 5293 videlicet
3633 5226 3722 5291 bap-

2193 5332 2355 5386 tismo
2381 5339 2602 5400 peccata
2630 5328 2998 5394 condonante,
3028 5328 3262 5394 gratiam
3300 5336 3357 5382 et
3376 5327 3589 5381 virtutes
3611 5319 3724 5372 theo-

2192 5423 2396 5493 logicas
2422 5422 2759 5489 conferente,
2779 5430 2858 5488 ut,
2877 5436 3015 5491 aqua
3037 5419 3349 5476 Christiana
3376 5411 3727 5478 tincti,Satan£

2194 5518 2397 5572 mundo
2419 5525 2474 5571 et
2504 5518 2715 5588 pompis
2739 5514 2858 5584 ejus
2885 5515 3289 5571 abrenuntient.
3316 5512 3391 5567 lta
3423 5500 3725 5566 communita

2192 5608 2445 5678 theologi.

2260 5698 2329 5768 (⁸)
2374 5697 2511 5765 Quia
2534 5699 2622 5771 qui
2654 5698 2903 5768 baptizat,
2953 5698 3004 5751 in
3056 5695 3377 5764 baptismate,
3430 5691 3529 5746 iure
3555 5679 3722 5740 auditi!
