3864 6304
85 388 170 449 633

888 385 1017 442 LIB.
1055 386 1146 443 DE
1184 385 1507 444 CELA‘NDA
1543 383 1878 446 CONFESS.
1910 415 1981 427 —
2017 383 2339 442 DACHERII
2372 385 2603 443 ΝΟΤᾸΞ.

3204 391 3310 450 651

80 509 122 561 in
139 474 469 575 paenitentiam
492 501 671 556 dante.
689 498 940 557 Christus
958 502 1217 557 Dominus
1236 502 1327 557 hic
1356 501 1618 568 innuilur,
1650 503 1696 560 Α
1724 518 1842 557 usu.
1867 518 1886 552 ι
1922 499 2035 567 Illa,
2066 508 2120 557 et
2145 516 2266 571 quae
2294 502 2541 571 sequitur
2562 502 2853 571 sententia,
2883 505 3311 576 quadruplicitcr

81 595 306 666 siquidem
334 594 471 662 ipse,
515 600 575 646 ut
625 606 786 647 causa
829 594 1166 664 principalis,
1204 602 1260 649 et
1287 593 1529 664 baptiza‘t
1572 604 1628 649 et

80 684 269 740 absolvit
292 698 320 736 a
348 682 591 753 peccatis
630 681 937 738 ministerio
957 682 1276 738 sacerdotis.

133 777 189 846 (³)
225 774 346 829 Cum
389 775 530 828 enim
574 773 832 844 confessio
875 775 1104 845 ﬁguram
1152 776 1394 846 baptismi
1435 785 1624 831 teneat.

78 869 150 923 Est
172 879 389 935 namque
410 864 581 918 veluti
612 865 882 920 secundus
910 865 1237 935 baptismus,
1264 876 1319 921 ct
1346 886 1364 918 ‹
1387 868 1626 922 secunda

79 968 169 1027 post
209 955 547 1026 naufragium
596 956 799 1022 tabula,
854 972 981 1011 cum
1028 958 1377 1028 peccaveris,
1432 960 1629 1014 erube-

75 1065 250 1116 scere,»
275 1048 449 1115 inquit
473 1046 538 1102 Β.
569 1046 957 1120 Hieronymus,
987 1049 1022 1103 1.
1039 1065 1093 1116 v,
1117 1050 1170 1105 in
1188 1066 1308 1121 cap.
1336 1052 1404 1106 16
1425 1050 1626 1106 Ezech.

77 1143 168 1194 sub.
198 1141 326 1194 med.
358 1139 828 1205 Quemadmodum
869 1142 1013 1196 enim
1036 1143 1089 1197 in
1119 1142 1389 1213 baptismo
1438 1159 1632 1213 pecca-

78 1242 163 1284 t:m
187 1230 434 1298 originale
457 1240 516 1285 et
539 1232 750 1285 actuale
779 1230 1042 1296 abluitur,
1070 1233 1149 1287 sic
1189 1235 1242 1287 in
1295 1233 1630 1303 paenitentiae

76 1326 374 1374 sacramento
424 1320 683 1375 universa
731 1320 964 1376 actualia
1035 1331 1259 1390 peccata
1324 1323 1626 1378 solvuntur.

81 1407 242 1461 Verum
260 1408 582 1477 pmuitentia
617 1409 983 1466 omnimodam
1025 1413 1277 1482 baptismi
1327 1414 1470 1469 haud
1495 1428 1628 1484 qua-

76 1513 206 1567 quam
228 1512 329 1568 pra!
350 1512 409 1553 se
439 1498 548 1555 fert
573 1500 827 1571 figuram,
875 1513 936 1559 ut
963 1504 1196 1574 probant
1222 1503 1282 1559 S.
1309 1504 1546 1561 Thomas
1572 1507 1627 1563 iu

75 1593 100 1645 ι
118 1603 255 1659 sent,
275 1593 396 1648 dist.
433 1595 522 1659 l7,
549 1611 603 1650 a.
626 1596 679 1660 3,
705 1597 771 1652 ad
792 1598 827 1651 2
858 1597 1149 1667 Deminic.;
1183 1600 1318 1656 Solo
1358 1599 1412 1655 in
1434 1600 1469 1654 ι
1498 1599 1625 1656 dist.

77 1686 145 1750 l8,
164 1701 209 1754 q.
232 1686 284 1751 ι,
305 1694 408 1742 art.
441 1688 496 1742 1.
530 1689 600 1744 Et
622 1690 712 1744 alii
745 1692 970 1760 passim.

130 1777 184 1845 (')
208 1775 273 1830 De
306 1778 525 1833 crimine
551 1791 700 1850 rogat
722 1783 889 1837 teneri
910 1784 963 1837 in
987 1783 1334 1854 confessione.
1359 1783 1416 1840 ld
1441 1794 1524 1841 est
1546 1784 1627 1856 (ut

80 1864 192 1933 reor)
236 1875 449 1935 peccata
505 1868 861 1926 conﬁtentem
934 1873 1164 1942 posthac
1220 1875 1422 1929 eisdem
1475 1885 1626 1944 optat

85 1954 242 2018 teneri,
270 1954 474 2011 scilicet
524 1971 626 2027 pro
686 1958 855 2030 impio
903 1960 1115 2028 haberi,
1163 1978 1227 2017 ac
1260 1964 1314 2019 in
1352 1979 1622 2020 summum

79 2042 173 2098 vitae
200 2043 481 2102 discrimen
538 2048 753 2104 adduci.
793 2049 907 2104 Non
952 2066 1110 2107 secus
1155 2053 1299 2108 enim
1348 2068 1413 2109 ac
1459 2054 1626 2112 ludas

79 2132 207 2187 osculi
245 2135 392 2206 signo
443 2137 633 2193 effecit
682 2141 829 2195 utin
878 2141 1156 2198 Christum
1209 2159 1402 2201 manus
1437 2147 1626 2218 injice'

80 2233 168 2278 rent
184 2221 353 2293 Judaei,
382 2236 550 2300 atque
573 2228 711 2285 adeo
731 2234 892 2288 morti
932 2234 1245 2291 traderent:
1267 2236 1339 2291 ita
1364 2238 1624 2294 sacerdos

79 2313 316 2385 [enitenti
368 2320 524 2388 quasi
586 2322 831 2378 osculum
905 2324 1145 2391 exhibet,
1218 2327 1346 2382 dum
1400 2328 1623 2384 sinistra

79 2414 221 2459 mente
240 2404 331 2475 ipsi
356 2406 410 2462 in
436 2409 787 2468 confessione
815 2422 1099 2483 paternum
1141 2415 1413 2484 aﬁ‘ectum,
1460 2418 1626 2474 bene-

80 2496 339 2565 volentiam,
387 2516 563 2573 seun
614 2504 877 2574 singulari
928 2511 1047 2580 ejus
1103 2511 1296 2567 salutis
1355 2512 1625 2569 desiderio

81 2583 277 2658 ﬂagrare,
296 2594 608 2661 proﬁtetur,
630 2596 707 2651 uti
732 2599 801 2653 ab
820 2598 1011 2654 eodem
1036 2602 1334 2671 ptenitente
1357 2603 1619 2673 majorem

84 2690 370 2745 peccatorum
398 2686 659 2741 notitiam
710 2690 883 2759 possit
930 2692 1154 2759 elicere,
1196 2705 1250 2748 et
1281 2697 1621 2765 postmodum

83 2776 263 2857 tuque:
281 2779 476 2829 aeterna
513 2775 792 2834 oblivione
820 2779 1119 2836 debuerant
1140 2783 1378 2851 obvolvi,
1407 2787 1623 2857 evulgat

85 2855 123 2907 in
143 2858 402 2928 publicum,
429 2863 627 2935 sicque
650 2865 799 2921 illum
833 2870 903 2925 ab
956 2870 1077 2927 aliis
1126 2874 1356 2929 intendit
1402 2855 1625 2933 sceleris

84 2945 216 3035 argui,
255 2952 545 3019 opprobrio
590 2952 728 3011 attici
757 2994 774 3027 ,
813 2971 879 3013 ac
938 2961 1153 3016 tandem
1203 2964 1396 3019 mortis
1430 2966 1624 3035 dignus

80 3031 281 3099 iudicari.

133 3124 186 3193 (’)
229 3124 490 3187 Videamus
536 3135 729 3203 quibus
767 3144 894 3192 tunc
950 3141 1301 3209 conﬁtendum
1332 3145 1419 3197 sit.
1451 3143 1622 3201 Notes

83 3213 206 3309 velim
225 3216 314 3274 hoc
336 3221 451 3278 loco
472 3239 586 3280 non
611 3226 740 3294 dici,
762 3228 1052 3285 videntium
1077 3235 1294 3303 quinam
1321 3246 1467 3301 tunc,
1493 3248 1620 3309 puta

85 3302 123 3357 in
146 3321 198 3361 eo
222 3325 336 3367 casu
381 3330 487 3386 quo
519 3320 779 3389 proprius
823 3302 1103 3381 sacerdos
1134 3326 1380 3399 infringit
1412 3302 1625 3386 confes-

84 3398 214 3457 tionis
233 3404 477 3477 sigillum,
506 3409 750 3466 habeant
770 3421 1094 3482 potestatem
1145 3398 1481 3486 absolvendi,
1528 3422 1623 3476 sed

86 3498 434 3564 tantummodo,
484 3502 680 3573 quibus
729 3514 853 3560 tunc
909 3509 1268 3576 conﬁtendum
1321 3512 1407 3565 sit.
1472 3512 1624 3568 Unde

86 3579 259 3674 intelligi
304 3589 460 3647 datur
519 3593 613 3658 iis,
664 3610 801 3665 quos
840 3607 1027 3667 postea
1086 3603 1276 3667 refert,
1326 3602 1622 3674 detegenda

87 3668 294 3732 duntaxat
345 3681 536 3739 humili
591 3684 931 3742 confessione
996 3701 1242 3759 peccata,
1298 3700 1356 3746 ut
1426 3668 1621 3752 euinde

85 3764 409 3827 penitentibus
455 3775 635 3845 magis
687 3778 943 3833 contritis
996 3780 1136 3835 Deus
1185 3774 1618 3839 misericordiam

85 3845 322 3920 hpendat,
350 3870 513 3932 atque
563 3864 775 3920 interna
820 3868 1081 3935 subsidia,
1113 3870 1257 3928 vires
1288 3881 1342 3928 et
1368 3875 1618 3941 consilia,

86 3940 237 4035 quibus
277 3948 324 4003 iu
369 3961 649 4021 posterum
720 3957 786 4011 ad
842 3959 1121 4015 meliorem
1175 3964 1383 4035 frugem
1438 3967 1620 4022 redire

87 4029 270 4101 valeant,
315 4039 380 4094 ab
426 4042 804 4101 eccles’astico
860 4048 1000 4114 viro,
1048 4063 1145 4106 seu
1203 4029 1364 4111 etiam
1396 4071 1427 4111 a
1478 4055 1619 4113 laico

86 4119 219 4184 Probo
240 4129 735 4188 subministrentur.

135 4211 190 4279 (⁸)
228 4214 292 4270 Hi
336 4221 390 4274 in
448 4223 659 4292 primis,
733 4225 801 4281 de
853 4227 1041 4298 quibus
1095 4230 1351 4298 diximus,
1402 4237 1617 4292 cavendi

86 4312 191 4356 "’"-
215 4304 646 4385 Quandoquidem
674 4315 729 4371 in
758 4322 1221 4390 consequentibus
1243 4340 1433 4381 omnes
1464 4328 1614 4381 ordi-

86 4404 399 4485 tlesreeenset
444 4406 508 4461 Β.
554 4406 915 4477 Lanfrancus,
964 4413 1032 4468 de
1070 4416 1291 4485 proprio
1335 4418 1617 4473 sacerdote

1729 600 1905 664 potest
1939 593 2183 664 intelligi.
2210 592 2393 649 Primo
2419 592 2637 663 quidem
2657 594 2865 649 occulta
2895 595 3024 651 dicit
3044 595 3311 652 Lanfrau-

1726 698 1826 739 cus
1870 683 2177 739 conﬁtenda
2225 684 2373 739 omni
2420 683 2540 738 viro
2579 682 2972 751 ecclesiastico,
3002 701 3098 741 seu
3148 688 3311 742 etiam

1728 773 1869 830 laico
1900 774 2071 840 ﬁdeli,
2131 777 2199 831 ad
2251 775 2355 830 hoc
2404 782 2464 829 ut
2514 775 2780 830 conﬁtens
2813 776 3113 831 instruatur
3150 792 3317 847 quam

1728 864 1915 934 gravia
1943 864 2198 919 nimirum
2220 864 2330 919 sint
2353 878 2382 918 a
2404 879 2462 919 se
2483 866 2772 921 commissa
2797 875 3037 935 peccata,
3066 883 3314 938 qumuam

1730 968 1760 1008 a
1800 954 2104 1009 divinorum
2135 962 2358 1010 arceant
2379 956 2796 1027 participatione
2821 968 3310 1023 sacramentorum,

1730 1056 1784 1103 et
1819 1046 2045 1116 posthac
2079 1047 2351 1115 quomodo
2380 1062 2500 1103 sese
2543 1063 2573 1102 a
2610 1050 2724 1104 suis
2750 1050 2964 1105 delictis
3010 1061 3316 1121 temperare

1730 1137 1944 1193 debeat.
1975 1137 2042 1193 Et
2074 1138 2128 1191 id
2159 1151 2225 1191 ex
2267 1147 2450 1194 mente
2488 1149 2801 1195 sanctorum
2832 1140 3076 1196 Patrum.
3120 1141 3178 1197 8.
3209 1141 3313 1196 Be-

1728 1228 1979 1283 nedictus
2034 1228 2236 1300 regulae
2283 1244 2336 1284 c.
2391 1229 2423 1283 7
2470 1231 2537 1285 de
2586 1231 2893 1289 humilitate
2939 1249 2954 1286 :
3005 1250 3026 1283 ι
3081 1231 3317 1299 Quintus

1730 1317 2057 1374 humilitatis
2097 1319 2301 1388 gradus
2335 1329 2441 1386 est,
2469 1321 2513 1376 si
2538 1336 2728 1377 omnes
2760 1324 3117 1394 cogitationes
3148 1324 3319 1379 inalas

1728 1410 1882 1465 cordi
1926 1424 2030 1465 suo
2083 1408 2473 1477 advenientes,
2522 1411 2607 1466 vel
2667 1412 2806 1468 mala
2864 1430 2894 1469 a
2944 1430 3003 1469 se
3055 1415 3319 1469 abseouse

1730 1504 2053 1567 commissa,
2083 1518 2184 1574 per
2211 1503 2471 1559 humilem
2524 1504 2922 1562 confessionem
2974 1505 3158 1562 abbati
3209 1521 3317 1560 non

1727 1595 1989 1650 celaverit
2031 1610 2152 1650 suo.
2183 1613 2201 1647 ι
2231 1595 2362 1662 Quae
2383 1610 2514 1651 sane
2551 1596 2866 1653 directionis
2903 1599 3077 1669 gratia
3117 1596 3319 1669 aperiri

1728 1687 1843 1742 vult
1872 1687 2217 1743 beatissimus
2244 1687 2443 1754 Pater,
2491 1702 2618 1743 nam
2650 1688 2703 1743 in
2747 1689 3090 1745 confessione
3135 1703 3320 1744 sacra-

1730 1777 1949 1833 mentali
1993 1793 2099 1833 non
2133 1778 2308 1833 solum
2340 1778 2579 1844 occulta,
2610 1779 2707 1834 sed
2737 1788 2790 1835 et
2817 1789 3003 1851 aperta
3030 1780 3318 1835 revelamla

1658 1852 1873 1926 Bsunt.
1930 1870 2135 1925 Docent
2186 1870 2305 1926 htec
2348 1871 2515 1926 etiam
2562 1879 2785 1926 sanctus
2837 1870 3068 1925 Basilius
3122 1869 3321 1941 regula:

1728 1960 1987 2032 interrog.
2009 1960 2136 2017 229.
2168 1961 2440 2019 Concord.
2473 1963 2811 2032 regularum,
2835 1977 2953 2033 cap.
2982 1962 3050 2017 15
3075 1978 3090 2016 :
3128 1979 3147 2014 ι
3175 1963 3319 2018 Cou-

1727 2052 1891 2109 fessio
1916 2063 2265 2123 peccatorum
2293 2054 2432 2110 bauc
2466 2055 2629 2111 habet
2664 2056 2930 2111 rationem
2958 2070 3121 2125 quam
3151 2054 3318 2110 habet

1727 2144 1921 2198 vulnus
1950 2143 2170 2213 aliquod
2220 2145 2498 2214 corporis,
2530 2145 2615 2199 vel
2648 2145 2829 2216 passio
2866 2160 2985 2214 qua:
3034 2144 3319 2199 medicinae

1727 2236 2149 2292 demonstranda
2188 2245 2295 2292 est.
2346 2237 2501 2292 Sicut
2555 2252 2687 2308 ergo
2735 2253 2844 2291 non
2895 2238 3150 2291 omnibus
3195 2236 3319 2305 quis

1724 2327 1856 2381 vitia
1896 2327 1981 2381 vel
2008 2325 2236 2382 vulnera
2280 2327 2524 2397 corporis
2553 2328 2635 2383 sui
2663 2326 2888 2393 revelat,
2917 2341 3017 2382 nec
3047 2326 3312 2396 quibusli-

1724 2416 1839 2482 bet,
1868 2417 1977 2472 sed
1999 2415 2084 2472 his
2125 2418 2501 2473 tantummodo
2542 2419 2632 2489 qui
2670 2432 2898 2473 summa:
2928 2419 3138 2490 periti:e
3167 2414 3321 2476 testi-

1726 2507 1969 2561 monium
2014 2507 2237 2572 habent,
2283 2515 2339 2562 et
2378 2521 2525 2563 cura:
2574 2515 2630 2563 et
2679 2507 2913 2565 medela:
2932 2509 3317 2580 disciplinam;

1726 2597 1799 2650 ita
1830 2606 1885 2652 et
1928 2598 2202 2655 confessio
2241 2610 2590 2670 peccatorum
2625 2601 2740 2657 ﬁeri
2772 2603 2916 2672 apud
2947 2617 3041 2658 eos
3074 2611 3316 2658 tantum-

1726 2688 1886 2742 modo
1920 2690 2100 2755 debet,
2151 2693 2245 2761 qui
2292 2707 2487 2748 curare
2534 2694 2651 2749 haec
2696 2692 2995 2764 praevalent
3024 2702 3079 2749 et
3130 2707 3320 2749 emen-

1727 2776 1876 2841 dare,
1917 2797 1936 2829 ι
1970 2787 2078 2835 etc.
2107 2779 2167 2834 8.
2186 2781 2405 2846 lsidor.,
2432 2797 2482 2837 c.
2513 2782 2582 2837 1⁸5
2617 2783 2850 2854 regula}:
2874 2802 2892 2834 ι
2917 2783 3019 2851 Qui
3049 2792 3319 2839 nocturna

1727 2865 1976 2924 illusione
2002 2869 2289 2939 polluitur“,
2337 2871 2615 2941 publicare
2659 2872 2764 2927 hoc
2798 2871 2946 2927 Patri
2993 2858 3318 2929 monasterii

1725 2971 1832 3014 non
1890 2969 2170 3028 moretur;
2222 2963 2504 3033 culpaeque
2549 2979 2663 3019 sum
2706 2963 2932 3021 .meritis
2972 2963 3214 3029 tribuat,
3262 2971 3319 3018 et

1724 3051 1937 3106 occulte
1971 3052 2349 3121 pmnitentiam
2408 3064 2573 3124 agat,
2609 3074 2627 3107 ι
2662 3065 2770 3112 etc.
2841 3056 2899 3111 8.
2938 3056 3274 3112 Fructuosus
3298 3098 3315 3124 ,

1727 3141 1926 3211 regulas
1967 3159 2088 3214 cap.
2134 3143 2241 3197 t3:
2279 3162 2296 3194 ι
2332 3143 2535 3200 Omnes
2593 3157 2750 3201 actus
2814 3148 2930 3202 sive
2965 3150 3315 3204 occasionum

1728 3230 2161 3287 necessitudines
2208 3248 2422 3303 semper
2482 3250 2704 3291 necesse
2767 3245 2859 3299 est~
2912 3247 2971 3292 ut
3018 3238 3317 3294 monachus

1725 3316 1873 3373 Patri
1908 3330 2142 3386 reseret,
2188 3333 2244 3377 et
2272 3339 2341 3378 ex
2373 3324 2517 3379 illitis
2546 3336 2839 3397 cognoscat
2867 3328 3201 3384 discretione
3234 3329 3318 3384 vel

1717 3404 1926 3474 judicio
1975 3410 2106 3479 quid
2158 3414 2423 3467 attendat.
2482 3414 2873 3485 Cogitationes,
2911 3416 3271 3474 revelationes
3300 3457 3316 3483 ,

1726 3500 2006 3556 illusioues
2054 3511 2111 3556 et
2163 3503 2525 3572 uegligent'as
2578 3507 2823 3575 proprias
2875 3507 3081 3562 seniori
3138 3508 3318 3562 nullus

1724 3591 1963 3658 obcelet;
1994 3593 2087 3647 sed
2118 3606 2333 3661 semper
2356 3593 2726 3663 hujuscemodi
2753 3599 2878 3652 vitia
2902 3613 3028 3653 cum
3056 3598 3315 3670 lacrymis

1723 3689 1888 3751 atque
1903 3682 2320 3751 compunctioue
2338 3684 2518 3740 cordis
2538 3695 2701 3755 atque
2715 3687 3020 3743 humilitate
3032 3688 3316 3744 verissime

1722 3771 2256 3842 abbati,praeposito,
2283 3773 2395 3828 sive
2423 3775 2663 3845 praelatis
2693 3778 2994 3835 senioribus
3023 3779 3313 3835 revelanda

1723 3873 1880 3930 sunt,
1927 3872 1985 3921 et
2030 3864 2441 3931 consolatione,
2482 3867 2753 3930 oratione,
2795 3869 3155 3939 castigatione
3196 3868 3313 3923 sive

1719 3955 1884 4010 etiam
1924 3955 2322 4012 exercitatione
2354 3956 2531 4013 idonei
2564 3959 2749 4029 operis
2791 3959 3137 4030 castiganda.
3175 3977 3194 4012 ι
3228 3958 3310 4014 Ex

1721 4045 1907 4117 regula
1931 4046 2216 4117 cujusdam
2259 4060 2382 4117 cap.
2412 4047 2477 4113 7,
2509 4047 2564 4103 in
2591 4063 2712 4119 cap.
2745 4048 2813 4102 15
2850 4046 3121 4104 Concord.
3152 4063 3315 4119 regu-

1720 4135 1895 4192 larum
1926 4152 1942 4192 :
1978 4154 1999 4190 ι
2032 4137 2239 4206 Abbas,
2278 4139 2363 4194 vel
2410 4141 2734 4211 praepositus
2761 4180 2776 4206 ,
2821 4140 2907 4195 vel
2959 4140 3191 4211 quilibet
3230 4156 3317 4196 se-

1719 4228 1933 4283 niorum
1974 4227 2228 4296 fratrum,
2259 4230 2349 4285 cui
2392 4231 2462 4286 ab
2520 4230 2717 4286 abbate
2757 4232 3109 4287 commissum
3150 4231 3319 4286 fuerit

1720 4326 1779 4373 ut
1801 4317 2180 4374 confessiones
2205 4320 2457 4389 recipiat,
2487 4321 2716 4375 crimina
2748 4321 2956 4391 majora
2987 4322 3071 4376 vel
3097 4320 3313 4377 minora

1718 4408 2029 4462 nullatenus
2075 4407 2427 4475 manifestet,
2485 4411 2589 4465 uisi
2641 4411 2740 4466 soli
2782 4410 2934 4480 justo
2971 4411 3164 4481 judici,
3214 4411 3313 4482 qui

85 4479 261 4554 inﬁdeli,
282 4493 376 4551 hoc
398 4507 483 4553 est
512 4510 737 4568 peccata
768 4479 1108 4560 subditarum
1162 4479 1264 4561 sibi
1304 4508 1610 4564 animarum
1642 4522 1693 4583 Β
1717 4499 1960 4556 omnium
1989 4498 2367 4554 conﬁtentium
2415 4501 2649 4556 crimina
2699 4502 2868 4558 lavat.
2906 4523 2924 4555 ο
2972 4479 3143 4570 Quam
3179 4479 3314 4560 sane

86 4580 349 4645 Pmttalaute
384 4591 634 4660 superius
700 4592 868 4650 fuisse
943 4594 1180 4652 locutum
1221 4640 1236 4663 ,
1301 4603 1613 4659 necessario

86 4665 376 4738 colligendum
433 4681 683 4750 videtur;
737 4685 1129 4758 consulereque
1206 4705 1274 4747 ue
1349 4692 1611 4761 ejusmodi

89 4760 300 4851 ‘_“|!litori,
337 4771 425 4828 Dei
468 4775 796 4843 Ecclesiam,
851 4794 972 4849 qua:
1032 4796 1138 4836 una
1188 4790 1273 4838 est
1331 4760 1385 4839 et
1437 4797 1609 4851 casta,

88 4847 276 4915 diluere
340 4874 497 4937 atque
569 4870 839 4929 infamars
911 4876 1156 4942 conanti,
1224 4881 1608 4935 conscientiam

88 4944 247 5034 δβθξὶθι
287 4958 371 5023 qui
396 4960 686 5016 consilium
712 4965 968 5034 postulat.

109 5030 195 5128 .(’)_
212 5036 266 5094 In
289 5043 378 5098 hoc
401 5053 760 5120 cognoscimus
781 5054 905 5121 quia
928 5056 995 5111 de
1022 5058 1239 5113 occultis
1265 5064 1407 5117 omni
1443 5064 1608 5119 eccfe-

85 5124 249 5182 tiattico
275 5134 435 5191 ordini
470 5142 711 5209 conﬁteri
733 5144 998 5201 debemus.
1031 5147 1144 5204 Hoc
1185 5152 1409 5208 verbum
1455 5154 1608 5212 debe-

87 5222 170 5316 πξξιε
193 5230 282 5316 non
303 5237 507 5298 semper
535 5234 914 5290 necessitatem
963 5247 1056 5291 aut
1105 5251 1430 5310 prmccptum
1460 5243 1609 5316 inge-

86 5310 152 5402 τῇ,
193 5311 273 5402 sed
318 5321 594 5378 consilium
630 5326 958 5399 quandoque
1007 5331 1269 5402 suggerit,
1325 5333 1402 5389 uti
1459 5310 1607 5391 inter

86 5391 341 5496 fliesdocei
360 5410 521 5487 334
548 5391 682 5473 Soto
718 5418 772 5473 in
804 5420 839 5474 ιι
866 5391 1031 5487 te“...
1057 5391 1183 5478 dist.
1216 5391 1305 5491 te,
1338 5440 1393 5495 q.
1417 5425 1470 5492 t,
1494 5436 1604 5483 art.

86 5478 189 5541 ίοίη
232 5492 346 5566 ﬁne,
400 5517 562 5574 agens
616 5508 684 5563 de
731 5508 1076 5569 confessione
1121 5513 1258 5570 laico
1313 5515 1603 5573 facienda:

91 5573 315 5641 iterbum
336 5573 507 5662 debet,
530 5597 609 5653 ait
637 5598 746 5667 ille,
772 5616 879 5657 non
925 5611 1088 5659 sonat
1141 5616 1493 5677 pneceptum,
1545 5616 1604 5663 ut

88 5676 359 5737 mtinulliex
384 5685 690 5749 Summistis
721 5695 1061 5754 arbitrantur
1083 5739 1097 5763 ,
1129 5698 1226 5755 sed
1276 5676 1598 5766 decentiam,

1718 4589 2020 4645 doctrinam
2040 4599 2275 4645 mentem
2304 4592 2522 4661 assequi
2545 4593 2807 4660 auctoris,
2836 4610 2942 4649 non
2973 4594 3047 4651 ita
3078 4597 3313 4652 obscure

1718 4681 1966 4750 Superior
2016 4681 2247 4750 mystica
2277 4684 2530 4739 ordinum
2565 4685 2969 4761 interpretatio,
3000 4703 3067 4743 ex
3097 4688 3311 4745 Veteris

1716 4771 2046 4829 Testameuti
2074 4774 2252 4830 allatis
2280 4776 2544 4847 exemplis
2563 4818 2577 4842 ,
2614 4780 2975 4836 demonstrat.

1783 4865 1837 4919 Ξ.
1866 4863 1973 4919 Per
1996 4865 2209 4921 occulta
2250 4878 2474 4937 peccata
2506 4870 2736 4925 venialia
2757 4911 2771 4937 ,
2820 4886 2917 4940 per
2962 4882 3171 4944 aperta,
3206 4873 3311 4931 hoc

1712 4967 1797 5013 est
1844 4965 2031 5027 aperte
2092 4958 2274 5024 mala,
2333 4960 2552 5015 letbalia
2616 4972 2846 5031 possunt
2902 4963 3154 5035 intelligi.
3217 4966 3311 5021 Sic

1714 5052 2043 5120 interpretor
2065 5049 2122 5105 S.
2153 5051 2309 5108 Beda:
2338 5053 2533 5119 locum,
2563 5056 2614 5109 in
2642 5071 2692 5111 c.
2719 5056 2753 5110 5
2786 5056 2961 5128 Epist.
3002 5057 3065 5112 Β.
3096 5057 3308 5123 Jacobi,

1710 5143 1776 5195 ad
1800 5143 1916 5198 haec
1947 5140 2109 5197 verba
2132 5141 2495 5213 :Conﬁtemini
2521 5146 2834 5201 alterutrum
2866 5158 3079 5215 peccata
3108 5160 3310 5214 vestra;

1711 5236 1844 5289 dicit
1884 5254 1897 5289 :
1956 5254 1975 5288 ι
2025 5236 2083 5291 1η
2131 5238 2235 5293 bac
2274 5247 2453 5294 autem
2503 5241 2770 5294 sententia
2822 5240 2912 5295 illa
2968 5241 3131 5298 debet
3186 5258 3307 5299 esse

1710 5325 1975 5382 discretio
2010 5335 2073 5383 ut
2098 5328 2413 5398 quotidiana
2449 5328 2696 5399 leviaque
2718 5338 2944 5400 peccata
2979 5332 3303 5388 alterutrum

1708 5418 2075 5487 coaequalibus
2111 5420 2495 5487 conﬁteamur,
2513 5435 2815 5492 eorumque
2841 5422 3158 5492 quotidiana
3186 5437 3305 5478 cre—

1707 5512 1901 5569 damus
1928 5512 2179 5568 oratione
2207 5512 2428 5569 salvari.
2477 5513 2647 5568 Porro
2697 5513 2973 5583 gravioris
3012 5513 3174 5583 lepra:
3204 5514 3305 5568 im-

1708 5608 2025 5663 munditiam
2067 5607 2224 5676 juxta
2254 5607 2426 5681 legem
2473 5607 2747 5663 sacerdoti
2780 5610 3103 5679 paudamus,
3136 5619 3301 5681 atque

1705 5700 1772 5755 ad
1820 5699 1937 5771 ejus
1998 5700 2328 5765 arbitrium,
2390 5700 2627 5771 qualiter
2677 5710 2733 5757 et
2794 5711 2997 5774 quanto
3056 5713 3301 5775 tempore

91 5768 180 5824 (tum
217 5778 431 5844 tempore
479 5785 645 5841 sancti
711 5787 931 5845 Thema:
991 5791 1328 5863 frequentior
1375 5800 1491 5851 erat
1546 5793 1598 5850 in
1700 5768 2541 5866 jusserit,puriﬁcarecuremus.
2572 5792 2808 5853 iVencr.
2838 5794 2997 5853 Βεὼρ
3020 5802 3301 5854 sententia:
