3864 6304
494 346 601 407 655

1522 342 1584 398 Β.
1626 342 2018 402 LANFRANCI
2056 342 2415 403 CANTUAR.
2448 346 2764 403 ARCHIEP.

3666 350 3761 405 C36

484 453 751 515 calculum
810 453 1016 526 adjicit.
1079 453 1291 527 Suppar
1346 453 1411 511 Β.
1469 456 1771 516 Lanfranco
1832 470 2022 516 auctor
2048 502 2064 527 ,
2096 463 2142 523 Α
2170 460 2437 517 fulcienda
2469 456 2979 533 corroborandaque
3017 460 3454 518 auctoritatibus.
3492 462 3666 520 Liber
3694 465 3761 523 De

483 546 1057 620 ltadulphusArdens,
1100 548 1459 605 concione'in
1496 549 1922 621 litaniamajorc
1948 563 2072 625 post

484 641 698 698 initium
756 660 769 696 :
819 659 849 715 c
892 639 990 696 Cui
1043 639 1167 697 fieri
1217 641 1375 696 debet
1427 643 1734 699 confessio?
1787 644 2070 702 Confessio

481 731 853 788 criminalium
881 733 1042 789 debet
1068 732 1186 788 fieri
1216 733 1519 800 sacerdoti,
1539 744 1595 790 et
1620 736 2069 807 nominatim,qui

479 822 631 878 solus
673 822 875 878 habeat
924 832 1253 892 potestatem
1305 823 1509 894 ligandi
1565 833 1727 901 atque
1780 826 2067 897 solvendi,

478 914 622 970 sicut
651 923 708 970 et
738 914 901 984 leprae
942 913 1209 982 iudicium
1258 914 1391 971 solis
1436 916 1814 971 sacerdotibus
1844 917 1898 972 in
1950 916 2069 987 lege

479 1007 999 1086 eratcommissum.
1025 1004 1307 1075 ConfeSSio
1332 1023 1459 1062 vero
1485 1007 2068 1074 venialium,alterutri

478 1084 538 1164 et
589 1081 849 1166 cuilibet,
892 1099 1057 1154 etiam
1111 1098 1308 1154 minori
1364 1107 1544 1169 potest
1588 1099 1707 1156 fieri
1749 1117 1763 1154 :
1808 1100 2066 1171 quoniam

477 1203 702 1263 propter
734 1192 965 1249 venialia
1019 1207 1125 1247 non
1165 1201 1451 1263 separatur
1498 1193 1726 1248 homoa
1766 1193 1905 1261 De‘o,
1963 1192 2067 1251 nisi

477 1301 577 1356 per
639 1284 909 1340 incuriam
970 1303 982 1337 :
1025 1278 1167 1339 sicut
1222 1300 1327 1342 nec
1380 1300 1479 1356 per
1536 1286 1806 1353 scabiem,
1840 1286 1924 1342 vel
1973 1303 2069 1357 per

476 1377 881 1448 impetiginem,
922 1377 1119 1447 aliquis
1149 1378 1201 1432 in
1254 1378 1372 1450 lege
1399 1380 1759 1449 separabatur
1786 1394 1815 1434 a
1849 1380 2066 1436 castris.

476 1467 564 1522 Fit
598 1474 777 1522 autem
801 1467 917 1522 haec
940 1468 1232 1533 confessio,
1256 1485 1361 1524 non
1392 1470 1534 1539 quod
1558 1471 1745 1541 possit
1762 1487 1793 1525 a
1829 1471 2068 1543 peccatis

473 1553 777 1629 absolvere,
792 1556 886 1610 sed
907 1556 1031 1627 quia
1057 1567 1282 1627 propter
1305 1558 1578 1628 propriam
1608 1559 2065 1631 humiliationcm,

473 1655 527 1700 et
557 1655 905 1716 peccatorum
936 1657 1249 1713 nostrorum
1275 1649 1710 1725 accusationem,
1743 1650 2069 1707 mundamur

472 1752 503 1790 τι
527 1736 764 1815 peccatis
795 1757 807 1793 :
847 1737 1001 1796 Unde
1036 1748 1092 1795 et
1130 1755 1238 1795 non
1283 1740 1517 1797 dicimus
1553 1760 1566 1797 :
1600 1741 1710 1813 Ego
1736 1744 1944 1799 dimulo
1971 1746 2066 1800 tibi

2171 565 2299 605 vera
2329 560 2385 605 et
2416 549 2549 627 falsa
2606 551 2850 607 doctrina
2890 551 3133 624 (nomine
3166 552 3235 607 Β.
3269 552 3564 623 Augustini
3597 570 3630 608 a
3660 556 3760 626 ple-

2170 642 2356 711 risque
2387 630 2637 713 citatus),
2664 659 2714 699 c.
2748 644 2837 709 10,
2870 644 2924 699 in
2955 643 3252 721 appendice
3281 652 3414 699 tom.
3442 644 3514 701 IV
3542 661 3758 716 operum

2169 730 2408 799 ejusdem
2449 732 2760 804 Augustini,
2813 734 2929 789 haec
2973 734 3329 805 suppeditat:
3369 752 3391 786 α
3426 733 3758 793 Verecundia

2170 834 2365 887 magna
2394 828 2477 876 est
2512 836 2705 900 poena;
2743 821 2837 893 qui
2867 824 3142 879 erubescit
3175 839 3273 893 pro
3310 823 3538 880 Christo
3576 827 3759 898 dignus

2169 920 2253 966 est
2268 913 2446 968 venia.
2470 932 2490 965 ι
2512 914 2577 969 Et
2595 924 2715 985 post
2731 900 2929 993 pauca:
2955 901 3157 971 «Tanta
3174 916 3360 987 itaque
3374 917 3759 975 viscouf’essio-

2170 1003 2255 1059 nis
2296 1013 2380 1060 est
2423 1013 2487 1060 ut
2519 1005 2565 1062 si
2613 1008 2764 1063 deest
2803 1008 3080 1073 sacerdos,
3125 1009 3455 1065 confiteatur
3490 1012 3757 1081 proximo.

2171 1094 2327 1167 Saepe
2383 1097 2526 1152 enim
2590 1084 2857 1168 contingit
2903 1099 3047 1170 quod
3096 1102 3370 1170 paenitens
3420 1117 3532 1156 non
3595 1113 3758 1172 potest

2169 1188 2419 1244 confiteri
2469 1204 2655 1245 coram
2708 1191 3011 1256 sacerdote,
3064 1206 3228 1269 quem
3277 1191 3627 1246 desideranti
3673 1210 3757 1247 nec

2170 1278 2320 1334 locus
2381 1294 2483 1335 nec
2527 1290 2738 1351 tempus
2772 1279 2952 1336 offert.
2988 1282 3059 1340 Et
3095 1282 3140 1336 si
3178 1281 3391 1337 ille-cui
3422 1283 3758 1341 conﬁtebitur

2167 1380 2496 1445 potestatem
2546 1373 2791 1429 solvendi
2841 1390 2949 1429 non
2996 1375 3180 1441 habet,
3230 1374 3292 1429 fit
3342 1384 3535 1431 tamen
3580 1377 3758 1447 dignus

2168 1463 2325 1517 venia
2376 1479 2442 1517 ex
2481 1463 2751 1541 desiderio
2797 1464 3127 1529 sacerdotis,
3155 1465 3247 1535 qui
3284 1466 3439 1521 socio
3473 1466 3756 1521 conﬁtetur

2172 1555 2559 1625 turpitudinem
2600 1556 2867 1611 criminis.
2904 1556 3146 1612 Mundati
3184 1558 3330 1633 enim
3371 1565 3508 1613 sunt
3550 1558 3753 1631 lepmi,

2170 1648 2294 1702 dum
2317 1649 2461 1703 irent
2489 1650 2777 1704 ostendere
2802 1665 2898 1704 ora
2929 1650 3335 1715 sacerdotibus,
3372 1660 3671 1719 antequam
3697 1652 3754 1707 ad

2168 1739 2640 1810 eospervenirent
2670 1739 2823 1811 (Luc.
2864 1756 2998 1805 xvu,
3037 1740 3150 1811 14).
3197 1740 3353 1797 Unde
3389 1748 3549 1811 patet
3585 1742 3754 1795 Domi.

467 1837 681 1891 precata
713 1838 851 1895 tua;
875 1833 968 1899 sed
1022 1832 1252 1893 dicimus
1314 1832 1521 1889 orando
1569 1848 1583 1886 :
1621 1833 1939 1889 Misereatur
1985 1836 2064 1889 mi
2099 1825 2141 1878 Β
2168 1843 2293 1882 nunt
2321 1828 2388 1883 ad
2411 1843 2507 1885 cor
2536 1828 2831 1898 respicere.
2857 1829 2985 1885 dum
3010 1844 3092 1887 ex.
3113 1830 3447 1903 necessitate
3475 1831 3753 1894 prohiben-

470 1922 796 2002 omnipotens
824 1923 995 1990 Deus,
1027 1946 1045 1979 ι
1092 1935 1196 1981 etc.
1236 1926 1355 1983 Huc
1407 1942 1580 1996 usque
1609 1928 1943 1998 Radulphus,
1970 1929 2061 2000 qui

471 2013 672 2068 mirum
717 2014 769 2068 in
808 2015 1026 2070 modum
1069 2019 1395 2075 sententiam
1447 2019 1592 2074 hanc
1638 2020 1705 2075 de
1742 2019 1968 2076 occultis
2010 2028 2065 2076 et

472 2103 678 2173 apertis
719 2102 928 2161 delictis
960 2106 1214 2161 illustrat.

476 2244 477 2247 η
546 2190 600 2246 5.
630 2190 736 2253 Per
762 2191 850 2247 illa
875 2196 1065 2265 verba,
1092 2198 1319 2263 occulta,
1349 2205 1633 2267 etaperta,
1664 2199 2062 2256 confessionem

472 2280 538 2335 in
583 2297 784 2354 genere
833 2298 898 2340 ac
953 2285 1009 2347 in
1051 2287 1233 2357 specie
1286 2289 1466 2344 notari
1525 2289 1713 2344 volunt
1770 2290 2073 2349 nonnulli:

468 2376 741 2444 siquidem
772 2392 895 2435 cum
941 2378 995 2432 in
1025 2394 1225 2455 genere
1255 2381 1528 2436 dicimus:
1560 2382 1673 2452 Ego
1711 2383 2063 2453 gravissimus

470 2474 728 2535 peccator
774 2466 833 2521 in
871 2468 1057 2525 multis
1105 2471 1426 2535 criminibus
1476 2473 1715 2541 divinam
1763 2475 2060 2529 bonitatem

471 2553 672 2613 ofl‘endi
726 2575 743 2613 :
794 2573 916 2617 cum
976 2560 1273 2619 recitamus
1333 2562 1611 2619 Confiteor
1653 2564 1765 2619 Deo
1816 2566 2062 2635 omnipo-

475 2648 780 2715 tcuti,,etc.
803 2690 818 2715 ,
846 2650 1201 2707 occultamus
1228 2662 1482 2721 peccata,
1521 2655 1960 2723 quandoquidem
1996 2670 2060 2710 ea

474 2739 795 2799 nominatim
849 2741 1072 2799 minime
1127 2743 1491 2801 declaramus.
1543 2743 1835 2814 Speciatim
1883 2755 2060 2801 autem

476 2829 710 2884 crimina
757 2846 855 2886 sua
904 2832 1026 2901 quis
1058 2834 1273 2903 aperire
1303 2835 1569 2911 noscitur,
1600 2836 1725 2891 dum
1758 2852 1805 2890 v.
1842 2852 1895 2907 g.
1930 2837 2065 2906 fate-

475 2927 565 2975 tur
593 2936 654 2976 se
689 2921 742 2975 in
781 2922 1204 2991 blasphemiam,
1239 2923 1678 2989 fornicationem,
1712 2935 1816 2981 etc.
1840 2968 1856 2991 ,
1902 2928 2064 2984 toties

477 3013 758 3073 incidisse.
785 3014 852 3075 Et
892 3018 1177 3087 posteriori
1217 3018 1320 3072 hoc
1372 3019 1534 3072 modo
1562 3028 1783 3087 peccata
1830 3019 1928 3073 soli
1978 3034 2064 3074 sa-

479 3103 711 3170 cerdoti,
742 3105 834 3172 qui
884 3104 1083 3176 ligandi
1117 3106 1317 3161 habeat
1353 3114 1677 3177 potestatem
1705 3114 1761 3163 et
1791 3108 2059 3174 solvendi,

2170 1929 2256 1974 tur
2299 1919 2384 1979 ad.
2417 1920 2729 1997 sacerdotes
2777 1921 3059 1976 accedere.
3121 1940 3138 1972 ι
3193 1921 3395 1977 Petrus
3449 1920 3752 1985 Lombard,

2165 2011 2287 2066 libr.
2319 2027 2393 2069 tv.
2423 1998 2694 2076 Sentent.,
2728 2012 2969 2069 distinct.
3006 2013 3093 2067 17.
3137 2031 3156 2064 ι
3199 2012 3258 2067 Si
3301 2011 3550 2068 defuerit
3591 2026 3753 2067 sacer-

2165 2104 2286 2167 dos,
2333 2104 2583 2174 proximo
2633 2103 2719 2158 vel
2768 2105 2919 2161 socio
2966 2112 3052 2160 est
3101 2104 3351 2160 facienda
3399 2104 3697 2160 confessio.
3730 2124 3747 2155 ι

2163 2192 2497 2260 1ιεηι,,ἰη1ι·ει
2537 2210 2550 2248 :
2600 2211 2619 2245 ι
2656 2193 2990 2267 Quaerendus
3018 2203 3104 2253 est
3144 2193 3406 2250 sacerdos
3463 2195 3679 2265 sapiens
3705 2203 3753 2247 et

2165 2287 2453 2351 discretus,
2482 2286 2574 2356 qui
2603 2301 2726 2343 cum
2757 2295 3033 2357 potestate
3049 2287 3213 2342 simul
3237 2287 3444 2344 habeat
3465 2285 3749 2354 judicium;

2163 2378 2255 2448 qui
2278 2378 2321 2432 si
2355 2377 2499 2436 forte
2525 2376 2778 2442 defuerit,
2813 2378 3067 2433 conﬁteri
3092 2379 3255 2434 debet
3278 2378 3459 2434 socio.
3504 2378 3743 2433 rDeinde

2163 2468 2348 2524 multis
2380 2468 2703 2538 interjectis,
2735 2482 2801 2522 ex
2841 2469 2904 2522 D.
2947 2468 3339 2540 Chrysostomo
3368 2469 3588 2539 profert
3619 2469 3746 2523 ista:

2170 2578 2188 2611 ι
2231 2558 2332 2625 Qui
2371 2559 2521 2613 timet
2544 2557 2808 2628 judicium
2851 2559 2971 2624 Dei,
3010 2569 3299 2629 peccatum
3332 2575 3447 2614 non
3493 2561 3747 2614 erubescit

2165 2640 2430 2702 Conﬁteri.
2479 2646 2761 2703 Perfectus
2801 2648 2960 2703 timor
3000 2632 3425 2705 solvit'omnem
3472 2650 3745 2719 pudorem,

2165 2736 2437 2791 confessio
2460 2736 2664 2807 peccati
2689 2745 2948 2807 pudorem
2974 2738 3156 2805 habet,
3180 2740 3364 2809 etipsa
3382 2739 3747 2795 erubescenti:

2165 2836 2247 2882 est
2275 2828 2454 2898 gravis
2485 2842 2665 2898 poena.
2697 2827 2929 2899 Ideoque
2947 2827 3207 2897 jubemur
3234 2830 3489 2897 confiteri
3518 2841 3747 2900 peccata,

2165 2930 2224 2975 ut
2248 2920 2682 2975 erubescentiam
2711 2921 2984 2989 patiamur
2998 2937 3098 2995 pro
3114 2935 3298 2991 paena.
3321 2940 3340 2972 ι
3360 2921 3421 2978 S.
3449 2922 3684 2979 Thomas
3702 2923 3745 2975 in

2164 3010 2197 3064 4
2222 3020 2384 3075 sent.,
2415 3010 2543 3065 dist.
2574 3012 2661 3076 17,
2692 3026 2747 3081 q.
2782 3011 2838 3078 5,
2871 3023 2977 3066 art.
3007 3013 3062 3077 5,
3091 3014 3160 3066 ad
3197 3029 3215 3068 ι
3246 3028 3418 3083 agens
3444 3016 3515 3069 de
3547 3013 3745 3069 confes-

2167 3103 2319 3157 sione
2343 3102 2480 3158 laico
2494 3102 2771 3169 facienda,
2802 3104 3075 3160 ubideest
3099 3106 3255 3177 copia
3280 3106 3613 3168 sacerdotis,
3642 3117 3707 3159 ait
3732 3124 3743 3157 :

477 3203 608 3259 sunt
637 3195 970 3255 confitenda.
999 3198 1077 3252 lta
1109 3197 1422 3269 Alexander
1449 3199 1517 3254 de
1562 3198 1690 3255 Ales
1733 3201 1786 3255 in
1815 3200 1872 3255 4.
1921 3211 2062 3256 sent.
2093 3193 2134 3248 (Ξ
2173 3213 2209 3249 «η
2238 3195 2463 3261 Quando
2488 3195 2785 3251 necessitas
2806 3195 3075 3262 imminet,
3098 3196 3261 3263 debet
3281 3198 3472 3255 facere
3494 3201 3749 3268 pmnitens

474 3301 531 3356 (ι.
565 3285 651 3341 78.
679 3294 784 3343 art.
817 3290 869 3344 1.

550 3376 605 3431 ι.
623 3376 910 3440 Rationem
942 3395 1041 3437 cur
1066 3380 1195 3436 olim
1224 3380 1388 3439 fuerit
1416 3396 1515 3435 usu
1549 3390 1763 3451 recepta
1794 3381 2065 3438 confessio

480 3482 667 3526 coram
691 3468 851 3545 laico,
883 3471 1134 3528 adferunt
1158 3473 1299 3528 hanc
1334 3471 1605 3542 theologi,
1626 3473 1771 3541 quod
1798 3471 2061 3541 ejusmodi

478 3560 754 3625 confessio
769 3563 834 3618 ad
853 3564 1226 3621 confusionem
1248 3575 1304 3619 et
1324 3565 1916 3635 ernbescentianyqtne
1940 3580 2066 3635 pars

476 3659 559 3705 est
596 3652 761 3723 385
792 3654 1211 3718 satisfactionis,
1240 3656 1551 3721 ordinetur;
1616 3656 1694 3710 illi
1730 3656 1933 3711 etenim
1972 3657 2067 3726 qui

481 3741 645 3804 laico,
695 3757 791 3797 seu
839 3759 943 3799 non
992 3745 1284 3810 sacerdoti,
1325 3742 1529 3801 et‘sibi
1577 3745 1771 3815 aequali
1816 3738 2075 3817 aperiunt

482 3831 691 3893 scelera
721 3849 841 3903 sua,
878 3835 931 3889 id
959 3836 1383 3912 exucontritione
1412 3844 1576 3904 agant
1606 3851 1829 3893 necesse
1859 3847 1965 3905 est,
2000 3853 2067 3895 ac

484 3922 717 3993 proinde
766 3925 969 3980 virtute
1021 3925 1345 3981 humilitatis
1388 3925 1639 3995 supplere
1694 3926 1855 3989 Deus,
1891 3929 2066 3984 vicem

482 4016 786 4073 sacerdotis
814 4057 831 4086 ,
873 4027 928 4074 et
964 4018 1198 4089 gratiam
1239 4019 1369 4089 (non
1412 4035 1542 4075 sane
1589 4022 2065 4097 sacramentalem,

485 4120 610 4159 cum
633 4108 1050 4163 sacramentalis
1087 4108 1309 4164 minime
1347 4107 1515 4163 fuerit
1545 4110 2070 4181 confessio)_imper-

485 4197 574 4253 tiri
631 4199 836 4256 eisdem
891 4203 1258 4271 praesumitur.
1308 4201 1391 4261 lta
1442 4217 1573 4273 ergo
1622 4203 1680 4257 Β.
1732 4202 2070 4261 Lanfrancus

481 4289 695 4349 occulta
747 4291 921 4347 solum
970 4292 1119 4348 omni
1168 4293 1286 4350 viro
1339 4293 1715 4351 ecclesiastico
1768 4296 2068 4367 detegenda

484 4382 741 4453 consulit,
779 4383 1046 4453 siquidem
1072 4399 1138 4439 ex
1171 4385 1477 4454 hujusmodi
1514 4395 1863 4465 peccatorum
1893 4390 2072 4457 prodi-

483 4469 633 4526 tione
661 4482 954 4540 generatur
994 4475 1318 4530 verecundia
1365 4484 1422 4528 et
1466 4476 1547 4529 sui
1590 4476 1760 4544 ipsius
1790 4475 2065 4544 abjectio;

2168 3284 2311 3355 quod
2343 3300 2407 3339 ex
2440 3292 2596 3354 parte
2636 3300 2732 3347 sua
2769 3293 2874 3350 est,
2917 3285 3131 3340 scilicet
3164 3286 3377 3341 conteri
3418 3295 3477 3341 et
3516 3287 3745 3342 conﬁten

2166 3377 2252 3433 cui
2280 3385 2478 3446 potest,
2515 3377 2606 3446 qui
2643 3376 2890 3445 quamvis
2922 3385 3327 3432 sacramentum
3361 3377 3630 3447 perficere
3656 3392 3745 3430 ma

2167 3469 2337 3542 possit
2393 3476 2452 3523 ut
2492 3468 2659 3523 faciat
2689 3469 2740 3523 id
2780 3469 3213 3537 quodexparte
3244 3469 3574 3533 sacerdotis,
3610 3470 3747 3531 alm-

2170 3561 2426 3622 lntionem
2449 3559 2678 3625 scilicet,
2700 3568 2880 3617 tamen
2902 3558 3175 3617 delectum
3190 3560 3501 3629 sacerdotis
3521 3574 3745 3615 sunmus

2171 3650 2447 3706 Sacerdos.
2486 3648 2749 3719 supplet;
2781 3645 3462 3707 niitiiominusconfessio
3512 3648 3650 3703 laico
3689 3662 3743 3700 et

2168 3741 2443 3797 desiderio
2481 3740 2782 3797 sacerdotis
2817 3736 2987 3804 facta,
3031 3737 3463 3799 sacramentalis
3500 3752 3589 3794 est
3623 3751 3734 3807 que

2170 3833 2481 3899 dammodo,
2505 3833 2755 3903 quamvis
2775 3846 2881 3886 non
2903 3831 2975 3889 sit
3003 3840 3413 3887 sacramentum
3436 3832 3744 3902 perfectum.

2171 3923 2297 3993 quia
2334 3925 2485 3977 deest
2515 3922 2563 3976 ei
2614 3920 2759 3989 quod
2808 3929 2890 3976 est
2939 3930 3209 3991 exparte
3256 3919 3585 3979 sacerdotis.
3632 3940 3650 3971 ι
3691 3920 3745 3973 Et

2171 4015 2330 4087 paulo
2356 4024 2498 4087 post.
2553 4033 2572 4067 ι
2612 4014 2871 4082 Quamvis
2912 4014 3004 4074 ille
3044 4014 3136 4084 qui
3178 4013 3317 4075 laico
3364 4014 3650 4074 confessus
3676 4024 3744 4068 est

2172 4109 2225 4164 in
2256 4107 2485 4164 articulo
2507 4106 2874 4171 necessitatis,
2899 4115 3227 4161 consecutus
3255 4104 3327 4160 sit
3344 4106 3566 4161 veniam
3581 4121 3613 4160 a
3629 4104 3745 4165 Deo,

2170 4214 2236 4255 eo
2271 4198 2414 4269 quod
2458 4197 2796 4270 propositum
2832 4195 3150 4263 confitendi,
3193 4195 3499 4251 secundum
3534 4195 3740 4251 manda-

2173 4298 2288 4345 tum
2322 4289 2438 4356 Dei,
2471 4288 2613 4359 quod
2650 4288 2920 4358 concepit,
2954 4288 3091 4343 sicut
3124 4286 3320 4357 potuit,
3354 4285 3623 4358 implevit,
3652 4300 3747 4340 non

2176 4392 2353 4438 tamen
2383 4382 2560 4436 adimo
2587 4381 2843 4437 Ecclesia:
2874 4381 3255 4449 reconciliatus
3276 4389 3385 4445 est,
3410 4388 3473 4435 ut
3498 4380 3571 4436 ad
3586 4393 3741 4435 sacra-

2178 4490 2357 4535 menta
2397 4479 2652 4535 Ecclesiae
2683 4478 2896 4534 admitti
2928 4479 3143 4543 debeat,
3182 4478 3285 4532 nisi
3308 4478 3481 4547 prius
3509 4493 3539 4531 a
3577 4490 3739 4532 sacer-

484 4559 629 4614 undc
672 4562 938 4619 confitens
988 4564 1170 4620 divina
1222 4542 1813 4636 misericordia‘atque
1858 4542 2068 4638 integra
2102 4542 2147 4595 Β
2172 4573 2295 4627 dote
2319 4571 2650 4626 absolvatur.
2698 4590 2719 4623 ι
2755 4570 3043 4625 Rationem
3073 4542 3230 4625 affert
3263 4542 3734 4627 S.'Bonaventun.

482 4660 833 4717 peccatorum
860 4654 1016 4714 venia
1058 4654 1116 4707 fit
1153 4654 1365 4725 dignus.
1413 4655 1490 4709 De
1535 4656 1738 4724 apertis
1784 4670 1932 4722 vero,
1974 4672 2068 4712 seu

484 4741 716 4812 publicis
743 4760 850 4800 non
878 4745 972 4799 ita.
1002 4746 1102 4813 Qui
1123 4747 1270 4802 enim
1297 4745 1624 4802 sufl‘unditur
1645 4749 2071 4821 humiliaturque

485 4835 673 4898 homo,
715 4852 837 4891 cum
879 4851 943 4891 ea
990 4852 1108 4906 qua:
1147 4837 1402 4893 omnibus
1445 4845 1571 4891 sunt
1622 4847 1749 4892 nota
1788 4847 1843 4892 et
1886 4855 2067 4895 coram

484 4927 759 4984 universis
786 4938 1005 4999 peracta
1034 4930 1357 4984 confitetur?
1386 4928 1589 4999 Nempe
1621 4930 1667 4984 si
1705 4930 1980 4986 hominem
2015 4933 2069 4986 in

482 5022 608 5075 foro
654 5021 779 5091 quis
828 5019 1113 5087 occiderit,
1181 5028 1401 5090 propter
1456 5018 1851 5090 blasphemiam
1907 5009 2071 5077 fuerit

486 5126 663 5174 morte
691 5118 1000 5184 damnatus,
1031 5118 1083 5173 in
1115 5118 1275 5174 domo
1294 5118 1508 5189 propria
1538 5118 1813 5188 publicum
1842 5118 2071 5192 lupanar

482 5209 687 5275 foveat,
718 5223 827 5267 etc.
854 5211 988 5266 nihil
1016 5211 1213 5266 exinde
1235 5219 1414 5265 sumet
1446 5210 1769 5269 humilitatis
1795 5220 1896 5267 aut
1914 5227 2071 5270 vere—

484 5301 722 5366 cun-liaz,
752 5302 840 5359 ubi
867 5318 931 5359 ea
960 5303 1111 5358 socio
1141 5302 1485 5368 rcvelaverit,
1513 5317 1688 5372 neque
1715 5302 2071 5361 confessionis

483 5393 688 5447 Virtute
731 5392 1052 5449 delictorum
1103 5392 1489 5463 indulgentiam
1532 5395 1832 5452 merebitur
1870 5394 2067 5461 ullam;

483 5485 684 5556 quippe
726 5488 898 5555 deest,
939 5488 1026 5544 cui
1070 5488 1300 5558 aperuit,
1332 5497 1678 5558 peccatorum
1726 5487 2068 5556 ligandorum

484 5577 977 5651 aolvendorumque
1018 5590 1258 5650 potestas
1298 5595 1421 5651 qua:
1457 5580 1557 5636 soli
1589 5578 1848 5649 competit
1885 5592 2071 5634 sacer-

488 5667 624 5721 doti.
667 5668 841 5738 Atqne
877 5672 991 5725 hmc
1030 5672 1300 5741 posterior
1336 5659 1625 5728 sententiae
1670 5670 1729 5725 Β.
1779 5669 2067 5726 L'tnfranci

487 5761 868 5829 interpretatio
895 5762 1211 5833 mihimagis
1224 5746 1459 5831 arridet;
1484 5778 1670 5821 verum
1699 5763 2069 5835 theologorum

2171 4677 2343 4733 quare
2367 4661 2634 4717 confessio
2662 4660 2779 4716 fieri
2810 4661 2979 4730 possit
3000 4660 3150 4732 socio
3173 4661 3225 4715 in
3255 4660 3289 4714 4
3311 4669 3479 4722 sent.,
3511 4660 3636 4715 dist.
3664 4657 3738 4719 17,

2172 4769 2289 4825 par.
2314 4769 2397 4816 Ill,
2422 4752 2549 4807 dub.
2580 4753 2604 4806 1
2639 4767 2653 4806 :
2692 4749 2865 4807 (Non
2890 4750 2952 4805 fit
2983 4751 3151 4814 socio,
3184 4759 3245 4805 ut
3269 4747 3588 4819 suppleatur
3608 4748 3741 4803 locus

2173 4841 2491 4907 sacerdotis,
2532 4840 2616 4895 vel
2662 4851 2729 4897 ut
2761 4838 3038 4896 confessio
3082 4847 3492 4894 sacramentum
3543 4854 3607 4894 ex
3652 4839 3739 4891 hoc

2176 4933 2457 4995 habeatur,
2492 4931 2587 4986 sed
2628 4939 2685 4985 ut
2726 4929 2978 4999 voluntas
3021 4929 3332 4985 confitentis
3382 4930 3656 4998 probetur,
3694 4935 3738 4979 et

2172 5027 2502 5089 innotescat,
2534 5031 2591 5077 ut
2629 5032 2813 5081 totum,
2831 5022 2974 5092 quod
3021 5021 3074 5075 in
3112 5036 3173 5076 se
3208 5029 3295 5075 est
3349 5020 3539 5082 faciat,
3580 5040 3599 5072 ι
3640 5030 3734 5072 etc.

2173 5117 2461 5177 Durandus
2485 5117 2552 5171 de
2577 5114 2636 5170 S.
2665 5115 2953 5181 Porciano,
2988 5114 3043 5168 in
3073 5114 3164 5169 lib.
3191 5129 3265 5168 Iv.
3303 5113 3485 5179 Sent.,
3516 5113 3636 5168 dist.
3664 5112 3736 5169 l7.

2172 5222 2230 5278 q.
2255 5206 2342 5273 11,
2365 5219 2431 5260 ex
2454 5204 2709 5275 opinione
2724 5204 3083 5274 quorumdam
3106 5203 3222 5258 hair
3245 5201 3411 5261 habet
3438 5220 3454 5257 :
3483 5220 3503 5253 ι
3522 5200 3743 5268 Quando

2174 5299 2326 5353 deest
2352 5297 2650 5354 sacerdotis
2674 5297 2853 5368 copia,
2893 5303 2949 5350 et
2978 5295 3276 5351 necessitas
3307 5294 3571 5358 imminet,
3594 5291 3739 5347 debet

2173 5389 2355 5444 facere
2390 5390 2660 5458 paenitens
2699 5388 2843 5459 quod
2895 5387 2948 5443 in
2987 5401 3047 5443 se
3087 5393 3172 5442 est
3199 5383 3435 5457 (scilicet
3466 5382 3666 5440 conteri
3693 5388 3740 5433 ct

2173 5482 2419 5539 confiteri
2476 5482 2563 5537 cui
2617 5489 2796 5553 potest
2818 5522 2835 5549 ,
2888 5478 3089 5535 clerico
3144 5492 3256 5533 non
3312 5474 3579 5539 sacerdoti
3603 5515 3620 5538 .
3664 5470 3741 5524 vel

2174 5573 2357 5646 laico).
2416 5572 2525 5630 Sed
2575 5573 2719 5629 istud
2776 5587 2883 5628 non
2930 5571 3145 5626 videtur
3189 5568 3575 5627 necessarium.
3625 5563 3737 5634 (1ιῆ

2175 5676 2427 5726 cessante
2446 5654 2732 5737 principali
2756 5673 2937 5722 cessat
2950 5662 3351 5727 accesserium;
3375 5659 3468 5716 sed
3489 5654 3741 5714 confisio

2178 5761 2232 5816 fit
2262 5757 2634 5831 principaliter
2659 5765 2880 5828 propter
2912 5753 3336 5827 absolutionem;
3369 5766 3497 5823 ergo
3527 5749 3569 5806 si
3612 5748 3747 5804 desit
