  <div class='ocr_page' id='page_1' title='image "/cluster/home/n/w/nwhite01/storage/ocr_20150623/150/hvd.32044015473788/323.png"; bbox 0 0 3886 6292; ppageno 0'>
   <div class='ocr_carea' id='block_1_1' title="bbox 543 354 647 401">
    <p class='ocr_par' dir='ltr' id='par_1_1' title="bbox 543 354 647 401">
     <span class='ocr_line' id='line_1_1' title="bbox 543 354 647 401; baseline 0.019 -2"><span class='ocrx_word' id='word_1_1' title='bbox 543 354 647 401; x_wconf 66' lang='grc' dir='ltr'><strong>ῡὸυ</strong></span> 
     </span>
    </p>
   </div>
   <div class='ocr_carea' id='block_1_2' title="bbox 1538 340 3773 411">
    <p class='ocr_par' dir='ltr' id='par_1_2' title="bbox 1538 340 3773 411">
     <span class='ocr_line' id='line_1_2' title="bbox 1538 340 3773 411; baseline -0.003 -12"><span class='ocrx_word' id='word_1_2' title='bbox 1538 344 1631 399; x_wconf 86' lang='grc' dir='ltr'><strong>ΔΙ)</strong></span> <span class='ocrx_word' id='word_1_3' title='bbox 1669 340 1897 400; x_wconf 72' lang='lat' dir='ltr'><strong>OPERA</strong></span> <span class='ocrx_word' id='word_1_4' title='bbox 1938 340 2012 398; x_wconf 21' lang='lat'><strong>8..</strong></span> <span class='ocrx_word' id='word_1_5' title='bbox 2044 340 2439 398; x_wconf 72' lang='lat' dir='ltr'><strong>LANFRANCI</strong></span> <span class='ocrx_word' id='word_1_6' title='bbox 2469 340 2836 397; x_wconf 69' lang='lat' dir='ltr'><strong>APPE’NDIX.</strong></span> <span class='ocrx_word' id='word_1_7' title='bbox 3691 350 3773 411; x_wconf 64' lang='lat' dir='ltr'><strong>uo</strong></span> 
     </span>
    </p>
   </div>
   <div class='ocr_carea' id='block_1_3' title="bbox 540 452 3770 527">
    <p class='ocr_par' dir='ltr' id='par_1_3' title="bbox 540 452 3770 527">
     <span class='ocr_line' id='line_1_3' title="bbox 540 452 3770 527; baseline -0 -14"><span class='ocrx_word' id='word_1_8' title='bbox 540 460 624 513; x_wconf 80' lang='lat' dir='ltr'><strong>sio</strong></span> <span class='ocrx_word' id='word_1_9' title='bbox 650 465 703 511; x_wconf 86' lang='lat' dir='ltr'><strong>et</strong></span> <span class='ocrx_word' id='word_1_10' title='bbox 754 453 1076 511; x_wconf 70' lang='lat' dir='ltr'><strong>inevitibilis</strong></span> <span class='ocrx_word' id='word_1_11' title='bbox 1112 453 1348 521; x_wconf 84' lang='lat' dir='ltr'><strong>eveniat,</strong></span> <span class='ocrx_word' id='word_1_12' title='bbox 1380 454 1536 511; x_wconf 86' lang='lat' dir='ltr'><strong>facile</strong></span> <span class='ocrx_word' id='word_1_13' title='bbox 1567 466 1839 524; x_wconf 87' lang='lat' dir='ltr'><strong>rumpant.</strong></span> <span class='ocrx_word' id='word_1_14' title='bbox 1875 452 2117 508; x_wconf 84' lang='lat' dir='ltr'><strong>Tertium</strong></span> <span class='ocrx_word' id='word_1_15' title='bbox 2152 465 2193 521; x_wconf 75' lang='grc' dir='ltr'>Α</span> <span class='ocrx_word' id='word_1_16' title='bbox 2221 452 2456 523; x_wconf 71' lang='lat' dir='ltr'><strong>jucunda</strong></span> <span class='ocrx_word' id='word_1_17' title='bbox 2481 453 2541 507; x_wconf 85' lang='lat' dir='ltr'><strong>fit</strong></span> <span class='ocrx_word' id='word_1_18' title='bbox 2563 453 2826 519; x_wconf 84' lang='lat' dir='ltr'><strong>laudatio,</strong></span> <span class='ocrx_word' id='word_1_19' title='bbox 2844 453 2893 510; x_wconf 89' lang='lat' dir='ltr'><strong>si</strong></span> <span class='ocrx_word' id='word_1_20' title='bbox 2914 455 3058 522; x_wconf 90' lang='lat' dir='ltr'><strong>quod</strong></span> <span class='ocrx_word' id='word_1_21' title='bbox 3086 469 3183 508; x_wconf 89' lang='lat' dir='ltr'><strong>ore</strong></span> <span class='ocrx_word' id='word_1_22' title='bbox 3211 453 3485 522; x_wconf 79' lang='lat' dir='ltr'><strong>canimus,</strong></span> <span class='ocrx_word' id='word_1_23' title='bbox 3514 471 3669 527; x_wconf 84' lang='lat' dir='ltr'><strong>opere</strong></span> <span class='ocrx_word' id='word_1_24' title='bbox 3686 478 3770 525; x_wconf 68' lang='grc' dir='ltr'><strong>που</strong></span> 
     </span>
    </p>
   </div>
   <div class='ocr_carea' id='block_1_4' title="bbox 540 544 2125 615">
    <p class='ocr_par' dir='ltr' id='par_1_4' title="bbox 540 544 2125 615">
     <span class='ocr_line' id='line_1_4' title="bbox 540 544 2125 615; baseline -0.003 -12"><span class='ocrx_word' id='word_1_25' title='bbox 540 556 641 603; x_wconf 83' lang='lat' dir='ltr'><strong>cst.</strong></span> <span class='ocrx_word' id='word_1_26' title='bbox 666 556 726 601; x_wconf 89' lang='lat' dir='ltr'><strong>ut</strong></span> <span class='ocrx_word' id='word_1_27' title='bbox 754 544 955 600; x_wconf 89' lang='lat' dir='ltr'><strong>nullam</strong></span> <span class='ocrx_word' id='word_1_28' title='bbox 982 545 1371 615; x_wconf 86' lang='lat' dir='ltr'><strong>proprietatem</strong></span> <span class='ocrx_word' id='word_1_29' title='bbox 1402 546 1659 611; x_wconf 78' lang='lat' dir='ltr'><strong>habeant,</strong></span> <span class='ocrx_word' id='word_1_30' title='bbox 1701 562 1802 601; x_wconf 90' lang='lat' dir='ltr'><strong>nec</strong></span> <span class='ocrx_word' id='word_1_31' title='bbox 1831 547 1995 599; x_wconf 84' lang='lat' dir='ltr'><strong>etiam</strong></span> <span class='ocrx_word' id='word_1_32' title='bbox 2029 560 2125 615; x_wconf 88' lang='lat' dir='ltr'><strong>per</strong></span> 
     </span>
    </p>
   </div>
   <div class='ocr_carea' id='block_1_5' title="bbox 541 634 2124 707">
    <p class='ocr_par' dir='ltr' id='par_1_5' title="bbox 541 634 2124 707">
     <span class='ocr_line' id='line_1_5' title="bbox 541 634 2124 707; baseline -0.001 -17"><span class='ocrx_word' id='word_1_33' title='bbox 541 637 813 691; x_wconf 80' lang='lat' dir='ltr'><strong>licentiam</strong></span> <span class='ocrx_word' id='word_1_34' title='bbox 839 634 961 706; x_wconf 86' lang='lat' dir='ltr'><strong>plus</strong></span> <span class='ocrx_word' id='word_1_35' title='bbox 997 637 1201 692; x_wconf 89' lang='lat' dir='ltr'><strong>habere</strong></span> <span class='ocrx_word' id='word_1_36' title='bbox 1227 651 1390 704; x_wconf 87' lang='lat' dir='ltr'><strong>quam</strong></span> <span class='ocrx_word' id='word_1_37' title='bbox 1422 638 1719 693; x_wconf 85' lang='lat' dir='ltr'><strong>necessitas</strong></span> <span class='ocrx_word' id='word_1_38' title='bbox 1745 636 2000 707; x_wconf 90' lang='lat' dir='ltr'><strong>postulat,</strong></span> <span class='ocrx_word' id='word_1_39' title='bbox 2028 652 2124 689; x_wconf 57' lang='lat' dir='ltr'><strong>ex.</strong></span> 
     </span>
    </p>
   </div>
   <div class='ocr_carea' id='block_1_6' title="bbox 536 729 2126 800">
    <p class='ocr_par' dir='ltr' id='par_1_6' title="bbox 536 729 2126 800">
     <span class='ocr_line' id='line_1_6' title="bbox 536 729 2126 800; baseline -0.001 -15"><span class='ocrx_word' id='word_1_40' title='bbox 536 739 742 797; x_wconf 82' lang='lat' dir='ltr'><strong>petant.</strong></span> <span class='ocrx_word' id='word_1_41' title='bbox 785 729 1050 796; x_wconf 73' lang='lat' dir='ltr'><strong>Quartum</strong></span> <span class='ocrx_word' id='word_1_42' title='bbox 1096 738 1198 795; x_wconf 87' lang='lat' dir='ltr'><strong>est,</strong></span> <span class='ocrx_word' id='word_1_43' title='bbox 1246 739 1308 784; x_wconf 90' lang='lat' dir='ltr'><strong>ut</strong></span> <span class='ocrx_word' id='word_1_44' title='bbox 1345 730 1584 800; x_wconf 57' lang='lat' dir='ltr'><strong>praelatis</strong></span> <span class='ocrx_word' id='word_1_45' title='bbox 1624 729 1741 785; x_wconf 86' lang='lat' dir='ltr'><strong>suis</strong></span> <span class='ocrx_word' id='word_1_46' title='bbox 1785 730 1837 784; x_wconf 89' lang='lat' dir='ltr'><strong>in</strong></span> <span class='ocrx_word' id='word_1_47' title='bbox 1876 729 2126 784; x_wconf 82' lang='lat' dir='ltr'><strong>omnibus</strong></span> 
     </span>
    </p>
   </div>
   <div class='ocr_carea' id='block_1_7' title="bbox 536 820 2124 896">
    <p class='ocr_par' dir='ltr' id='par_1_7' title="bbox 536 820 2124 896">
     <span class='ocr_line' id='line_1_7' title="bbox 536 820 2124 896; baseline 0.001 -22"><span class='ocrx_word' id='word_1_48' title='bbox 536 820 811 886; x_wconf 73' lang='lat' dir='ltr'><strong>obediant,</strong></span> <span class='ocrx_word' id='word_1_49' title='bbox 852 823 955 878; x_wconf 87' lang='lat' dir='ltr'><strong>nisi</strong></span> <span class='ocrx_word' id='word_1_50' title='bbox 1000 822 1138 880; x_wconf 84' lang='lat' dir='ltr'><strong>forte</strong></span> <span class='ocrx_word' id='word_1_51' title='bbox 1184 825 1352 895; x_wconf 82' lang='lat' dir='ltr'><strong>(quod</strong></span> <span class='ocrx_word' id='word_1_52' title='bbox 1385 825 1582 896; x_wconf 83' lang='lat' dir='ltr'><strong>absit!)</strong></span> <span class='ocrx_word' id='word_1_53' title='bbox 1611 825 1677 879; x_wconf 87' lang='lat' dir='ltr'><strong>iis</strong></span> <span class='ocrx_word' id='word_1_54' title='bbox 1701 823 1904 893; x_wconf 86' lang='lat' dir='ltr'><strong>aliquid</strong></span> <span class='ocrx_word' id='word_1_55' title='bbox 1935 832 2124 878; x_wconf 88' lang='lat' dir='ltr'><strong>contra</strong></span> 
     </span>
    </p>
   </div>
   <div class='ocr_carea' id='block_1_8' title="bbox 536 912 2127 986">
    <p class='ocr_par' dir='ltr' id='par_1_8' title="bbox 536 912 2127 986">
     <span class='ocr_line' id='line_1_8' title="bbox 536 912 2127 986; baseline 0.001 -22"><span class='ocrx_word' id='word_1_56' title='bbox 536 912 869 968; x_wconf 68' lang='lat' dir='ltr'><strong>voluntatem</strong></span> <span class='ocrx_word' id='word_1_57' title='bbox 912 915 1003 968; x_wconf 88' lang='lat' dir='ltr'><strong>Dei</strong></span> <span class='ocrx_word' id='word_1_58' title='bbox 1044 916 1388 986; x_wconf 64' lang='lat' dir='ltr'><strong>praecipiant;</strong></span> <span class='ocrx_word' id='word_1_59' title='bbox 1427 924 1555 970; x_wconf 88' lang='lat' dir='ltr'><strong>tunc</strong></span> <span class='ocrx_word' id='word_1_60' title='bbox 1594 914 1739 970; x_wconf 89' lang='lat' dir='ltr'><strong>enim</strong></span> <span class='ocrx_word' id='word_1_61' title='bbox 1787 913 1933 968; x_wconf 64' lang='lat' dir='ltr'><strong>mullo</strong></span> <span class='ocrx_word' id='word_1_62' title='bbox 1964 913 2127 966; x_wconf 91' lang='lat' dir='ltr'><strong>modo</strong></span> 
     </span>
    </p>
   </div>
   <div class='ocr_carea' id='block_1_9' title="bbox 534 1005 2127 1077">
    <p class='ocr_par' dir='ltr' id='par_1_9' title="bbox 534 1005 2127 1077">
     <span class='ocr_line' id='line_1_9' title="bbox 534 1005 2127 1077; baseline 0.002 -20"><span class='ocrx_word' id='word_1_63' title='bbox 534 1005 614 1057; x_wconf 85' lang='lat' dir='ltr'><strong>eis</strong></span> <span class='ocrx_word' id='word_1_64' title='bbox 660 1005 713 1059; x_wconf 91' lang='lat' dir='ltr'><strong>in</strong></span> <span class='ocrx_word' id='word_1_65' title='bbox 754 1006 857 1061; x_wconf 89' lang='lat' dir='ltr'><strong>bac</strong></span> <span class='ocrx_word' id='word_1_66' title='bbox 895 1022 951 1060; x_wconf 90' lang='lat' dir='ltr'><strong>rc</strong></span> <span class='ocrx_word' id='word_1_67' title='bbox 996 1006 1355 1063; x_wconf 88' lang='lat' dir='ltr'><strong>obediendum</strong></span> <span class='ocrx_word' id='word_1_68' title='bbox 1395 1016 1508 1071; x_wconf 84' lang='lat' dir='ltr'><strong>est;</strong></span> <span class='ocrx_word' id='word_1_69' title='bbox 1555 1007 1704 1077; x_wconf 88' lang='lat' dir='ltr'><strong>quia,</strong></span> <span class='ocrx_word' id='word_1_70' title='bbox 1754 1006 1895 1062; x_wconf 83' lang='lat' dir='ltr'><strong>sicut</strong></span> <span class='ocrx_word' id='word_1_71' title='bbox 1934 1006 2127 1060; x_wconf 83' lang='lat' dir='ltr'><strong>beatus</strong></span> 
     </span>
    </p>
   </div>
   <div class='ocr_carea' id='block_1_10' title="bbox 534 1094 2125 1170">
    <p class='ocr_par' dir='ltr' id='par_1_10' title="bbox 534 1094 2125 1170">
     <span class='ocr_line' id='line_1_10' title="bbox 534 1094 2125 1170; baseline 0 -20"><span class='ocrx_word' id='word_1_72' title='bbox 534 1094 831 1167; x_wconf 82' lang='lat' dir='ltr'><strong>Gregorius</strong></span> <span class='ocrx_word' id='word_1_73' title='bbox 862 1099 958 1159; x_wconf 83' lang='lat' dir='ltr'><strong>ait,</strong></span> <span class='ocrx_word' id='word_1_74' title='bbox 986 1098 1186 1154; x_wconf 89' lang='lat' dir='ltr'><strong>malum</strong></span> <span class='ocrx_word' id='word_1_75' title='bbox 1211 1108 1432 1170; x_wconf 82' lang='lat' dir='ltr'><strong>propter</strong></span> <span class='ocrx_word' id='word_1_76' title='bbox 1450 1098 1814 1154; x_wconf 83' lang='lat' dir='ltr'><strong>obedientiam</strong></span> <span class='ocrx_word' id='word_1_77' title='bbox 1846 1111 2125 1167; x_wconf 83' lang='lat' dir='ltr'><strong>nunquam</strong></span> 
     </span>
    </p>
   </div>
   <div class='ocr_carea' id='block_1_11' title="bbox 540 1186 2125 1260">
    <p class='ocr_par' dir='ltr' id='par_1_11' title="bbox 540 1186 2125 1260">
     <span class='ocr_line' id='line_1_11' title="bbox 540 1186 2125 1260; baseline 0.001 -21"><span class='ocrx_word' id='word_1_78' title='bbox 540 1186 657 1241; x_wconf 83' lang='lat' dir='ltr'><strong>lieri</strong></span> <span class='ocrx_word' id='word_1_79' title='bbox 681 1187 868 1253; x_wconf 83' lang='lat' dir='ltr'><strong>debet;</strong></span> <span class='ocrx_word' id='word_1_80' title='bbox 898 1189 1097 1244; x_wconf 90' lang='lat' dir='ltr'><strong>bonum</strong></span> <span class='ocrx_word' id='word_1_81' title='bbox 1128 1205 1259 1244; x_wconf 91' lang='lat' dir='ltr'><strong>vero</strong></span> <span class='ocrx_word' id='word_1_82' title='bbox 1290 1190 1582 1260; x_wconf 84' lang='lat' dir='ltr'><strong>aliquando</strong></span> <span class='ocrx_word' id='word_1_83' title='bbox 1611 1188 1898 1246; x_wconf 88' lang='lat' dir='ltr'><strong>intermitti</strong></span> <span class='ocrx_word' id='word_1_84' title='bbox 1916 1190 2125 1258; x_wconf 86' lang='lat' dir='ltr'><strong>&#39;potest.</strong></span> 
     </span>
    </p>
   </div>
   <div class='ocr_carea' id='block_1_12' title="bbox 536 1275 2128 1353">
    <p class='ocr_par' dir='ltr' id='par_1_12' title="bbox 536 1275 2128 1353">
     <span class='ocr_line' id='line_1_12' title="bbox 536 1275 2128 1353; baseline 0.003 -25"><span class='ocrx_word' id='word_1_85' title='bbox 536 1275 794 1353; x_wconf 74' lang='lat' dir='ltr'><strong>Quintum</strong></span> <span class='ocrx_word' id='word_1_86' title='bbox 823 1285 930 1343; x_wconf 87' lang='lat' dir='ltr'><strong>est,</strong></span> <span class='ocrx_word' id='word_1_87' title='bbox 971 1286 1031 1332; x_wconf 90' lang='lat' dir='ltr'><strong>ut</strong></span> <span class='ocrx_word' id='word_1_88' title='bbox 1070 1293 1170 1349; x_wconf 86' lang='lat' dir='ltr'><strong>pro</strong></span> <span class='ocrx_word' id='word_1_89' title='bbox 1196 1279 1343 1335; x_wconf 85' lang='lat' dir='ltr'><strong>nulla</strong></span> <span class='ocrx_word' id='word_1_90' title='bbox 1381 1293 1565 1344; x_wconf 86' lang='lat' dir='ltr'><strong>causa,</strong></span> <span class='ocrx_word' id='word_1_91' title='bbox 1606 1278 1820 1333; x_wconf 90' lang='lat' dir='ltr'><strong>etiamsi</strong></span> <span class='ocrx_word' id='word_1_92' title='bbox 1868 1278 1948 1332; x_wconf 89' lang='lat' dir='ltr'><strong>eis</strong></span> <span class='ocrx_word' id='word_1_93' title='bbox 1978 1275 2128 1345; x_wconf 87' lang='lat' dir='ltr'><strong>justa</strong></span> 
     </span>
    </p>
   </div>
   <div class='ocr_carea' id='block_1_13' title="bbox 535 1367 2129 1429">
    <p class='ocr_par' dir='ltr' id='par_1_13' title="bbox 535 1367 2129 1429">
     <span class='ocr_line' id='line_1_13' title="bbox 535 1367 2129 1429; baseline 0.003 -11"><span class='ocrx_word' id='word_1_94' title='bbox 535 1367 806 1429; x_wconf 75' lang='lat' dir='ltr'><strong>videnlur,</strong></span> <span class='ocrx_word' id='word_1_95' title='bbox 854 1381 1199 1423; x_wconf 85' lang='lat' dir='ltr'><strong>murmurare</strong></span> <span class='ocrx_word' id='word_1_96' title='bbox 1234 1367 1323 1423; x_wconf 88' lang='lat' dir='ltr'><strong>vel</strong></span> <span class='ocrx_word' id='word_1_97' title='bbox 1363 1369 1756 1425; x_wconf 81' lang='lat' dir='ltr'><strong>detractionem</strong></span> <span class='ocrx_word' id='word_1_98' title='bbox 1804 1367 1983 1424; x_wconf 85' lang='lat' dir='ltr'><strong>facere</strong></span> <span class='ocrx_word' id='word_1_99' title='bbox 2028 1382 2129 1422; x_wconf 77' lang='lat' dir='ltr'><strong>au-</strong></span> 
     </span>
    </p>
   </div>
   <div class='ocr_carea' id='block_1_14' title="bbox 535 1455 2132 1530">
    <p class='ocr_par' dir='ltr' id='par_1_14' title="bbox 535 1455 2132 1530">
     <span class='ocr_line' id='line_1_14' title="bbox 535 1455 2132 1530; baseline 0.003 -19"><span class='ocrx_word' id='word_1_100' title='bbox 535 1455 716 1516; x_wconf 86' lang='lat' dir='ltr'><strong>deant.</strong></span> <span class='ocrx_word' id='word_1_101' title='bbox 743 1471 811 1511; x_wconf 89' lang='lat' dir='ltr'><strong>ne</strong></span> <span class='ocrx_word' id='word_1_102' title='bbox 832 1471 993 1511; x_wconf 88' lang='lat' dir='ltr'><strong>omne</strong></span> <span class='ocrx_word' id='word_1_103' title='bbox 1026 1458 1247 1525; x_wconf 86' lang='lat' dir='ltr'><strong>bonum,</strong></span> <span class='ocrx_word' id='word_1_104' title='bbox 1284 1459 1331 1515; x_wconf 90' lang='lat' dir='ltr'><strong>si</strong></span> <span class='ocrx_word' id='word_1_105' title='bbox 1360 1461 1503 1530; x_wconf 88' lang='lat' dir='ltr'><strong>quod</strong></span> <span class='ocrx_word' id='word_1_106' title='bbox 1529 1459 1709 1516; x_wconf 86' lang='lat' dir='ltr'><strong>facere</strong></span> <span class='ocrx_word' id='word_1_107' title='bbox 1727 1460 2005 1524; x_wconf 84' lang='lat' dir='ltr'><strong>videntur,</strong></span> <span class='ocrx_word' id='word_1_108' title='bbox 2034 1474 2132 1529; x_wconf 86' lang='lat' dir='ltr'><strong>per</strong></span> 
     </span>
    </p>
   </div>
   <div class='ocr_carea' id='block_1_15' title="bbox 516 1545 2128 1633">
    <p class='ocr_par' dir='ltr' id='par_1_15' title="bbox 516 1545 2128 1633">
     <span class='ocr_line' id='line_1_15' title="bbox 516 1545 2128 1633; baseline 0.001 -33"><span class='ocrx_word' id='word_1_109' title='bbox 516 1545 678 1633; x_wconf 42' lang='lat' dir='ltr'><strong>.banc</strong></span> <span class='ocrx_word' id='word_1_110' title='bbox 722 1545 1022 1615; x_wconf 83' lang='lat' dir='ltr'><strong>nequitiam</strong></span> <span class='ocrx_word' id='word_1_111' title='bbox 1074 1548 1325 1616; x_wconf 83' lang='lat' dir='ltr'><strong>perdant.</strong></span> <span class='ocrx_word' id='word_1_112' title='bbox 1370 1547 1599 1603; x_wconf 79' lang='lat' dir='ltr'><strong>Sextum</strong></span> <span class='ocrx_word' id='word_1_113' title='bbox 1644 1558 1748 1614; x_wconf 90' lang='lat' dir='ltr'><strong>est,</strong></span> <span class='ocrx_word' id='word_1_114' title='bbox 1786 1558 1847 1603; x_wconf 91' lang='lat' dir='ltr'><strong>ut</strong></span> <span class='ocrx_word' id='word_1_115' title='bbox 1892 1550 2128 1605; x_wconf 86' lang='lat' dir='ltr'><strong>invicem</strong></span> 
     </span>
    </p>
   </div>
   <div class='ocr_carea' id='block_1_16' title="bbox 512 1636 2128 1710">
    <p class='ocr_par' dir='ltr' id='par_1_16' title="bbox 512 1636 2128 1710">
     <span class='ocr_line' id='line_1_16' title="bbox 512 1636 2128 1710; baseline 0.001 -18"><span class='ocrx_word' id='word_1_116' title='bbox 512 1637 841 1705; x_wconf 61' lang='lat' dir='ltr'><strong>fsccundum</strong></span> <span class='ocrx_word' id='word_1_117' title='bbox 870 1636 1039 1693; x_wconf 86' lang='lat' dir='ltr'><strong>Deum</strong></span> <span class='ocrx_word' id='word_1_118' title='bbox 1075 1654 1135 1695; x_wconf 89' lang='lat' dir='ltr'><strong>se</strong></span> <span class='ocrx_word' id='word_1_119' title='bbox 1171 1638 1422 1709; x_wconf 77' lang='lat' dir='ltr'><strong>diligant,</strong></span> <span class='ocrx_word' id='word_1_120' title='bbox 1449 1647 1505 1695; x_wconf 91' lang='lat' dir='ltr'><strong>et</strong></span> <span class='ocrx_word' id='word_1_121' title='bbox 1533 1656 1697 1697; x_wconf 91' lang='lat' dir='ltr'><strong>omne</strong></span> <span class='ocrx_word' id='word_1_122' title='bbox 1741 1641 1942 1697; x_wconf 89' lang='lat' dir='ltr'><strong>bonum</strong></span> <span class='ocrx_word' id='word_1_123' title='bbox 1984 1640 2128 1710; x_wconf 87' lang='lat' dir='ltr'><strong>quod</strong></span> 
     </span>
    </p>
   </div>
   <div class='ocr_carea' id='block_1_17' title="bbox 521 1727 2127 1803">
    <p class='ocr_par' dir='ltr' id='par_1_17' title="bbox 521 1727 2127 1803">
     <span class='ocr_line' id='line_1_17' title="bbox 521 1727 2127 1803; baseline 0.003 -23"><span class='ocrx_word' id='word_1_124' title='bbox 521 1727 735 1803; x_wconf 68' lang='lat' dir='ltr'><strong>singuli</strong></span> <span class='ocrx_word' id='word_1_125' title='bbox 780 1728 880 1784; x_wconf 88' lang='lat' dir='ltr'><strong>sibi</strong></span> <span class='ocrx_word' id='word_1_126' title='bbox 920 1728 989 1784; x_wconf 89' lang='lat' dir='ltr'><strong>ab</strong></span> <span class='ocrx_word' id='word_1_127' title='bbox 1026 1728 1148 1785; x_wconf 90' lang='lat' dir='ltr'><strong>aliis</strong></span> <span class='ocrx_word' id='word_1_128' title='bbox 1193 1730 1430 1800; x_wconf 79' lang='lat' dir='ltr'><strong>impendi</strong></span> <span class='ocrx_word' id='word_1_129' title='bbox 1477 1731 1813 1799; x_wconf 82' lang='lat' dir='ltr'><strong>desiderant,</strong></span> <span class='ocrx_word' id='word_1_130' title='bbox 1856 1731 1959 1801; x_wconf 84' lang='lat' dir='ltr'><strong>ipsi</strong></span> <span class='ocrx_word' id='word_1_131' title='bbox 2004 1731 2127 1785; x_wconf 91' lang='lat' dir='ltr'><strong>aliis</strong></span> 
     </span>
    </p>
   </div>
   <div class='ocr_carea' id='block_1_18' title="bbox 2233 543 3763 624">
    <p class='ocr_par' dir='ltr' id='par_1_18' title="bbox 2233 543 3763 624">
     <span class='ocr_line' id='line_1_18' title="bbox 2233 543 3763 624; baseline 0.005 -29"><span class='ocrx_word' id='word_1_132' title='bbox 2233 543 2630 614; x_wconf 82' lang='lat' dir='ltr'><strong>impugnamus.</strong></span> <span class='ocrx_word' id='word_1_133' title='bbox 2660 543 2795 600; x_wconf 89' lang='lat' dir='ltr'><strong>Cum</strong></span> <span class='ocrx_word' id='word_1_134' title='bbox 2818 544 3084 614; x_wconf 82' lang='lat' dir='ltr'><strong>psalmum</strong></span> <span class='ocrx_word' id='word_1_135' title='bbox 3106 546 3263 611; x_wconf 90' lang='lat' dir='ltr'><strong>dicis,</strong></span> <span class='ocrx_word' id='word_1_136' title='bbox 3284 545 3444 614; x_wconf 85' lang='lat' dir='ltr'><strong>cujus</strong></span> <span class='ocrx_word' id='word_1_137' title='bbox 3459 548 3614 603; x_wconf 82' lang='lat' dir='ltr'><strong>verba</strong></span> <span class='ocrx_word' id='word_1_138' title='bbox 3634 550 3763 624; x_wconf 62' lang='lat' dir='ltr'><strong>hique</strong></span> 
     </span>
    </p>
   </div>
   <div class='ocr_carea' id='block_1_19' title="bbox 2230 634 3773 715">
    <p class='ocr_par' dir='ltr' id='par_1_19' title="bbox 2230 634 3773 715">
     <span class='ocr_line' id='line_1_19' title="bbox 2230 634 3773 715; baseline 0.005 -27"><span class='ocrx_word' id='word_1_139' title='bbox 2230 634 2307 689; x_wconf 90' lang='lat' dir='ltr'><strong>ris</strong></span> <span class='ocrx_word' id='word_1_140' title='bbox 2348 650 2602 705; x_wconf 79' lang='lat' dir='ltr'><strong>agnosce,</strong></span> <span class='ocrx_word' id='word_1_141' title='bbox 2632 647 2686 691; x_wconf 87' lang='lat' dir='ltr'><strong>et</strong></span> <span class='ocrx_word' id='word_1_142' title='bbox 2722 636 2772 690; x_wconf 89' lang='lat' dir='ltr'><strong>in</strong></span> <span class='ocrx_word' id='word_1_143' title='bbox 2804 638 3222 706; x_wconf 87' lang='lat' dir='ltr'><strong>compunctione</strong></span> <span class='ocrx_word' id='word_1_144' title='bbox 3250 639 3429 710; x_wconf 82' lang='lat' dir='ltr'><strong>magis</strong></span> <span class='ocrx_word' id='word_1_145' title='bbox 3460 641 3618 712; x_wconf 79' lang='lat' dir='ltr'><strong>animi</strong></span> <span class='ocrx_word' id='word_1_146' title='bbox 3638 660 3773 715; x_wconf 74' lang='lat' dir='ltr'><strong>quam</strong></span> 
     </span>
    </p>
   </div>
   <div class='ocr_carea' id='block_1_20' title="bbox 2227 728 3773 806">
    <p class='ocr_par' dir='ltr' id='par_1_20' title="bbox 2227 728 3773 806">
     <span class='ocr_line' id='line_1_20' title="bbox 2227 728 3773 806; baseline 0.006 -25"><span class='ocrx_word' id='word_1_147' title='bbox 2227 728 2279 782; x_wconf 87' lang='lat' dir='ltr'><strong>in</strong></span> <span class='ocrx_word' id='word_1_148' title='bbox 2340 729 2583 783; x_wconf 83' lang='lat' dir='ltr'><strong>tremulae</strong></span> <span class='ocrx_word' id='word_1_149' title='bbox 2634 728 2786 784; x_wconf 81' lang='lat' dir='ltr'><strong>vocis</strong></span> <span class='ocrx_word' id='word_1_150' title='bbox 2836 728 3119 785; x_wconf 86' lang='lat' dir='ltr'><strong>dulcedine</strong></span> <span class='ocrx_word' id='word_1_151' title='bbox 3173 730 3449 787; x_wconf 81' lang='lat' dir='ltr'><strong>delectare</strong></span> <span class='ocrx_word' id='word_1_152' title='bbox 3493 748 3508 785; x_wconf 88' lang='lat'><strong>:</strong></span> <span class='ocrx_word' id='word_1_153' title='bbox 3555 733 3773 806; x_wconf 62' lang='lat' dir='ltr'><strong>laciymas</strong></span> 
     </span>
    </p>
   </div>
   <div class='ocr_carea' id='block_1_21' title="bbox 2226 818 3772 895">
    <p class='ocr_par' dir='ltr' id='par_1_21' title="bbox 2226 818 3772 895">
     <span class='ocr_line' id='line_1_21' title="bbox 2226 818 3772 895; baseline 0.002 -24"><span class='ocrx_word' id='word_1_154' title='bbox 2226 818 2371 871; x_wconf 89' lang='lat' dir='ltr'><strong>enim</strong></span> <span class='ocrx_word' id='word_1_155' title='bbox 2403 818 2684 886; x_wconf 88' lang='lat' dir='ltr'><strong>psallentis</strong></span> <span class='ocrx_word' id='word_1_156' title='bbox 2710 819 2852 874; x_wconf 89' lang='lat' dir='ltr'><strong>Deus</strong></span> <span class='ocrx_word' id='word_1_157' title='bbox 2882 819 3056 889; x_wconf 83' lang='lat' dir='ltr'><strong>magis</strong></span> <span class='ocrx_word' id='word_1_158' title='bbox 3082 834 3245 888; x_wconf 83' lang='lat' dir='ltr'><strong>quam</strong></span> <span class='ocrx_word' id='word_1_159' title='bbox 3268 821 3537 890; x_wconf 80' lang='lat' dir='ltr'><strong>garritum</strong></span> <span class='ocrx_word' id='word_1_160' title='bbox 3564 838 3772 895; x_wconf 69' lang='lat' dir='ltr'><strong>compta.</strong></span> 
     </span>
    </p>
   </div>
   <div class='ocr_carea' id='block_1_22' title="bbox 2226 908 3770 986">
    <p class='ocr_par' dir='ltr' id='par_1_22' title="bbox 2226 908 3770 986">
     <span class='ocr_line' id='line_1_22' title="bbox 2226 908 3770 986; baseline 0.009 -24"><span class='ocrx_word' id='word_1_161' title='bbox 2226 908 2339 963; x_wconf 85' lang='lat' dir='ltr'><strong>bat.</strong></span> <span class='ocrx_word' id='word_1_162' title='bbox 2368 908 2481 964; x_wconf 85' lang='lat' dir='ltr'><strong>Non</strong></span> <span class='ocrx_word' id='word_1_163' title='bbox 2512 920 2666 966; x_wconf 80' lang='lat' dir='ltr'><strong>vacet</strong></span> <span class='ocrx_word' id='word_1_164' title='bbox 2697 925 2851 967; x_wconf 89' lang='lat' dir='ltr'><strong>mens</strong></span> <span class='ocrx_word' id='word_1_165' title='bbox 2881 919 2971 965; x_wconf 90' lang='lat' dir='ltr'><strong>tua</strong></span> <span class='ocrx_word' id='word_1_166' title='bbox 3009 912 3064 966; x_wconf 92' lang='lat' dir='ltr'><strong>in</strong></span> <span class='ocrx_word' id='word_1_167' title='bbox 3090 913 3258 968; x_wconf 88' lang='lat' dir='ltr'><strong>variis</strong></span> <span class='ocrx_word' id='word_1_168' title='bbox 3284 914 3770 986; x_wconf 85' lang='lat' dir='ltr'><strong>perturbationibus;</strong></span> 
     </span>
    </p>
   </div>
   <div class='ocr_carea' id='block_1_23' title="bbox 2227 1001 3773 1074">
    <p class='ocr_par' dir='ltr' id='par_1_23' title="bbox 2227 1001 3773 1074">
     <span class='ocr_line' id='line_1_23' title="bbox 2227 1001 3773 1074; baseline 0.011 -24"><span class='ocrx_word' id='word_1_169' title='bbox 2227 1002 2370 1069; x_wconf 88' lang='lat' dir='ltr'><strong>quod</strong></span> <span class='ocrx_word' id='word_1_170' title='bbox 2392 1001 2435 1055; x_wconf 91' lang='lat' dir='ltr'><strong>si</strong></span> <span class='ocrx_word' id='word_1_171' title='bbox 2465 1002 2668 1071; x_wconf 85' lang='lat' dir='ltr'><strong>pectori</strong></span> <span class='ocrx_word' id='word_1_172' title='bbox 2697 1011 2788 1057; x_wconf 88' lang='lat' dir='ltr'><strong>tuo</strong></span> <span class='ocrx_word' id='word_1_173' title='bbox 2819 1002 3141 1068; x_wconf 79' lang='lat' dir='ltr'><strong>insederint,</strong></span> <span class='ocrx_word' id='word_1_174' title='bbox 3175 1003 3596 1062; x_wconf 75' lang='lat' dir='ltr'><strong>dominabuntur</strong></span> <span class='ocrx_word' id='word_1_175' title='bbox 3621 1010 3704 1074; x_wconf 82' lang='lat' dir='ltr'><strong>tui,</strong></span> <span class='ocrx_word' id='word_1_176' title='bbox 3731 1024 3773 1068; x_wconf 84' lang='lat' dir='ltr'><strong>et</strong></span> 
     </span>
    </p>
   </div>
   <div class='ocr_carea' id='block_1_24' title="bbox 2228 1093 3315 1152">
    <p class='ocr_par' dir='ltr' id='par_1_24' title="bbox 2228 1093 3315 1152">
     <span class='ocr_line' id='line_1_24' title="bbox 2228 1093 3315 1152; baseline 0.004 -5"><span class='ocrx_word' id='word_1_177' title='bbox 2228 1093 2497 1149; x_wconf 84' lang='lat' dir='ltr'><strong>deducent</strong></span> <span class='ocrx_word' id='word_1_178' title='bbox 2527 1103 2578 1149; x_wconf 91' lang='lat' dir='ltr'><strong>te</strong></span> <span class='ocrx_word' id='word_1_179' title='bbox 2608 1093 2678 1150; x_wconf 87' lang='lat' dir='ltr'><strong>ad</strong></span> <span class='ocrx_word' id='word_1_180' title='bbox 2699 1094 2956 1151; x_wconf 85' lang='lat' dir='ltr'><strong>delictum</strong></span> <span class='ocrx_word' id='word_1_181' title='bbox 2994 1096 3315 1152; x_wconf 77' lang='lat' dir='ltr'><strong>maximum.</strong></span> 
     </span>
    </p>
   </div>
   <div class='ocr_carea' id='block_1_25' title="bbox 2300 1182 3773 1255">
    <p class='ocr_par' dir='ltr' id='par_1_25' title="bbox 2300 1182 3773 1255">
     <span class='ocr_line' id='line_1_25' title="bbox 2300 1182 3773 1255; baseline 0.005 -18"><span class='ocrx_word' id='word_1_182' title='bbox 2300 1182 2597 1246; x_wconf 80' lang='lat' dir='ltr'><strong>Dixit....,</strong></span> <span class='ocrx_word' id='word_1_183' title='bbox 2630 1200 2819 1239; x_wconf 87' lang='lat' dir='ltr'><strong>verum</strong></span> <span class='ocrx_word' id='word_1_184' title='bbox 2853 1183 3057 1240; x_wconf 89' lang='lat' dir='ltr'><strong>Christi</strong></span> <span class='ocrx_word' id='word_1_185' title='bbox 3088 1184 3343 1255; x_wconf 85' lang='lat' dir='ltr'><strong>templum</strong></span> <span class='ocrx_word' id='word_1_186' title='bbox 3377 1193 3467 1242; x_wconf 87' lang='lat' dir='ltr'><strong>est</strong></span> <span class='ocrx_word' id='word_1_187' title='bbox 3495 1186 3773 1245; x_wconf 74' lang='lat' dir='ltr'><strong>animam-</strong></span> 
     </span>
    </p>
   </div>
   <div class='ocr_carea' id='block_1_26' title="bbox 2227 1274 3773 1348">
    <p class='ocr_par' dir='ltr' id='par_1_26' title="bbox 2227 1274 3773 1348">
     <span class='ocr_line' id='line_1_26' title="bbox 2227 1274 3773 1348; baseline 0.004 -18"><span class='ocrx_word' id='word_1_188' title='bbox 2227 1274 2424 1330; x_wconf 88' lang='lat' dir='ltr'><strong>dentis.</strong></span> <span class='ocrx_word' id='word_1_189' title='bbox 2458 1276 2635 1331; x_wconf 83' lang='lat' dir='ltr'><strong>Etiam</strong></span> <span class='ocrx_word' id='word_1_190' title='bbox 2670 1277 2721 1331; x_wconf 79' lang='lat' dir='ltr'><strong>in</strong></span> <span class='ocrx_word' id='word_1_191' title='bbox 2759 1275 3001 1331; x_wconf 81' lang='lat' dir='ltr'><strong>minimis</strong></span> <span class='ocrx_word' id='word_1_192' title='bbox 3030 1286 3199 1332; x_wconf 73' lang='lat' dir='ltr'><strong>caute</strong></span> <span class='ocrx_word' id='word_1_193' title='bbox 3218 1292 3320 1348; x_wconf 90' lang='lat' dir='ltr'><strong>age</strong></span> <span class='ocrx_word' id='word_1_194' title='bbox 3354 1294 3369 1331; x_wconf 88' lang='lat'><strong>:</strong></span> <span class='ocrx_word' id='word_1_195' title='bbox 3399 1291 3509 1332; x_wconf 91' lang='lat' dir='ltr'><strong>non</strong></span> <span class='ocrx_word' id='word_1_196' title='bbox 3540 1281 3672 1333; x_wconf 85' lang='lat' dir='ltr'><strong>enim</strong></span> <span class='ocrx_word' id='word_1_197' title='bbox 3696 1283 3773 1336; x_wconf 86' lang='lat' dir='ltr'><strong>Ini-</strong></span> 
     </span>
    </p>
   </div>
   <div class='ocr_carea' id='block_1_27' title="bbox 2229 1367 3772 1437">
    <p class='ocr_par' dir='ltr' id='par_1_27' title="bbox 2229 1367 3772 1437">
     <span class='ocr_line' id='line_1_27' title="bbox 2229 1367 3772 1437; baseline 0.003 -14"><span class='ocrx_word' id='word_1_198' title='bbox 2229 1368 2435 1423; x_wconf 89' lang='lat' dir='ltr'><strong>nimum</strong></span> <span class='ocrx_word' id='word_1_199' title='bbox 2486 1368 2539 1422; x_wconf 94' lang='lat' dir='ltr'><strong>in</strong></span> <span class='ocrx_word' id='word_1_200' title='bbox 2588 1368 2698 1422; x_wconf 84' lang='lat' dir='ltr'><strong>vita</strong></span> <span class='ocrx_word' id='word_1_201' title='bbox 2746 1367 2952 1424; x_wconf 85' lang='lat' dir='ltr'><strong>homini</strong></span> <span class='ocrx_word' id='word_1_202' title='bbox 3002 1367 3278 1437; x_wconf 74' lang='lat' dir='ltr'><strong>negligere</strong></span> <span class='ocrx_word' id='word_1_203' title='bbox 3324 1367 3572 1423; x_wconf 84' lang='lat' dir='ltr'><strong>minima.</strong></span> <span class='ocrx_word' id='word_1_204' title='bbox 3615 1368 3772 1427; x_wconf 69' lang='lat' dir='ltr'><strong>Otiose</strong></span> 
     </span>
    </p>
   </div>
   <div class='ocr_carea' id='block_1_28' title="bbox 2230 1456 3771 1527">
    <p class='ocr_par' dir='ltr' id='par_1_28' title="bbox 2230 1456 3771 1527">
     <span class='ocr_line' id='line_1_28' title="bbox 2230 1456 3771 1527; baseline 0.001 -14"><span class='ocrx_word' id='word_1_205' title='bbox 2230 1460 2395 1514; x_wconf 87' lang='lat' dir='ltr'><strong>menti</strong></span> <span class='ocrx_word' id='word_1_206' title='bbox 2426 1457 2646 1527; x_wconf 81' lang='lat' dir='ltr'><strong>maligni</strong></span> <span class='ocrx_word' id='word_1_207' title='bbox 2686 1457 2911 1526; x_wconf 81' lang='lat' dir='ltr'><strong>spiritus</strong></span> <span class='ocrx_word' id='word_1_208' title='bbox 2943 1471 3140 1527; x_wconf 85' lang='lat' dir='ltr'><strong>pravas</strong></span> <span class='ocrx_word' id='word_1_209' title='bbox 3166 1456 3533 1527; x_wconf 72' lang='lat' dir='ltr'><strong>cogitationes</strong></span> <span class='ocrx_word' id='word_1_210' title='bbox 3552 1456 3771 1525; x_wconf 77' lang='lat' dir='ltr'><strong>inserunt,</strong></span> 
     </span>
    </p>
   </div>
   <div class='ocr_carea' id='block_1_29' title="bbox 2229 1546 3772 1619">
    <p class='ocr_par' dir='ltr' id='par_1_29' title="bbox 2229 1546 3772 1619">
     <span class='ocr_line' id='line_1_29' title="bbox 2229 1546 3772 1619; baseline 0.001 -15"><span class='ocrx_word' id='word_1_211' title='bbox 2229 1560 2283 1604; x_wconf 87' lang='lat' dir='ltr'><strong>ut</strong></span> <span class='ocrx_word' id='word_1_212' title='bbox 2329 1549 2374 1604; x_wconf 94' lang='lat' dir='ltr'><strong>si</strong></span> <span class='ocrx_word' id='word_1_213' title='bbox 2418 1550 2663 1619; x_wconf 86' lang='lat' dir='ltr'><strong>quiescat</strong></span> <span class='ocrx_word' id='word_1_214' title='bbox 2699 1546 2770 1603; x_wconf 90' lang='lat' dir='ltr'><strong>ab</strong></span> <span class='ocrx_word' id='word_1_215' title='bbox 2805 1561 2990 1617; x_wconf 89' lang='lat' dir='ltr'><strong>opere,</strong></span> <span class='ocrx_word' id='word_1_216' title='bbox 3034 1562 3142 1602; x_wconf 88' lang='lat' dir='ltr'><strong>non</strong></span> <span class='ocrx_word' id='word_1_217' title='bbox 3184 1548 3435 1616; x_wconf 82' lang='lat' dir='ltr'><strong>quiescat</strong></span> <span class='ocrx_word' id='word_1_218' title='bbox 3476 1562 3509 1601; x_wconf 87' lang='lat' dir='ltr'><strong>a</strong></span> <span class='ocrx_word' id='word_1_219' title='bbox 3557 1547 3772 1605; x_wconf 79' lang='lat' dir='ltr'><strong>malorum</strong></span> 
     </span>
    </p>
   </div>
   <div class='ocr_carea' id='block_1_30' title="bbox 2228 1636 3773 1709">
    <p class='ocr_par' dir='ltr' id='par_1_30' title="bbox 2228 1636 3773 1709">
     <span class='ocr_line' id='line_1_30' title="bbox 2228 1636 3773 1709; baseline -0.001 -13"><span class='ocrx_word' id='word_1_220' title='bbox 2228 1655 2454 1709; x_wconf 88' lang='lat' dir='ltr'><strong>operum</strong></span> <span class='ocrx_word' id='word_1_221' title='bbox 2478 1639 2862 1696; x_wconf 76' lang='lat' dir='ltr'><strong>delectatione.</strong></span> <span class='ocrx_word' id='word_1_222' title='bbox 2886 1637 3085 1694; x_wconf 81' lang='lat' dir='ltr'><strong>Omnia</strong></span> <span class='ocrx_word' id='word_1_223' title='bbox 3114 1653 3236 1707; x_wconf 65' lang='lat' dir='ltr'><strong>quae</strong></span> <span class='ocrx_word' id='word_1_224' title='bbox 3269 1636 3652 1700; x_wconf 85' lang='lat' dir='ltr'><strong>blandimento,</strong></span> <span class='ocrx_word' id='word_1_225' title='bbox 3682 1653 3773 1707; x_wconf 74' lang='lat' dir='ltr'><strong>qua:</strong></span> 
     </span>
    </p>
   </div>
   <div class='ocr_carea' id='block_1_31' title="bbox 2229 1727 3775 1799">
    <p class='ocr_par' dir='ltr' id='par_1_31' title="bbox 2229 1727 3775 1799">
     <span class='ocr_line' id='line_1_31' title="bbox 2229 1727 3775 1799; baseline 0.001 -16"><span class='ocrx_word' id='word_1_226' title='bbox 2229 1729 2441 1784; x_wconf 88' lang='lat' dir='ltr'><strong>occulta</strong></span> <span class='ocrx_word' id='word_1_227' title='bbox 2467 1728 2752 1785; x_wconf 81' lang='lat' dir='ltr'><strong>voluntate</strong></span> <span class='ocrx_word' id='word_1_228' title='bbox 2787 1728 3031 1785; x_wconf 90' lang='lat' dir='ltr'><strong>animum</strong></span> <span class='ocrx_word' id='word_1_229' title='bbox 3061 1728 3307 1792; x_wconf 85' lang='lat' dir='ltr'><strong>trahunt,</strong></span> <span class='ocrx_word' id='word_1_230' title='bbox 3336 1727 3520 1799; x_wconf 82' lang='lat' dir='ltr'><strong>rejice.</strong></span> <span class='ocrx_word' id='word_1_231' title='bbox 3551 1728 3775 1785; x_wconf 77' lang='lat' dir='ltr'><strong>Edccitra</strong></span> 
     </span>
    </p>
   </div>
   <div class='ocr_carea' id='block_1_32' title="bbox 520 1808 3773 1901">
    <p class='ocr_par' dir='ltr' id='par_1_32' title="bbox 520 1808 3773 1901">
     <span class='ocr_line' id='line_1_32' title="bbox 520 1808 3773 1901; baseline 0.002 -32"><span class='ocrx_word' id='word_1_232' title='bbox 520 1808 791 1901; x_wconf 59' lang='lat' dir='ltr'><strong>;hilariter</strong></span> <span class='ocrx_word' id='word_1_233' title='bbox 817 1827 872 1873; x_wconf 89' lang='lat' dir='ltr'><strong>et</strong></span> <span class='ocrx_word' id='word_1_234' title='bbox 913 1834 1045 1875; x_wconf 86' lang='lat' dir='ltr'><strong>cum</strong></span> <span class='ocrx_word' id='word_1_235' title='bbox 1071 1819 1268 1891; x_wconf 86' lang='lat' dir='ltr'><strong>gaudio</strong></span> <span class='ocrx_word' id='word_1_236' title='bbox 1303 1819 1635 1890; x_wconf 89' lang='lat' dir='ltr'><strong>impendant.</strong></span> <span class='ocrx_word' id='word_1_237' title='bbox 1678 1819 1980 1891; x_wconf 87' lang='lat' dir='ltr'><strong>Septimum</strong></span> <span class='ocrx_word' id='word_1_238' title='bbox 2021 1828 2126 1887; x_wconf 86' lang='lat' dir='ltr'><strong>est,</strong></span> <span class='ocrx_word' id='word_1_239' title='bbox 2164 1829 2203 1885; x_wconf 79' lang='grc' dir='ltr'>Β</span> <span class='ocrx_word' id='word_1_240' title='bbox 2230 1819 2596 1884; x_wconf 84' lang='lat' dir='ltr'><strong>saturitatem,</strong></span> <span class='ocrx_word' id='word_1_241' title='bbox 2627 1818 2754 1873; x_wconf 86' lang='lat' dir='ltr'><strong>bibe</strong></span> <span class='ocrx_word' id='word_1_242' title='bbox 2776 1819 2916 1874; x_wconf 87' lang='lat' dir='ltr'><strong>citra</strong></span> <span class='ocrx_word' id='word_1_243' title='bbox 2948 1817 3300 1882; x_wconf 86' lang='lat' dir='ltr'><strong>ebrietatem;</strong></span> <span class='ocrx_word' id='word_1_244' title='bbox 3333 1832 3436 1877; x_wconf 88' lang='lat' dir='ltr'><strong>nec</strong></span> <span class='ocrx_word' id='word_1_245' title='bbox 3464 1819 3773 1887; x_wconf 67' lang='lat' dir='ltr'><strong>omentum</strong></span> 
     </span>
    </p>
   </div>
   <div class='ocr_carea' id='block_1_33' title="bbox 523 1903 2124 1972">
    <p class='ocr_par' dir='ltr' id='par_1_33' title="bbox 523 1903 2124 1972">
     <span class='ocr_line' id='line_1_33' title="bbox 523 1903 2124 1972; baseline 0.003 -9"><span class='ocrx_word' id='word_1_246' title='bbox 523 1903 596 1964; x_wconf 70' lang='lat' dir='ltr'><strong>&#39;ut</strong></span> <span class='ocrx_word' id='word_1_247' title='bbox 614 1912 968 1968; x_wconf 87' lang='lat' dir='ltr'><strong>constitutum</strong></span> <span class='ocrx_word' id='word_1_248' title='bbox 998 1912 1278 1972; x_wconf 88' lang='lat' dir='ltr'><strong>servitium</strong></span> <span class='ocrx_word' id='word_1_249' title='bbox 1304 1913 1602 1969; x_wconf 88' lang='lat' dir='ltr'><strong>secundum</strong></span> <span class='ocrx_word' id='word_1_250' title='bbox 1630 1927 1836 1971; x_wconf 89' lang='lat' dir='ltr'><strong>morem</strong></span> <span class='ocrx_word' id='word_1_251' title='bbox 1864 1913 2124 1970; x_wconf 60' lang='lat' dir='ltr'><strong>Ecclesia</strong></span> 
     </span>
    </p>
   </div>
   <div class='ocr_carea' id='block_1_34' title="bbox 535 2002 2127 2077">
    <p class='ocr_par' dir='ltr' id='par_1_34' title="bbox 535 2002 2127 2077">
     <span class='ocr_line' id='line_1_34' title="bbox 535 2002 2127 2077; baseline 0.004 -23"><span class='ocrx_word' id='word_1_252' title='bbox 535 2014 668 2063; x_wconf 69' lang='lat' dir='ltr'><strong>suae,</strong></span> <span class='ocrx_word' id='word_1_253' title='bbox 709 2002 754 2056; x_wconf 93' lang='lat' dir='ltr'><strong>si</strong></span> <span class='ocrx_word' id='word_1_254' title='bbox 799 2002 1009 2072; x_wconf 89' lang='lat' dir='ltr'><strong>possint</strong></span> <span class='ocrx_word' id='word_1_255' title='bbox 1050 2003 1297 2071; x_wconf 88' lang='lat' dir='ltr'><strong>reddere,</strong></span> <span class='ocrx_word' id='word_1_256' title='bbox 1343 2018 1449 2059; x_wconf 91' lang='lat' dir='ltr'><strong>non</strong></span> <span class='ocrx_word' id='word_1_257' title='bbox 1491 2004 1802 2077; x_wconf 74' lang='lat' dir='ltr'><strong>negligant;</strong></span> <span class='ocrx_word' id='word_1_258' title='bbox 1839 2013 1896 2061; x_wconf 88' lang='lat' dir='ltr'><strong>et</strong></span> <span class='ocrx_word' id='word_1_259' title='bbox 1936 2004 1991 2059; x_wconf 93' lang='lat' dir='ltr'><strong>in</strong></span> <span class='ocrx_word' id='word_1_260' title='bbox 2020 2006 2127 2061; x_wconf 88' lang='lat' dir='ltr'><strong>hoc</strong></span> 
     </span>
    </p>
   </div>
   <div class='ocr_carea' id='block_1_35' title="bbox 536 2091 2127 2166">
    <p class='ocr_par' dir='ltr' id='par_1_35' title="bbox 536 2091 2127 2166">
     <span class='ocr_line' id='line_1_35' title="bbox 536 2091 2127 2166; baseline 0.004 -22"><span class='ocrx_word' id='word_1_261' title='bbox 536 2091 744 2160; x_wconf 78' lang='lat' dir='ltr'><strong>agendo</strong></span> <span class='ocrx_word' id='word_1_262' title='bbox 786 2092 977 2148; x_wconf 89' lang='lat' dir='ltr'><strong>intenti</strong></span> <span class='ocrx_word' id='word_1_263' title='bbox 1018 2104 1074 2148; x_wconf 86' lang='lat' dir='ltr'><strong>et</strong></span> <span class='ocrx_word' id='word_1_264' title='bbox 1124 2109 1231 2148; x_wconf 91' lang='lat' dir='ltr'><strong>non</strong></span> <span class='ocrx_word' id='word_1_265' title='bbox 1268 2095 1386 2166; x_wconf 85' lang='lat' dir='ltr'><strong>vagi</strong></span> <span class='ocrx_word' id='word_1_266' title='bbox 1420 2095 1719 2160; x_wconf 75' lang='lat' dir='ltr'><strong>assistant;</strong></span> <span class='ocrx_word' id='word_1_267' title='bbox 1765 2110 1831 2150; x_wconf 90' lang='lat' dir='ltr'><strong>ne</strong></span> <span class='ocrx_word' id='word_1_268' title='bbox 1876 2096 2127 2165; x_wconf 88' lang='lat' dir='ltr'><strong>vagando</strong></span> 
     </span>
    </p>
   </div>
   <div class='ocr_carea' id='block_1_36' title="bbox 536 2180 2124 2255">
    <p class='ocr_par' dir='ltr' id='par_1_36' title="bbox 536 2180 2124 2255">
     <span class='ocr_line' id='line_1_36' title="bbox 536 2180 2124 2255; baseline 0.004 -23"><span class='ocrx_word' id='word_1_269' title='bbox 536 2180 720 2235; x_wconf 90' lang='lat' dir='ltr'><strong>oculos</strong></span> <span class='ocrx_word' id='word_1_270' title='bbox 772 2181 967 2237; x_wconf 84' lang='lat' dir='ltr'><strong>divinae</strong></span> <span class='ocrx_word' id='word_1_271' title='bbox 1018 2182 1339 2252; x_wconf 87' lang='lat' dir='ltr'><strong>majestatis,</strong></span> <span class='ocrx_word' id='word_1_272' title='bbox 1388 2193 1517 2240; x_wconf 90' lang='lat' dir='ltr'><strong>ante</strong></span> <span class='ocrx_word' id='word_1_273' title='bbox 1558 2184 1718 2255; x_wconf 85' lang='lat' dir='ltr'><strong>cujus</strong></span> <span class='ocrx_word' id='word_1_274' title='bbox 1771 2194 2124 2254; x_wconf 84' lang='lat' dir='ltr'><strong>conspectum</strong></span> 
     </span>
    </p>
   </div>
   <div class='ocr_carea' id='block_1_37' title="bbox 535 2272 2124 2348">
    <p class='ocr_par' dir='ltr' id='par_1_37' title="bbox 535 2272 2124 2348">
     <span class='ocr_line' id='line_1_37' title="bbox 535 2272 2124 2348; baseline 0.006 -25"><span class='ocrx_word' id='word_1_275' title='bbox 535 2272 787 2327; x_wconf 75' lang='lat' dir='ltr'><strong>ridentur</strong></span> <span class='ocrx_word' id='word_1_276' title='bbox 808 2275 1091 2341; x_wconf 85' lang='lat' dir='ltr'><strong>assistere,</strong></span> <span class='ocrx_word' id='word_1_277' title='bbox 1113 2275 1407 2332; x_wconf 75' lang='lat' dir='ltr'><strong>offendant.</strong></span> <span class='ocrx_word' id='word_1_278' title='bbox 1432 2276 1695 2334; x_wconf 90' lang='lat' dir='ltr'><strong>Octavum</strong></span> <span class='ocrx_word' id='word_1_279' title='bbox 1717 2286 1822 2345; x_wconf 88' lang='lat' dir='ltr'><strong>est,</strong></span> <span class='ocrx_word' id='word_1_280' title='bbox 1853 2287 1912 2332; x_wconf 90' lang='lat' dir='ltr'><strong>ut</strong></span> <span class='ocrx_word' id='word_1_281' title='bbox 1933 2294 2124 2348; x_wconf 84' lang='lat' dir='ltr'><strong>puram</strong></span> 
     </span>
    </p>
   </div>
   <div class='ocr_carea' id='block_1_38' title="bbox 424 2362 2123 2439">
    <p class='ocr_par' dir='ltr' id='par_1_38' title="bbox 424 2362 2123 2439">
     <span class='ocr_line' id='line_1_38' title="bbox 424 2362 2123 2439; baseline 0.005 -23"><span class='ocrx_word' id='word_1_282' title='bbox 424 2410 437 2415; x_wconf 93' lang='lat'><strong>-</strong></span> <span class='ocrx_word' id='word_1_283' title='bbox 536 2362 931 2421; x_wconf 83' lang='lat' dir='ltr'><strong>confessionem</strong></span> <span class='ocrx_word' id='word_1_284' title='bbox 955 2367 1022 2423; x_wconf 86' lang='lat' dir='ltr'><strong>de</strong></span> <span class='ocrx_word' id='word_1_285' title='bbox 1041 2368 1296 2424; x_wconf 90' lang='lat' dir='ltr'><strong>omnibus</strong></span> <span class='ocrx_word' id='word_1_286' title='bbox 1316 2370 1554 2438; x_wconf 84' lang='lat' dir='ltr'><strong>peccatis</strong></span> <span class='ocrx_word' id='word_1_287' title='bbox 1570 2370 1685 2425; x_wconf 83' lang='lat' dir='ltr'><strong>suis</strong></span> <span class='ocrx_word' id='word_1_288' title='bbox 1706 2368 1913 2425; x_wconf 87' lang='lat' dir='ltr'><strong>faciant</strong></span> <span class='ocrx_word' id='word_1_289' title='bbox 1931 2388 1943 2424; x_wconf 94' lang='lat'>:</span> <span class='ocrx_word' id='word_1_290' title='bbox 1961 2385 2123 2439; x_wconf 87' lang='lat' dir='ltr'><strong>quam</strong></span> 
     </span>
    </p>
   </div>
   <div class='ocr_carea' id='block_1_39' title="bbox 536 2455 2125 2531">
    <p class='ocr_par' dir='ltr' id='par_1_39' title="bbox 536 2455 2125 2531">
     <span class='ocr_line' id='line_1_39' title="bbox 536 2455 2125 2531; baseline 0.005 -24"><span class='ocrx_word' id='word_1_291' title='bbox 536 2468 715 2508; x_wconf 86' lang='lat' dir='ltr'><strong>.amen</strong></span> <span class='ocrx_word' id='word_1_292' title='bbox 743 2455 1144 2514; x_wconf 87' lang='lat' dir='ltr'><strong>confessionem</strong></span> <span class='ocrx_word' id='word_1_293' title='bbox 1184 2474 1290 2515; x_wconf 92' lang='lat' dir='ltr'><strong>non</strong></span> <span class='ocrx_word' id='word_1_294' title='bbox 1331 2460 1533 2531; x_wconf 87' lang='lat' dir='ltr'><strong>passim</strong></span> <span class='ocrx_word' id='word_1_295' title='bbox 1567 2460 1822 2515; x_wconf 90' lang='lat' dir='ltr'><strong>omnibus</strong></span> <span class='ocrx_word' id='word_1_296' title='bbox 1851 2471 2012 2529; x_wconf 82' lang='lat' dir='ltr'><strong>prout</strong></span> <span class='ocrx_word' id='word_1_297' title='bbox 2038 2460 2125 2515; x_wconf 84' lang='lat' dir='ltr'><strong>cui</strong></span> 
     </span>
    </p>
   </div>
   <div class='ocr_carea' id='block_1_40' title="bbox 537 2546 2128 2623">
    <p class='ocr_par' dir='ltr' id='par_1_40' title="bbox 537 2546 2128 2623">
     <span class='ocr_line' id='line_1_40' title="bbox 537 2546 2128 2623; baseline 0.007 -24"><span class='ocrx_word' id='word_1_298' title='bbox 537 2546 773 2615; x_wconf 78' lang='lat' dir='ltr'><strong>iibucrit,</strong></span> <span class='ocrx_word' id='word_1_299' title='bbox 808 2550 911 2605; x_wconf 93' lang='lat' dir='ltr'><strong>nisi</strong></span> <span class='ocrx_word' id='word_1_300' title='bbox 950 2552 1328 2607; x_wconf 89' lang='lat' dir='ltr'><strong>tantummodo</strong></span> <span class='ocrx_word' id='word_1_301' title='bbox 1362 2553 1478 2608; x_wconf 91' lang='lat' dir='ltr'><strong>suis</strong></span> <span class='ocrx_word' id='word_1_302' title='bbox 1513 2552 1770 2623; x_wconf 75' lang='lat' dir='ltr'><strong>przelatis,</strong></span> <span class='ocrx_word' id='word_1_303' title='bbox 1811 2553 1893 2607; x_wconf 87' lang='lat' dir='ltr'><strong>vcl</strong></span> <span class='ocrx_word' id='word_1_304' title='bbox 1931 2553 2128 2622; x_wconf 83' lang='lat' dir='ltr'><strong>quibus</strong></span> 
     </span>
    </p>
   </div>
   <div class='ocr_carea' id='block_1_41' title="bbox 538 2637 2124 2714">
    <p class='ocr_par' dir='ltr' id='par_1_41' title="bbox 538 2637 2124 2714">
     <span class='ocr_line' id='line_1_41' title="bbox 538 2637 2124 2714; baseline 0.006 -24"><span class='ocrx_word' id='word_1_305' title='bbox 538 2637 697 2694; x_wconf 67' lang='lat' dir='ltr'><strong>iidem</strong></span> <span class='ocrx_word' id='word_1_306' title='bbox 727 2642 935 2712; x_wconf 61' lang='lat' dir='ltr'><strong>praelati</strong></span> <span class='ocrx_word' id='word_1_307' title='bbox 968 2652 1292 2714; x_wconf 80' lang='lat' dir='ltr'><strong>potestatem</strong></span> <span class='ocrx_word' id='word_1_308' title='bbox 1329 2644 1595 2710; x_wconf 90' lang='lat' dir='ltr'><strong>tribuunt,</strong></span> <span class='ocrx_word' id='word_1_309' title='bbox 1625 2644 1845 2699; x_wconf 81' lang='lat' dir='ltr'><strong>faciant.</strong></span> <span class='ocrx_word' id='word_1_310' title='bbox 1879 2646 2124 2714; x_wconf 74' lang='lat' dir='ltr'><strong>Regnum</strong></span> 
     </span>
    </p>
   </div>
   <div class='ocr_carea' id='block_1_42' title="bbox 540 2726 2126 2804">
    <p class='ocr_par' dir='ltr' id='par_1_42' title="bbox 540 2726 2126 2804">
     <span class='ocr_line' id='line_1_42' title="bbox 540 2726 2126 2804; baseline 0.006 -24"><span class='ocrx_word' id='word_1_311' title='bbox 540 2726 647 2784; x_wconf 80' lang='lat' dir='ltr'><strong>Dei.</strong></span> <span class='ocrx_word' id='word_1_312' title='bbox 677 2737 731 2784; x_wconf 92' lang='lat' dir='ltr'><strong>et</strong></span> <span class='ocrx_word' id='word_1_313' title='bbox 769 2728 1034 2798; x_wconf 88' lang='lat' dir='ltr'><strong>justitiam</strong></span> <span class='ocrx_word' id='word_1_314' title='bbox 1079 2732 1196 2800; x_wconf 88' lang='lat' dir='ltr'><strong>ejus</strong></span> <span class='ocrx_word' id='word_1_315' title='bbox 1236 2748 1501 2802; x_wconf 72' lang='lat' dir='ltr'><strong>qnmrere,</strong></span> <span class='ocrx_word' id='word_1_316' title='bbox 1543 2742 1629 2789; x_wconf 88' lang='lat' dir='ltr'><strong>est</strong></span> <span class='ocrx_word' id='word_1_317' title='bbox 1668 2734 1907 2790; x_wconf 66' lang='lat' dir='ltr'><strong>caelestis</strong></span> <span class='ocrx_word' id='word_1_318' title='bbox 1938 2735 2126 2804; x_wconf 64' lang='lat' dir='ltr'><strong>patriae</strong></span> 
     </span>
    </p>
   </div>
   <div class='ocr_carea' id='block_1_43' title="bbox 539 2817 2127 2890">
    <p class='ocr_par' dir='ltr' id='par_1_43' title="bbox 539 2817 2127 2890">
     <span class='ocr_line' id='line_1_43' title="bbox 539 2817 2127 2890; baseline 0.006 -21"><span class='ocrx_word' id='word_1_319' title='bbox 539 2826 676 2870; x_wconf 77' lang='lat' dir='ltr'><strong>bella</strong></span> <span class='ocrx_word' id='word_1_320' title='bbox 720 2817 1053 2886; x_wconf 86' lang='lat' dir='ltr'><strong>desiderare,</strong></span> <span class='ocrx_word' id='word_1_321' title='bbox 1097 2829 1154 2875; x_wconf 91' lang='lat' dir='ltr'><strong>et</strong></span> <span class='ocrx_word' id='word_1_322' title='bbox 1192 2821 1389 2890; x_wconf 91' lang='lat' dir='ltr'><strong>quibus</strong></span> <span class='ocrx_word' id='word_1_323' title='bbox 1413 2821 1638 2890; x_wconf 80' lang='lat' dir='ltr'><strong>justitia:</strong></span> <span class='ocrx_word' id='word_1_324' title='bbox 1684 2823 1894 2879; x_wconf 88' lang='lat' dir='ltr'><strong>meritis</strong></span> <span class='ocrx_word' id='word_1_325' title='bbox 1922 2825 1987 2877; x_wconf 91' lang='lat' dir='ltr'><strong>ad</strong></span> <span class='ocrx_word' id='word_1_326' title='bbox 2023 2825 2127 2879; x_wconf 90' lang='lat' dir='ltr'><strong>hoc</strong></span> 
     </span>
    </p>
   </div>
   <div class='ocr_carea' id='block_1_44' title="bbox 540 2909 2126 2985">
    <p class='ocr_par' dir='ltr' id='par_1_44' title="bbox 540 2909 2126 2985">
     <span class='ocr_line' id='line_1_44' title="bbox 540 2909 2126 2985; baseline 0.008 -28"><span class='ocrx_word' id='word_1_327' title='bbox 540 2909 813 2974; x_wconf 69' lang='lat' dir='ltr'><strong>perveniri</strong></span> <span class='ocrx_word' id='word_1_328' title='bbox 857 2910 1051 2965; x_wconf 89' lang='lat' dir='ltr'><strong>debeat</strong></span> <span class='ocrx_word' id='word_1_329' title='bbox 1081 2912 1457 2969; x_wconf 89' lang='lat' dir='ltr'><strong>indesinenter</strong></span> <span class='ocrx_word' id='word_1_330' title='bbox 1487 2914 1779 2985; x_wconf 85' lang='lat' dir='ltr'><strong>inquirere.</strong></span> <span class='ocrx_word' id='word_1_331' title='bbox 1829 2915 2033 2970; x_wconf 83' lang='lat' dir='ltr'><strong>Docere</strong></span> <span class='ocrx_word' id='word_1_332' title='bbox 2070 2926 2126 2970; x_wconf 90' lang='lat' dir='ltr'><strong>ct</strong></span> 
     </span>
    </p>
   </div>
   <div class='ocr_carea' id='block_1_45' title="bbox 540 3000 2124 3072">
    <p class='ocr_par' dir='ltr' id='par_1_45' title="bbox 540 3000 2124 3072">
     <span class='ocr_line' id='line_1_45' title="bbox 540 3000 2124 3072; baseline 0.008 -23"><span class='ocrx_word' id='word_1_333' title='bbox 540 3011 644 3053; x_wconf 89' lang='lat' dir='ltr'><strong>non</strong></span> <span class='ocrx_word' id='word_1_334' title='bbox 676 3000 972 3055; x_wconf 84' lang='lat' dir='ltr'><strong>conviciari</strong></span> <span class='ocrx_word' id='word_1_335' title='bbox 998 3002 1313 3072; x_wconf 77' lang='lat' dir='ltr'><strong>ignorantes</strong></span> <span class='ocrx_word' id='word_1_336' title='bbox 1338 3005 1620 3069; x_wconf 85' lang='lat' dir='ltr'><strong>debemus,</strong></span> <span class='ocrx_word' id='word_1_337' title='bbox 1647 3006 1790 3061; x_wconf 88' lang='lat' dir='ltr'><strong>sicut</strong></span> <span class='ocrx_word' id='word_1_338' title='bbox 1815 3021 1988 3061; x_wconf 74' lang='lat' dir='ltr'><strong>carcos</strong></span> <span class='ocrx_word' id='word_1_339' title='bbox 2018 3023 2124 3061; x_wconf 91' lang='lat' dir='ltr'><strong>non</strong></span> 
     </span>
    </p>
   </div>
   <div class='ocr_carea' id='block_1_46' title="bbox 541 3087 2125 3167">
    <p class='ocr_par' dir='ltr' id='par_1_46' title="bbox 541 3087 2125 3167">
     <span class='ocr_line' id='line_1_46' title="bbox 541 3087 2125 3167; baseline 0.008 -29"><span class='ocrx_word' id='word_1_340' title='bbox 541 3087 931 3155; x_wconf 87' lang='lat' dir='ltr'><strong>ronviciamur,</strong></span> <span class='ocrx_word' id='word_1_341' title='bbox 986 3094 1081 3148; x_wconf 89' lang='lat' dir='ltr'><strong>sed</strong></span> <span class='ocrx_word' id='word_1_342' title='bbox 1125 3108 1284 3148; x_wconf 86' lang='lat' dir='ltr'><strong>manu</strong></span> <span class='ocrx_word' id='word_1_343' title='bbox 1333 3094 1603 3149; x_wconf 90' lang='lat' dir='ltr'><strong>ducimus.</strong></span> <span class='ocrx_word' id='word_1_344' title='bbox 1647 3096 1862 3163; x_wconf 84' lang='lat' dir='ltr'><strong>Quanto</strong></span> <span class='ocrx_word' id='word_1_345' title='bbox 1891 3097 2125 3167; x_wconf 82' lang='lat' dir='ltr'><strong>graviori</strong></span> 
     </span>
    </p>
   </div>
   <div class='ocr_carea' id='block_1_47' title="bbox 2228 1907 3775 1973">
    <p class='ocr_par' dir='ltr' id='par_1_47' title="bbox 2228 1907 3775 1973">
     <span class='ocr_line' id='line_1_47' title="bbox 2228 1907 3775 1973; baseline -0.001 -8"><span class='ocrx_word' id='word_1_346' title='bbox 2228 1911 2436 1967; x_wconf 86' lang='lat' dir='ltr'><strong>deliciis</strong></span> <span class='ocrx_word' id='word_1_347' title='bbox 2466 1910 2775 1973; x_wconf 75' lang='lat' dir='ltr'><strong>inhaerebis.</strong></span> <span class='ocrx_word' id='word_1_348' title='bbox 2811 1923 2909 1966; x_wconf 85' lang='lat' dir='ltr'><strong>nec</strong></span> <span class='ocrx_word' id='word_1_349' title='bbox 2942 1910 3196 1966; x_wconf 86' lang='lat' dir='ltr'><strong>absentes</strong></span> <span class='ocrx_word' id='word_1_350' title='bbox 3234 1908 3594 1964; x_wconf 82' lang='lat' dir='ltr'><strong>desiderabis.</strong></span> <span class='ocrx_word' id='word_1_351' title='bbox 3627 1907 3775 1969; x_wconf 68' lang='lat' dir='ltr'><strong>Victis</strong></span> 
     </span>
    </p>
   </div>
   <div class='ocr_carea' id='block_1_48' title="bbox 2230 2000 3771 2070">
    <p class='ocr_par' dir='ltr' id='par_1_48' title="bbox 2230 2000 3771 2070">
     <span class='ocr_line' id='line_1_48' title="bbox 2230 2000 3771 2070; baseline -0.002 -11"><span class='ocrx_word' id='word_1_352' title='bbox 2230 2003 2325 2059; x_wconf 89' lang='lat' dir='ltr'><strong>tibi</strong></span> <span class='ocrx_word' id='word_1_353' title='bbox 2360 2016 2429 2058; x_wconf 83' lang='lat' dir='ltr'><strong>ex</strong></span> <span class='ocrx_word' id='word_1_354' title='bbox 2473 2002 2616 2058; x_wconf 87' lang='lat' dir='ltr'><strong>facili</strong></span> <span class='ocrx_word' id='word_1_355' title='bbox 2643 2003 2732 2068; x_wconf 87' lang='lat' dir='ltr'><strong>sit,</strong></span> <span class='ocrx_word' id='word_1_356' title='bbox 2764 2016 2867 2059; x_wconf 89' lang='lat' dir='ltr'><strong>nec</strong></span> <span class='ocrx_word' id='word_1_357' title='bbox 2902 2002 2970 2057; x_wconf 86' lang='lat' dir='ltr'><strong>ad</strong></span> <span class='ocrx_word' id='word_1_358' title='bbox 3003 2001 3361 2070; x_wconf 86' lang='lat' dir='ltr'><strong>voluptatem,</strong></span> <span class='ocrx_word' id='word_1_359' title='bbox 3401 2000 3499 2057; x_wconf 88' lang='lat' dir='ltr'><strong>sed</strong></span> <span class='ocrx_word' id='word_1_360' title='bbox 3537 2003 3602 2056; x_wconf 88' lang='lat' dir='ltr'><strong>ad</strong></span> <span class='ocrx_word' id='word_1_361' title='bbox 3633 2001 3771 2065; x_wconf 83' lang='lat' dir='ltr'><strong>cibum</strong></span> 
     </span>
    </p>
   </div>
   <div class='ocr_carea' id='block_1_49' title="bbox 2227 2090 3772 2161">
    <p class='ocr_par' dir='ltr' id='par_1_49' title="bbox 2227 2090 3772 2161">
     <span class='ocr_line' id='line_1_49' title="bbox 2227 2090 3772 2161; baseline -0.003 -12"><span class='ocrx_word' id='word_1_362' title='bbox 2227 2094 2456 2158; x_wconf 88' lang='lat' dir='ltr'><strong>accede;</strong></span> <span class='ocrx_word' id='word_1_363' title='bbox 2482 2092 2754 2149; x_wconf 87' lang='lat' dir='ltr'><strong>desideria</strong></span> <span class='ocrx_word' id='word_1_364' title='bbox 2780 2102 2870 2147; x_wconf 89' lang='lat' dir='ltr'><strong>tua</strong></span> <span class='ocrx_word' id='word_1_365' title='bbox 2888 2105 3057 2161; x_wconf 89' lang='lat' dir='ltr'><strong>parvo</strong></span> <span class='ocrx_word' id='word_1_366' title='bbox 3081 2091 3310 2152; x_wconf 77' lang='lat' dir='ltr'><strong>redimo,</strong></span> <span class='ocrx_word' id='word_1_367' title='bbox 3333 2090 3465 2160; x_wconf 83' lang='lat' dir='ltr'><strong>quia</strong></span> <span class='ocrx_word' id='word_1_368' title='bbox 3490 2090 3590 2144; x_wconf 87' lang='lat' dir='ltr'><strong>hoc</strong></span> <span class='ocrx_word' id='word_1_369' title='bbox 3609 2099 3772 2145; x_wconf 81' lang='lat' dir='ltr'><strong>tantum</strong></span> 
     </span>
    </p>
   </div>
   <div class='ocr_carea' id='block_1_50' title="bbox 2225 2182 3773 2253">
    <p class='ocr_par' dir='ltr' id='par_1_50' title="bbox 2225 2182 3773 2253">
     <span class='ocr_line' id='line_1_50' title="bbox 2225 2182 3773 2253; baseline -0.004 -12"><span class='ocrx_word' id='word_1_370' title='bbox 2225 2200 2421 2241; x_wconf 84' lang='lat' dir='ltr'><strong>curare</strong></span> <span class='ocrx_word' id='word_1_371' title='bbox 2441 2185 2606 2241; x_wconf 83' lang='lat' dir='ltr'><strong>debes</strong></span> <span class='ocrx_word' id='word_1_372' title='bbox 2630 2193 2690 2239; x_wconf 89' lang='lat' dir='ltr'><strong>ut</strong></span> <span class='ocrx_word' id='word_1_373' title='bbox 2718 2185 2990 2240; x_wconf 87' lang='lat' dir='ltr'><strong>desinant.</strong></span> <span class='ocrx_word' id='word_1_374' title='bbox 3014 2183 3248 2239; x_wconf 85' lang='lat' dir='ltr'><strong>Gravior</strong></span> <span class='ocrx_word' id='word_1_375' title='bbox 3278 2183 3555 2253; x_wconf 84' lang='lat' dir='ltr'><strong>appetitus</strong></span> <span class='ocrx_word' id='word_1_376' title='bbox 3583 2198 3641 2243; x_wconf 72' lang='lat' dir='ltr'><strong>ex</strong></span> <span class='ocrx_word' id='word_1_377' title='bbox 3668 2182 3773 2241; x_wconf 80' lang='lat' dir='ltr'><strong>indi-</strong></span> 
     </span>
    </p>
   </div>
   <div class='ocr_carea' id='block_1_51' title="bbox 2227 2270 3773 2349">
    <p class='ocr_par' dir='ltr' id='par_1_51' title="bbox 2227 2270 3773 2349">
     <span class='ocr_line' id='line_1_51' title="bbox 2227 2270 3773 2349; baseline -0.005 -18"><span class='ocrx_word' id='word_1_378' title='bbox 2227 2277 2485 2349; x_wconf 87' lang='lat' dir='ltr'><strong>gnatione</strong></span> <span class='ocrx_word' id='word_1_379' title='bbox 2512 2274 2679 2330; x_wconf 91' lang='lat' dir='ltr'><strong>nimia</strong></span> <span class='ocrx_word' id='word_1_380' title='bbox 2720 2274 2986 2339; x_wconf 89' lang='lat' dir='ltr'><strong>nascitur,</strong></span> <span class='ocrx_word' id='word_1_381' title='bbox 3016 2289 3179 2344; x_wconf 85' lang='lat' dir='ltr'><strong>quem</strong></span> <span class='ocrx_word' id='word_1_382' title='bbox 3217 2283 3462 2342; x_wconf 64' lang='lat' dir='ltr'><strong>acceptae</strong></span> <span class='ocrx_word' id='word_1_383' title='bbox 3503 2270 3773 2341; x_wconf 65' lang='lat' dir='ltr'><strong>plerunujue</strong></span> 
     </span>
    </p>
   </div>
   <div class='ocr_carea' id='block_1_52' title="bbox 2229 2365 3772 2440">
    <p class='ocr_par' dir='ltr' id='par_1_52' title="bbox 2229 2365 3772 2440">
     <span class='ocr_line' id='line_1_52' title="bbox 2229 2365 3772 2440; baseline -0.004 -15"><span class='ocrx_word' id='word_1_384' title='bbox 2229 2370 2478 2425; x_wconf 88' lang='lat' dir='ltr'><strong>accendit</strong></span> <span class='ocrx_word' id='word_1_385' title='bbox 2506 2369 2717 2440; x_wconf 76' lang='lat' dir='ltr'><strong>injuria:</strong></span> <span class='ocrx_word' id='word_1_386' title='bbox 2744 2368 2921 2423; x_wconf 91' lang='lat' dir='ltr'><strong>dolor.</strong></span> <span class='ocrx_word' id='word_1_387' title='bbox 2946 2367 3087 2423; x_wconf 82' lang='lat' dir='ltr'><strong>Nulli</strong></span> <span class='ocrx_word' id='word_1_388' title='bbox 3111 2377 3198 2424; x_wconf 88' lang='lat' dir='ltr'><strong>est</strong></span> <span class='ocrx_word' id='word_1_389' title='bbox 3219 2366 3567 2436; x_wconf 83' lang='lat' dir='ltr'><strong>aliquatenus</strong></span> <span class='ocrx_word' id='word_1_390' title='bbox 3592 2365 3772 2434; x_wconf 51' lang='lat' dir='ltr'><strong>sbices.</strong></span> 
     </span>
    </p>
   </div>
   <div class='ocr_carea' id='block_1_53' title="bbox 2228 2457 3773 2533">
    <p class='ocr_par' dir='ltr' id='par_1_53' title="bbox 2228 2457 3773 2533">
     <span class='ocr_line' id='line_1_53' title="bbox 2228 2457 3773 2533; baseline -0.005 -15"><span class='ocrx_word' id='word_1_391' title='bbox 2228 2463 2357 2519; x_wconf 89' lang='lat' dir='ltr'><strong>dum</strong></span> <span class='ocrx_word' id='word_1_392' title='bbox 2404 2477 2848 2533; x_wconf 83' lang='lat' dir='ltr'><strong>unumquemque</strong></span> <span class='ocrx_word' id='word_1_393' title='bbox 2893 2461 3131 2517; x_wconf 80' lang='lat' dir='ltr'><strong>fidelium</strong></span> <span class='ocrx_word' id='word_1_394' title='bbox 3178 2459 3427 2530; x_wconf 85' lang='lat' dir='ltr'><strong>corporis</strong></span> <span class='ocrx_word' id='word_1_395' title='bbox 3456 2467 3512 2514; x_wconf 90' lang='lat' dir='ltr'><strong>et</strong></span> <span class='ocrx_word' id='word_1_396' title='bbox 3546 2457 3773 2527; x_wconf 75' lang='lat' dir='ltr'><strong>sanguinis</strong></span> 
     </span>
    </p>
   </div>
   <div class='ocr_carea' id='block_1_54' title="bbox 2230 2548 3774 2623">
    <p class='ocr_par' dir='ltr' id='par_1_54' title="bbox 2230 2548 3774 2623">
     <span class='ocr_line' id='line_1_54' title="bbox 2230 2548 3774 2623; baseline -0.005 -13"><span class='ocrx_word' id='word_1_397' title='bbox 2230 2555 2496 2610; x_wconf 90' lang='lat' dir='ltr'><strong>Dominici</strong></span> <span class='ocrx_word' id='word_1_398' title='bbox 2530 2565 2659 2609; x_wconf 89' lang='lat' dir='ltr'><strong>tunc</strong></span> <span class='ocrx_word' id='word_1_399' title='bbox 2701 2568 2824 2609; x_wconf 90' lang='lat' dir='ltr'><strong>esse</strong></span> <span class='ocrx_word' id='word_1_400' title='bbox 2862 2553 3203 2623; x_wconf 85' lang='lat' dir='ltr'><strong>participem,</strong></span> <span class='ocrx_word' id='word_1_401' title='bbox 3245 2566 3371 2608; x_wconf 90' lang='lat' dir='ltr'><strong>cum</strong></span> <span class='ocrx_word' id='word_1_402' title='bbox 3418 2550 3475 2606; x_wconf 89' lang='lat' dir='ltr'><strong>in</strong></span> <span class='ocrx_word' id='word_1_403' title='bbox 3502 2548 3774 2620; x_wconf 75' lang='lat' dir='ltr'><strong>baptismate</strong></span> 
     </span>
    </p>
   </div>
   <div class='ocr_carea' id='block_1_55' title="bbox 2228 2638 3775 2714">
    <p class='ocr_par' dir='ltr' id='par_1_55' title="bbox 2228 2638 3775 2714">
     <span class='ocr_line' id='line_1_55' title="bbox 2228 2638 3775 2714; baseline -0.006 -14"><span class='ocrx_word' id='word_1_404' title='bbox 2228 2647 2531 2700; x_wconf 78' lang='lat' dir='ltr'><strong>membrum</strong></span> <span class='ocrx_word' id='word_1_405' title='bbox 2562 2644 2799 2700; x_wconf 85' lang='lat' dir='ltr'><strong>ellicitur</strong></span> <span class='ocrx_word' id='word_1_406' title='bbox 2823 2644 3069 2714; x_wconf 90' lang='lat' dir='ltr'><strong>corporis</strong></span> <span class='ocrx_word' id='word_1_407' title='bbox 3100 2642 3333 2707; x_wconf 75' lang='lat' dir='ltr'><strong>Christi,</strong></span> <span class='ocrx_word' id='word_1_408' title='bbox 3366 2656 3473 2697; x_wconf 83' lang='lat' dir='ltr'><strong>nec</strong></span> <span class='ocrx_word' id='word_1_409' title='bbox 3500 2638 3775 2699; x_wconf 80' lang='lat' dir='ltr'><strong>alienariab</strong></span> 
     </span>
    </p>
   </div>
   <div class='ocr_carea' id='block_1_56' title="bbox 2227 2734 3772 2808">
    <p class='ocr_par' dir='ltr' id='par_1_56' title="bbox 2227 2734 3772 2808">
     <span class='ocr_line' id='line_1_56' title="bbox 2227 2734 3772 2808; baseline -0.008 -14"><span class='ocrx_word' id='word_1_410' title='bbox 2227 2739 2370 2794; x_wconf 83' lang='lat' dir='ltr'><strong>illius</strong></span> <span class='ocrx_word' id='word_1_411' title='bbox 2414 2738 2570 2808; x_wconf 86' lang='lat' dir='ltr'><strong>panis</strong></span> <span class='ocrx_word' id='word_1_412' title='bbox 2615 2736 2910 2806; x_wconf 84' lang='lat' dir='ltr'><strong>calicisque</strong></span> <span class='ocrx_word' id='word_1_413' title='bbox 2957 2734 3258 2798; x_wconf 88' lang='lat' dir='ltr'><strong>consortio,</strong></span> <span class='ocrx_word' id='word_1_414' title='bbox 3292 2744 3352 2789; x_wconf 91' lang='lat' dir='ltr'><strong>et</strong></span> <span class='ocrx_word' id='word_1_415' title='bbox 3399 2734 3467 2797; x_wconf 87' lang='lat' dir='ltr'><strong>si.</strong></span> <span class='ocrx_word' id='word_1_416' title='bbox 3531 2741 3772 2800; x_wconf 72' lang='lat' dir='ltr'><strong>antequam</strong></span> 
     </span>
    </p>
   </div>
   <div class='ocr_carea' id='block_1_57' title="bbox 2229 2821 3773 2900">
    <p class='ocr_par' dir='ltr' id='par_1_57' title="bbox 2229 2821 3773 2900">
     <span class='ocr_line' id='line_1_57' title="bbox 2229 2821 3773 2900; baseline -0.006 -16"><span class='ocrx_word' id='word_1_417' title='bbox 2229 2844 2424 2900; x_wconf 89' lang='lat' dir='ltr'><strong>panem</strong></span> <span class='ocrx_word' id='word_1_418' title='bbox 2467 2829 2618 2885; x_wconf 82' lang='lat' dir='ltr'><strong>illum</strong></span> <span class='ocrx_word' id='word_1_419' title='bbox 2690 2827 2945 2884; x_wconf 84' lang='lat' dir='ltr'><strong>comedat</strong></span> <span class='ocrx_word' id='word_1_420' title='bbox 2999 2826 3339 2895; x_wconf 87' lang='lat' dir='ltr'><strong>calicemque</strong></span> <span class='ocrx_word' id='word_1_421' title='bbox 3388 2824 3567 2886; x_wconf 81' lang='lat' dir='ltr'><strong>bibat,</strong></span> <span class='ocrx_word' id='word_1_422' title='bbox 3608 2823 3669 2877; x_wconf 85' lang='lat' dir='ltr'><strong>de</strong></span> <span class='ocrx_word' id='word_1_423' title='bbox 3698 2821 3773 2876; x_wconf 87' lang='lat' dir='ltr'><strong>hoc</strong></span> 
     </span>
    </p>
   </div>
   <div class='ocr_carea' id='block_1_58' title="bbox 2229 2914 3775 2990">
    <p class='ocr_par' dir='ltr' id='par_1_58' title="bbox 2229 2914 3775 2990">
     <span class='ocr_line' id='line_1_58' title="bbox 2229 2914 3775 2990; baseline -0.008 -13"><span class='ocrx_word' id='word_1_424' title='bbox 2229 2922 2428 2978; x_wconf 72' lang='lat' dir='ltr'><strong>smculo</strong></span> <span class='ocrx_word' id='word_1_425' title='bbox 2459 2920 2797 2990; x_wconf 74' lang='lat' dir='ltr'><strong>migraverit,</strong></span> <span class='ocrx_word' id='word_1_426' title='bbox 2840 2920 2894 2974; x_wconf 93' lang='lat' dir='ltr'><strong>in</strong></span> <span class='ocrx_word' id='word_1_427' title='bbox 2929 2918 3141 2973; x_wconf 86' lang='lat' dir='ltr'><strong>unitate</strong></span> <span class='ocrx_word' id='word_1_428' title='bbox 3177 2917 3429 2987; x_wconf 82' lang='lat' dir='ltr'><strong>corporis</strong></span> <span class='ocrx_word' id='word_1_429' title='bbox 3457 2914 3645 2972; x_wconf 84' lang='lat' dir='ltr'><strong>Christi</strong></span> <span class='ocrx_word' id='word_1_430' title='bbox 3673 2927 3775 2968; x_wconf 53' lang='lat' dir='ltr'><strong>conp</strong></span> 
     </span>
    </p>
   </div>
   <div class='ocr_carea' id='block_1_59' title="bbox 2228 3005 3774 3080">
    <p class='ocr_par' dir='ltr' id='par_1_59' title="bbox 2228 3005 3774 3080">
     <span class='ocr_line' id='line_1_59' title="bbox 2228 3005 3774 3080; baseline -0.008 -13"><span class='ocrx_word' id='word_1_431' title='bbox 2228 3010 2455 3076; x_wconf 84' lang='lat' dir='ltr'><strong>stituto;</strong></span> <span class='ocrx_word' id='word_1_432' title='bbox 2485 3010 2812 3067; x_wconf 83' lang='lat' dir='ltr'><strong>sacramenti</strong></span> <span class='ocrx_word' id='word_1_433' title='bbox 2859 3023 3075 3080; x_wconf 87' lang='lat' dir='ltr'><strong>quoque</strong></span> <span class='ocrx_word' id='word_1_434' title='bbox 3118 3008 3263 3062; x_wconf 87' lang='lat' dir='ltr'><strong>illius</strong></span> <span class='ocrx_word' id='word_1_435' title='bbox 3299 3005 3695 3077; x_wconf 85' lang='lat' dir='ltr'><strong>participatione</strong></span> <span class='ocrx_word' id='word_1_436' title='bbox 3726 3016 3774 3055; x_wconf 81' lang='lat' dir='ltr'><strong>ac</strong></span> 
     </span>
    </p>
   </div>
   <div class='ocr_carea' id='block_1_60' title="bbox 2229 3092 3774 3173">
    <p class='ocr_par' dir='ltr' id='par_1_60' title="bbox 2229 3092 3774 3173">
     <span class='ocr_line' id='line_1_60' title="bbox 2229 3092 3774 3173; baseline -0.006 -15"><span class='ocrx_word' id='word_1_437' title='bbox 2229 3101 2491 3158; x_wconf 80' lang='lat' dir='ltr'><strong>beneﬂcio</strong></span> <span class='ocrx_word' id='word_1_438' title='bbox 2522 3116 2630 3157; x_wconf 91' lang='lat' dir='ltr'><strong>non</strong></span> <span class='ocrx_word' id='word_1_439' title='bbox 2669 3101 2943 3173; x_wconf 84' lang='lat' dir='ltr'><strong>privatur,</strong></span> <span class='ocrx_word' id='word_1_440' title='bbox 2988 3115 3115 3155; x_wconf 86' lang='lat' dir='ltr'><strong>cum</strong></span> <span class='ocrx_word' id='word_1_441' title='bbox 3161 3098 3219 3153; x_wconf 88' lang='lat' dir='ltr'><strong>in</strong></span> <span class='ocrx_word' id='word_1_442' title='bbox 3259 3112 3318 3153; x_wconf 90' lang='lat' dir='ltr'><strong>se</strong></span> <span class='ocrx_word' id='word_1_443' title='bbox 3366 3097 3470 3151; x_wconf 89' lang='lat' dir='ltr'><strong>hoc</strong></span> <span class='ocrx_word' id='word_1_444' title='bbox 3507 3094 3640 3165; x_wconf 85' lang='lat' dir='ltr'><strong>quod</strong></span> <span class='ocrx_word' id='word_1_445' title='bbox 3674 3092 3774 3148; x_wconf 85' lang='lat' dir='ltr'><strong>illud</strong></span> 
     </span>
    </p>
   </div>
   <div class='ocr_carea' id='block_1_61' title="bbox 542 3178 3522 3262">
    <p class='ocr_par' dir='ltr' id='par_1_61' title="bbox 542 3178 3522 3262">
     <span class='ocr_line' id='line_1_61' title="bbox 542 3178 3522 3262; baseline 0.003 -32"><span class='ocrx_word' id='word_1_446' title='bbox 542 3178 768 3234; x_wconf 88' lang='lat' dir='ltr'><strong>.mnultu</strong></span> <span class='ocrx_word' id='word_1_447' title='bbox 819 3184 1208 3252; x_wconf 83' lang='lat' dir='ltr'><strong>cogitationum</strong></span> <span class='ocrx_word' id='word_1_448' title='bbox 1256 3186 1555 3241; x_wconf 85' lang='lat' dir='ltr'><strong>carnalium</strong></span> <span class='ocrx_word' id='word_1_449' title='bbox 1600 3188 1921 3257; x_wconf 89' lang='lat' dir='ltr'><strong>premimur,</strong></span> <span class='ocrx_word' id='word_1_450' title='bbox 1974 3198 2125 3242; x_wconf 86' lang='lat' dir='ltr'><strong>tanto</strong></span> <span class='ocrx_word' id='word_1_451' title='bbox 2150 3195 2199 3259; x_wconf 75' lang='grc' dir='ltr'>ο</span> <span class='ocrx_word' id='word_1_452' title='bbox 2229 3201 2631 3249; x_wconf 78' lang='lat' dir='ltr'><strong>sacramentum</strong></span> <span class='ocrx_word' id='word_1_453' title='bbox 2662 3192 2957 3262; x_wconf 77' lang='lat' dir='ltr'><strong>significat,</strong></span> <span class='ocrx_word' id='word_1_454' title='bbox 2990 3190 3267 3245; x_wconf 69' lang='lat' dir='ltr'><strong>invenitur</strong></span> <span class='ocrx_word' id='word_1_455' title='bbox 3298 3187 3522 3242; x_wconf 83' lang='lat' dir='ltr'><strong>habere.</strong></span> 
     </span>
    </p>
   </div>
   <div class='ocr_carea' id='block_1_62' title="bbox 543 3269 2117 3334">
    <p class='ocr_par' dir='ltr' id='par_1_62' title="bbox 543 3269 2117 3334">
     <span class='ocr_line' id='line_1_62' title="bbox 543 3269 2117 3334; baseline 0.007 -14"><span class='ocrx_word' id='word_1_456' title='bbox 543 3269 771 3325; x_wconf 66' lang='lat' dir='ltr'><strong>orationi</strong></span> <span class='ocrx_word' id='word_1_457' title='bbox 819 3274 1097 3331; x_wconf 87' lang='lat' dir='ltr'><strong>ardentius</strong></span> <span class='ocrx_word' id='word_1_458' title='bbox 1145 3275 1398 3332; x_wconf 88' lang='lat' dir='ltr'><strong>insistere</strong></span> <span class='ocrx_word' id='word_1_459' title='bbox 1441 3278 1720 3333; x_wconf 85' lang='lat' dir='ltr'><strong>debemus.</strong></span> <span class='ocrx_word' id='word_1_460' title='bbox 1772 3278 1883 3334; x_wconf 89' lang='lat' dir='ltr'><strong>Deo</strong></span> <span class='ocrx_word' id='word_1_461' title='bbox 1934 3287 2117 3333; x_wconf 89' lang='lat' dir='ltr'><strong>nostro</strong></span> 
     </span>
    </p>
   </div>
   <div class='ocr_carea' id='block_1_63' title="bbox 552 3432 719 3457">
    <p class='ocr_par' dir='ltr' id='par_1_63' title="bbox 552 3432 719 3457">
     <span class='ocr_line' id='line_1_63' title="bbox 552 3432 719 3457; baseline 0.03 -5"><span class='ocrx_word' id='word_1_462' title='bbox 552 3432 719 3457; x_wconf 66' lang='grc' dir='ltr'><strong>’.ς-ν.</strong></span> 
     </span>
    </p>
   </div>
   <div class='ocr_carea' id='block_1_64' title="bbox 2594 3416 3783 3448">
    <p class='ocr_par' dir='ltr' id='par_1_64' title="bbox 2594 3416 3779 3448">
     <span class='ocr_line' id='line_1_64' title="bbox 2594 3416 3779 3448; baseline -0.013 0"><span class='ocrx_word' id='word_1_463' title='bbox 2594 3416 3779 3448; x_wconf 72' lang='lat' dir='ltr'><strong>_________———-————-—===.=a.</strong></span> 
     </span>
    </p>
   </div>
   <div class='ocr_carea' id='block_1_65' title="bbox 1684 3555 2666 3713">
    <p class='ocr_par' dir='ltr' id='par_1_65' title="bbox 1684 3555 2666 3713">
     <span class='ocr_line' id='line_1_65' title="bbox 1684 3555 2666 3713; baseline -0.002 0"><span class='ocrx_word' id='word_1_464' title='bbox 1684 3555 2666 3713; x_wconf 84' lang='lat' dir='ltr'><strong>APPENDIX</strong></span> 
     </span>
    </p>
   </div>
   <div class='ocr_carea' id='block_1_66' title="bbox 887 3825 2128 3920">
    <p class='ocr_par' dir='ltr' id='par_1_66' title="bbox 887 3827 2128 3920">
     <span class='ocr_line' id='line_1_66' title="bbox 887 3827 2128 3920; baseline 0 -5"><span class='ocrx_word' id='word_1_465' title='bbox 887 3827 1034 3916; x_wconf 86' lang='lat' dir='ltr'><strong>AD</strong></span> <span class='ocrx_word' id='word_1_466' title='bbox 1138 3827 1971 3920; x_wconf 78' lang='lat' dir='ltr'><strong>[LLUSTRANDA</strong></span> <span class='ocrx_word' id='word_1_467' title='bbox 2074 3829 2128 3915; x_wconf 86' lang='grc' dir='ltr'><strong><em>Ε</em></strong></span> 
     </span>
    </p>
   </div>
   <div class='ocr_carea' id='block_1_67' title="bbox 2233 3825 3505 3920">
    <p class='ocr_par' dir='ltr' id='par_1_67' title="bbox 2284 3825 3505 3918">
     <span class='ocr_line' id='line_1_67' title="bbox 2284 3825 3505 3918; baseline -0.002 -4"><span class='ocrx_word' id='word_1_468' title='bbox 2284 3825 2960 3918; x_wconf 82' lang='lat' dir='ltr'><strong>LANFRANCI</strong></span> <span class='ocrx_word' id='word_1_469' title='bbox 3056 3825 3505 3918; x_wconf 73' lang='grc' dir='ltr'><strong>ΟΡΕΒᾹ..</strong></span> 
     </span>
    </p>
   </div>
   <div class='ocr_carea' id='block_1_68' title="bbox 1369 4116 3057 4246">
    <p class='ocr_par' dir='ltr' id='par_1_68' title="bbox 1369 4116 3057 4246">
     <span class='ocr_line' id='line_1_68' title="bbox 1369 4116 3057 4246; baseline 0.001 -31"><span class='ocrx_word' id='word_1_470' title='bbox 1369 4116 1929 4219; x_wconf 76' lang='lat' dir='ltr'><strong>CHRONICON</strong></span> <span class='ocrx_word' id='word_1_471' title='bbox 2000 4117 2506 4218; x_wconf 68' lang='lat' dir='ltr'><strong>secernas</strong></span> <span class='ocrx_word' id='word_1_472' title='bbox 2563 4117 3057 4246; x_wconf 79' lang='lat' dir='ltr'><strong>ABBATUE&#39;,</strong></span> 
     </span>
    </p>
   </div>
   <div class='ocr_carea' id='block_1_69' title="bbox 772 4319 3577 4401">
    <p class='ocr_par' dir='ltr' id='par_1_69' title="bbox 772 4319 3577 4401">
     <span class='ocr_line' id='line_1_69' title="bbox 772 4319 3577 4401; baseline -0.001 -22"><span class='ocrx_word' id='word_1_473' title='bbox 772 4320 861 4381; x_wconf 79' lang='lat' dir='ltr'><strong>Ab</strong></span> <span class='ocrx_word' id='word_1_474' title='bbox 897 4321 1032 4400; x_wconf 78' lang='lat' dir='ltr'><strong>ipsa</strong></span> <span class='ocrx_word' id='word_1_475' title='bbox 1069 4319 1443 4401; x_wconf 78' lang='lat' dir='ltr'><strong>fundatione</strong></span> <span class='ocrx_word' id='word_1_476' title='bbox 1472 4320 1553 4381; x_wconf 88' lang='lat' dir='ltr'><strong>ad</strong></span> <span class='ocrx_word' id='word_1_477' title='bbox 1592 4340 1693 4381; x_wconf 87' lang='lat' dir='ltr'><strong>an.</strong></span> <span class='ocrx_word' id='word_1_478' title='bbox 1735 4321 1912 4393; x_wconf 56' lang='grc'><strong>14457,</strong></span> <span class='ocrx_word' id='word_1_479' title='bbox 1949 4341 2025 4382; x_wconf 79' lang='lat' dir='ltr'><strong>ea:</strong></span> <span class='ocrx_word' id='word_1_480' title='bbox 2061 4322 2254 4383; x_wconf 81' lang='lat' dir='ltr'><strong>veteri</strong></span> <span class='ocrx_word' id='word_1_481' title='bbox 2287 4321 2721 4400; x_wconf 72' lang='lat' dir='ltr'><strong>manuscripto</strong></span> <span class='ocrx_word' id='word_1_482' title='bbox 2762 4321 2971 4381; x_wconf 72' lang='lat' dir='ltr'><strong>codice</strong></span> <span class='ocrx_word' id='word_1_483' title='bbox 3003 4320 3269 4400; x_wconf 71' lang='lat' dir='ltr'><strong>ejusdem</strong></span> <span class='ocrx_word' id='word_1_484' title='bbox 3298 4319 3577 4382; x_wconf 65' lang='lat' dir='ltr'><strong>carnobii.’</strong></span> 
     </span>
    </p>
   </div>
   <div class='ocr_carea' id='block_1_70' title="bbox 621 4550 3769 4635">
    <p class='ocr_par' dir='ltr' id='par_1_70' title="bbox 621 4550 3769 4635">
     <span class='ocr_line' id='line_1_70' title="bbox 621 4550 3769 4635; baseline -0.004 -19"><span class='ocrx_word' id='word_1_485' title='bbox 621 4562 666 4631; x_wconf 84' lang='grc' dir='ltr'>ι</span> <span class='ocrx_word' id='word_1_486' title='bbox 696 4561 851 4616; x_wconf 81' lang='lat' dir='ltr'><strong>Anno</strong></span> <span class='ocrx_word' id='word_1_487' title='bbox 879 4561 945 4615; x_wconf 88' lang='lat' dir='ltr'><strong>ab</strong></span> <span class='ocrx_word' id='word_1_488' title='bbox 971 4561 1349 4615; x_wconf 89' lang='lat' dir='ltr'><strong>incarnatione</strong></span> <span class='ocrx_word' id='word_1_489' title='bbox 1380 4562 1591 4616; x_wconf 86' lang='lat' dir='ltr'><strong>Domini</strong></span> <span class='ocrx_word' id='word_1_490' title='bbox 1619 4564 1774 4629; x_wconf 77' lang='grc'><strong>1051,</strong></span> <span class='ocrx_word' id='word_1_491' title='bbox 1796 4566 2015 4622; x_wconf 86' lang='lat' dir='ltr'><strong>llenrici</strong></span> <span class='ocrx_word' id='word_1_492' title='bbox 2046 4583 2133 4622; x_wconf 83' lang='lat' dir='ltr'><strong>re-</strong></span> <span class='ocrx_word' id='word_1_493' title='bbox 2165 4573 2209 4627; x_wconf 90' lang='lat' dir='ltr'><strong>D</strong></span> <span class='ocrx_word' id='word_1_494' title='bbox 2235 4565 2497 4635; x_wconf 82' lang='lat' dir='ltr'><strong>originem</strong></span> <span class='ocrx_word' id='word_1_495' title='bbox 2529 4560 2680 4615; x_wconf 75' lang='lat' dir='ltr'><strong>duxit</strong></span> <span class='ocrx_word' id='word_1_496' title='bbox 2707 4567 2859 4630; x_wconf 83' lang='lat' dir='ltr'><strong>pater</strong></span> <span class='ocrx_word' id='word_1_497' title='bbox 2886 4556 3032 4626; x_wconf 90' lang='lat' dir='ltr'><strong>ejus;</strong></span> <span class='ocrx_word' id='word_1_498' title='bbox 3079 4564 3253 4610; x_wconf 89' lang='lat' dir='ltr'><strong>mater</strong></span> <span class='ocrx_word' id='word_1_499' title='bbox 3284 4565 3470 4610; x_wconf 90' lang='lat' dir='ltr'><strong>autem</strong></span> <span class='ocrx_word' id='word_1_500' title='bbox 3498 4553 3609 4623; x_wconf 90' lang='lat' dir='ltr'><strong>ejus</strong></span> <span class='ocrx_word' id='word_1_501' title='bbox 3632 4550 3769 4621; x_wconf 73' lang='lat' dir='ltr'><strong>proxi-</strong></span> 
     </span>
    </p>
   </div>
   <div class='ocr_carea' id='block_1_71' title="bbox 549 4650 2138 4721">
    <p class='ocr_par' dir='ltr' id='par_1_71' title="bbox 549 4650 2138 4721">
     <span class='ocr_line' id='line_1_71' title="bbox 549 4650 2138 4721; baseline 0.003 -16"><span class='ocrx_word' id='word_1_502' title='bbox 549 4653 634 4721; x_wconf 76' lang='lat' dir='ltr'><strong>g&#39;s</strong></span> <span class='ocrx_word' id='word_1_503' title='bbox 678 4650 1013 4705; x_wconf 85' lang='lat' dir='ltr'><strong>Francorum</strong></span> <span class='ocrx_word' id='word_1_504' title='bbox 1046 4665 1188 4705; x_wconf 87' lang='lat' dir='ltr'><strong>anno</strong></span> <span class='ocrx_word' id='word_1_505' title='bbox 1225 4660 1449 4719; x_wconf 86' lang='lat' dir='ltr'><strong>quarto,</strong></span> <span class='ocrx_word' id='word_1_506' title='bbox 1480 4652 1746 4721; x_wconf 78' lang='lat' dir='ltr'><strong>Robcrto,</strong></span> <span class='ocrx_word' id='word_1_507' title='bbox 1778 4656 1886 4712; x_wconf 86' lang='lat' dir='ltr'><strong>lilio</strong></span> <span class='ocrx_word' id='word_1_508' title='bbox 1917 4659 2138 4711; x_wconf 85' lang='lat' dir='ltr'><strong>secundi</strong></span> 
     </span>
    </p>
   </div>
   <div class='ocr_carea' id='block_1_72' title="bbox 551 4736 2139 4807">
    <p class='ocr_par' dir='ltr' id='par_1_72' title="bbox 551 4736 2139 4807">
     <span class='ocr_line' id='line_1_72' title="bbox 551 4736 2139 4807; baseline 0.003 -8"><span class='ocrx_word' id='word_1_509' title='bbox 551 4744 835 4807; x_wconf 74' lang='lat' dir='ltr'><strong>llicbardi,</strong></span> <span class='ocrx_word' id='word_1_510' title='bbox 885 4753 939 4798; x_wconf 91' lang='lat' dir='ltr'><strong>et</strong></span> <span class='ocrx_word' id='word_1_511' title='bbox 978 4736 1147 4799; x_wconf 75' lang='lat' dir='ltr'><strong>fratre</strong></span> <span class='ocrx_word' id='word_1_512' title='bbox 1198 4745 1339 4800; x_wconf 83' lang='lat' dir='ltr'><strong>tert&#39;i</strong></span> <span class='ocrx_word' id='word_1_513' title='bbox 1392 4744 1645 4803; x_wconf 81' lang='lat' dir='ltr'><strong>Richardi</strong></span> <span class='ocrx_word' id='word_1_514' title='bbox 1702 4750 1943 4805; x_wconf 81' lang='lat' dir='ltr'><strong>habenas</strong></span> <span class='ocrx_word' id='word_1_515' title='bbox 2000 4749 2139 4804; x_wconf 87' lang='lat' dir='ltr'><strong>Nor-</strong></span> 
     </span>
    </p>
   </div>
   <div class='ocr_carea' id='block_1_73' title="bbox 2235 4643 3769 4719">
    <p class='ocr_par' dir='ltr' id='par_1_73' title="bbox 2235 4643 3769 4719">
     <span class='ocr_line' id='line_1_73' title="bbox 2235 4643 3769 4719; baseline -0.013 -7"><span class='ocrx_word' id='word_1_516' title='bbox 2235 4674 2376 4712; x_wconf 89' lang='lat' dir='ltr'><strong>mam</strong></span> <span class='ocrx_word' id='word_1_517' title='bbox 2437 4658 2633 4710; x_wconf 90' lang='lat' dir='ltr'><strong>ducum</strong></span> <span class='ocrx_word' id='word_1_518' title='bbox 2708 4650 2977 4706; x_wconf 69' lang='lat' dir='ltr'><strong>Flandrize</strong></span> <span class='ocrx_word' id='word_1_519' title='bbox 3040 4648 3567 4719; x_wconf 81' lang='lat' dir='ltr'><strong>consanguinitatem</strong></span> <span class='ocrx_word' id='word_1_520' title='bbox 3616 4643 3769 4713; x_wconf 77' lang='lat' dir='ltr'><strong>attigit.</strong></span> 
     </span>
    </p>
   </div>
   <div class='ocr_carea' id='block_1_74' title="bbox 2236 4737 3772 4819">
    <p class='ocr_par' dir='ltr' id='par_1_74' title="bbox 2236 4737 3772 4819">
     <span class='ocr_line' id='line_1_74' title="bbox 2236 4737 3772 4819; baseline -0.008 -15"><span class='ocrx_word' id='word_1_521' title='bbox 2236 4752 2523 4819; x_wconf 80' lang='lat' dir='ltr'><strong>Anngtus</strong></span> <span class='ocrx_word' id='word_1_522' title='bbox 2552 4747 2661 4812; x_wconf 87' lang='lat' dir='ltr'><strong>ille,</strong></span> <span class='ocrx_word' id='word_1_523' title='bbox 2703 4745 2804 4799; x_wconf 88' lang='lat' dir='ltr'><strong>ista</strong></span> <span class='ocrx_word' id='word_1_524' title='bbox 2856 4743 3074 4813; x_wconf 85' lang='lat' dir='ltr'><strong>llellnys</strong></span> <span class='ocrx_word' id='word_1_525' title='bbox 3116 4756 3316 4797; x_wconf 82' lang='lat' dir='ltr'><strong>nomen</strong></span> <span class='ocrx_word' id='word_1_526' title='bbox 3363 4742 3609 4796; x_wconf 81' lang='lat' dir='ltr'><strong>habebat.</strong></span> <span class='ocrx_word' id='word_1_527' title='bbox 3646 4737 3772 4803; x_wconf 70' lang='lat' dir='ltr'><strong>Qum!</strong></span> 
     </span>
    </p>
   </div>
   <div class='ocr_carea' id='block_1_75' title="bbox 556 4826 3771 4906">
    <p class='ocr_par' dir='ltr' id='par_1_75' title="bbox 556 4826 3771 4906">
     <span class='ocr_line' id='line_1_75' title="bbox 556 4826 3771 4906; baseline -0.002 -18"><span class='ocrx_word' id='word_1_528' title='bbox 556 4835 852 4890; x_wconf 71' lang='lat' dir='ltr'><strong>tlnnannitc</strong></span> <span class='ocrx_word' id='word_1_529' title='bbox 873 4837 1241 4906; x_wconf 79' lang='lat' dir='ltr'><strong>gubernante,</strong></span> <span class='ocrx_word' id='word_1_530' title='bbox 1272 4837 1560 4894; x_wconf 86' lang='lat' dir='ltr'><strong>llerluinus</strong></span> <span class='ocrx_word' id='word_1_531' title='bbox 1584 4844 1904 4897; x_wconf 79' lang='lat' dir='ltr'><strong>veneranda:</strong></span> <span class='ocrx_word' id='word_1_532' title='bbox 1934 4843 2141 4897; x_wconf 90' lang='lat' dir='ltr'><strong>sancti-</strong></span> <span class='ocrx_word' id='word_1_533' title='bbox 2238 4837 2552 4894; x_wconf 83' lang='lat' dir='ltr'><strong>Guilbertus</strong></span> <span class='ocrx_word' id='word_1_534' title='bbox 2596 4835 2914 4891; x_wconf 87' lang='lat' dir='ltr'><strong>Brionensis</strong></span> <span class='ocrx_word' id='word_1_535' title='bbox 2945 4848 3157 4897; x_wconf 87' lang='lat' dir='ltr'><strong>comes,</strong></span> <span class='ocrx_word' id='word_1_536' title='bbox 3194 4832 3361 4903; x_wconf 89' lang='lat' dir='ltr'><strong>primi</strong></span> <span class='ocrx_word' id='word_1_537' title='bbox 3402 4830 3643 4887; x_wconf 77' lang='lat' dir='ltr'><strong>Richardi</strong></span> <span class='ocrx_word' id='word_1_538' title='bbox 3670 4826 3771 4883; x_wconf 70' lang='lat' dir='ltr'><strong>Nor-</strong></span> 
     </span>
    </p>
   </div>
   <div class='ocr_carea' id='block_1_76' title="bbox 557 4921 3771 5001">
    <p class='ocr_par' dir='ltr' id='par_1_76' title="bbox 557 4921 3771 5001">
     <span class='ocr_line' id='line_1_76' title="bbox 557 4921 3771 5001; baseline 0.001 -26"><span class='ocrx_word' id='word_1_539' title='bbox 557 4923 687 4977; x_wconf 89' lang='lat' dir='ltr'><strong>tatis</strong></span> <span class='ocrx_word' id='word_1_540' title='bbox 733 4923 903 4978; x_wconf 89' lang='lat' dir='ltr'><strong>abbas</strong></span> <span class='ocrx_word' id='word_1_541' title='bbox 952 4924 1240 4981; x_wconf 89' lang='lat' dir='ltr'><strong>Becccnsis</strong></span> <span class='ocrx_word' id='word_1_542' title='bbox 1278 4926 1531 4984; x_wconf 73' lang='lat' dir='ltr'><strong>Ecclesizc</strong></span> <span class='ocrx_word' id='word_1_543' title='bbox 1566 4932 1799 5001; x_wconf 88' lang='lat' dir='ltr'><strong>primus,</strong></span> <span class='ocrx_word' id='word_1_544' title='bbox 1844 4929 2143 5001; x_wconf 88' lang='lat' dir='ltr'><strong>inspirante</strong></span> <span class='ocrx_word' id='word_1_545' title='bbox 2241 4929 2628 4988; x_wconf 79' lang='lat' dir='ltr'><strong>thmannorum</strong></span> <span class='ocrx_word' id='word_1_546' title='bbox 2662 4929 2815 4985; x_wconf 89' lang='lat' dir='ltr'><strong>ducis</strong></span> <span class='ocrx_word' id='word_1_547' title='bbox 2841 4942 3007 4997; x_wconf 81' lang='lat' dir='ltr'><strong>nepos</strong></span> <span class='ocrx_word' id='word_1_548' title='bbox 3035 4943 3104 4982; x_wconf 80' lang='lat' dir='ltr'><strong>ex</strong></span> <span class='ocrx_word' id='word_1_549' title='bbox 3134 4926 3246 4981; x_wconf 86' lang='lat' dir='ltr'><strong>tilio</strong></span> <span class='ocrx_word' id='word_1_550' title='bbox 3272 4926 3497 4981; x_wconf 86' lang='lat' dir='ltr'><strong>consule</strong></span> <span class='ocrx_word' id='word_1_551' title='bbox 3517 4921 3771 4980; x_wconf 81' lang='lat' dir='ltr'><strong>Godefrido.</strong></span> 
     </span>
    </p>
   </div>
   <div class='ocr_carea' id='block_1_77' title="bbox 556 5014 2131 5077">
    <p class='ocr_par' dir='ltr' id='par_1_77' title="bbox 556 5014 2131 5077">
     <span class='ocr_line' id='line_1_77' title="bbox 556 5014 2131 5077; baseline 0.007 -11"><span class='ocrx_word' id='word_1_552' title='bbox 556 5014 783 5069; x_wconf 87' lang='lat' dir='ltr'><strong>Domino</strong></span> <span class='ocrx_word' id='word_1_553' title='bbox 852 5025 1040 5071; x_wconf 88' lang='lat' dir='ltr'><strong>nostro</strong></span> <span class='ocrx_word' id='word_1_554' title='bbox 1099 5017 1224 5074; x_wconf 76' lang='lat' dir='ltr'><strong>.lesu</strong></span> <span class='ocrx_word' id='word_1_555' title='bbox 1289 5019 1505 5075; x_wconf 84' lang='lat' dir='ltr'><strong>Christo</strong></span> <span class='ocrx_word' id='word_1_556' title='bbox 1560 5021 1803 5076; x_wconf 88' lang='lat' dir='ltr'><strong>omnimn</strong></span> <span class='ocrx_word' id='word_1_557' title='bbox 1864 5021 2131 5077; x_wconf 90' lang='lat' dir='ltr'><strong>honormn</strong></span> 
     </span>
    </p>
   </div>
   <div class='ocr_carea' id='block_1_78' title="bbox 557 5110 2135 5184">
    <p class='ocr_par' dir='ltr' id='par_1_78' title="bbox 557 5110 2135 5184">
     <span class='ocr_line' id='line_1_78' title="bbox 557 5110 2135 5184; baseline 0.006 -25"><span class='ocrx_word' id='word_1_558' title='bbox 557 5113 810 5170; x_wconf 83' lang='lat' dir='ltr'><strong>auctore,</strong></span> <span class='ocrx_word' id='word_1_559' title='bbox 865 5110 1162 5178; x_wconf 83' lang='lat' dir='ltr'><strong>postposita</strong></span> <span class='ocrx_word' id='word_1_560' title='bbox 1215 5112 1495 5168; x_wconf 87' lang='lat' dir='ltr'><strong>nobil&#39;tatc</strong></span> <span class='ocrx_word' id='word_1_561' title='bbox 1551 5124 1798 5179; x_wconf 89' lang='lat' dir='ltr'><strong>terrena,</strong></span> <span class='ocrx_word' id='word_1_562' title='bbox 1843 5129 1950 5184; x_wconf 86' lang='lat' dir='ltr'><strong>qua</strong></span> <span class='ocrx_word' id='word_1_563' title='bbox 2001 5116 2135 5169; x_wconf 83' lang='lat' dir='ltr'><strong>satis</strong></span> 
     </span>
    </p>
   </div>
   <div class='ocr_carea' id='block_1_79' title="bbox 558 5197 2133 5276">
    <p class='ocr_par' dir='ltr' id='par_1_79' title="bbox 558 5197 2133 5276">
     <span class='ocr_line' id='line_1_79' title="bbox 558 5197 2133 5276; baseline 0.008 -29"><span class='ocrx_word' id='word_1_564' title='bbox 558 5197 823 5266; x_wconf 84' lang='lat' dir='ltr'><strong>pollebat,</strong></span> <span class='ocrx_word' id='word_1_565' title='bbox 854 5200 1059 5271; x_wconf 83' lang='lat' dir='ltr'><strong>abjecta</strong></span> <span class='ocrx_word' id='word_1_566' title='bbox 1084 5204 1269 5259; x_wconf 75' lang='lat' dir='ltr'><strong>saeculi</strong></span> <span class='ocrx_word' id='word_1_567' title='bbox 1287 5220 1504 5275; x_wconf 86' lang='lat' dir='ltr'><strong>pompa,</strong></span> <span class='ocrx_word' id='word_1_568' title='bbox 1530 5220 1634 5275; x_wconf 86' lang='lat' dir='ltr'><strong>qua</strong></span> <span class='ocrx_word' id='word_1_569' title='bbox 1662 5214 1789 5261; x_wconf 88' lang='lat' dir='ltr'><strong>ante</strong></span> <span class='ocrx_word' id='word_1_570' title='bbox 1810 5222 1914 5262; x_wconf 91' lang='lat' dir='ltr'><strong>non</strong></span> <span class='ocrx_word' id='word_1_571' title='bbox 1947 5223 2133 5276; x_wconf 90' lang='lat' dir='ltr'><strong>parum</strong></span> 
     </span>
    </p>
   </div>
   <div class='ocr_carea' id='block_1_80' title="bbox 547 5288 2138 5368">
    <p class='ocr_par' dir='ltr' id='par_1_80' title="bbox 547 5288 2138 5368">
     <span class='ocr_line' id='line_1_80' title="bbox 547 5288 2138 5368; baseline 0.008 -28"><span class='ocrx_word' id='word_1_572' title='bbox 547 5288 698 5355; x_wconf 84' lang='lat' dir='ltr'><strong>justa</strong></span> <span class='ocrx_word' id='word_1_573' title='bbox 735 5292 948 5347; x_wconf 85' lang='lat' dir='ltr'><strong>modum</strong></span> <span class='ocrx_word' id='word_1_574' title='bbox 985 5310 1141 5349; x_wconf 88' lang='lat' dir='ltr'><strong>suum</strong></span> <span class='ocrx_word' id='word_1_575' title='bbox 1192 5295 1465 5360; x_wconf 83' lang='lat' dir='ltr'><strong>floruerat,</strong></span> <span class='ocrx_word' id='word_1_576' title='bbox 1512 5298 1761 5368; x_wconf 55' lang='lat' dir='ltr'><strong>fastuque</strong></span> <span class='ocrx_word' id='word_1_577' title='bbox 1798 5310 2014 5354; x_wconf 87' lang='lat' dir='ltr'><strong>terreno</strong></span> <span class='ocrx_word' id='word_1_578' title='bbox 2053 5316 2138 5353; x_wconf 83' lang='lat' dir='ltr'><strong>rc-</strong></span> 
     </span>
    </p>
   </div>
   <div class='ocr_carea' id='block_1_81' title="bbox 556 5382 2135 5465">
    <p class='ocr_par' dir='ltr' id='par_1_81' title="bbox 556 5382 2135 5465">
     <span class='ocr_line' id='line_1_81' title="bbox 556 5382 2135 5465; baseline 0.009 -31"><span class='ocrx_word' id='word_1_579' title='bbox 556 5382 704 5447; x_wconf 86' lang='lat' dir='ltr'><strong>hcto,</strong></span> <span class='ocrx_word' id='word_1_580' title='bbox 748 5387 850 5442; x_wconf 88' lang='lat' dir='ltr'><strong>hoc</strong></span> <span class='ocrx_word' id='word_1_581' title='bbox 879 5404 1021 5444; x_wconf 85' lang='lat' dir='ltr'><strong>anno</strong></span> <span class='ocrx_word' id='word_1_582' title='bbox 1056 5390 1270 5461; x_wconf 85' lang='lat' dir='ltr'><strong>cingulo</strong></span> <span class='ocrx_word' id='word_1_583' title='bbox 1305 5393 1510 5447; x_wconf 79' lang='lat' dir='ltr'><strong>militia:</strong></span> <span class='ocrx_word' id='word_1_584' title='bbox 1536 5394 1777 5465; x_wconf 77' lang='lat' dir='ltr'><strong>deposito</strong></span> <span class='ocrx_word' id='word_1_585' title='bbox 1799 5438 1812 5462; x_wconf 89' lang='lat'><strong>,</strong></span> <span class='ocrx_word' id='word_1_586' title='bbox 1841 5398 1905 5450; x_wconf 90' lang='lat' dir='ltr'><strong>ad</strong></span> <span class='ocrx_word' id='word_1_587' title='bbox 1934 5395 2135 5451; x_wconf 83' lang='lat' dir='ltr'><strong>Christi</strong></span> 
     </span>
    </p>
   </div>
   <div class='ocr_carea' id='block_1_82' title="bbox 561 5474 2138 5553">
    <p class='ocr_par' dir='ltr' id='par_1_82' title="bbox 561 5474 2138 5553">
     <span class='ocr_line' id='line_1_82' title="bbox 561 5474 2138 5553; baseline 0.008 -25"><span class='ocrx_word' id='word_1_588' title='bbox 561 5474 934 5548; x_wconf 77' lang='lat' dir='ltr'><strong>paupertatem</strong></span> <span class='ocrx_word' id='word_1_589' title='bbox 964 5491 1076 5536; x_wconf 88' lang='lat' dir='ltr'><strong>tota</strong></span> <span class='ocrx_word' id='word_1_590' title='bbox 1122 5484 1409 5538; x_wconf 82' lang='lat' dir='ltr'><strong>devotione</strong></span> <span class='ocrx_word' id='word_1_591' title='bbox 1449 5499 1506 5539; x_wconf 71' lang='lat' dir='ltr'><strong>se</strong></span> <span class='ocrx_word' id='word_1_592' title='bbox 1545 5487 1796 5553; x_wconf 83' lang='lat' dir='ltr'><strong>cnntnlit,</strong></span> <span class='ocrx_word' id='word_1_593' title='bbox 1829 5496 1901 5553; x_wconf 88' lang='lat' dir='ltr'><strong>et,</strong></span> <span class='ocrx_word' id='word_1_594' title='bbox 1939 5495 1998 5541; x_wconf 89' lang='lat' dir='ltr'><strong>ut</strong></span> <span class='ocrx_word' id='word_1_595' title='bbox 2038 5487 2138 5543; x_wconf 89' lang='lat' dir='ltr'><strong>soli</strong></span> 
     </span>
    </p>
   </div>
   <div class='ocr_carea' id='block_1_83' title="bbox 561 5566 2138 5636">
    <p class='ocr_par' dir='ltr' id='par_1_83' title="bbox 561 5566 2138 5636">
     <span class='ocr_line' id='line_1_83' title="bbox 561 5566 2138 5636; baseline 0.01 -18"><span class='ocrx_word' id='word_1_596' title='bbox 561 5566 671 5623; x_wconf 78' lang='lat' dir='ltr'><strong>lleo</strong></span> <span class='ocrx_word' id='word_1_597' title='bbox 711 5570 938 5625; x_wconf 78' lang='lat' dir='ltr'><strong>liberius</strong></span> <span class='ocrx_word' id='word_1_598' title='bbox 976 5582 1217 5636; x_wconf 85' lang='lat' dir='ltr'><strong>vacaret,</strong></span> <span class='ocrx_word' id='word_1_599' title='bbox 1260 5573 1373 5628; x_wconf 85' lang='lat' dir='ltr'><strong>sola</strong></span> <span class='ocrx_word' id='word_1_600' title='bbox 1422 5576 1515 5631; x_wconf 89' lang='lat' dir='ltr'><strong>Dei</strong></span> <span class='ocrx_word' id='word_1_601' title='bbox 1566 5577 1853 5634; x_wconf 80' lang='lat' dir='ltr'><strong>dilectione</strong></span> <span class='ocrx_word' id='word_1_602' title='bbox 1896 5578 2138 5634; x_wconf 87' lang='lat' dir='ltr'><strong>habitum</strong></span> 
     </span>
    </p>
   </div>
   <div class='ocr_carea' id='block_1_84' title="bbox 562 5648 1755 5739">
    <p class='ocr_par' dir='ltr' id='par_1_84' title="bbox 562 5648 1755 5739">
     <span class='ocr_line' id='line_1_84' title="bbox 562 5648 1755 5739; baseline 0.012 -28"><span class='ocrx_word' id='word_1_603' title='bbox 562 5661 937 5717; x_wconf 77' lang='lat' dir='ltr'><strong>monacbalcm</strong></span> <span class='ocrx_word' id='word_1_604' title='bbox 968 5677 1089 5718; x_wconf 88' lang='lat' dir='ltr'><strong>cum</strong></span> <span class='ocrx_word' id='word_1_605' title='bbox 1116 5664 1310 5734; x_wconf 82' lang='lat' dir='ltr'><strong>gaudio</strong></span> <span class='ocrx_word' id='word_1_606' title='bbox 1338 5669 1595 5739; x_wconf 82' lang='lat' dir='ltr'><strong>suscepit.</strong></span> <span class='ocrx_word' id='word_1_607' title='bbox 1747 5648 1755 5659; x_wconf 48' lang='grc'><strong><em>⁸</em></strong></span> 
     </span>
    </p>
   </div>
   <div class='ocr_carea' id='block_1_85' title="bbox 632 5750 2140 5837">
    <p class='ocr_par' dir='ltr' id='par_1_85' title="bbox 632 5750 2140 5837">
     <span class='ocr_line' id='line_1_85' title="bbox 632 5750 2140 5837; baseline 0.007 -34"><span class='ocrx_word' id='word_1_608' title='bbox 632 5752 672 5804; x_wconf 78' lang='grc' dir='ltr'><strong>Α</strong></span> <span class='ocrx_word' id='word_1_609' title='bbox 703 5750 891 5837; x_wconf 87' lang='lat' dir='ltr'><strong>Danis,</strong></span> <span class='ocrx_word' id='word_1_610' title='bbox 945 5754 1032 5822; x_wconf 86' lang='lat' dir='ltr'><strong>qui</strong></span> <span class='ocrx_word' id='word_1_611' title='bbox 1080 5755 1237 5825; x_wconf 86' lang='lat' dir='ltr'><strong>primi</strong></span> <span class='ocrx_word' id='word_1_612' title='bbox 1275 5755 1721 5816; x_wconf 70' lang='lat' dir='ltr'><strong>Norlbmanniutr.</strong></span> <span class='ocrx_word' id='word_1_613' title='bbox 1768 5763 2140 5828; x_wconf 71' lang='lat' dir='ltr'><strong>obtinuerunt,</strong></span> 
     </span>
    </p>
   </div>
   <div class='ocr_carea' id='block_1_86' title="bbox 2246 5016 3774 5093">
    <p class='ocr_par' dir='ltr' id='par_1_86' title="bbox 2246 5016 3774 5093">
     <span class='ocr_line' id='line_1_86' title="bbox 2246 5016 3774 5093; baseline -0.012 -12"><span class='ocrx_word' id='word_1_614' title='bbox 2246 5025 2394 5081; x_wconf 90' lang='lat' dir='ltr'><strong>illum</strong></span> <span class='ocrx_word' id='word_1_615' title='bbox 2434 5024 2731 5081; x_wconf 88' lang='lat' dir='ltr'><strong>enntritum</strong></span> <span class='ocrx_word' id='word_1_616' title='bbox 2779 5037 2951 5093; x_wconf 87' lang='lat' dir='ltr'><strong>penes</strong></span> <span class='ocrx_word' id='word_1_617' title='bbox 2995 5036 3054 5075; x_wconf 92' lang='lat' dir='ltr'><strong>se</strong></span> <span class='ocrx_word' id='word_1_618' title='bbox 3095 5020 3244 5073; x_wconf 83' lang='lat' dir='ltr'><strong>inter</strong></span> <span class='ocrx_word' id='word_1_619' title='bbox 3279 5033 3471 5073; x_wconf 82' lang='lat' dir='ltr'><strong>omnes</strong></span> <span class='ocrx_word' id='word_1_620' title='bbox 3517 5016 3664 5072; x_wconf 79' lang='lat' dir='ltr'><strong>curia:</strong></span> <span class='ocrx_word' id='word_1_621' title='bbox 3696 5024 3774 5064; x_wconf 72' lang='lat' dir='ltr'><strong>sua:</strong></span> 
     </span>
    </p>
   </div>
   <div class='ocr_carea' id='block_1_87' title="bbox 2243 5106 3773 5189">
    <p class='ocr_par' dir='ltr' id='par_1_87' title="bbox 2243 5106 3773 5189">
     <span class='ocr_line' id='line_1_87' title="bbox 2243 5106 3773 5189; baseline -0.014 -16"><span class='ocrx_word' id='word_1_622' title='bbox 2243 5118 2506 5189; x_wconf 84' lang='lat' dir='ltr'><strong>primates</strong></span> <span class='ocrx_word' id='word_1_623' title='bbox 2533 5115 2723 5169; x_wconf 91' lang='lat' dir='ltr'><strong>habuit</strong></span> <span class='ocrx_word' id='word_1_624' title='bbox 2758 5112 3160 5181; x_wconf 79' lang='lat' dir='ltr'><strong>acceptissimo.</strong></span> <span class='ocrx_word' id='word_1_625' title='bbox 3206 5109 3413 5164; x_wconf 81' lang='lat' dir='ltr'><strong>llabilis</strong></span> <span class='ocrx_word' id='word_1_626' title='bbox 3450 5109 3537 5164; x_wconf 90' lang='lat' dir='ltr'><strong>ille</strong></span> <span class='ocrx_word' id='word_1_627' title='bbox 3571 5106 3631 5162; x_wconf 85' lang='lat' dir='ltr'><strong>ad</strong></span> <span class='ocrx_word' id='word_1_628' title='bbox 3662 5115 3773 5158; x_wconf 75' lang='lat' dir='ltr'><strong>arma</strong></span> 
     </span>
    </p>
   </div>
   <div class='ocr_carea' id='block_1_88' title="bbox 2245 5194 3772 5278">
    <p class='ocr_par' dir='ltr' id='par_1_88' title="bbox 2245 5194 3772 5278">
     <span class='ocr_line' id='line_1_88' title="bbox 2245 5194 3772 5278; baseline -0.012 -14"><span class='ocrx_word' id='word_1_629' title='bbox 2245 5208 2537 5278; x_wconf 87' lang='lat' dir='ltr'><strong>plurimum</strong></span> <span class='ocrx_word' id='word_1_630' title='bbox 2566 5215 2707 5273; x_wconf 85' lang='lat' dir='ltr'><strong>erat,</strong></span> <span class='ocrx_word' id='word_1_631' title='bbox 2740 5218 2839 5259; x_wconf 88' lang='lat' dir='ltr'><strong>nec</strong></span> <span class='ocrx_word' id='word_1_632' title='bbox 2859 5204 3071 5258; x_wconf 90' lang='lat' dir='ltr'><strong>minore</strong></span> <span class='ocrx_word' id='word_1_633' title='bbox 3099 5215 3160 5256; x_wconf 82' lang='lat' dir='ltr'><strong>ea</strong></span> <span class='ocrx_word' id='word_1_634' title='bbox 3185 5200 3533 5254; x_wconf 89' lang='lat' dir='ltr'><strong>animositate</strong></span> <span class='ocrx_word' id='word_1_635' title='bbox 3559 5194 3772 5266; x_wconf 68' lang='lat' dir='ltr'><strong>gestabat.</strong></span> 
     </span>
    </p>
   </div>
   <div class='ocr_carea' id='block_1_89' title="bbox 2218 5283 3774 5360">
    <p class='ocr_par' dir='ltr' id='par_1_89' title="bbox 2218 5283 3774 5360">
     <span class='ocr_line' id='line_1_89' title="bbox 2218 5283 3774 5360; baseline -0.018 -1"><span class='ocrx_word' id='word_1_636' title='bbox 2218 5288 2447 5358; x_wconf 33' lang='lat' dir='ltr'><strong>&#39;Omnes</strong></span> <span class='ocrx_word' id='word_1_637' title='bbox 2488 5300 2732 5355; x_wconf 89' lang='lat' dir='ltr'><strong>omnium</strong></span> <span class='ocrx_word' id='word_1_638' title='bbox 2786 5297 2951 5352; x_wconf 89' lang='lat' dir='ltr'><strong>totius</strong></span> <span class='ocrx_word' id='word_1_639' title='bbox 3000 5294 3410 5349; x_wconf 69' lang='lat' dir='ltr'><strong>Norlhmanuia:</strong></span> <span class='ocrx_word' id='word_1_640' title='bbox 3462 5291 3697 5360; x_wconf 84' lang='lat' dir='ltr'><strong>majorum</strong></span> <span class='ocrx_word' id='word_1_641' title='bbox 3736 5283 3774 5334; x_wconf 88' lang='lat' dir='ltr'><strong>in</strong></span> 
     </span>
    </p>
   </div>
   <div class='ocr_carea' id='block_1_90' title="bbox 2246 5373 3774 5453">
    <p class='ocr_par' dir='ltr' id='par_1_90' title="bbox 2246 5373 3774 5453">
     <span class='ocr_line' id='line_1_90' title="bbox 2246 5373 3774 5453; baseline -0.016 -6"><span class='ocrx_word' id='word_1_642' title='bbox 2246 5391 2436 5447; x_wconf 87' lang='lat' dir='ltr'><strong>elcctis</strong></span> <span class='ocrx_word' id='word_1_643' title='bbox 2468 5391 2616 5444; x_wconf 88' lang='lat' dir='ltr'><strong>illum</strong></span> <span class='ocrx_word' id='word_1_644' title='bbox 2655 5388 2947 5443; x_wconf 86' lang='lat' dir='ltr'><strong>habebant.</strong></span> <span class='ocrx_word' id='word_1_645' title='bbox 2977 5384 3033 5439; x_wconf 89' lang='lat' dir='ltr'><strong>ln</strong></span> <span class='ocrx_word' id='word_1_646' title='bbox 3064 5385 3234 5438; x_wconf 88' lang='lat' dir='ltr'><strong>armis</strong></span> <span class='ocrx_word' id='word_1_647' title='bbox 3266 5383 3551 5453; x_wconf 86' lang='lat' dir='ltr'><strong>omnisque</strong></span> <span class='ocrx_word' id='word_1_648' title='bbox 3577 5379 3642 5435; x_wconf 89' lang='lat' dir='ltr'><strong>rei</strong></span> <span class='ocrx_word' id='word_1_649' title='bbox 3676 5373 3774 5429; x_wconf 85' lang='lat' dir='ltr'><strong>mili-</strong></span> 
     </span>
    </p>
   </div>
   <div class='ocr_carea' id='block_1_91' title="bbox 2248 5467 3776 5548">
    <p class='ocr_par' dir='ltr' id='par_1_91' title="bbox 2248 5467 3776 5548">
     <span class='ocr_line' id='line_1_91' title="bbox 2248 5467 3776 5548; baseline -0.013 -8"><span class='ocrx_word' id='word_1_650' title='bbox 2248 5486 2382 5540; x_wconf 86' lang='lat' dir='ltr'><strong>taris</strong></span> <span class='ocrx_word' id='word_1_651' title='bbox 2414 5498 2511 5538; x_wconf 90' lang='lat' dir='ltr'><strong>usu</strong></span> <span class='ocrx_word' id='word_1_652' title='bbox 2544 5491 2597 5536; x_wconf 91' lang='lat' dir='ltr'><strong>et</strong></span> <span class='ocrx_word' id='word_1_653' title='bbox 2626 5479 2770 5536; x_wconf 90' lang='lat' dir='ltr'><strong>cnltn</strong></span> <span class='ocrx_word' id='word_1_654' title='bbox 2809 5476 3054 5548; x_wconf 89' lang='lat' dir='ltr'><strong>corporis</strong></span> <span class='ocrx_word' id='word_1_655' title='bbox 3088 5475 3169 5530; x_wconf 88' lang='lat' dir='ltr'><strong>sui</strong></span> <span class='ocrx_word' id='word_1_656' title='bbox 3210 5475 3565 5530; x_wconf 70' lang='lat' dir='ltr'><strong>attollebant.</strong></span> <span class='ocrx_word' id='word_1_657' title='bbox 3591 5467 3714 5526; x_wconf 83' lang='lat' dir='ltr'><strong>Domi</strong></span> <span class='ocrx_word' id='word_1_658' title='bbox 3736 5471 3776 5513; x_wconf 75' lang='lat' dir='ltr'><strong>rt</strong></span> 
     </span>
    </p>
   </div>
   <div class='ocr_carea' id='block_1_92' title="bbox 2245 5563 3772 5637">
    <p class='ocr_par' dir='ltr' id='par_1_92' title="bbox 2245 5563 3772 5637">
     <span class='ocr_line' id='line_1_92' title="bbox 2245 5563 3772 5637; baseline -0.012 -5"><span class='ocrx_word' id='word_1_659' title='bbox 2245 5576 2453 5632; x_wconf 66' lang='lat' dir='ltr'><strong>militiae</strong></span> <span class='ocrx_word' id='word_1_660' title='bbox 2473 5572 2913 5630; x_wconf 87' lang='lat' dir='ltr'><strong>commilitonum</strong></span> <span class='ocrx_word' id='word_1_661' title='bbox 2931 5584 3152 5625; x_wconf 89' lang='lat' dir='ltr'><strong>suorum</strong></span> <span class='ocrx_word' id='word_1_662' title='bbox 3182 5566 3653 5637; x_wconf 66' lang='lat' dir='ltr'><strong>prarstantissimus</strong></span> <span class='ocrx_word' id='word_1_663' title='bbox 3674 5563 3772 5614; x_wconf 77' lang='lat' dir='ltr'><strong>enl-</strong></span> 
     </span>
    </p>
   </div>
   <div class='ocr_carea' id='block_1_93' title="bbox 2245 5643 3772 5733">
    <p class='ocr_par' dir='ltr' id='par_1_93' title="bbox 2245 5643 3772 5733">
     <span class='ocr_line' id='line_1_93' title="bbox 2245 5643 3772 5733; baseline -0.014 -12"><span class='ocrx_word' id='word_1_664' title='bbox 2245 5668 2455 5733; x_wconf 77' lang='lat' dir='ltr'><strong>Quibus</strong></span> <span class='ocrx_word' id='word_1_665' title='bbox 2478 5666 2546 5720; x_wconf 87' lang='lat' dir='ltr'><strong>de</strong></span> <span class='ocrx_word' id='word_1_666' title='bbox 2582 5664 2774 5727; x_wconf 89' lang='lat' dir='ltr'><strong>rebus,</strong></span> <span class='ocrx_word' id='word_1_667' title='bbox 2805 5676 2911 5717; x_wconf 90' lang='lat' dir='ltr'><strong>non</strong></span> <span class='ocrx_word' id='word_1_668' title='bbox 2947 5659 3120 5715; x_wconf 89' lang='lat' dir='ltr'><strong>solum</strong></span> <span class='ocrx_word' id='word_1_669' title='bbox 3137 5657 3485 5728; x_wconf 56' lang='lat' dir='ltr'><strong>Esingularem</strong></span> <span class='ocrx_word' id='word_1_670' title='bbox 3514 5650 3691 5710; x_wconf 85' lang='lat' dir='ltr'><strong>domini</strong></span> <span class='ocrx_word' id='word_1_671' title='bbox 3714 5643 3772 5701; x_wconf 80' lang='lat' dir='ltr'><strong>sui</strong></span> 
     </span>
    </p>
   </div>
   <div class='ocr_carea' id='block_1_94' title="bbox 2247 5747 3770 5821">
    <p class='ocr_par' dir='ltr' id='par_1_94' title="bbox 2247 5747 3770 5821">
     <span class='ocr_line' id='line_1_94' title="bbox 2247 5747 3770 5821; baseline -0.011 -5"><span class='ocrx_word' id='word_1_672' title='bbox 2247 5761 2559 5816; x_wconf 84' lang='lat' dir='ltr'><strong>obtinuerat</strong></span> <span class='ocrx_word' id='word_1_673' title='bbox 2608 5757 2884 5821; x_wconf 82' lang='lat' dir='ltr'><strong>favorem,</strong></span> <span class='ocrx_word' id='word_1_674' title='bbox 2943 5768 3129 5810; x_wconf 79' lang='lat' dir='ltr'><strong>verum</strong></span> <span class='ocrx_word' id='word_1_675' title='bbox 3190 5759 3246 5806; x_wconf 83' lang='lat' dir='ltr'><strong>et</strong></span> <span class='ocrx_word' id='word_1_676' title='bbox 3305 5750 3449 5821; x_wconf 81' lang='lat' dir='ltr'><strong>apud</strong></span> <span class='ocrx_word' id='word_1_677' title='bbox 3504 5747 3770 5802; x_wconf 64' lang='lat' dir='ltr'><strong>“ubertum.</strong></span> 
     </span>
    </p>
   </div>
  </div>
