3864 6304
103 300 187 355 641

1342 296 1742 362 CHROMCON
1782 300 2162 362 BECGENSE.

3263 322 3329 378 (ii
3339 324 3381 379 Ξ

102 414 732 473 ιοιίῠεπεΝϋνιιηιιιιιιιιὶαξ
788 418 980 474 ducem
1007 458 1022 482 ,
1074 427 1130 472 et
1181 419 1323 488 apud
1376 429 1681 475 exterarum

1800 421 2210 491 peritissimum,
2251 422 2446 479 deinde
2492 425 2806 484 Anselmum
2850 432 3024 486 vit-nm
3070 448 3164 504 per
3205 441 3387 495 onmia

99 507 349 562 dominos
390 508 675 579 regionum
706 518 993 580 pepererat
1021 509 1123 565 sibi
1168 511 1696 582 nomenplorimum

99 607 148 651 et
173 609 464 654 accessum
495 599 847 655 familiarem.
1155 665 1157 667 ι

166 687 262 741 llic
290 689 431 745 talis
458 699 512 747 et
548 699 733 745 tantus
764 692 849 746 vir
865 707 992 746 cum
1023 692 1242 761 praediis
1268 701 1325 747 et
1348 691 1698 748 facultatibus

100 780 160 833 ad
195 787 409 835 statum
452 784 840 843 monachorum
879 783 1069 840 venire
1106 784 1397 840 desiderat.
1440 783 1497 838 In
1531 783 1698 840 fundo

94 868 226 936 juris
275 873 369 925 sui
423 874 515 941 qui
550 872 877 931 ~Burnevilla
932 875 1164 941 dicitur,
1221 876 1362 933 haud
1420 875 1610 945 procul
1658 891 1695 929 ia

101 961 358 1027 Brionio,
418 966 608 1020 voletis
667 966 975 1022 ctenobium
1026 974 1368 1030 construere,
1407 965 1694 1021 ecclesiam

103 1052 391 1110 aediﬁcavit
422 1054 475 1108 in
510 1056 717 1111 honore
737 1066 942 1111 saneta:
977 1055 1182 1119 Marias,
1210 1055 1391 1124 ibique
1417 1054 1696 1125 religionis

101 1144 345 1199 habiturn
380 1147 622 1217 suscepit
653 1149 721 1201 ab
752 1148 1009 1217 episcopo
1041 1148 1389 1212 Lexovicnsi,
1429 1147 1696 1211 llerberto

96 1235 335 1300 nomine,
391 1252 649 1293 matrima:
697 1239 1009 1294 sanctitatis
1062 1240 1222 1305 viro,
1275 1237 1694 1308 quadragesimo

96 1325 268 1380 atatis
294 1342 415 1382 suae
441 1343 607 1392 anno;
631 1328 929 1397 devoteque
957 1328 1227 1398 portavit;
1255 1343 1357 1383 nec
1380 1327 1553 1382 multo
1571 1336 1693 1397 post

96 1418 381 1472 abeodem
430 1420 663 1489 praesule
701 1419 955 1475 sacerdos
993 1420 1280 1475 ordinatus
1319 1428 1403 1475 est
1435 1428 1492 1474 et
1525 1420 1693 1474 abbas

96 1511 451 1578 constitutus,
496 1513 645 1582 quia,
682 1522 911 1582 propter
948 1521 1329 1584 paupertatem
1374 1512 1477 1568 loci
1522 1512 1688 1580 illius,

99 1603 271 1673 quivis
308 1604 455 1659 alius
487 1605 728 1677 regimen
758 1606 934 1676 ipsum
973 1605 1191 1660 nolebat
1230 1605 1525 1675 suscipere.

164 1693 323 1750 Unde
351 1696 637 1752 sciendum
660 1696 902 1767 estquod
932 1696 985 1752 in
1006 1695 1197 1753 Galliis
1215 1706 1335 1753 erat
1363 1707 1412 1752 et
1444 1698 1688 1768 quaedam

1806 513 2195 581 approbatum,
2223 514 2511 584 pollentem
2543 520 2816 587 moribus,
2847 524 3391 595 consilioaﬂhbilem,

1804 606 2237 674 misericordem,
2278 620 2515 679 castum,
2570 610 2832 678 sobrium,
2873 615 2927 669 in
2967 618 3115 673 omni
3152 619 3391 676 clericali

1796 698 1976 753 olIicio
1998 699 2322 754 mirabiliter
2342 701 2651 769 eruditum;
2676 704 2767 773 qui
2792 706 2971 775 ambo,
2994 708 3085 764 Dei
3102 710 3392 780 adjuvante

1802 800 1906 840 ar.x
1936 786 2054 852 lio,
2085 788 2478 861 archiepiscopi
2511 791 2817 849 Cantuarite
2852 805 3039 865 postea
3089 801 3393 857 consecrati

1799 887 1943 934 Sunt.

1872 967 1998 1023 Inde
2041 969 2107 1023 ad
2138 971 2391 1026 eumdem
2444 972 2622 1029 locum
2665 974 2988 1032 Beccensem
3036 988 3114 1035 tot
3160 990 3217 1036 et
3257 985 3393 1040 tanti

1801 1061 1925 1125 viri,
1954 1069 2066 1116 tam
2098 1062 2282 1119 clerici
2319 1080 2482 1135 quam
2526 1066 2669 1128 laici.
2718 1082 2786 1122 ex
2830 1050 2996 1124 nobili
3037 1086 3234 1141 grnerc
3279 1076 3394 1130 nati

1800 1152 2135 1220 conﬂuxere,
2170 1163 2227 1209 ut
2251 1166 2440 1211 sancto
2468 1156 2727 1213 llerluino
2756 1159 2938 1215 abbati
2967 1163 3101 1217 satis
3138 1164 3395 1220 decenter

1798 1256 1984 1313 posset
2013 1246 2116 1301 dici
2149 1264 2163 1301 :
2198 1265 2217 1299 ι
2254 1246 2337 1301 Ab
2360 1248 2607 1304 ubertate
2641 1251 2836 1307 domus
2869 1261 2972 1307 tua:
3001 1254 3277 1310 inebriasti
3311 1256 3394 1309 fa-

1797 1335 1935 1390 ciem
1967 1344 2155 1401 terrae,
2189 1346 2245 1392 et
2281 1352 2312 1392 a
2352 1347 2593 1395 torrente
2630 1341 2909 1412 sapientie
2936 1328 3135 1399 eorum
3172 1346 3393 1416 replesti

1797 1428 1984 1483 orbem
2004 1437 2295 1483 terrarum.
2326 1450 2345 1483 ι
2372 1430 2517 1486 Inter
2544 1446 2681 1500 quos
2699 1433 2909 1489 exstitit
2936 1436 3154 1504 quidam
3192 1437 3393 1493 nobilis

1794 1518 1901 1582 v'r,
1926 1517 2146 1571 nomine
2169 1515 2491 1581 Willeltnus,
2515 1521 2607 1590 qui
2638 1521 2837 1576 ibidem
2863 1523 3082 1579 veniens
3111 1527 3175 1579 ad
3206 1542 3394 1581 mona-

1797 1608 2040 1671 chatum,
2071 1606 2220 1663 dedit
2247 1608 2425 1663 eidem
2457 1612 2789 1666 monasterio
2838 1610 3097 1669 Beccensi
3129 1616 3391 1685 praedium

1794 1696 1888 1751 ubi
1946 1698 2220 1766 quondam
2271 1699 2449 1754 fuerat
2503 1701 2899 1757 monasterium
2949 1702 3136 1760 Sancti
3185 1706 3391 1763 Ebrulll

98 1784 377 1853 provincia
397 1786 534 1841 'oiim
561 1796 752 1843 vocata
773 1786 1047 1847 Neustria.
1073 1797 1249 1859 posta
1273 1786 1687 1855 Northmannis,
1723 1797 1764 1856 Β
1794 1787 1935 1858 apud
1973 1787 2212 1853 Uticam,
2244 1790 2311 1845 ad
2334 1804 2495 1860 quem
2520 1789 2698 1846 locum
2732 1792 3090 1850 habitandum
3119 1803 3174 1849 et
3197 1811 3395 1866 procu-

100 1876 186 1945 qni
228 1891 260 1931 a
292 1876 479 1934 Nor-st
518 1880 741 1950 regione
782 1890 1073 1945 venerunt,
1126 1883 1508 1953 cognominata
1556 1883 1694 1938 Nor-

106 1971 407 2037 thtnannia,
460 1973 528 2027 in.
563 1988 671 2044 qua
722 1975 1086 2046 estquidam
1155 1974 1306 2031 locus
1361 1976 1454 2046 qui
1496 1976 1693 2032 dicitur

102 2058 322 2127 Recens,
344 2070 411 2118 et
438 2061 515 2116 ita
545 2062 877 2119 vocitatus'a
907 2064 1085 2120 rivulo
1113 2065 1187 2120 ibi
1218 2065 1563 2131 decurrente,
1596 2066 1689 2135 qui

102 2150 269 2207 atlbnc
308 2152 593 2208 hodiernis
639 2154 976 2224 temporibus
1026 2154 1267 2209 decurrit
1299 2154 1455 2225 juxta
1506 2171 1693 2210 muros

101 2243 233 2312 prati
258 2245 723 2302 "ubieconstruxit
753 2246 1077 2313 Herluinus,
1103 2248 1197 2318 qui
1232 2258 1360 2303 erat
1393 2250 1461 2304 de
1490 2264 1691 2319 genere

106 2332 393 2400 vanorum,
418 2337 716 2392 secundam
739 2336 1049 2401 ecclesiam,
1081 2338 1209 2395 inde
1238 2346 1487 2407 vocatam
1514 2341 1692 2395 eccle-

106 2423 437 2483 siamBecci.
684 2452 687 2455 -
1350 2468 1353 2471 ι

166 2511 365 2569 Tribus
400 2515 470 2570 de
497 2530 682 2571 causis
720 2525 830 2571 tam
861 2532 1029 2587 parvo
1058 2527 1302 2589 tempore
1340 2518 1539 2575 dicitur
1564 2536 1688 2577 cre-

106 2603 238 2658 visse
286 2621 399 2661 mn
429 2605 603 2662 solum
644 2607 877 2674 divitiis,
906 2608 1001 2664 sed
1025 2609 1191 2663 etiam
1227 2609 1512 2680 religione,
1545 2612 1689 2669 intus

107 2695 273 2751 studio
305 2697 493 2767 operis
520 2698 640 2764 Dei,
666 2706 722 2754 et
752 2697 970 2754 fervore
998 2698 1302 2771 religionis;
1340 2701 1476 2757 foris
1504 2704 1687 2759 studio

107 2786 399 2854 cbaritatis,
440 2789 495 2844 in
538 2805 646 2859 qua
694 2792 867 2861 gratia
903 2789 1000 2844 Dei
1029 2792 1096 2844 ah
1136 2791 1291 2847 initio
1329 2807 1500 2862 usque
1540 2809 1687 2850 nunc

106 2875 279 2943 plores
303 2880 535 2936 virtutes
552 2890 689 2935 sunt
715 2879 872 2936 facta:
898 2891 953 2937 et
976 2891 1231 2938 ostensze.

168 2967 277 3025 Hoc
328 2971 643 3028 ccenobium
671 2972 739 3027 de
772 2987 885 3043 quo
931 2973 1229 3044 loquimur,
1274 2975 1327 3029 in
1375 2976 1530 3032 initio
1573 2992 1686 3032 suae

106 3055 423 3118 {nodationis
465 3063 749 3134 aliquanto
788 3073 1033 3135 tempore
1071 3068 1125 3122 in
1166 3068 1401 3125 maxima
1438 3080 1682 3141 egestate

1796 1882 2022 1936 randum
2059 1881 2386 1939 venerabilis
2410 1880 2702 1938 llerluinus
2729 1884 2875 1939 misit
2900 1886 3220 1956 praedictum
3248 1886 3391 1944 Lana

1798 1971 2070 2038 francum,
2101 1988 2225 2028 cum
2257 1973 2430 2030 tribus
2462 1975 2746 2033 monachis
2776 1976 3162 2035 Beccensibus.
3195 1978 3394 2035 Postea

1793 2062 1934 2116 idem
1982 2060 2287 2129 Wilelmus,
2317 2073 2372 2119 et
2414 2072 2639 2134 nepotes
2682 2063 2765 2119 sui
2806 2065 3110 2133 Robertus,
3143 2076 3197 2122 et
3238 2066 3393 2139 Hugo

1791 2153 1856 2207 de
1884 2150 2271 2219 Grentimenti,
2302 2155 3089 2225 restauraveruntprzedictum
3117 2169 3393 2214 monaste-

1793 2241 1933 2295 rium
1992 2237 2180 2297 Sancti
2226 2243 2462 2308 Ebrulli,
2515 2253 2570 2299 et
2618 2243 2886 2299 dederunt
2929 2245 3173 2303 ecclesite
3228 2247 3388 2303 Bccei

1793 2330 1975 2386 villam
2028 2331 2289 2388 Russerie
2340 2348 2441 2402 pro
2497 2333 2925 2389 commutatiune
2974 2335 3224 2404 pra‘dic‘ti
3284 2335 3389 2391 loci

1792 2420 1979 2479 Sancti
2027 2421 2249 2480 Ebrnlli.
2281 2423 2426 2489 apud
2477 2422 2711 2479 Uticum.
2756 2423 2858 2491 Qui
2899 2425 3053 2481 locus
3100 2427 3387 2484 Dect-ensis

1788 2524 2052 2584 quantum
2071 2515 2250 2572 adhuc
2263 2515 2467 2572 nostris
2487 2516 2821 2587 temporibus
2846 2519 3127 2587 charitatis
3151 2520 3386 2592 resplen-

1789 2606 1915 2663 deat
1948 2608 2247 2674 radicibus,
2285 2608 2526 2680 expertis
2557 2609 2933 2666 disserendum
2965 2610 3310 2667 dimitt'mns.

1861 2700 2105 2755 Audiens
2128 2699 2472 2757 Lanfraneus
2499 2699 2699 2756 famam
2722 2701 2960 2773 regionis
2991 2700 3385 2770 Northmaniae,

1788 2804 1911 2859 qum
1947 2790 2100 2860 prius
2136 2790 2391 2847 Neustria
2431 2791 2744 2855 dicebatur,
2776 2791 2828 2846 in
2854 2807 2960 2862 qua
3001 2793 3258 2849 ducatum
3282 2803 3385 2857 ite-

1788 2878 1954 2935 nebat
1995 2878 2343 2935 luereditario
2379 2880 2504 2950 jure
2558 2879 2864 2938 Willelmus
2913 2880 3007 2938 ille
3054 2882 3146 2952 qui
3194 2892 3382 2955 poster

1796 2967 2106 3039 ssbjugavit
2144 2969 2247 3024 sibi
2297 2978 2464 3025 totam
2499 2970 2748 3041 Angliam
2788 2973 2977 3039 armis,
3016 2973 3197 3030 sciens
3235 2986 3386 3030 certo

1787 3061 1959 3116 relatu
2015 3062 2125 3117 illic
2162 3062 2388 3117 multum
2440 3062 2741 3133 collapsum
2784 3064 3023 3119 studium
3062 3065 3388 3122 litteratum:

106 3157 152 3203 et
176 3152 396 3219 penuria
417 3152 648 3217 exstitit,
667 3161 726 3207 ut
751 3169 979 3212 monens
998 3171 1096 3212 eos
1113 3160 1374 3229 probaret
1399 3158 1677 3227 Dominus,
1708 3154 1749 3211 C
1782 3154 2083 3211 barbaricae
2110 3153 2310 3226 gentis,
2341 3162 2397 3209 et
2434 3154 2743 3227 intelligens
2766 3155 3131 3226 prandentis.
3151 3157 3258 3212 ima
3302 3159 3385 3213 in-

108 3250 154 3294 et
193 3243 467 3311 probando
502 3244 821 3314 impleretur
860 3246 992 3302 illud
1035 3248 1089 3302 in
1129 3248 1209 3304 eis
1246 3248 1346 3305 viri
1375 3252 1674 3320 sapientis:

106 3330 259 3389 Omne
292 3336 427 3402 quod
466 3336 771 3406 applicitum
810 3339 902 3391 tibi
946 3338 1123 3408 fuerit,
1165 3340 1268 3409 ﬁli,
1312 3344 1518 3411 accipe,
1546 3355 1593 3398 et
1625 3344 1678 3399 in

108 3425 268 3481 ditare
303 3428 516 3489 sustine,
544 3438 592 3482 et
635 3429 690 3482 in
725 3430 1020 3486 humilitate
1061 3442 1151 3486 tua
1187 3434 1493 3501 patientiam
1521 3436 1676 3506 habe,

107 3521 334 3585 quoniam
350 3523 403 3575 in
428 3524 546 3592 igne
559 3524 815 3592 probatur
834 3543 1022 3580 aurum
1036 3537 1087 3582 et
1109 3539 1383 3598 argentum
1400 3547 1419 3596 ;
1442 3532 1677 3588 homines

109 3624 209 3664 vero
246 3614 562 3682 receptibiles
601 3615 655 3669 in
704 3617 915 3672 cam-ina
961 3618 1345 3675 Immiliationis
1385 3621 1557 3692 (licet.
1604 3639 1674 3690 ιι,

110 3699 183 3765 ι,
208 3702 286 3771 5).
335 3703 400 3758 Et
432 3714 492 3759 ut
528 3706 910 3760 ostenderetur
947 3708 1089 3776 quod
1131 3708 1222 3762 illa
1270 3708 1515 3767 fundatio
1569 3729 1674 3768 non

108 3804 210 3848 erat
239 3809 299 3849 ex
337 3796 582 3862 homine,
622 3797 715 3851 sed
747 3813 813 3851 ex
846 3797 936 3851 illo
966 3806 1020 3854 et
1051 3798 1117 3853 de
1148 3800 1265 3869 ipso
1300 3800 1367 3856 de
1405 3817 1516 3872 quo
1545 3804 1677 3860 dicit

107 3883 373 3950 Apostolus
402 3904 414 3938 :
449 3883 878 3941 Fundamentum
907 3887 1055 3942 aliud
1088 3905 1236 3943 nemo
1267 3901 1433 3960 potest
1460 3909 1672 3961 ponere,

109 3983 277 4038 prater
296 3974 428 4029 illud
455 3976 596 4045 quod
616 3978 845 4045 positum
868 3989 965 4046 est,
985 3980 1125 4049 quod
1147 3991 1222 4035 est
1242 3981 1402 4038 Jesus
1427 3982 1677 4041 Christus

106 4063 151 4131 (Ι
168 4064 282 4119 Car.
314 4083 395 4131 tn,
426 4068 539 4137 Η),
580 4069 754 4125 noluit
783 4079 840 4125 ut
871 4087 969 4142 per
995 4086 1151 4144 reges
1171 4084 1228 4128 et
1256 4075 1528 4146 principes
1558 4078 1673 4147 ipsa

112 4152 334 4213 [nudatio
360 4170 637 4231 ageretur,
671 4162 765 4217 sed
794 4176 892 4233 per
920 4163 1179 4234 seipsum,
1209 4174 1263 4220 ct
1288 4179 1388 4235 per
1412 4167 1671 4222 humilem

108 4255 153 4300 et
171 4249 433 4308 timentem
458 4252 623 4308 verba
651 4268 770 4319 sua,
794 4254 935 4311 sicut
963 4256 1079 4326 ipse
1100 4273 1198 4329 per
1223 4258 1411 4313 Isaiam
1443 4268 1674 4314 testatur

108 4336 420 4396 dicenszAd
458 4360 613 4414 quem
658 4345 936 4414 respiciam
971 4346 1073 4401 nisi
1116 4349 1186 4402 ad
1218 4351 1592 4419 pauperculam
1623 4362 1671 4405 et

106 4433 362 4488 contritam
400 4437 629 4506 spiritu,
691 4446 741 4491 et
794 4447 1098 4496 trementem
1151 4457 1417 4497 sermones
1470 4459 1611 4499 meos
1646 4446 1672 4500 ?

106 4516 247 4584 (lani.
269 4536 407 4588 ιιι-ι,
429 4522 512 4589 2.)

171 4606 291 4665 Nota
313 4615 455 4683 quod
477 4613 793 4672 Bonuevilla
820 4626 939 4673 erat
958 4619 1236 4689 proprium
1263 4620 1670 4695 lnereditagium

107 4700 285 4758 domini
313 4704 579 4772 llerluini,
619 4717 676 4763 et
703 4708 902 4764 ibidem
931 4711 1164 4781 primam
1194 4714 1479 4771 ecclesiam
1500 4718 1670 4773 teditl-

108 4794 230 4849 cavit
256 4797 308 4851 in
344 4798 611 4855 honorem
642 4809 846 4857 sanctae
874 4800 1076 4869 Mariae,
1102 4812 1157 4859 et
1190 4805 1389 4862 ibidem
1428 4807 1669 4865 habitum

109 4889 334 4959 suscepit.

164 4977 347 5037 Verum
396 4983 524 5053 quia
566 4984 891 5056 campestris
937 4994 996 5040 et
1030 4986 1327 5057 inaquosus
1369 4998 1452 5045 est
1497 4990 1669 5057 locus,

108 5073 315 5131 monitus
337 5091 434 5145 per
457 5090 712 5146 soporem
734 5090 765 5130 a
794 5075 951 5131 beata
978 5075 1073 5131 Dei
1101 5078 1363 5148 genitrice
1389 5080 1441 5150 2
1479 5081 1669 5148 Maria,

108 5161 151 5216 in
172 5165 349 5223 vallem
373 5167 443 5222 ad
465 5167 640 5223 rivum
664 5168 756 5239 qui
784 5165 994 5223 Beccus
1013 5167 1236 5235 dicitur,
1262 5170 1372 5225 Deo
1400 5172 1666 5242 adjutore,

107 5258 328 5326 secessit;
361 5258 547 5329 ibique
590 5260 772 5316 nobile
803 5258 1079 5317 aediﬁcem
1112 5262 1279 5331 coapit
1312 5264 1365 5318 in
1407 5266 1667 5321 honorent

107 5342 320 5410 ejusdem
362 5349 556 5405 matris
596 5348 808 5404 Domini
853 5348 1037 5405 Maria:
1082 5353 1489 5419 monasterium,
1525 5356 1670 5424 quod

106 5434 224 5494 Deus
249 5442 477 5511 perfecit
510 5442 579 5497 ad
606 5442 687 5497 sui
719 5441 955 5498 nominis
992 5441 1219 5513 gloriam
1244 5483 1260 5509 ,
1298 5455 1353 5499 et
1379 5448 1668 5502 multorum

106 5534 352 5595 hominum
377 5540 632 5597 solatium
656 5550 714 5596 et
741 5538 994 5595 salutem.
1016 5540 1116 5594 Cui
1146 5540 1287 5596 Deus
1312 5543 1379 5597 ad
1408 5542 1668 5597 auxilium

108 5640 150 5685 ct
178 5635 447 5690 consilium
488 5632 730 5700 adducit,
762 5633 915 5704 juxta
964 5633 1293 5689 desiderium
1334 5635 1514 5689 cordis
1554 5635 1667 5698 sui,

108 5721 437 5786 Lanfraneum
461 5730 637 5784 virum
664 5728 716 5783 in
742 5726 1057 5787 liberalibus
1086 5727 1292 5783 artibus
1316 5727 1670 5798 undecunque

1783 3247 2084 3315 spiratione
2113 3247 2238 3302 inde
2273 3261 2333 3302 se
2373 3260 2535 3316 posse
2572 3246 2798 3317 adipisci
2829 3244 3093 3316 majorem
3129 3247 3382 3317 gloriam,

1781 3347 1835 3392 et
1866 3338 2159 3408 plurimum
2206 3347 2508 3408 quaestum,
2539 3338 2689 3395 venit
2727 3337 2837 3395 illic
2869 3354 2991 3393 cum
3025 3341 3232 3409 paucis.
3274 3340 3384 3396 Sed

1785 3438 2079 3499 antequam
2104 3428 2445 3498 pervenisset
2463 3429 2530 3485 ad
2548 3429 2796 3485 notitiam
2812 3428 3131 3497 multorum,
3155 3421 3379 3485 attraxit

1782 3522 1933 3577 illum
1964 3522 2032 3577 ad
2061 3537 2122 3577 se
2143 3521 2235 3591 qui
2266 3519 2496 3575 Paulum
2526 3520 2740 3575 vocavit
2761 3520 2828 3575 de
2850 3521 3013 3586 coelo,
3044 3522 3147 3576 hoc
3179 3522 3378 3576 modo:

1780 3611 2023 3681 Quadam
2059 3612 2167 3679 die,
2198 3612 2325 3666 dum
2369 3611 2475 3666 iter
2510 3618 2697 3681 ageret
2732 3610 2882 3665 solus
2920 3624 3044 3667 cum
3076 3626 3186 3666 uno
3215 3611 3383 3667 scho-

1781 3705 1908 3769 lari,
1949 3704 2138 3779 incidit
2189 3703 2243 3759 in
2284 3702 2542 3768 latrones,
2582 3701 2697 3772 qui,
2744 3711 2802 3758 et
2846 3701 3159 3757 auferentes
3203 3704 3385 3763 omnia

1783 3812 1905 3869 qnze
1945 3794 2220 3860 habebat,
2250 3794 2439 3849 sinunt
2472 3793 2657 3859 abire,
2691 3793 2980 3876 tantum
3019 3792 3384 3864 relinquentes

1782 3896 2057 3943 vetustam
2108 3884 2479 3949 chlamidem,
2534 3893 2733 3940 cmtcra
2777 3885 2964 3940 omnia
3019 3899 3204 3941 secum
3257 3886 3382 3940 rcti-

1780 3986 1990 4033 nentes.
2018 3975 2172 4033 Tunc
2195 3975 2282 4031 ille
2303 3977 2624 4032 recordatus
2642 3985 2726 4033 est
2745 3977 2885 4033 alios
2902 3977 3187 4048 cujusdam
3205 3978 3381 4034 sancti

1780 4067 1932 4134 facti,
1956 4066 2047 4138 qui
2071 4083 2195 4122 cum
2221 4081 2251 4120 a
2280 4066 2655 4136 Longobardis
2681 4068 2765 4137 (ut
2808 4075 2993 4122 narrat
3019 4068 3212 4123 beatus
3242 4067 3381 4122 Gre-

1778 4158 1986 4229 gorius)
2011 4156 2245 4228 (Dialog.
2269 4155 2362 4211 lib.
2385 4171 2435 4219 ι,
2452 4173 2570 4226 cap.
2591 4156 2647 4227 2)
2674 4166 2853 4213 tentus
2874 4166 3041 4221 esset,
3065 4166 3121 4213 et
3139 4157 3197 4212 ei'
3215 4171 3376 4212 suum

1775 4247 2043 4303 caballum
2087 4247 2467 4312 abstulissent,
2512 4256 2699 4316 postea
2748 4248 3022 4311 clamans,
3061 4247 3334 4318 ﬂagellum
3360 4288 3376 4313 ,

1776 4351 1885 4408 quo
1915 4351 2116 4408 equum
2150 4336 2349 4391 solitus
2390 4345 2511 4391 erat
2545 4334 2778 4402 minari,
2804 4335 2999 4391 obtulit
3027 4334 3109 4391 eis
3138 4336 3328 4392 dicens
3359 4355 3373 4391 :

1777 4429 2016 4496 Tollite,
2064 4437 2126 4483 ut
2176 4427 2427 4484 habeatis
2472 4426 2619 4482 unde
2669 4427 2772 4482 hoc
2816 4431 3122 4497 jumentunt
3178 4429 3376 4482 nnnari

1700 4522 2019 4598 Dpossitis.
2072 4522 2279 4591 Quibus
2325 4521 2512 4589 dictis,
2542 4520 2611 4579 ad
2662 4520 2968 4577 orationem
3021 4520 3271 4593 protinus
3317 4536 3377 4576 se

1779 4620 1945 4676 dedit.
1994 4618 2071 4673 llli
2106 4630 2238 4672 vero
2272 4631 2436 4673 cursu
2481 4615 2671 4687 rapido
2708 4624 2975 4672 venerunt
3032 4616 3101 4672 ad
3150 4614 3373 4675 ﬂuvium

1776 4712 1997 4775 nomine
2035 4708 2362 4765 Vulturnum
2389 4749 2404 4775 ,
2432 4724 2593 4780 quem
2629 4708 2777 4764 nullo
2807 4708 2967 4763 modo
3009 4708 3243 4764 transire
3271 4722 3372 4778 po-

1781 4812 2021 4869 tuerunt,
2051 4816 2285 4870 cumque
2312 4801 2462 4857 nullo
2488 4801 2649 4856 modo
2680 4801 2915 4855 transire
2941 4810 3183 4871 possent,
3214 4801 3374 4857 intel-

1777 4898 2025 4954 lexerunt
2051 4897 2177 4967 quia
2200 4912 2268 4953 ex
2292 4896 2449 4967 culpa
2474 4910 2639 4967 quam
2663 4911 2822 4950 servo
2851 4894 2945 4950 Dei
2973 4893 3241 4960 fecerant,
3268 4896 3373 4950 ista

1776 4990 2056 5061 dispendia
2100 4988 2435 5054 tolerabant;
2471 4986 2565 5058 qui
2594 4986 2781 5041 statim
2812 4987 3016 5041 reversi
3045 5000 3152 5040 non
3193 4986 3369 5039 solum

1778 5082 2009 5137 reddunt
2045 5082 2189 5152 quod
2229 5080 2612 5147 abstulerant,
2645 5080 2738 5135 sed
2771 5080 2934 5133 etiam
2971 5079 3144 5148 ipsum
3174 5075 3369 5132 Liber-

1776 5176 1948 5231 tinum
1992 5175 2219 5229 invitum
2273 5175 2328 5229 in
2408 5188 2643 5244 equum,
2703 5173 2771 5228 de
2821 5187 2930 5243 quo
2983 5170 3367 5241 deposuerant,

1774 5266 2109 5333 levaverunt,
2127 5275 2183 5321 et
2206 5266 2453 5337 protinus
2472 5265 2790 5332 abscedunt,
2814 5275 2869 5320 et
2889 5264 2993 5319 iter
3015 5278 3173 5318 suum
3196 5263 3368 5318 libere

1773 5366 2057 5427 peragunt.
2104 5356 2216 5428 Sic,
2268 5358 2518 5428 inquiens
2573 5356 2942 5422 Lanfrancus,
2992 5369 3093 5427 ego
3135 5354 3364 5419 faciam,

1779 5450 1984 5517 redibo,
2027 5449 2253 5506 oll'eram
2299 5451 2378 5505 eis
2414 5464 2534 5521 qua:
2578 5449 2956 5512 deseruerunt,
2993 5456 3048 5502 et
3095 5461 3217 5502 cum
3260 5446 3367 5502 hoc

1775 5541 2260 5607 fecero,,reddent
2305 5541 2435 5595 mihi
2472 5540 2653 5595 omnia
2696 5553 2848 5604 mea;
2889 5547 3094 5595 etcum
3124 5536 3364 5601 fecisset,

1776 5634 1910 5690 nihil
1940 5634 2044 5689 sibi
2096 5633 2319 5704 proluit,
2364 5633 2459 5687 sed
2500 5632 2554 5685 in
2592 5631 2744 5701 pejus
2773 5632 2847 5687 illi
2876 5633 3160 5702 provenit,
3189 5640 3262 5693 et,
3304 5640 3365 5685 ut

1773 5728 1889 5799 ipse
1914 5726 2121 5783 solebat
2158 5724 2384 5786 referre.
2414 5723 2732 5782 Libert‘nus
2757 5725 2860 5783 alia
2885 5725 3183 5784 intentione
3208 5724 3359 5787 feclt,
