3864 6304
503 242 609 309 δ-ίὸ

1480 244 1572 301 AD
1606 244 1833 307 OPEBA
1875 245 1933 301 ll.
1972 233 2366 303 LANFRANCI
2407 246 2774 306 APPENDlX.

3642 256 3719 318 cu
3818 218 3819 309 ω

502 363 607 429 alia
632 375 750 434 ego,
788 360 916 431 quia
932 359 1253 417 {libertinus
1275 376 1406 432 pura
1434 370 1636 426 mente,
1662 370 1719 415 ut
1742 360 2004 417 haberent
2029 369 2082 415 et
2111 364 2154 420 Α
2183 362 2403 419 nomina
2434 363 2767 433 praecellere,
2798 372 2982 433 spreta
3012 377 3113 435 pro
3146 364 3247 420 Dei
3277 363 3491 422 nomine
3517 370 3663 438 patris
3681 385 3723 430 et

500 454 866 523 possiderent,
892 467 994 522 ego
1015 462 1196 509 autem
1229 452 1524 509 calliditate
1547 462 1602 507 et
1625 453 1770 531 dolo,
1809 460 1862 506 ut
1895 453 2087 528 redde-

502 556 625 599 rent
650 543 805 611 inihi,
838 558 944 599 non
974 542 1335 599 nt'haberent.
1364 541 1498 613 Cum
1526 542 1669 597 enim
1695 541 1980 605 obtulisset
2007 540 2087 605 eis

500 634 827 691 chlamidem
866 649 1029 704 quam
1067 634 1506 699 ei'dimiserant,
1552 633 1628 688 illi
1668 634 1721 688 in
1769 634 1908 687 iram
1945 633 2084 688 versi

500 741 700 780 cassum
750 726 954 781 diutius
995 725 1063 780 ad
1109 726 1358 782 arborem
1410 725 1618 802 nudum
1652 716 1984 795 ligaverunt,
2033 731 2089 778 et

502 816 769 871 scolarem
819 814 935 884 ejus
979 818 1047 871 ad
1095 816 1283 879 aliam,
1318 831 1424 871 non
1473 815 1631 888 longe
1668 817 1737 871 ab
1780 830 1866 881 eo,
1914 824 1970 870 et
2007 816 2087 870 sic

500 907 890 963 discesserunt.
930 907 1082 962 Tunc
1112 908 1300 963 videns
1333 922 1393 963 se
1424 906 1571 963 omni
1610 907 1848 961 humano
1886 905 2089 961 auxilio

502 995 842 1061 destitutum,
872 998 1041 1067 coepit
1076 997 1218 1051 intra
1249 1012 1308 1052 se
1342 995 1620 1051 revolvere
1658 1004 1715 1050 et
1750 1004 2087 1065 pertractare

498 1105 665 1160 quam
706 1091 914 1161 fragilis
952 1100 1007 1144 et
1049 1091 1250 1145 caduca
1289 1090 1362 1144 sit
1394 1089 1555 1156 hujus
1592 1089 1775 1143 mundi
1807 1087 2001 1157 gloria,
2032 1097 2089 1143 et

498 1181 835 1248 omne,quod
863 1180 1108 1234 laborant
1135 1178 1384 1233 homines
1407 1193 1569 1247 super
1598 1187 1822 1243 terram,
1852 1177 2083 1232 vanitas.

505 1269 766 1327 Promisit
838 1271 950 1326 Deo
1006 1270 1230 1325 omnino
1284 1269 1603 1325 relicturum
1658 1268 1835 1338 hujus
1897 1270 2083 1324 mundi

499 1362 738 1416 caducos
771 1361 1024 1427 honores,
1057 1371 1114 1417 et
1144 1349 1246 1419 sub
1277 1362 1420 1417 illius
1444 1360 1573 1431 jugo
1607 1363 1750 1431 quod
1785 1370 1868 1417 est
1894 1361 2010 1417 leve
2031 1370 2087 1416 et

500 1465 667 1504 suave
697 1450 802 1503 illis
837 1450 929 1520 qui
963 1467 1087 1507 eum
1125 1450 1375 1521 diligunt,
1409 1452 1812 1523 suppositurum
1839 1468 1903 1506 cx
1951 1462 2085 1518 toto,

500 1540 550 1597 si
578 1556 700 1595 eum
735 1543 947 1612 eripere
982 1542 1301 1611 dignaretur
1336 1544 1406 1597 ab
1447 1544 1553 1598 hac
1589 1543 1859 1613 captione.
1890 1541 2086 1597 Statim

502 1642 566 1689 ut
587 1643 767 1689 votum
800 1651 865 1690 ex
904 1635 1070 1691 corde
1107 1644 1164 1691 et
1198 1650 1296 1691 ore
1346 1635 1458 1690 Deo
1493 1636 1764 1706 promisit,
1793 1636 1946 1705 quasi
1978 1651 2086 1691 uno

2192 454 2384 513 matris
2414 454 2732 527 multimoda
2766 454 3083 511 haereditate
3101 495 3117 520 ,
3145 470 3276 511 cum
3304 454 3581 527 aliquantis
3605 460 3723 517 iami-

2188 541 2404 598 liartum
2433 524 2674 610 clericis,
2705 546 2857 601 venit
2890 545 2959 600 ad
2994 559 3145 613 eum;
3172 545 3229 602 in
3261 547 3419 618 cujus
3449 550 3626 605 scholis
3650 555 3722 606 ali-
3818 562 3819 618 ᾖ

2188 633 2428 701 quandiu
2472 634 2762 705 diligenter
2791 650 3039 702 manens,
3079 644 3135 689 et
3168 636 3277 690 sibi
3318 644 3374 691 et
3400 635 3514 692 aliis
3545 638 3719 694 multum

2189 721 2499 788 proficiens,
2529 723 2747 777 tandem
2772 721 3061 778 Lanlranci
3094 723 3455 778 incitamento
3474 735 3524 778 et
3543 724 3720 781 Μαθηϋὶ
3818 720 3819 788 i

2189 810 2650 883 ltotltumagensis
2698 814 3092 883 archiepiscopi
3137 815 3408 880 consilio,
3441 816 3599 871 divina
3634 833 3721 887 pm-
3818 810 3819 871 Ῐ

2188 902 2406 958 vidente
2461 904 2770 969 clementia,
2822 904 2875 958 in
2918 904 3174 959 Bectensi
3247 905 3475 960 ecclesia
3531 906 3719 960 habitum
3818 902 3819 935 ἦ

2189 994 2565 1050 monachalem
2593 1004 2703 1049 tota
2731 996 3018 1051 devotione
3045 997 3147 1051 hoc
3170 1012 3320 1052 anno
3359 996 3594 1068 suscepit,
3616 1013 3719 1054 anno

2189 1083 2367 1138 artatis
2396 1100 2509 1140 sure
2533 1085 2795 1141 vicesimo
2817 1087 3071 1157 septimo.
3105 1087 3209 1155 Qui
3245 1089 3314 1143 ad
3342 1097 3536 1157 quanta
3566 1093 3720 1144 sancti.
3818 1083 3819 1155 Ε

2191 1175 2317 1229 tatis
2345 1182 2399 1228 et
2431 1176 2708 1245 dignitatis
2739 1177 2976 1232 culmina
2994 1189 3176 1247 postea
3205 1181 3533 1251 pervenerit,
3559 1181 3604 1235 in
3624 1181 3718 1237 sub-

2191 1267 2438 1335 sequcnti
2473 1268 2703 1339 diligens
2739 1267 2907 1324 lector
2949 1268 3208 1324 inveniet.
3244 1269 3384 1324 Nam
3421 1270 3549 1327 inter
3569 1282 3717 1327 caetera

2192 1357 2474 1427 dignitatis
2521 1358 2801 1423 culmina,
2850 1374 2972 1414 cum
3028 1375 3172 1415 anno
3226 1359 3443 1415 Domini
3494 1361 3717 1417 millesimo

2191 1450 2532 1519 sexagesimo
2563 1451 2801 1505 secundo
2838 1449 3177 1506 Lanfrancus
3218 1452 3551 1519 supradictus
3585 1452 3716 1508 Eode-

2190 1539 2285 1594 sia:
2311 1538 2468 1594 Becci
2497 1540 2667 1611 prior,
2695 1540 2935 1610 regimen
2971 1541 3277 1611 accepisset
3313 1542 3484 1597 sancti
3518 1541 3715 1613 Stephani

2190 1632 2440 1698 Cadomi,
2472 1633 2763 1703 praedictus
2791 1632 3083 1688 Anselmus
3129 1632 3311 1689 factus
3342 1642 3427 1690 est
3465 1635 3595 1703 prior
3624 1634 3711 1689 Bec-

502 1735 779 1782 momento
810 1729 983 1783 soluta
1015 1737 1143 1784 sunt
1177 1728 1358 1783 omnia
1392 1728 1623 1794 vincula,
1658 1729 1853 1798 quibus
1888 1728 2086 1800 ligatus
2118 1738 2162 1798 Β
2190 1724 2392 1789 censis,
2422 1724 2515 1794 qui
2542 1724 2717 1780 tribus
2739 1724 2895 1778 annis
2924 1724 3105 1780 fuerat
3128 1724 3253 1781 siue
3276 1725 3590 1797 praelatione.

499 1830 655 1887 erat;
688 1830 744 1877 et
765 1822 905 1878 liber
932 1822 1176 1889 eifectus,
1220 1825 1333 1881 Deo
1372 1827 1576 1896 gratias
1609 1841 1795 1896 agens,
1834 1826 1899 1879 ad
1927 1841 2083 1880 suum

497 1909 760 1967 clericum
807 1913 1059 1980 accessit,
1102 1924 1159 1969 et
1205 1929 1331 1971 eum
1378 1916 1573 1984 solvit,
1610 1925 1666 1972 et
1712 1927 1894 1971 votum
1944 1917 2084 1988 apud

496 2003 729 2061 Deccum
759 2007 1008 2077 perfecit.

566 2097 725 2153 Almo
779 2100 990 2155 Domini
1040 2100 1200 2167 1042,
1248 2102 1608 2171 Lanfrancus,
1659 2105 1727 2159 de
1774 2113 2083 2160 senatorum

494 2188 675 2260 Papiae
724 2192 890 2248 nobili
935 2208 1137 2263 genere
1186 2203 1377 2262 natus,
1426 2196 1479 2250 in
1522 2205 1727 2266 septem
1773 2197 2085 2252 liberalibus

495 2280 706 2335 artibus
755 2282 1082 2338 mirabiliter
1133 2285 1417 2350 eruditus,
1462 2286 1572 2341 Deo
1617 2287 1861 2341 omnium
1916 2289 2084 2343 bono-

496 2385 618 2425 rum
644 2382 869 2428 auctore
904 2375 1253 2444 disponente,
1285 2378 1426 2447 apud
1457 2376 1727 2433 Becccnse
1754 2378 2081 2445 coenobium,

497 2465 707 2534 magnis
731 2474 859 2522 tunc
882 2469 1139 2538 temporis
1161 2468 1512 2526 facultatibus
1537 2472 1866 2534 inornatum,
1892 2486 2085 2527 secun-

496 2556 626 2611 dum
682 2559 860 2614 sancti
922 2560 1165 2616 Herluini
1218 2562 1415 2617 ibidem
1468 2563 1681 2619 abbatis
1726 2562 2082 2628 desiderium,

499 2650 879 2711 monachalem
909 2654 1150 2723 suscepit
1173 2654 1447 2720 habitum;
1473 2656 1563 2725 qui
1594 2656 1797 2726 quanto
1818 2655 2083 2710 miraculo

495 2738 624 2793 illuc
648 2740 980 2808 advenisset,
1004 2753 1268 2813 quantum
1302 2745 1498 2800 ibidem
1528 2742 1840 2816 profuisset,
1862 2755 1919 2802 et
1946 2762 2087 2817 quo-

498 2829 658 2884 modo
706 2831 914 2900 primus
960 2832 1130 2889 abbas
1173 2833 1397 2889 Carlomi
1450 2836 1766 2899 exstitisset,
1810 2845 1867 2892 et
1919 2852 2081 2907 quam

496 2918 849 2975 laudabiliter
903 2924 1343 2994 archiepiscopus
1396 2925 1804 2984 Cantuariensis
1854 2929 1945 2984 dia
1997 2930 2082 2984 vi-

494 3009 722 3078 guisset,
753 3011 808 3063 in
838 3009 958 3066 Vita
987 3013 1155 3082 ipsius
1182 3015 1410 3071 inveniri
1434 3027 1642 3088 potest.

2257 1818 2389 1874 Item
2416 1835 2538 1874 cum
2578 1819 2730 1876 locus
2766 1820 3053 1875 Becccnsis
3088 1819 3270 1874 adhuc
3310 1818 3557 1888 indigeret
3581 1815 3714 1870 multis

2186 1912 2368 1976 rebus,
2417 1911 2470 1966 in
2517 1920 2729 1981 recepta
2772 1912 3073 1982 pauperie,
3122 1911 3269 1966 inter
3306 1909 3409 1964 alia
3447 1908 3631 1962 lucerna
3654 1908 3715 1958 die

2187 2018 2251 2058 ac
2277 2011 2435 2067 nocte
2468 2017 2574 2057 non
2626 2017 2840 2073 semper
2871 2002 3099 2057 ardebat
3130 2001 3185 2056 in
3224 1999 3454 2055 ecclesia
3497 2000 3569 2069 (ut
3593 1998 3712 2051 mons

2184 2093 2289 2163 est)
2320 2108 2431 2162 prae
2461 2092 2673 2163 inopia,
2697 2093 2792 2148 sed
2824 2107 2946 2148 cum
2995 2092 3131 2147 hora
3175 2090 3510 2145 nocturnalis
3547 2087 3713 2159 synaxis

2186 2184 2669 2255 appmpinquasset
2700 2223 2717 2250 ,
2775 2184 3107 2240 secretarius
3176 2198 3411 2253 surgens
3457 2182 3517 2238 de
3558 2180 3708 2242 cubili.

2189 2279 2301 2334 ibat
2337 2279 2390 2333 in
2436 2279 2749 2348 pistrinum,
2795 2276 2879 2331 vel
2928 2277 2982 2332 in
3014 2276 3329 2346 coquinum,
3366 2275 3591 2330 deferens
3624 2273 3710 2326 inde

2185 2369 2363 2425 lumen
2396 2383 2410 2422 :
2448 2378 2607 2425 nocte
2647 2371 3019 2438 subsequente
3048 2368 3134 2423 die
3158 2366 3546 2431 dedicationis,
3586 2364 3626 2418 id
3652 2371 3708 2417 est

2183 2471 2338 2519 sexto
2370 2460 2638 2516 Kalendas
2663 2459 2867 2527 Martii,
2900 2476 3023 2516 cum
3063 2458 3197 2516 hora
3226 2457 3545 2513 matutinalis
3568 2468 3708 2523 appro-

2181 2555 2500 2626 pinquasset
2527 2594 2541 2619 ,
2580 2552 2909 2608 secretarius
2933 2593 2948 2616 ,
3003 2550 3230 2605 nomine
3274 2549 3597 2611 Gothbertus,
3631 2543 3708 2599 cvi.

2181 2649 2358 2721 gilans
2385 2662 2416 2701 a
2447 2661 2640 2701 somno
2668 2646 2803 2700 vidit
2845 2652 3011 2700 totam
3053 2642 3349 2698 ecclesiam
3397 2643 3466 2696 ita
3501 2637 3707 2717 illumine-

2184 2749 2292 2794 tam
2349 2736 2558 2793 cmlesti
2599 2737 2804 2791 lumine
2850 2744 2912 2790 ut
2957 2736 3230 2805 potuisset
3285 2749 3414 2789 acus
3459 2728 3643 2801 reperiri
3668 2727 3704 2780 in

2182 2834 2508 2905 pavimento.
2541 2831 2643 2900 Qui
2674 2844 2904 2900 surgens
2933 2828 3256 2897 pavefactus
3284 2826 3482 2887 audivit
3502 2821 3703 2892 quasdam

2178 2938 2344 2979 voces
2373 2923 2424 2977 in
2455 2923 2626 2977 choro
2660 2920 2823 2990 quasi
2855 2918 3150 2990 psallentes
3192 2920 3303 2973 sub
3350 2915 3575 2973 silentio:
3614 2919 3703 2964 ιηηε

2181 3015 2511 3086 pedetentim
2552 3013 2795 3083 perrexit
2851 3012 2917 3065 ad
2953 3010 3157 3068 ostium
3185 3009 3367 3075 chori,
3398 3024 3425 3061 a
3452 3015 3583 3076 parte
3606 3000 3705 3055 alta-

570 3098 723 3152 Anuo
747 3098 958 3156 Domini
998 3103 1157 3169 1051,
1181 3105 1421 3162 Francize
1443 3110 1691 3165 turbatur
1714 3111 1953 3167 Ecclesia
1981 3129 2078 3183 per
2104 3097 2150 3160 C
2182 3109 2279 3173 ris,
2308 3118 2363 3163 et
2393 3105 2718 3176 introspexit
2752 3105 2807 3159 in
2843 3104 3095 3167 chorum,
3143 3111 3197 3158 et
3248 3102 3384 3155 vidit
3410 3093 3702 3154 beatissimam

494 3188 884 3261 Berengarium
933 3193 1325 3265 Turonenscm,
1374 3202 1464 3271 qui
1516 3206 1795 3261 asserebat
1830 3207 2079 3262 euchari-

493 3282 682 3347 stiam,
728 3298 890 3353 quam
944 3288 1209 3345 sumimus
1258 3290 1311 3345 in
1357 3291 1533 3356 altari,
1582 3310 1688 3349 non
1727 3311 1848 3352 esse
1890 3312 2077 3353 revera

491 3388 690 3445 corpus
744 3384 796 3431 et
846 3380 1165 3445 sanguinem
1244 3383 1466 3440 Christi.
1524 3385 1676 3443 Unde
1714 3388 1908 3444 contra
1956 3405 2078 3444 eum

496 3465 724 3522 multmn
766 3484 796 3523 a
844 3471 1030 3526 nmltis
1075 3481 1131 3528 et
1170 3475 1349 3531 verbis
1388 3486 1443 3532 et
1489 3478 1709 3549 scriptis
1748 3481 2077 3552 disputatum

494 3564 609 3623 est;
656 3559 798 3615 inter
839 3576 978 3631 quos
1024 3563 1252 3621 domnus
1294 3566 1641 3636 Wimundus,
1680 3572 1978 3628 monachus
2014 3574 2082 3628 de

495 3648 671 3704 Cruce
701 3648 885 3706 Sancti
933 3653 1216 3721 Leufredi,
1247 3667 1437 3713 contra
1479 3676 1603 3716 eum
1642 3663 1709 3719 de
1757 3679 1988 3736 corpore
2029 3674 2083 3718 et

495 3742 761 3810 sanguine
784 3742 986 3800 Christi
1013 3746 1314 3818 elegantem
1351 3752 1517 3807 edidit
1547 3754 1763 3811 librum.

571 3833 911 3892 Lanfrancns
950 3839 1113 3894 etiam
1158 3840 1470 3912 Papiensis,
1510 3848 1744 3916 primum
1784 3852 2083 3908 monaclms

496 3925 829 3995 Becccnsis,
887 3930 1085 3986 deinde
1137 3934 1577 4007 archiepiscopus
1635 3938 2080 4009 Cantuariensis,

496 4015 749 4072 omnibus
789 4017 1117 4075 luculentius
1139 4031 1193 4076 et
1227 4024 1531 4081 mirabilius
1562 4026 1758 4083 librum
1786 4018 1948 4102 super
1984 4033 2084 4087 hac

497 4118 558 4159 re
589 4108 922 4176 composuit;
955 4109 1006 4163 in
1036 4125 1144 4180 quo
1176 4111 1403 4184 singulis
1443 4114 1587 4172 illius
1620 4119 2010 4187 quaestionibus
2032 4131 2087 4175 et

493 4199 926 4267 expositionibus
957 4201 1300 4261 laudabiliter
1339 4208 1644 4278 respondit,
1683 4211 1822 4266 male
1851 4211 1993 4267 dicta
2019 4213 2084 4267 ab

494 4302 562 4342 eo
586 4298 642 4343 et
669 4290 942 4347 intellecta
984 4292 1390 4365 Scripturarum
1421 4301 1746 4357 testimoniis
1779 4303 2083 4359 divinarum

496 4378 853 4445 improbando
880 4383 1229 4439 convincens.

568 4466 724 4521 Anno
762 4468 972 4525 Domini
1003 4473 1141 4529 1055
1163 4514 1178 4540 ,
1208 4475 1532 4536 Hunﬂ’redns
1561 4481 1628 4537 de
1662 4484 1897 4550 Vitullis,
1930 4496 2085 4557 pater

496 4554 715 4625 Rogerii
756 4557 824 4645 de
854 4560 1206 4631 Bellomonte,
1240 4577 1293 4622 et
1320 4570 1592 4627 Albereila
1637 4590 1776 4631 uxor
1812 4554 1951 4646 ejus,
1977 4580 2083 4634 duo

498 4648 861 4713 monasteria,
890 4666 1053 4705 unum
1094 4655 1333 4710 virorum
1370 4669 1424 4713 et
1465 4662 1694 4718 alterum
1737 4666 2080 4736 feminarum,

499 4736 555 4791 in
588 4737 757 4793 fundo
786 4741 1002 4799 Pralelli
1030 4746 1387 4805 aediﬁcarunt.
1814 4810 1821 4813 _

568 4829 728 4921 Anno
756 4832 967 4888 Domini
1002 4834 1160 4901 1060,
1196 4851 1415 4897 sanctus
1443 4841 1734 4901 Anselmus
1762 4848 1815 4902 in
1842 4847 2081 4921 Augusta

495 4920 662 4976 nobili
686 4922 927 4988 civitate,
950 4940 1070 4994 quae
1088 4928 1319 4985 confinis
1333 4930 1658 5005 Burgundiee
1670 4937 1722 5009 3
1738 4948 1823 4994 est
1859 4949 1914 4995 et
1935 4920 2083 4997 Lon-

496 5012 796 5083 gobardite,
827 5016 1119 5085 oriundus,
1153 5018 1280 5075 licet
1308 5022 1473 5078 nobili
1506 5036 1790 5094 parentum
1832 5032 2081 5101 prosapia

498 5112 680 5170 natus,
713 5105 1044 5163 disertorum
1080 5110 1274 5166 studiis
1309 5115 1689 5184 magistrorum
1721 5120 1774 5174 in
1801 5121 1945 5175 brevi
1971 5121 2082 5178 Deo

496 5193 728 5252 donante
748 5209 1083 5270 coaequatus,
1107 5211 1164 5257 et
1182 5217 1280 5272 per
1299 5204 1534 5262 divinam
1556 5208 1820 5266 visionem
1842 5214 1907 5268 ad
1924 5216 2082 5271 sedes

494 5286 719 5351 coalicas
740 5289 970 5359 denique
989 5291 1044 5347 in
1069 5293 1263 5363 spiritu
1287 5306 1494 5366 raptus,
1527 5300 1718 5358 salutis
1742 5316 2079 5360 sutearcana

498 5376 662 5429 verba
711 5379 1000 5441 confestim
1040 5383 1268 5451 audivit,
1301 5402 1422 5458 qua:
1450 5405 1558 5444 non
1588 5392 1755 5447 multo
1790 5402 1910 5462 post
1947 5403 2082 5449 tem-

498 5480 628 5533 pore
677 5471 984 5538 complevit.
1046 5473 1287 5533 Audiens
1345 5479 1508 5549 igitur
1577 5479 1775 5536 famam
1836 5483 2078 5553 magistri

499 5553 809 5624 Lanfranci,
838 5559 951 5628 jam
991 5567 1240 5625 monachi
1286 5568 1603 5636 Becccnsis,
1633 5582 1685 5627 et
1719 5571 1934 5627 scholas
1980 5574 2082 5629 ibi-

496 5649 619 5705 dem
660 5653 892 5711 tencnlis
926 5664 982 5712 et
1024 5662 1288 5730 regentis,
1333 5666 1574 5722 omnium
1615 5681 1755 5739 penc
1792 5669 2076 5728 doctorum

2178 3210 2233 3257 et
2258 3200 2702 3272 gloriosissimam
2754 3206 2984 3252 matrem
3035 3195 3252 3251 Domini
3291 3194 3499 3248 Mariam
3524 3194 3701 3245 stantem

2179 3294 2232 3348 in
2281 3294 2400 3349 loco
2449 3292 2704 3348 stationis
2756 3289 3085 3345 venerabilis
3132 3286 3382 3342 ilerluini
3433 3280 3630 3343 abbatis,
3665 3282 3704 3330 et

2179 3399 2362 3439 coram
2421 3395 2485 3438 ea
2544 3389 2789 3438 astantes
2837 3380 3181 3437 beatissimos
3237 3377 3498 3450 apostolos
3541 3372 3701 3428 Petrum

2179 3484 2235 3530 et
2275 3473 2517 3539 Paulum,
2556 3481 2612 3527 et
2642 3472 2863 3528 tertiqu
2913 3472 3079 3526 alium
3113 3485 3282 3541 quem
3314 3484 3416 3525 non
3444 3461 3700 3533 agnoscebat

2182 3567 2353 3634 vultu,
2402 3566 2757 3623 decantantes
2790 3564 2839 3619 ei
2880 3564 3196 3619 matutinas.
3241 3562 3482 3631 Cumque
3511 3557 3584 3611 diu
3623 3554 3703 3607 hac

2182 3658 2505 3728 aspexisset,
2560 3655 2823 3726 c0gitavit
2871 3669 3098 3726 pergere
3140 3653 3209 3709 ad
3240 3654 3439 3709 ostium
3476 3648 3596 3721 quod
3619 3650 3699 3698 erat

2182 3766 2251 3805 ex
2291 3750 2394 3804 alia
2445 3759 2601 3820 parte
2649 3746 3007 3815 chori,juxta
3054 3747 3232 3805 locum
3269 3746 3507 3803 stationis
3527 3738 3700 3796 abbatis

2187 3850 2247 3895 et
2284 3849 2344 3895 ut
2382 3840 2575 3895 melius
2613 3848 2669 3894 ct
2712 3839 2934 3911 propius
2964 3838 3171 3894 valeret
3216 3839 3402 3893 videre
3427 3836 3533 3889 illas
3553 3829 3700 3902 glorio-

2186 3933 2431 3989 sissimas
2459 3947 2744 4004 personas,
2781 3942 2835 3987 et
2874 3932 3065 3988 audire
3110 3947 3232 4003 qua:
3282 3933 3386 3988 illa:
3426 3928 3628 3986 dicebant
3663 3924 3701 3974 εί

2187 4026 2569 4081 decantabant.
2600 4026 2667 4080 Et
2695 4041 2822 4081 cum
2855 4026 2959 4081 hoc
2987 4026 3192 4095 faceret
3245 4026 3494 4087 suaviter,
3519 4034 3565 4077 et
3587 4015 3697 4089 quasi

2186 4116 2459 4185 pedentim
2489 4157 2503 4181 ,
2552 4124 2842 4186 antequam
2896 4116 3235 4186 pervenisset
3298 4117 3365 4171 ad
3409 4107 3697 4175 ostium,lt'x

2187 4210 2492 4264 substracta
2542 4217 2648 4275 est,
2697 4216 2753 4263 et
2784 4224 2945 4264 voces
2973 4208 3378 4265 subcinentinm
3421 4206 3694 4277 quieverunt:

2188 4299 2427 4355 suavitas
2472 4310 2653 4371 tamen
2699 4299 2820 4353 tniri
2849 4299 3033 4355 odoris
3066 4308 3210 4354 tanta
3247 4300 3323 4355 ibi
3356 4311 3551 4368 aspersa
3579 4302 3635 4347 εει
3658 4298 3696 4340 ut

2188 4404 2311 4444 cum
2346 4388 2544 4444 fratres
2572 4390 2971 4447 assurexissent
3020 4390 3088 4445 ad
3136 4390 3352 4460 vigilias
3375 4432 3390 4455 ,
3427 4387 3693 4442 mirarentur,

2190 4481 2256 4535 ad
2288 4480 2517 4536 invicem
2554 4496 2613 4535 se
2652 4481 3047 4552 interrogantes
3083 4492 3213 4535 nutu
3243 4492 3303 4536 et
3329 4482 3482 4550 signis
3504 4473 3605 4544 quid
3627 4470 3693 4524 Ιιοε

2188 4572 2348 4627 vellet
2376 4586 2517 4627 esse.
2558 4572 2688 4639 Qua:
2726 4574 2907 4627 omnia
2945 4572 3205 4643 praedicta
3234 4573 3409 4628 dictus
3444 4560 3694 4625 secretarius

2189 4662 2460 4729 recitavit,
2483 4671 2542 4717 ut
2569 4663 2721 4719 vidit.
2848 4708 2849 4711 η
3162 4712 3165 4713 ν
3208 4712 3211 4715 γ

2258 4756 2394 4811 Item
2442 4756 2628 4815 iratus
2670 4772 2764 4813 rex
2811 4756 3130 4814 Guillelmus
3153 4769 3345 4817 contra
3388 4754 3689 4812 Lanfranetm.

2189 4863 2313 4903 eum
2343 4847 2604 4903 alienavit
2628 4865 2659 4903 a
2691 4864 2789 4903 sua
2820 4851 2991 4917 curia,
3041 4851 3195 4920 cujus
3233 4849 3549 4908 consiliarius
3573 4838 3692 4898 exsti-

2184 4947 2345 5005 terat,
2379 4940 2504 5011 quia
2535 4941 2944 4997 contradicebat
2982 4945 3200 5013 nuptias
3228 4943 3348 4999 filize
3367 4939 3555 4999 comitis
3581 4933 3690 4989 Plan-

2184 5033 2334 5098 driae,
2366 5049 2530 5104 quam
2562 5035 2676 5104 ipse
2720 5036 2824 5090 sibi
2865 5038 2973 5090 dux
3008 5036 3357 5106 copulaverat
3402 5022 3686 5089 matrimonio.

2183 5124 2312 5194 quia
2362 5125 2710 5195 proximitate
2758 5129 2943 5183 carnis
2989 5138 3044 5185 et
3083 5130 3529 5201 consanguinitate
3556 5123 3687 5189 Ῑῦηεθ·

2183 5217 2400 5271 bantur.
2458 5216 2614 5273 Unde
2667 5220 2993 5275 auctoritate
3040 5222 3267 5278 Romani
3314 5218 3575 5294 pontiﬁcis,
3610 5216 3687 5263 ιυω

2184 5304 2435 5361 Neustria
2471 5309 2747 5378 supposita
2775 5320 2896 5366 erat
2924 5311 3245 5376 interdicto;
3277 5320 3571 5385 quapropter
3589 5301 3688 5357 Lan-

2184 5396 2403 5453 francus
2444 5396 2673 5454 Romam
2725 5400 2881 5468 adiit,
2933 5404 3183 5473 quamvis
3220 5406 3390 5461 iturus
3429 5405 3686 5457 essetom-

2181 5491 2332 5545 sione
2365 5489 2646 5559 cujusdam
2678 5493 2919 5549 hzeretici
2961 5494 3297 5567 Berengarii,
3326 5504 3378 5550 et
3406 5502 3516 5549 tunc
3547 5495 3683 5557 pm"

2183 5580 2345 5635 debat
2390 5579 2501 5637 Leo
2547 5592 2792 5652 octavus,
2842 5592 2897 5640 et
2944 5585 3108 5640 etiam
3160 5595 3221 5640 ut
3264 5591 3438 5655 ageret
3475 5592 3557 5651 pro
3588 5572 3684 5626 άίιοθ

2182 5670 2681 5733 Northmannorum
2723 5685 2779 5734 et
2815 5693 2983 5737 uxore
3024 5677 3162 5747 ejus.
3221 5664 3596 5751 Igitur'locutus
3624 5670 3683 5719 εει

2117 4455 2161 4508 D
