3864 6304
92 350 175 406 αδ
1076 390 1079 391 ν
1292 335 1691 396 CHRONICON
1719 336 2096 397 BECCENSE.

3215 324 3322 399 eis

85 479 184 520 cum
210 472 335 531 papa
370 454 612 522 Nicolao,
652 462 708 511 et
728 452 967 511 ostendit
1006 453 1148 524 quod
1176 450 1293 522 ejus
1334 453 1631 519 sententia,
1660 458 1708 517 Α
1736 462 1999 510 venerunt
2030 453 2085 508 in
2109 465 2302 508 novam
2327 450 2611 509 ecclesiam
2641 466 2805 524 quam
2824 453 3015 510 beatus
3038 456 3327 516 llerluinns

85 549 296 607 videlicet
337 546 682 601 interdictum
712 585 729 609 ,
776 556 872 599 eos
926 550 1136 597 tantum
1186 542 1488 610 gravabat;
1536 540 1633 611 qui

85 656 165 695 nec
205 638 592 706 conjunxerat,
642 648 745 690 nec
772 648 867 689 eos
907 647 1166 704 separare
1201 641 1463 701 poterat,
1508 647 1637 688 nam

86 733 168 786 du:
191 727 427 797 puellam,
454 740 618 796 quam
644 731 950 794 acceperat,
987 723 1135 779 nullo
1170 731 1331 795 pacto
1359 722 1638 779 dimittere

87 820 285 881 volebat.
769 888 775 893 ,
834 876 837 879 ,
1056 864 1059 869 ‹

134 909 236 965 {loc
255 917 430 964 autem
466 908 705 971 audiens
727 916 780 962 et
812 922 1002 963 verum
1032 921 1152 964 esse
1177 908 1466 964 advertens
1490 924 1639 964 sum-

86 1017 181 1055 tuus
200 998 454 1069 pontifex,
499 999 905 1070 diSpensatione
934 999 1118 1062 habita
1152 999 1467 1070 conjugium
1509 1015 1641 1057 con-

86 1092 237 1155 cessit,
263 1104 325 1145 eo
357 1098 541 1146 tamen
575 1090 744 1145 modo
786 1098 1055 1159 quatenus
1097 1090 1203 1145 dux
1239 1098 1296 1144 et
1341 1104 1481 1144 uxor
1523 1087 1640 1157 ejus

85 1182 169 1235 duo
212 1177 536 1234 monasteria
591 1186 992 1244 eonstruerent,
1044 1177 1097 1231 in
1156 1178 1354 1248 quibus
1401 1177 1638 1247 singulas

87 1267 494 1340 cougregationes
518 1267 762 1321 virorum
808 1281 872 1322 ac
912 1266 1201 1321 mulierum
1250 1267 1635 1327 condonarent,

86 1376 179 1429 qua:
203 1359 265 1412 ibi
299 1358 396 1412 sub
421 1341 617 1413 norma
663 1366 867 1411 sanctae
914 1356 1189 1425 religionis
1237 1357 1324 1413 die
1369 1365 1639 1425 noctuque

87 1452 171 1506 Deo
207 1449 553 1504 deservirem.
584 1457 640 1503 et
669 1463 769 1517 pro
816 1447 990 1502 salute
1019 1462 1208 1503 eorum
1238 1447 1635 1517 supplicarent;

86 1554 127 1597 et
152 1543 305 1611 paruit
348 1543 458 1596 dux
498 1540 813 1611 apostolica:
841 1540 1267 1610 dispensationi,
1300 1549 1354 1595 et
1390 1539 1637 1597 tedilica-

85 1643 242 1687 verunt
282 1632 383 1687 duo
432 1632 768 1688 monasteria
798 1631 851 1685 in
906 1631 1110 1701 prmdio
1154 1630 1298 1699 quod
1340 1631 1639 1700 antiquitus

87 1724 333 1778 Cadomum
378 1721 819 1792 nuncupabatur.
868 1719 983 1775 Dux
1039 1737 1203 1775 unum
1247 1721 1635 1778 monachorum

1742 545 1983 615 ejusdem
2008 545 2110 601 loci
2140 544 2408 615 gloriosus
2436 544 2626 611 abbas,
2655 545 2990 606 Lanl'rancus
3017 591 3032 617 ,
3059 563 3111 609 et
3136 554 3330 612 Ansel-

1742 650 1862 690 mus
1893 635 1993 690 viri
2020 650 2228 704 magna:
2256 636 2597 692 auctoritatis
2620 637 3039 697 mdiilcaver’ant.

1809 724 1967 780 Anno
2024 725 2235 781 Domini
2281 725 2568 782 millesimo
2620 731 3018 801 septuagesimo
3076 738 3324 806 septimo,

1743 813 1951 872 decimo
1989 815 2257 872 Kalendas
2309 815 2630 874 Novembris
2672 818 2900 876 ecclesia
2946 822 3100 880 Becci
3140 826 3196 882 in
3230 827 3329 883 ho-

1741 920 1929 961 norem
1960 916 2162 963 sancta:
2198 906 2381 963 Maria:
2407 909 2600 965 matris
2633 910 2843 967 Domini
2871 913 3117 970 dedicata
3142 925 3226 973 est
3254 921 3324 974 ab

1741 997 2150 1068 archiepiscopo
2219 997 2528 1055 Cantuarite
2604 993 2910 1058 Lanfranco
2937 1045 2951 1067 ,
3001 1008 3148 1075 quod
3190 1023 3325 1078 opus

1740 1088 2046 1158 pergrande
2074 1088 2185 1158 ipse
2213 1088 2507 1156 inchoavit,
2524 1100 2575 1146 et
2591 1102 2714 1162 post
2739 1093 2990 1150 abbatem
3013 1095 3326 1153 llerluinum

1739 1178 1974 1248 primum
2034 1178 2266 1250 lapidem
2317 1183 2522 1252 posuit;
2574 1186 2717 1254 quod
2754 1200 2889 1256 opus
2920 1188 2973 1242 in
3019 1191 3328 1259 quindecim

1742 1270 1900 1323 annis
1920 1279 2203 1337 peractum
2250 1281 2353 1327 est.
2402 1272 2538 1330 Huic
2583 1286 2762 1331 autem
2791 1279 3117 1336 dedicatiuni
3167 1283 3334 1337 inter-

1741 1359 1961 1416 fuerunt
2002 1364 2239 1434 episcopi
2287 1363 2402 1421 Odo
2451 1365 2787 1436 Baioceusis,
2816 1370 3124 1430 Guilbcrtus
3163 1375 3333 1432 Lexo-

1740 1451 1962 1517 viensis,
1987 1451 2259 1509 Gilbertus
2298 1455 2667 1522 EbroicenSIs,
2698 1459 2968 1518 Robertus
3016 1464 3328 1537 Sa’giensis,

1740 1537 2011 1595 Ernaldns
2053 1540 2488 1612 Cynomanensis
2529 1546 2627 1618 [αι.
2678 1549 2905 1606 Arnald.
2959 1552 3334 1612 Cenomanen-

1739 1626 1857 1699 sis].
1889 1630 1964 1684 De
2008 1628 2191 1686 laetitia
2241 1632 2387 1688 illius
2414 1635 2541 1703 diei,
2593 1647 2648 1694 et
2678 1642 2873 1710 gaudio
2919 1646 3197 1714 multi,lici
3242 1665 3333 1704 su-

1738 1718 2002 1788 perﬂuum
2052 1721 2265 1778 videtur
2309 1726 2573 1798 proloqui,
2617 1737 2727 1785 tum
2768 1733 2835 1789 de
2863 1734 3095 1792 adventu
3142 1756 3330 1808 perso-

88 1815 127 1868 in
158 1816 395 1869 honorem
439 1814 624 1869 sancti
673 1812 958 1882 Stephani,
989 1821 1055 1871 et
1087 1827 1226 1867 uxor
1255 1810 1372 1880 ejus
1406 1813 1632 1869 alterum
1663 1816 1710 1876 Β
1738 1824 1929 1865 narum
1980 1811 2218 1867 virorum
2263 1815 2553 1873 illustrium
2598 1829 2654 1876 et
2705 1823 2994 1881 mulierum
3048 1830 3329 1898 nobilium,

89 1903 532 1959 sanctimonialium
580 1903 634 1957 in
674 1902 943 1969 honorem
984 1913 1187 1959 sancta:
1232 1903 1539 1970 Trinitatis,
1576 1913 1634 1956 et

1737 1914 1844 1954 non
1897 1900 2015 1956 sine
2062 1917 2259 1974 magna
2326 1904 2617 1977 largitione
2682 1911 2949 1969 donorum
2978 1956 2994 1981 ,
3047 1917 3331 1986 Francius,

88 2004 180 2063 post
205 1993 406 2048 triennii
448 1991 869 2062 completionem
914 1992 1028 2048 sola
1082 1993 1312 2055 necdum
1366 1994 1655 2064 completa,
1736 1988 2131 2059 Nortmannize,
2163 1995 2391 2067 Anglice,
2420 2010 2477 2053 et
2503 2001 2571 2056 de
2593 2006 3049 2073 superabundant:
3079 2012 3337 2069 omnibus

90 2082 289 2146 basilica,
337 2080 683 2136 Lanfrancus
734 2080 898 2151 empti
946 2081 1131 2151 operis
1175 2080 1472 2146 institutor,
1524 2097 1633 2136 tam

88 2174 204 2228 ducis
237 2173 652 2249 Northmanniae
697 2189 860 2244 quam
900 2173 1191 2243 primatum
1223 2173 1632 2243 supplicatione,

90 2263 292 2319 emnohio
323 2264 672 2329 Cadomensi,
721 2265 863 2333 quod
911 2267 1015 2319 dux
1064 2266 1279 2319 hortatu
1308 2280 1459 2336 papa:
1504 2267 1635 2320 tei-

90 2357 319 2422 ticaverat,
340 2356 511 2413 abbas
536 2356 849 2426 praeﬁcitur,
882 2358 934 2410 in
966 2356 1107 2426 quod
1139 2358 1317 2427 plures
1364 2359 1430 2412 de
1466 2358 1638 2413 Becco

94 2462 239 2501 secum
286 2448 462 2514 duxit;
519 2449 614 2503 oui
663 2449 823 2504 paulo
875 2458 997 2520 post
1044 2450 1112 2505 ad
1168 2448 1462 2520 dignitates
1513 2457 1641 2504 sunt

90 2540 295 2605 promoti.
418 2600 423 2605 _
1210 2616 1211 2619 η
1338 2604 1341 2605 ν
1496 2544 1497 2547 “

116 2633 276 2687 ,Αιιῐιο
303 2633 513 2689 Domini
566 2633 854 2689 millesimo
906 2634 1249 2703 sexagesimo
1301 2636 1463 2691 tertio
1513 2644 1647 2696 tem:

92 2738 192 2790 pore
214 2724 439 2780 llcrluiui
483 2727 648 2795 primi
701 2727 941 2795 pastoris
990 2738 1045 2780 et
1081 2727 1641 2784 fundatoriscmnohii

95 2812 345 2879 Beccensis,
374 2816 684 2870 Willelmus
730 2815 1139 2885 potentissimus
1178 2817 1283 2871 dux
1318 2816 1641 2872 Northman-

99 2903 193 2967 nire,
221 2905 298 2973 qui
338 2916 525 2974 postea
571 2904 820 2975 Angliam
846 2905 1152 2975 acquisivit,
1183 2906 1348 2975 coepit
1373 2908 1642 2962 :editicare

94 2992 504 3065 ecclesiamjuxta
556 2995 934 3061 Ermcntrudis
965 2996 1147 3050 villain
1215 3011 1384 3068 prope
1432 2997 1639 3052 Rotho-

95 3071 305 3155 magum,
363 3088 619 3158 Sequana
672 3087 814 3142 inter
860 3096 1148 3158 utrumque
1200 3088 1435 3155 ﬂuente,
1480 3105 1645 3161 super

1737 2092 2040 2152 praeparata
2079 2089 2470 2155 procuratione
2500 2090 2625 2164 [al.,
2656 2095 2837 2168 pastu]
2868 2112 3027 2154 nemo
3064 2101 3335 2160 sullicien-

1740 2180 1823 2225 ter
1851 2174 1939 2226 vix
1979 2185 2163 2244 posset
2188 2179 2479 2235 disserere.
2574 2244 2578 2247 ,

1808 2266 1967 2319 Anno
2026 2269 2316 2336 sequenti,
2371 2272 2423 2325 id
2475 2281 2559 2328 est
2603 2276 2888 2334 millesimo
2935 2292 3333 2356 septuagesimo

1737 2362 1929 2409 octavo
1982 2357 2173 2413 beatus
2229 2359 2543 2431 llerlainus,
2605 2368 2847 2436 praedicti
2900 2371 3000 2428 loci
3045 2376 3335 2437 Beccensis

1739 2445 1908 2500 abbas
1932 2447 2163 2516 primus,
2206 2451 2358 2507 miles
2384 2453 2587 2510 Christi
2620 2458 2921 2528 gloriosus,
2955 2464 3097 2521 inter
3137 2471 3333 2529 choros

1734 2536 2005 2607 justorum
2054 2541 2121 2595 ab
2158 2543 2367 2612 angelis
2399 2560 2683 2618 susceptus
2723 2561 2826 2614 est.
2875 2557 3177 2622 preciosum
3220 2579 3337 2620 cor-

1740 2644 1841 2699 pus
1878 2633 2404 2703 terrazgrclinquens,
2457 2640 2693 2696 animant
2740 2646 2897 2702 caelis
2941 2650 3203 2718 inserens,
3250 2656 3339 2712 Se-

1741 2721 2031 2794 pultusque
2072 2735 2158 2780 est
2203 2736 2257 2782 et
2290 2729 2584 2785 tumulatus
2617 2734 2669 2788 in
2703 2738 2881 2793 medio
2924 2742 3143 2811 capituli
3187 2749 3333 2817 quod

1742 2813 1859 2910 ipse
1884 2816 2284 2910 aedificaverat;
2319 2822 2611 2892 obitusque
2656 2826 2773 2896 ejus
2821 2830 2976 2885 dolor
3024 2837 3162 2903 suis,
3205 2813 3337 2910 gau-

1744 2902 1889 2957 dium
1921 2906 2131 2976 angelis
2160 2906 2281 2963 fuit.
2327 2910 2427 2965 Cui
2458 2913 2623 2967 etiam
2664 2915 2923 2977 Dominus
2965 2922 3130 2982 Corda
3162 2902 3336 2988 homi-

1743 3010 1871 3049 num
1923 2996 2205 3064 revelavit,
2248 3008 2304 3055 et
2338 3002 2551 3059 animas
2594 3005 2661 3060 de
2713 3022 2940 3079 corpore
2987 3028 3269 3087 exeuntes,
3306 3014 3336 3077 a

1744 3084 1986 3181 daunone
2010 3097 2279 3181 arreptas,
2311 3090 2633 3163 plaugeutes
2658 3099 2887 3169 audivit,
2935 3115 2987 3158 et
3037 3084 3341 3181 plangentia

98 3184 256 3231 terram
289 3180 741 3243 ethmreditatem
789 3180 959 3250 ipsius
988 3182 1301 3236 monasterii
1332 3182 1641 3248 Becceusis,
1670 3183 1711 3241 C
1744 3176 2014 3242 εοῧιιονίι·
2051 3176 2124 3233 De
2153 3179 2444 3236 νίτιυιίιηιε
2473 3185 2607 3252 (ἔλυεν
2645 3187 2750 3241 Vlla
2782 3199 2838 3244 οι
2884 3196 3145 3264 moribus.
3168 3176 3220 3255 ἡδί
3254 3203 3338 3257 di-

97 3267 136 3320 in
166 3271 347 3340 campis
375 3271 903 3328 interCltevilleiutn
934 3282 987 3325 et
1022 3272 1402 3333 Ermeutrudis
1437 3275 1640 3341 villam,

96 3375 175 3427 qua
208 3362 369 3418 ambze
412 3363 693 3434 parochia:
740 3372 867 3416 sunt
917 3363 982 3417 de
1035 3367 1365 3432 patrimonio
1404 3364 1645 3434 ejusdem

97 3454 377 3507 monasterii.
397 3453 527 3520 Quae
550 3452 768 3522 quidem
796 3452 1025 3507 ecclesia
1054 3462 1239 3507 vocata
1290 3452 1392 3507 fuit
1416 3455 1645 3512 ecclesia

96 3539 237 3599 Beata:
262 3544 432 3601 Mariae
477 3547 552 3601 de
598 3545 761 3599 Prato
780 3542 907 3615 [al.,
950 3544 1017 3599 de
1057 3545 1446 3617 Bononuutto],
1481 3556 1535 3600 et
1572 3548 1645 3602 ibi

99 3639 329 3693 constituti
362 3638 587 3695 luerunt
619 3636 873 3693 monachi
927 3637 993 3691 de
1019 3638 1352 3692 monasterio
1390 3637 1547 3694 Beeci
1577 3641 1645 3695 ad

99 3724 170 3780 Dei
193 3731 446 3786 servitium
477 3731 681 3785 ibidem
715 3728 1055 3793 faciendum.
1136 3714 1139 3719 ’

152 3817 321 3877 Deinde
360 3830 480 3893 post
533 3836 708 3877 annos
754 3819 927 3875 ferme
966 3818 1249 3889 sexaginta
1297 3819 1432 3874 duos
1462 3818 1643 3891 (“35)

99 3910 201 3965 obiit
221 3912 468 3971 Henricus
498 3915 712 3985 primus
736 3913 1035 3981 Anglorum
1086 3925 1205 3976 rex,
1236 3910 1377 3965 filius
1404 3911 1643 3982 pnedicti

101 3998 339 4071 Willermi,
367 4005 623 4061 videlicet
651 4020 795 4058 anno
823 4004 1113 4058 millesimo
1141 4003 1444 4059 centesimo
1478 4003 1643 4072 trige-

100 4090 205 4147 simo
227 4095 395 4162 quinto
422 4096 568 4166 apud
592 4094 850 4148 Sanctum
877 4092 1189 4162 Dionysium
1235 4095 1287 4148 in
1323 4090 1471 4150 Silva
1507 4091 1645 4147 Leo-

101 4197 199 4237 num
227 4186 395 4255 (Feret
438 4189 509 4243 de
566 4186 756 4255 Lious,
804 4202 872 4239 ou
922 4186 988 4239 de
1036 4185 1261 4256 Forge);
1300 4186 1646 4255 delatumque

101 4272 177 4327 luit
197 4293 370 4349 corpus
393 4279 513 4349 ejus
549 4279 973 4349 Rothomagum;
1008 4287 1062 4333 et
1109 4278 1162 4332 in
1210 4277 1433 4332 ecclesia
1467 4274 1646 4331 Beata:

102 4360 245 4422 Maria:
274 4379 545 4439 apertum;
577 4378 631 4423 et
678 4384 794 4428 cor.
842 4369 1023 4437 lingua
1073 4377 1126 4423 et
1157 4369 1363 4423 viscera
1394 4367 1509 4437 ejus
1553 4379 1641 4422 sc—

100 4454 213 4519 pulta
253 4469 301 4513 et
329 4460 587 4514 tumulata
621 4458 840 4512 fuerunt
882 4459 935 4511 in
968 4458 1194 4513 ecclesia
1240 4458 1418 4511 Beata:
1466 4456 1641 4511 Mariae

1745 3278 1868 3318 cere
1904 3266 2258 3332 voluerimus,
2293 3269 2410 3325 dies
2440 3272 2657 3329 deﬁciet
2680 3292 2705 3341 ;η
2730 3281 2998 3339 mittimus
3025 3286 3188 3356 igitur
3213 3306 3339 3361 pru-

1745 3354 1961 3409 dentem
2010 3356 2265 3431 lectorem
2321 3367 2387 3414 ad
2448 3362 2623 3419 Vitam
2659 3367 2776 3437 ejus
2824 3354 3341 3445 descriptamguhi

1745 3446 2083 3503 abundanter
2116 3449 2354 3507 inveniet
2373 3470 2481 3523 quo
2510 3458 2705 3513 instrui
2734 3465 2928 3530 possit.

1821 3536 1955 3593 Nota
1988 3541 2131 3611 quod
2187 3546 2512 3600 venerabilis
2567 3550 2644 3602 vir
2688 3550 2997 3623 llerluinus,
3045 3577 3149 3617 non
3222 3566 3342 3624 sine

1746 3641 1879 3715 nutu
1923 3641 1977 3686 et
2027 3633 2364 3699 providentia
2421 3636 2514 3692 Dei
2559 3640 2650 3709 qui
2697 3646 2950 3703 omnibus
3005 3650 3058 3706 in
3105 3670 3165 3709 se
3220 3673 3343 3728 spe-

1748 3722 1994 3777 rantibus
2019 3735 2289 3793 praeparat
2318 3726 2456 3781 bona
2482 3725 2728 3797 meliora,
2757 3736 3043 3797 ecclesiam
3071 3760 3192 3801 cum
3223 3722 3345 3805 o-m-J

1750 3810 1911 3865 nibus
1960 3812 2192 3870 otIicinis
2249 3820 2479 3874 mutavit
2534 3820 2654 3879 loco
2723 3829 2904 3893 tertio,
2954 3846 3059 3887 non
3107 3836 3262 3909 longe
3312 3857 3341 3896 a

1746 3903 2060 3970 supradicto
2109 3906 2226 3961 loco
2293 3909 2383 3976 qui
2453 3927 2598 3968 nunc
2670 3915 2869 3973 dicitur
2922 3919 3133 3991 Capella
3196 3903 3339 3986 beati

1746 3992 2010 4063 llcrluini,
2051 4012 2170 4074 qua:
2203 4000 2377 4069 prima
2405 4001 2508 4057 fuit
2544 4004 2596 4058 in
2631 4005 2734 4062 hoc
2779 4009 2894 4065 rivo
2920 4012 3177 4071 Bccceusi
3216 4020 3342 4075 fun-

1747 4084 1901 4150 data;
1936 4094 1992 4140 et
2026 4086 2210 4153 istam,
2255 4089 2323 4145 de
2368 4106 2473 4161 qua
2507 4110 2649 4149 nunc
2699 4097 3009 4166 loquimur,
3053 4108 3346 4165 mdilieavit

1747 4176 1919 4233 multo
1974 4180 2254 4249 majorem,
2296 4192 2351 4237 et
2386 4186 2751 4253 amplissimas
2781 4191 3053 4261 oﬂicinas;
3105 4215 3209 4267 qua
3258 4204 3342 4255 fa-

1746 4269 1897 4325 brica
1931 4270 2165 4341 expleta,
2199 4289 2295 4343 per
2341 4278 2610 4333 sexdecim
2646 4297 2840 4347 annos,
2870 4283 3204 4344 Laufraucus
3236 4290 3344 4346 Do-

1747 4362 2097 4418 roberneusis
2143 4365 2402 4421 Ecclesiae
2459 4370 2809 4439 archipraesul
2860 4376 3152 4444 dedicavit,
3201 4397 3345 4436 anno

1748 4454 2152 4511 lucarnatiouis
2234 4457 2530 4527 Dominica‘
2598 4462 2884 4525 millesimo
2947 4473 3344 4539 septuagesimo

100 4544 150 4598 de
191 4547 332 4606 Prato
367 4562 491 4606 ante
546 4549 720 4617 majus
764 4550 964 4617 altare,
1024 4558 1079 4605 et
1123 4564 1319 4618 corpus
1364 4547 1479 4617 ejus
1529 4548 1642 4603 sale
1674 4534 1721 4592 υ
1748 4550 2000 4616 septimo,
2035 4564 2219 4603 mense
2248 4549 2490 4616 Octobri,
2518 4550 2653 4608 feria
2692 4557 2928 4613 secunda
2971 4534 3172 4617 ultimae
3211 4565 3345 4622 heb~

101 4639 327 4695 conditum
358 4643 597 4698 delatum
646 4640 749 4696 fuit
799 4642 938 4711 apud
983 4641 1279 4697 Cadomum
1309 4680 1324 4706 ,
1366 4655 1643 4710 usquequo

102 4739 255 4787 ventus
299 4745 452 4806 esset.
489 4745 650 4805 aptus
715 4735 782 4789 ad
841 4734 1191 4789 deferendum
1244 4733 1371 4788 illud
1423 4734 1473 4787 iu
1531 4736 1642 4789 Au-

101 4816 245 4883 gliatn.
766 4838 771 4841 ’

153 4911 365 4983 [ιΔιιηο
433 4918 647 4974 Domini
701 4917 988 4974 millesimo
1042 4916 1437 4989 septuagesimo
1500 4916 1642 4972 Lan-

104 5001 278 5079 imucus
298 5014 600 5081 pmdictus,
624 5011 773 5083 prius
800 5008 1096 5065 monachus
1119 5008 1419 5071 Beccensis,
1450 5006 1644 5064 deinde

104 5095 236 5153 abbas
278 5104 644 5173 Cadomensis,
691 5103 1019 5160 constitutus
1068 5110 1155 5157 est
1204 5102 1645 5172 archiepiscopus

105 5187 495 5264 Canutariensis,
557 5198 650 5253 ubi
703 5196 1049 5252 laudabiliter
1116 5203 1172 5249 et
1216 5196 1452 5267 gloriose
1510 5196 1647 5250 vixit

104 5280 156 5333 ad
198 5288 480 5358 exemplum
533 5289 777 5347 omnium
825 5288 1090 5343 honorum
1166 5287 1352 5343 deccat
1418 5294 1473 5340 et
1519 5296 1644 5342 octo

108 5373 249 5431 amis.
1020 5428 1021 5431 η
1308 5426 1309 5429 η

160 5464 290 5524 Anno
335 5472 538 5529 Domini
582 5473 868 5529 millesima
911 5469 1311 5542 septuagesimo
1361 5468 1549 5532 tertio,
1592 5468 1645 5524 in

108 5551 255 5622 Vigilia
303 5560 601 5619 festivitatis
654 5564 908 5620 Omnium
979 5564 1344 5626 Sanctorum,
1393 5560 1644 5616 monachi

109 5637 381 5719 Beccenses,
426 5664 685 5712 exeuntes
729 5657 797 5711 de
823 5656 995 5726 prima
1035 5654 1207 5711 veteri
1241 5651 1504 5717 ecclesia,
1553 5668 1644 5708 so-

116 5730 245 5791 lemni
296 5750 627 5812 processione
680 5758 736 5803 et
787 5762 995 5817 magna:
1050 5746 1355 5804 devotionis
1405 5745 1643 5817 gaudio,

1747 4636 1990 4691 dumadte
2018 4637 2259 4708 ejusdem
2292 4640 2515 4696 mensis.

1816 4729 2047 4796 Quidam
2076 4730 2182 4795 vir,
2212 4730 2500 4789 Goselinus
2552 4736 2788 4800 nomine,
2840 4739 2909 4794 de
2949 4740 3070 4797 villa
3113 4759 3233 4814 quae
3259 4748 3346 4803 di-

1745 4824 1886 4878 citur
1920 4823 2207 4887 ΜυιΜίΙΙιι,
2243 4825 2348 4880 sita
2378 4826 2430 4881 in
2479 4842 2617 4899 pago
2649 4828 3097 4904 Rothomagensi,
3146 4841 3346 4896 ardens

1745 4917 1919 4973 ambis
1976 4916 2248 4989 pedibus,
2300 4918 2599 4975 innumeris
2657 4925 2923 4993 angustiis
2970 4935 3025 4982 et
3072 4927 3348 4989 dolonibus
3396 4962 3401 4966 ο

1749 5010 2113 5081 cruciabatur.
2149 5009 2287 5069 Cum
2320 5018 2502 5066 autem
2543 5013 2646 5069 hoc
2672 5017 2985 5083 pertulisset
3021 5028 3127 5073 uno
3162 5037 3349 5079 mense

1748 5101 1947 5170 pleno,
2005 5102 2056 5156 id
2111 5117 2196 5160 εει
2270 5117 2304 5158 a
2356 5101 2610 5160 Kalendis
2666 5104 2991 5163 Novembris
3059 5125 3232 5181 usque
3277 5116 3347 5169 ad

1749 5194 2017 5251 Kalendas
2047 5195 2391 5263 Decembris,
2440 5206 2494 5252 et
2524 5197 2597 5252 illi
2640 5199 2844 5254 nullum
2892 5202 3186 5256 remedium
3218 5219 3346 5273 pro-

1749 5288 2019 5351 venisset,
2046 5289 2140 5343 sed
2168 5304 2235 5344 ex
2271 5307 2418 5346 ounu
2448 5297 2608 5360 parte
2635 5289 2785 5346 illum
2814 5290 3051 5348 miseriae
3085 5308 3350 5365 occupas-

1751 5389 1906 5445 sent;
1939 5380 2065 5451 quia
2092 5397 2267 5452 neque
2305 5384 2508 5451 cibum,
2543 5397 2720 5453 neque
2749 5393 2954 5453 potum,
2986 5401 3162 5458 neque
3201 5405 3349 5446 som-

1751 5488 1881 5527 num
1936 5488 2217 5545 perctpere
2266 5487 2519 5549 poterat,
2571 5490 2753 5545 neque
2790 5475 2967 5546 aliqua
3007 5482 3226 5550 requies
3270 5482 3347 5539 illi

1749 5573 1914 5635 esset,
1948 5582 2108 5632 uxor,
2148 5576 2202 5623 et
2250 5570 2411 5624 amici
2438 5577 2602 5640 atque
2646 5567 2815 5642 vicini
2864 5567 2981 5635 ejus
3022 5584 3348 5631 monuerunt

1749 5666 1872 5708 eum
1900 5650 1903 5653 ’
1928 5663 1986 5709 ut
2019 5656 2085 5711 ad
2117 5655 2375 5713 Sanctum
2406 5659 2703 5715 Leobinum
2732 5659 2788 5716 in
2815 5658 3047 5717 Carnote
3070 5674 3342 5732 pergeret,

1748 5749 1888 5804 etin
1921 5748 2107 5805 lectica
2153 5751 2278 5807 ferri
2331 5767 2390 5808 se
2422 5753 2639 5812 faceret.
2687 5754 2896 5823 Quibus
2928 5755 3016 5813 ille
3067 5757 3356 5829 responlfit‘
