3886 6292
514 315 614 370 ϐιΠ

1502 306 1590 361 AD
1629 305 1854 365 OPEBA
1894 306 1955 362 Β.
1997 306 2389 366 LANFRANCI
2426 311 2786 369 APPENDIX.
3670 326 3749 385 ωδ

511 446 573 485 se
601 445 705 484 non
735 426 947 498 longius
978 425 1059 479 ire
1085 440 1247 495 quam
1279 440 1450 495 usque
1483 426 1548 479 ad
1574 426 1901 481 Beccensem
1928 426 2099 481 cccle-
2136 432 2180 486 Α
2210 429 2508 485 monachus
2541 431 2716 495 Bccci,
2754 432 2949 488 deinde
2982 433 3150 491 abbas
3179 436 3551 503 Cadomcusis,
3597 441 3657 495 ad
3684 446 3747 498 ul-

512 522 647 595 siam
674 535 794 589 qua:
822 528 941 574 erat
984 518 1037 572 in
1068 518 1268 584 vicino,
1299 533 1404 573 non
1433 517 1552 589 plus
1587 535 1695 575 uno
1738 520 2013 584 milliario,
2044 529 2101 577 et

511 612 815 666 testabatur
844 610 1047 665 habere
1073 624 1133 665 se
1159 609 1318 664 (idem
1348 609 1459 665 illic
1494 623 1655 679 posse
1685 613 1928 681 recipere
1956 611 2101 666 saui-

511 712 678 758 tatem
732 704 987 775 precibus
1035 704 1208 758 beata:
1255 700 1437 756 Mariae
1501 700 1689 757 Matris
1739 701 1992 767 Domini,
2045 703 2097 757 in

513 797 670 867 cujus
705 798 965 854 honorem
993 805 1075 852 est
1104 804 1416 852 consecrata
1447 796 1563 865 ipsa
1590 796 1844 860 ecclesia,
1889 806 1943 851 et
1986 812 2099 853 me-

516 892 633 946 ritis
660 890 890 945 aliorum
918 898 1265 952 sanctorum;
1301 896 1355 942 et
1391 897 1450 942 ttt
1488 887 1624 941 dixit
1660 888 1731 942 ita
1771 888 1923 944 fecit.
1955 896 2009 942 et
2042 899 2099 943 ut

510 982 743 1037 credidit
774 982 847 1036 ita
874 982 1073 1037 evenit.
1110 980 1345 1035 Veniens
1389 979 1554 1048 igitur
1581 980 1648 1033 ad
1685 995 1895 1035 sacram
1920 981 2100 1035 eccle-

510 1075 649 1129 siam
708 1076 881 1143 prima
946 1074 1223 1129 Dominica
1282 1071 1606 1136 Adventus,
1650 1086 1771 1141 quae
1835 1075 2103 1145 contingit

511 1168 672 1221 tertio
699 1165 878 1221 Nonas
902 1166 1238 1229 Decembris,
1266 1165 1506 1229 perstitit
1532 1165 1585 1218 in
1616 1165 1826 1233 porticu
1857 1166 2100 1222 ecclesiae

510 1259 629 1328 ipso
679 1260 763 1313 die
812 1268 869 1313 et
912 1258 1193 1328 sequenti,
1244 1258 1405 1312 tertio
1465 1271 1596 1312 vero
1647 1258 1735 1313 die
1785 1262 1951 1328 erepit
2004 1259 2101 1314 aii-

436 1420 439 1421 ,
507 1350 824 1420 quantulum
854 1351 1166 1420 quiescere;
1217 1358 1396 1405 actum
1436 1360 1519 1405 est
1567 1360 1747 1406 autem
1797 1362 1859 1407 ut
1904 1363 2099 1422 quarto

507 1442 596 1497 die
626 1442 868 1497 eveniret
915 1440 1183 1498 festivitas
1224 1442 1366 1497 beati
1402 1441 1630 1497 Nicoiai.
1662 1443 1738 1497 Eo
1763 1444 1870 1509 die,
1902 1459 2097 1501 aurora

503 1531 617 1602 jam
647 1531 1011 1596 illucescente,
1039 1546 1162 1586 cum
1180 1530 1387 1599 janitor
1406 1532 1647 1587 ecclesia:
1673 1533 1853 1600 Becci,
1882 1535 2099 1589 nomiae

506 1624 777 1687 Joannes,
831 1624 1132 1695 aperuisset
1171 1624 1364 1695 januas
1390 1664 1406 1689 ,
1458 1626 1811 1681 reminiscens
1855 1626 2053 1683 inﬁrmi
2081 1667 2097 1693 ,

509 1715 729 1771 divertit
767 1719 835 1770 ad
857 1730 980 1772 eum
1011 1714 1097 1769 ubi
1141 1714 1376 1785 iacebat,
1408 1715 1499 1786 qui
1549 1716 1757 1773 invenit
1798 1732 1923 1773 eum
1962 1719 2098 1789 vigi-

2207 519 2394 599 timntu
2443 523 2886 593 archiepiscopus
2916 525 3330 583 Cautuarieusis
3373 527 3559 584 decem
3586 538 3634 586 et
3670 550 3748 591 uo.

2203 626 2323 667 vent
2349 614 2524 669 anuis.

2275 702 2543 775 Tempore
2575 705 2633 761 S.
2660 707 2901 763 Auselmi
2944 708 3154 764 abbatis
3179 708 3341 765 Becci
3384 718 3498 764 tres
3526 721 3749 771 matrona

2202 794 2413 848 nobiles
2452 795 2721 851 dederunt
2762 812 2822 852 se
2874 798 2925 852 iu
2980 798 3374 868 subjectiouem
3405 798 3585 865 Becci,
3631 802 3748 859 vitie-

2202 882 2329 938 licet
2355 885 2552 940 Basilia
2590 903 2730 941 uxor
2759 887 3002 958 [lagonis
3037 890 3103 943 de
3128 889 3396 956 Garuato,
3452 899 3509 945 et
3543 891 3746 949 Autlrila

2203 976 2382 1043 neptis
2409 976 2580 1045 ipsius
2606 977 2842 1042 Basilius,
2872 986 2926 1033 et
2956 978 3063 1032 Eva
3097 994 3234 1034 uxor
3278 978 3555 1035 Guillelmi
3581 980 3748 1051 Crispi-

2203 1064 2280 1118 ni.
2323 1063 2453 1131 Quas
2481 1075 2593 1122 tres
2622 1080 2746 1123 cum
2773 1068 2934 1124 simul
2963 1068 3120 1125 Becci
3148 1070 3418 1135 viverent,
3445 1071 3592 1138 quasi
3648 1087 3748 1127 rou-

2202 1151 2459 1207 dixerunt
2477 1153 2582 1209 sibi
2618 1164 2677 1209 ut
2702 1155 2772 1211 de
2796 1156 2901 1211 hoc
2933 1157 3134 1212 mundo
3161 1171 3270 1211 una
3304 1168 3429 1227 post
3454 1157 3611 1211 aliam
3635 1166 3749 1214 tran-

2200 1244 2392 1309 sirent,
2417 1254 2472 1299 et
2503 1253 2612 1300 tres
2638 1244 2953 1301 Dominicas
2982 1245 3280 1316 elegerunt,
3307 1248 3360 1300 in
3390 1248 3586 1317 quibus
3608 1248 3745 1303 vitant

2204 1333 2441 1389 finirent.
2474 1334 2651 1389 Prima
2676 1344 2878 1398 autem,
2914 1336 3125 1391 scilicet
3150 1336 3397 1391 Amfrida
3454 1338 3652 1393 Basilica
3678 1356 3749 1395 nco

2201 1426 2328 1496 ptis,
2364 1441 2485 1495 qua:
2522 1426 2700 1481 minor
2721 1433 2840 1481 erat
2870 1432 3049 1490 aetate,
3082 1428 3233 1497 virgo
3261 1435 3445 1481 autem
3477 1441 3686 1498 corpore
3707 1438 3749 1484 et

2204 1517 2313 1571 Deo
2336 1525 2573 1583 sacrata,
2600 1516 2800 1571 decidit
2824 1516 2879 1570 in
2906 1517 3304 1586 aegritudinem,
3353 1525 3415 1572 et
3434 1516 3577 1570 venit
3599 1519 3659 1571 ad
3683 1533 3748 1573 et-

2203 1615 2415 1663 trenum
2451 1606 2751 1675 Dominica,
2798 1617 2995 1677 quarto
3031 1606 3215 1663 Nonas
3249 1606 3523 1663 Januarii.
3556 1607 3660 1675 Qua
3683 1624 3747 1665 te-

2202 1700 2375 1771 pulta,
2426 1700 2592 1771 capit
2632 1699 2899 1755 inﬁrmari
2954 1698 3154 1757 Dasilia
3207 1701 3429 1757 domina
3474 1699 3613 1769 ejus;
3656 1717 3749 1773 qua

508 1806 736 1872 lantem,
755 1814 1111 1876 etautequam
1139 1821 1261 1861 eum
1287 1805 1488 1878 aliquid
1513 1807 1919 1880 interrogasset,
1949 1778 2099 1865 infir-

2208 1806 2325 1846 cum
2350 1804 2449 1861 per
2474 1790 2683 1861 aliquot
2709 1789 2827 1845 dies
2870 1790 3023 1862 gravi
3061 1790 3511 1845 incommoditate
3544 1793 3748 1860 corporis

508 1911 630 1953 mus
654 1911 777 1952 eum
809 1898 1141 1967 praeveniens
1188 1898 1322 1953 dixit
1368 1913 1426 1954 se
1461 1906 1632 1953 totum
1676 1900 2008 1954 exstinctum
2044 1911 2100 1955 et

509 2003 733 2053 sanum;
783 1988 986 2059 jauitor
1037 1996 1378 2060 Interrogans
1432 1991 1648 2061 quando
1695 2000 1749 2045 et
1792 1993 2100 2061 quomodo?

510 2080 599 2134 ille
630 2078 927 2148 respondit.
958 2077 1092 2134 Tota
1142 2076 1243 2133 ista
1291 2086 1450 2134 nocte
1487 2079 1625 2135 bene
1671 2081 1875 2144 habui,
1922 2082 2096 2135 media

509 2180 693 2225 autem
755 2179 914 2224 nocte
967 2168 1290 2233 obdormivi,
1345 2180 1399 2224 et
1450 2154 1791 2239 postmodum
1839 2171 2100 2241 evigilans

508 2261 688 2314 iuveni
721 2276 806 2315 me
848 2268 1019 2314 totum
1067 2262 1419 2323 exstinctum,
1478 2270 1533 2314 et
1595 2260 1994 2328 refrigeratum,
2046 2270 2100 2317 et

508 2369 651 2407 nunc
705 2352 798 2407 Dei
844 2353 1016 2421 gratia
1063 2353 1203 2408 bene
1256 2352 1386 2406 mihi
1417 2354 1747 2419 est,nter2tis
1773 2354 2100 2408 beatissima:

511 2440 771 2513 Virginis,
812 2442 866 2496 iu
913 2440 1068 2510 cujus
1120 2442 1327 2495 honore
1376 2442 1479 2497 itta
1523 2441 1752 2497 ecclesia
1792 2452 1875 2497 est
1914 2457 2103 2497 conse-

509 2541 683 2587 crata.
713 2532 909 2587 Actum
939 2542 1021 2587 est
1061 2532 1164 2587 hoc
1212 2547 1356 2586 anno
1389 2532 1780 2587 incarnationis
1813 2532 2102 2587 Dominica:

510 2624 796 2680 millesimo
851 2623 1151 2679 centesimo
1202 2624 1510 2685 undecimo,
1564 2638 1749 2678 mense
1795 2623 2099 2690 Decembri,

505 2715 599 2784 qui
645 2722 730 2770 est
777 2714 920 2784 apud
977 2712 1234 2767 llebrazos
1282 2712 1544 2777 decimus,
1574 2713 1712 2782 apuil
1759 2727 1858 2767 nos
1904 2713 2105 2768 duode-

509 2792 701 2861 (timus.

584 2891 850 2949 Defuncto
877 2892 1060 2961 itaque
1090 2898 1243 2959 patre
1280 2888 1539 2946 Herluiuo
1578 2892 1808 2961 septimo
1834 2892 2102 2951 Kalendas

509 2984 851 3055 Septembris
880 3024 895 3050 ,
949 2998 1093 3037 anno
1134 2981 1314 3037 aetatis
1362 2998 1474 3037 suae
1522 2984 1856 3055 octogesimo
1907 2994 2101 3055 quarto

507 3074 864 3133 monachatus
894 3087 1022 3129 vero
1069 3074 1484 3144 quadragesimo
1527 3083 1754 3144 quarto,
1787 3076 1976 3145 paucis
2022 3078 2101 3132 iu-

510 3166 788 3237 terpositis
826 3166 1016 3220 diebus
1044 3207 1060 3232 ,
1102 3164 1309 3221 electus
1360 3174 1440 3221 est
1488 3167 1654 3221 abbas
1703 3165 1942 3232 ejusdem
1992 3169 2096 3225 loci

505 3257 818 3324 Anselmus,
871 3256 964 3327 qui
1013 3257 1162 3327 prior
1215 3256 1521 3326 quindecim
1561 3258 1717 3314 annis
1768 3259 1959 3314 fuerat.
2010 3259 2101 3317 Se.

507 3350 696 3420 quenti
743 3364 873 3405 vero
907 3363 1050 3405 anno
1097 3348 1151 3403 iu
1206 3348 1499 3405 festivitate
1551 3351 1725 3406 sancti
1762 3351 1929 3418 Petri,
1981 3368 2101 3423 quae.

508 3441 709 3497 dicitur
748 3439 1041 3506 Catliedra,
1072 3440 1387 3497 benedictus
1435 3450 1519 3496 est
1560 3443 1728 3498 abbas
1774 3445 1828 3499 in
1870 3445 2099 3502 ecclesia

510 3531 692 3599 Becci,
721 3531 792 3586 ab
819 3531 1135 3587 Ebroicensi
1165 3532 1419 3601 episcopo
1455 3532 1780 3589 Gislelierto.

577 3624 740 3678 Auno
796 3621 1007 3679 Domini
1080 3623 1368 3679 millesimo
1425 3625 1762 3694 octogesimo
1812 3628 2052 3684 secundo
2083 3668 2099 3695 ,

509 3714 795 3770 translatio
847 3715 1240 3771 monachorum
1287 3714 1443 3771 Becci
1473 3755 1487 3782 ,
1538 3719 1678 3788 apud
1742 3717 2101 3775 Couflanitum

510 3807 987 3873 commorantium,
1018 3822 1047 3862 a
1084 3808 1251 3863 veteri
1275 3807 1530 3872 ecclesia,
1560 3823 1679 3878 qua:
1727 3808 1940 3880 Capella
1971 3811 2105 3866 dici-

512 3907 625 3963 tur,
660 3897 727 3951 ad
761 3913 956 3953 novam
984 3899 1290 3963 ecclesiam,
1327 3916 1453 3956 cum
1482 3915 1711 3972 corpore
1742 3912 1945 3957 sancta
1997 3904 2105 3961 llo-
2136 3932 2139 3935 ι

513 3991 739 4055 ιιοτίιιω,
765 4006 887 4047 cum
916 3991 1032 4046 Yvo
1072 3992 1141 4046 de
1178 3991 1518 4047 Beliumonte
1570 4008 1753 4049 comes
1797 4009 1961 4064 super
1995 3995 2106 4050 lsa-

514 4097 655 4147 ram,
695 4091 749 4137 et
773 4082 1013 4138 Adeiidis
1057 4099 1194 4138 uxor
1234 4082 1372 4151 ejus,
1402 4083 1643 4139 volentes
1685 4085 1737 4139 iu
1767 4084 1999 4142 ecclesia
2040 4087 2101 4143 Β.

514 4171 806 4229 Honorium
829 4175 896 4229 de
920 4172 1316 4230 Coulluentium
1333 4190 1362 4229 a
1384 4176 1665 4232 monachis
1680 4176 1790 4232 Deo
1819 4177 2102 4246 deserviri,

513 4266 778 4322 dederunt
822 4279 942 4322 eam
977 4273 1034 4320 et
1061 4265 1243 4321 omnia
1277 4267 1344 4321 ad
1375 4282 1495 4322 eam
1542 4270 1866 4338 pertinentia
1915 4288 2105 4327 mona-

512 4359 680 4414 sterio
707 4357 989 4423 Becceusi,
1021 4356 1122 4412 sub
1158 4356 1324 4413 libera
1375 4367 1641 4430 potestate
1687 4371 1740 4418 et
1766 4363 2106 4421 ordinatione

511 4450 765 4505 abbatum
807 4447 1016 4520 praefati
1059 4449 1316 4510 cmuobii.
1367 4449 1506 4508 Huic
1545 4451 1822 4510 donationi
1849 4472 2103 4511 reveren-

514 4544 614 4596 dus
642 4542 927 4613 episcopus
951 4539 1277 4596 Parisiensis
1305 4542 1618 4611 Godfridus,
1650 4546 1717 4603 de
1762 4547 1914 4617 cujus
1943 4565 2096 4620 paro-

496 4632 635 4703 _chia
668 4631 928 4687 beneficio
950 4641 1054 4695 est,
1086 4630 1136 4702 5
1171 4642 1230 4687 ut
1257 4639 1473 4706 semper
1511 4653 1626 4693 mos
1652 4650 1736 4694 cst
1767 4640 1925 4697 bouis
1963 4642 2099 4697 bene

515 4723 652 4777 actis
689 4721 893 4785 favere,
916 4735 1040 4775 cum
1071 4724 1348 4780 canonicis
1389 4727 1629 4784 ecclesia:
1665 4730 1878 4786 Sancta“:
1921 4731 2102 4788 Maria:

513 4810 862 4875 Parisiensis,
891 4816 1482 4883 consensit;Ecclesiae
1529 4836 1641 4876 sum
1687 4836 1974 4878 reservans
2017 4836 2098 4889 ut,

515 4906 560 4960 si
591 4906 807 4977 quando
839 4905 1015 4977 aliqua
1046 4907 1253 4965 ratione
1282 4910 1532 4982 exigente
1572 4929 1668 4983 per
1695 4922 1863 4972 totum
1895 4916 2103 4985 episco-

514 5008 702 5066 patum
730 4996 1109 5063 l’arisiensetu,
1140 5008 1233 5054 aut
1277 5002 1327 5055 in
1360 5004 1616 5072 prmdicto
1646 5013 1854 5059 tantum
1902 5017 2100 5073 castro,

518 5087 760 5141 divinum
811 5088 1044 5145 cilicium
1100 5091 1383 5164 episcopus
1444 5093 1765 5150 Parisiensis
1829 5097 2103 5154 celebrare

520 5178 851 5247 prohibuerit
882 5183 1110 5251 publice,
1133 5184 1380 5239 monachi
1410 5186 1460 5240 in
1491 5187 1633 5241 dicta
1662 5188 1887 5243 ecclesia
1919 5190 2101 5245 deser-

518 5269 768 5338 vieutes,
825 5283 946 5344 post
1001 5288 1309 5344 perceptam
1370 5278 1455 5331 ah»
1514 5278 1809 5349 episcopo,
1862 5282 1940 5335 vel
1986 5283 2103 5354 ejus

511 5363 737 5428 lntncio,
760 5364 1079 5434 iussionem,
1111 5370 1499 5426 observalmut.

524 5502 525 5505 η
590 5451 747 5507 Auno
780 5455 1075 5512 Dominica:
1109 5458 1505 5513 Iucarnationis
1555 5461 1839 5518 millesimo
1890 5474 2106 5536 octoge-

501 5540 664 5599 ‘sitno
699 5557 861 5611 nono,
889 5546 1025 5601 obiit
1064 5547 1166 5615 pice
1219 5549 1490 5605 memoria:
1543 5549 1899 5621 Lanl‘raneus,
1955 5559 2104 5626 prius

2132 4500 2183 4561 ι)

2200 1882 2600 1948 molestaretur,
2629 1881 2805 1937 velata
2830 1890 2916 1937 est
2942 1897 2973 1936 a
3020 1879 3312 1938 Guillelmo
3361 1881 3747 1952 Rothomagensi

2201 1974 2633 2043 archiepiscopo,
2698 1975 2888 2044 sicque
2931 1972 3187 2029 defuncta
3217 1983 3302 2029 est
3350 1974 3459 2027 alia
3509 1972 3745 2029 Dominira

2202 2067 2412 2122 decimo
2441 2066 2673 2137 septimo
2710 2065 2977 2122 Calendas
3005 2065 3305 2131 Februarii,
3344 2074 3402 2121 et
3462 2067 3653 2135 sepulta
3686 2078 3748 2122 εει

2201 2167 2260 2212 ut
2288 2157 2447 2213 talem
2477 2172 2769 2227 personam
2823 2157 3069 2212 decebat.
3129 2157 3333 2224 Tertia,
3356 2188 3361 2191 η
3384 2156 3518 2223 Eva,
3550 2172 3643 2212 nou
3682 2159 3748 2211 diu

2204 2248 2531 2316 supervixit,
2556 2264 2678 2301 nam
2731 2256 2894 2303 aetate
2941 2260 2998 2304 et
3022 2247 3244 2319 jejuuiis
3272 2256 3573 2313 attenuata,
3619 2251 3748 2317 cu:th

2202 2350 2424 2410 repente
2448 2340 2653 2395 viribus
2682 2340 2926 2410 corporis
2955 2340 3198 2396 destitui.
3231 2341 3361 2396 Post
3384 2350 3611 2396 mortem
3634 2346 3747 2397 enim

2204 2434 2301 2487 viri
2332 2434 2414 2488 sui
2440 2431 2710 2489 Guillelmi
2750 2432 2991 2505 Crispini
3019 2435 3165 2489 oumi
3190 2435 3542 2489 continentiae
3566 2449 3619 2489 se
3636 2450 3747 2488 man-

2202 2523 2424 2595 cipavit,
2457 2524 2728 2595 Beccique
2752 2526 3011 2596 usquead
3044 2527 3203 2580 liuent
3235 2527 3361 2580 vitae
3391 2528 3445 2581 in
3480 2526 3567 2581 Dei
3615 2528 3749 2581 servi-

2206 2616 2279 2671 tio
2302 2614 2705 2685 perseveravit;
2745 2613 2858 2668 hzec
2888 2622 3013 2666 ante
3039 2611 3226 2683 plures
3250 2628 3423 2668 armos
3456 2629 3656 2668 sacrum
3685 2629 3747 2667 rc-

2203 2705 2379 2760 lameu
2410 2710 2697 2773 acceperat
2753 2716 2783 2755 a
2834 2702 3097 2771 praedicto
3138 2702 3445 2757 Gttillertno
3495 2701 3746 2758 Rolboula-

2203 2796 2354 2870 geusi
2387 2795 2821 2864 archiepiscopo.

2268 2889 2515 2959 Cumque
2545 2888 2598 2942 in
2632 2887 2749 2942 dies
2779 2886 3009 2958 languor
3035 2895 3312 2941 cresceret
3335 2894 3391 2939 et
3436 2886 3550 2956 ipsa
3595 2886 3740 2956 quoti-

2204 2986 2291 3041 die
2340 2984 2406 3039 ad
2455 2983 2742 3039 ecclesiam
2801 2990 3071 3053 pergeret,
3100 2982 3187 3035 die
3257 2980 3569 3036 festivitatis
3614 2983 3746 3036 sancti

2210 3075 2497 3141 Vincentii,
2530 3088 2690 3128 tuane
2716 3072 2840 3127 fecit
2863 3086 2923 3128 se
2953 3073 3005 3126 itt
3037 3071 3324 3127 ecclesiam
3355 3071 3505 3135 duci,
3553 3071 3746 3141 ibiquea

2207 3175 2319 3221 toto
2369 3174 2635 3221 conventu
2688 3163 2907 3218 visitata
2959 3170 3123 3233 atque
3173 3162 3396 3217 inuncta
3444 3175 3570 3217 ante
3613 3162 3746 3215 altare

2206 3256 2492 3320 Crucilixi,
2535 3263 2591 3310 et
2635 3262 2834 3310 caetera
2889 3268 3010 3323 qua:
3060 3252 3419 3308 morientibus
3469 3251 3746 3307 Christiau’s

2203 3346 2381 3405 solent
2408 3346 2651 3403 exhiberi
2683 3344 2955 3417 persoluta
2990 3351 3114 3399 sunt
3136 3344 3208 3398 ei.
3274 3343 3521 3411 Cumque
3549 3353 3746 3395 conven-

2205 3450 2294 3495 tus
2319 3440 2618 3504 recederet,
2666 3437 2886 3493 elevata
2932 3450 3099 3490 manu
3142 3433 3378 3505 signavit
3422 3448 3519 3489 eos
3565 3432 3744 3487 dicens:

2204 3536 2316 3593 Deo
2344 3550 2441 3591 vos
2460 3533 2800 3598 commendo,
2832 3531 2961 3599 lilii;
2995 3531 3253 3603 diligebat
3282 3529 3432 3586 enim
3462 3538 3569 3582 tam
3600 3537 3745 3583 tenere

2205 3642 2304 3683 nos
2326 3625 2479 3697 quasi
2504 3638 2695 3680 omnes
2716 3622 3038 3694 peperisset.
3068 3620 3273 3678 Deinde
3297 3622 3521 3675 duilium
3545 3619 3744 3680 reducta,

2205 3719 2332 3775 dum
2368 3718 2434 3772 ad
2467 3717 2645 3773 locum
2669 3716 2902 3781 sederet,
2926 3713 3172 3784 sequenti
3194 3720 3355 3768 nocte
3382 3711 3614 3767 transiit.
3640 3708 3745 3764 Cum

2207 3813 2273 3868 ad
2303 3813 2507 3869 exitum
2536 3810 3017 3882 appropinquaret,
3043 3805 3271 3862 aderant
3314 3806 3515 3861 fratres
3553 3812 3608 3858 ut
3637 3801 3744 3873 psal-

2206 3904 2311 3960 mis
2338 3914 2394 3958 et
2412 3902 2756 3960 orationibus
2778 3900 2827 3955 ei
2883 3898 3270 3965 subvenirent;
3315 3898 3464 3952 inter
3512 3910 3636 3966 quos
3675 3893 3746 3948 fuit

2206 3996 2423 4067 quidam
2451 3993 2641 4062 frater,
2672 3993 2893 4049 nomine
2922 3991 3260 4062 Rodulphns,
3287 3990 3379 4062 qui
3412 4005 3534 4045 eam
3582 3986 3747 4057 rogavit

2207 4096 2287 4153 ut,
2326 4086 2370 4141 si
2394 4084 2649 4155 possibile
2670 4091 2833 4147 esset,
2859 4090 2982 4153 post
3009 4089 3242 4136 mortem
3271 4083 3319 4135 ei
3345 4095 3613 4151 apparens
3638 4078 3745 4132 dier-

2207 4187 2291 4235 ret
2316 4177 2462 4249 quod
2494 4176 2813 4233 invenisset.
2844 4176 2915 4229 At
2968 4173 3056 4229 illa
3097 4174 3401 4244 respondit,
3454 4174 3501 4228 si
3552 4172 3676 4227 Deus
3712 4168 3746 4223 ei

2207 4270 2548 4327 concederet.
2596 4267 2796 4338 Sicque
2838 4266 3096 4323 defuncta
3143 4274 3228 4322 est
3274 4266 3436 4321 tertia
3492 4263 3746 4324 Dominica,

2209 4363 2420 4419 decimo
2447 4361 2719 4417 Kalendas
2745 4360 3049 4425 Februarii,
3078 4366 3153 4426 et,
3213 4360 3402 4430 paucis
3462 4356 3748 4429 interpositis

2209 4456 2396 4512 diebus
2424 4462 2709 4526 postquam
2752 4451 3004 4509 defuncta
3057 4461 3160 4515 est,
3197 4451 3453 4521 apparuit
3484 4451 3629 4506 fratri
3656 4450 3747 4504 dOr-

2210 4546 2414 4602 mienti.
2440 4544 2613 4611 Quam
2643 4559 2765 4600 cum
2791 4544 3040 4609 vidisset,
3061 4543 3136 4597 ait
3165 4561 3177 4596 ς
3215 4542 3357 4609 Quid
3405 4552 3511 4607 est,
3535 4539 3749 4597 domina?

2209 4638 2490 4707 Quomodo
2521 4648 2571 4693 te
2614 4638 2818 4692 habes?
2855 4635 3153 4702 Respondit
3202 4651 3262 4690 se
3301 4635 3580 4705 sexaginta
3617 4646 3747 4687 annos

2209 4733 2544 4804 poenitentiae
2594 4731 2904 4801 accepisse;
2964 4740 3018 4786 et
3074 4745 3197 4783 cum
3243 4728 3335 4784 ille
3401 4728 3746 4798 obstupuisse',

2210 4824 2455 4895 qmrsivit
2483 4838 2724 4878 causam.
2753 4822 2818 4877 Et
2844 4822 2914 4876 ait
2956 4840 2969 4876 :
3013 4820 3147 4889 Quia
3183 4835 3380 4891 parvos
3402 4834 3581 4887 canes,
3607 4828 3653 4874 et
3671 4817 3747 4870 alia

2211 4915 2516 4985 hujusmodi
2553 4914 2727 4979 varia,
2780 4928 2901 4984 qua:
2928 4913 3181 4968 homines
3208 4925 3307 4981 pro
3338 4911 3514 4967 nihilo
3562 4911 3745 4966 ducunt.

2210 5005 2401 5069 amavi,
2434 5013 2489 5059 et
2530 5003 2673 5058 ultra
2730 5003 2948 5059 modum
2983 5002 3035 5057 in
3066 5002 3133 5057 iis
3172 5002 3442 5057 delectata
3483 5016 3627 5067 sum;
3656 5000 3748 5053 ideo

2212 5099 2372 5154 talem
2412 5098 2785 5169 paenitentiam
2842 5100 3047 5169 accepi.
3097 5097 3166 5153 Et
3203 5098 3282 5153 sic
3333 5097 3487 5153 vides
3535 5093 3663 5166 quod
3687 5092 3748 5145 ba!

2213 5202 2325 5247 tres
2356 5192 2604 5253 dominas,
2641 5190 2815 5245 tribus
2846 5191 3144 5245 Dominicis
3166 5191 3367 5246 szeculo
3389 5191 3745 5260 migravemut:

2208 5285 2402 5355 prima,
2436 5288 2489 5339 in
2527 5294 2680 5355 parte
2710 5285 2920 5350 noctis;
2957 5285 3218 5350 secunda,
3248 5284 3427 5339 media
3460 5290 3626 5344 nocte,
3649 5278 3747 5331 dum

2209 5385 2561 5432 cantarentur
2589 5376 2896 5443 matutinae;
2920 5376 3101 5441 tertia,
3127 5391 3308 5441 mane,
3329 5378 3456 5431 dum
3482 5380 3750 5431 caularclnr

2207 5468 2404 5539 prima.

2289 5558 2424 5614 Nota
2455 5560 2615 5630 quod,
2651 5571 2708 5616 ut
2735 5561 2898 5617 refert
2923 5560 3161 5618 llistoria
3195 5561 3261 5617 de.
3319 5562 3476 5616 beato
3512 5554 3743 5612 Anselma,
