3864 6304
110 260 192 317 δερ
1308 259 1705 316 Cill’tONlCON
1744 259 2120 318 BECCENSE.

3227 275 3332 339 650

94 392 184 445 per
205 374 337 427 illum
364 388 453 442 qm
481 387 716 442 praisens
738 386 858 425 cum
885 372 976 425 illo
1001 383 1119 426 erat
1143 371 1278 444 (69),
1307 375 1397 442 qtti
1424 375 1503 427 sic
1534 376 1609 426 ait
1635 387 1649 425 :
1682 384 1727 437 Α
1822 376 1979 427 Anno
2010 383 2188 428 autem
2225 376 2510 431 millesimo
2559 383 2909 452 nonagesimo
2957 394 3170 439 octavo.
3227 389 3335 439 Au-

106 468 315 520 Attestor
346 463 510 517 Deum
547 479 631 517 me
679 478 820 532 saepe
851 463 997 517 illum
1048 464 1147 518 sub
1195 463 1443 518 veritatis
1499 464 1650 518 testi-

106 558 254 612 inonio
284 558 497 612 audisse
534 565 920 628 protestantem
950 556 1091 625 quod
1118 556 1381 611 libentius
1406 556 1566 611 vellet
1596 557 1646 611 in

103 649 479 721 congregatione
509 651 917 714 monachorum,
954 649 1073 704 loco
1101 651 1252 720 pueri
1289 651 1429 704 inter
1452 656 1649 719 pueros

102 738 181 794 sub
208 741 337 809 virga
376 740 624 809 magistri
672 754 890 809 pavere,
954 754 1117 809 quain
1167 753 1265 810 per
1321 740 1646 809 pastoralem

101 850 252 887 curaui
279 833 368 887 toti
402 830 699 887 Britannia:
721 833 996 903 przelatus,
1028 833 1080 887 iu
1124 845 1391 889 conventu
1422 834 1647 905 pepnlo-

102 942 214 999 rum,
240 916 510 981 cathedrae
537 926 832 997 pontificali
862 927 1171 995 praesidere.

153 1017 358 1094 Sublato,
392 1020 458 1073 de
476 1020 591 1093 hac
612 1020 722 1072 vita
765 1020 1059 1105 venerabili
1089 1018 1271 1085 Patre,
1301 1028 1358 1073 ut
1388 1014 1645 1084 diximus,

99 1110 383 1179 meranco,
429 1126 531 1166 rex
573 1111 869 1182 Anglorum
920 1109 1237 1166 Willermus
1283 1111 1542 1165 ecclesias
1589 1120 1644 1183 et

97 1203 384 1256 monasteria
411 1203 583 1257 totius
613 1201 819 1274 Anglia:
849 1201 996 1272 gravi
1033 1201 1259 1255 nimium
1288 1201 1642 1271 oppressione

93 1294 245 1349 alllixit
272 1295 413 1364 (70);
466 1296 623 1365 cujus
648 1294 1015 1366 oppressionis
1044 1310 1185 1349 anno
1216 1306 1434 1364 quarto,
1467 1295 1519 1349 id
1558 1292 1642 1351 est

93 1386 335 1441 millesimo
384 1387 739 1457 nonagesimo
774 1386 932 1439 tertio
987 1385 1055 1438 ab
1103 1385 1482 1441 lncarnatione
1533 1387 1639 1442 D0-

94 1470 214 1541 niini,
241 1480 526 1534 Auselmus
556 1470 722 1535 abbas
763 1480 1053 1535 Becceusis
1086 1480 1366 1547 Ecclesitc,
1396 1483 1479 1537 vir
1520 1500 1637 1537 nta-

90 1583 185 1639 gna:
217 1570 513 1623 sanctitatis
544 1579 599 1625 et
629 1571 908 1633 doctrinae,
943 1571 1221 1636 invitatus,
1252 1571 1359 1625 imo
1389 1573 1635 1628 districta

92 1662 482 1731 interpellatione
507 1662 811 1732 adjuratns,
860 1662 928 1716 ab
959 1660 1183 1733 Hugone
1220 1660 1498 1719 Cestrensi
1545 1681 1637 1735 co:

1753 465 1954 519 selinus
1991 466 2430 537 archiepisc0pus
2471 473 3027 545 recessitahAnglia,
3074 479 3196 546 quia
3241 478 3332 529 rei

1753 555 2084 622 Willet-mus,
2139 557 2278 613 lilius
2327 558 2589 616 Willermi
2640 562 3039 634 Conquisitoris
3092 566 3331 636 Anglize,

1752 648 1883 701 nihil
1915 650 2047 702 recti
2079 650 2131 703 itt
2168 666 2332 721 regno
2360 667 2457 705 suo
2496 654 2610 707 lieri
2647 657 3027 724 permittebat,
3082 661 3176 713 sed
3207 646 3330 730 pro;

1752 739 1956 794 vincias
1982 741 2394 798 intolerabiliter
2424 746 2651 800 vexabat
2686 748 2736 800 in
2771 749 3002 814 tributis,
3034 767 3154 820 qua:
3186 770 3328 807 nun-

1750 844 1911 898 quam
1946 831 2232 885 cessabant
2270 834 2322 886 in
2372 850 2535 905 opere
2589 841 2724 890 muri
2776 839 2916 891 circa
2959 842 3149 894 turrim
3183 843 3328 897 Lon-

1750 923 1941 986 donite,
1992 922 2043 976 in
2076 938 2239 993 Opere
2279 925 2416 979 aula;
2464 927 2681 995 regalis,
2731 930 2868 999 apud
2911 929 3325 987 Westmonster.

1744 1009 1892 1065 Idem
1922 1028 2013 1068 rex
2048 1012 2356 1070 Willermus
2380 1017 2479 1071 hoc
2511 1033 2653 1070 anno
2688 1017 2785 1072 fuit
2828 1020 2880 1073 in
2915 1018 3325 1086 Nortbma‘nnia,

1747 1118 1962 1174 semper
1992 1106 2237 1172 hosticis,
2286 1116 2342 1162 et
2382 1109 2714 1173 tumultibus,
2753 1120 2808 1165 et
2856 1113 3001 1167 curis
3053 1128 3327 1168 armorum

1745 1197 1991 1263 deditus,
2049 1201 2264 1256 tributis
2309 1203 2525 1257 interim
2571 1215 2624 1259 et
2664 1207 3038 1261 exactionibus
3076 1209 3327 1277 pessimis

1743 1290 1967 1361 populos
1991 1292 2285 1363 Anglorum
2319 1310 2423 1348 non
2455 1280 2865 1363 abradens,.sed
2893 1300 3198 1354 enorians.

1814 1385 1971 1439 Auno
1999 1387 2292 1441 Dominiczn
2322 1388 2716 1442 lncarnationis
2751 1388 3036 1443 millesimo
3085 1392 3322 1446 centesi—

1746 1490 1832 1529 mo
1872 1491 2032 1541 nono,
2070 1478 2355 1532 undecimo
2391 1477 2661 1533 Kalendas
2691 1478 2837 1544 Maii,
2871 1480 3003 1534 feria
3052 1482 3239 1551 quinta
3271 1483 3322 1536 in

1740 1585 1895 1625 ccena
1931 1569 2161 1635 Domini,
2203 1571 2460 1641 obiitpize
2485 1574 2761 1627 memoria:
2788 1575 3117 1629 venerabilis
3146 1575 3323 1629 domi-‘

1743 1678 1843 1716 nus
1889 1663 2179 1717 Anselmus
2229 1662 2639 1719 Cautuarieusis
2684 1667 3143 1735 archiepiscopus.
3202 1666 3327 1737 lpso'

91 1753 194 1807 tnile
222 1746 521 1831 multisque
552 1748 675 1809 aliis
717 1754 1015 1825 Anglorum
1075 1754 1223 1824 regni
1276 1754 1629 1825 principibus,
1667 1768 1710 1832 Β
1741 1767 1882 1807 anno
1910 1752 2151 1807 ultimum
2176 1752 2381 1810 Pascha
2410 1754 2532 1820 fuit,
2564 1757 2793 1826 septimo
2823 1751 3090 1813 Kalendas
3117 1758 3256 1812 Maii.
3318 1762 3323 1767 ’

91 1844 158 1912 qui
185 1862 293 1899 eum
320 1846 630 1901 animarum
663 1863 884 1903 suarum
914 1846 1182 1902 medicum
1225 1856 1279 1901 et
1312 1847 1632 1903 advocatum

89 1934 348 2004 elegerant,
374 1947 429 1993 et
467 1939 694 2009 insuper
732 1939 989 1995 Ecclesiae
1035 1955 1148 1995 sua:
1186 1954 1351 2009 prece
1394 1951 1448 1997 et
1498 1958 1634 2013 pra:-

91 2038 229 2096 cepto,
252 2046 341 2101 pro
370 2034 653 2103 communi
700 2034 957 2098 utilitate,
1008 2033 1495 2104 c0actusAngliam
1549 2034 1633 2089 in-

89 2133 263 2187 gressus
281 2131 376 2175 est.
409 2122 661 2178 \‘enienti
686 2124 972 2192 optimates
995 2121 1206 2177 alacres
1231 2133 1589 2179 occurrerunt
1613 2141 1628 2191 ;

90 2224 158 2273 rex
187 2210 285 2280 ipse
324 2212 460 2268 solio
524 2213 753 2278 exsiliit,
806 2222 859 2267 et
917 2213 1036 2267 viro
1083 2214 1323 2284 gaudens
1370 2214 1630 2269 occurrit.

89 2298 257 2356 interea
292 2319 379 2357 rex
421 2304 745 2359 Willertnns
790 2303 939 2375 gravi
1011 2301 1268 2373 languore
1314 2304 1630 2375 corripitur,

89 2400 125 2443 et
148 2408 261 2460 pene
287 2394 349 2446 ad
377 2402 631 2448 extrema
667 2393 999 2464 perdueitur.
1059 2390 1334 2448 Suadetur
1381 2396 1430 2449 ei
1488 2395 1631 2451 inter

89 2484 212 2536 aliaa
237 2486 586 2557 principibus,
628 2499 681 2540 ut
712 2487 777 2541 de
826 2497 1001 2540 matre
1027 2486 1192 2541 totius
1240 2488 1413 2559 regni,
1444 2488 1631 2545 Eccle-

89 2574 147 2627 sia
172 2576 400 2632 videlicet
425 2576 835 2644 Cantuaricnsi,
860 2578 1091 2650 cogitet,
1114 2587 1170 2634 et
1194 2594 1312 2634 eam
1341 2597 1370 2635 a
1400 2581 1626 2652 pristina

89 2667 303 2725 viduitate
329 2675 382 2725 et
409 2670 729 2727 calamitate
767 2687 862 2742 per
913 2670 1309 2728 institutionem
1351 2674 1627 2743 pontiﬁcis

89 2757 263 2814 n'lct‘ct.
288 2762 604 2833 Aequiescit
650 2763 741 2817 ille
788 2764 1040 2829 consilio,
1095 2774 1149 2818 et
1204 2764 1523 2821 Anselmum
1572 2769 1625 2822 in

89 2868 193 2921 opus
218 2857 309 2912 hoc
334 2858 715 2927 dignissimum
754 2857 976 2931 indicat.
1032 2858 1183 2913 Tune
1236 2859 1324 2915 ille
1355 2862 1628 2916 contradi-

90 2961 203 3007 cens,
231 2959 279 3002 et
319 2952 619 3013 reluctans,
660 2961 715 3007 et
756 2951 940 3005 multis
983 2952 1159 3007 modis
1192 2954 1448 3009 omnibus
1475 2953 1629 3010 obte-

88 3049 221 3103 stans,
270 3042 492 3113 capitur,
537 3052 592 3095 et
636 3041 899 3097 violenter
931 3041 983 3095 in
1031 3042 1263 3096 vicinam
1310 3044 1625 3109 ei'clesiam,

1812 1842 2041 1913 Scripsit
2082 1860 2209 1899 vero
2244 1846 2385 1900 idem
2438 1848 2521 1901 vir
2562 1850 2890 1902 reverendus
2929 1849 3181 1902 nonnulla
3211 1858 3323 1903 me:

1741 1935 1927 1991 moria:
1970 1937 2161 2006 digna,
2225 1955 2344 2007 qua!
2400 1939 2591 1995 subtus
2654 1940 2943 1995 adnectere
2992 1944 3325 1996 curavimus.‘

1740 2027 1873 2081 Dum
1905 2028 2082 2085 adhuc
2108 2040 2251 2085 esset
2286 2032 2435 2101 prior
2459 2033 2510 2085 in
2540 2032 2796 2087 Becceusi
2822 2033 3074 2088 cmuobio
3101 2034 3327 2101 scripsit"

1739 2125 1999 2175 tractatus
2031 2128 2171 2186 tres;
2213 2120 2448 2190 primum
2486 2122 2563 2177 De
2609 2122 2839 2189 veritate,
2896 2123 3191 2176 secundum
3248 2123 3325 2175 1η

1734 2209 1971 2265 libertate
1992 2204 2228 2277 arbitrii;
2262 2212 2479 2268 tertium
2516 2213 2588 2267 De
2624 2232 2751 2267 casu
2790 2215 3022 2279 diaboli;
3061 2226 3115 2269 et
3160 2231 3321 2283 quar-

1737 2313 1871 2372 ttttn,
1914 2323 2074 2375 quetn
2111 2308 2344 2361 tilulavit
2389 2308 2465 2361 De
2494 2311 2862 2377 grammatico,
2913 2310 2964 2362 in
3001 2324 3108 2378 quo
3160 2309 3322 2362 discis

1734 2399 1883 2468 pulo,
1915 2413 2076 2469 quem
2104 2415 2288 2455 secum
2329 2400 2699 2471 disputantem
2739 2402 3064 2465 introduxit,
3090 2417 3327 2473 respon;

1735 2489 1826 2545 det
1856 2499 1909 2543 et
1935 2488 2134 2546 multas
2163 2491 2477 2546 dialecticas
2507 2492 2835 2561 quaestiones
2864 2494 3115 2563 proponit
3138 2502 3189 2547 et
3215 2494 3320 2548 sol-

1732 2580 1830 2634 vit.
1872 2579 2028 2635 Fecit
2059 2596 2272 2651 quoque
2301 2581 2540 2635 libellum
2582 2582 2853 2651 quintum,
2882 2597 3038 2651 quem
3076 2583 3319 2638 Mortale-

1732 2674 1854 2743 gion
1886 2673 2204 2743 appellavit;
2236 2672 2383 2729 solus
2414 2675 2558 2729 enim
2589 2674 2640 2727 in
2672 2689 2736 2728 eo
2763 2684 2817 2729 et
2847 2690 3029 2729 secum
3060 2674 3323 2744 loquitur,

1733 2781 1817 2831 ac,
1860 2767 2018 2820 tacita
2055 2766 2202 2821 omni
2231 2765 2558 2821 auctoritate
2585 2765 2782 2819 divina:
2820 2765 3147 2835 Scriptum},
3176 2762 3328 2837 quod

1732 2856 1873 2910 Deus
1898 2858 1970 2911 sit
1997 2856 2109 2911 sola
2136 2858 2343 2911 ratione
2370 2856 2563 2927 quaerit
2588 2865 2642 2909 et
2677 2856 2917 2921 invenit;
2945 2864 3000 2910 et
3028 2856 3167 2925 quod
3193 2858 3326 2909 γυνη·

1733 2947 1866 3002 ﬁdes
1893 2948 1958 3002 de
1987 2947 2095 3003 Deo
2135 2948 2320 3012 sentit,
2364 2946 2660 3001 invincibili
2690 2947 2922 3012 ratione,
2962 2947 3167 3001 sicnon
3225 2947 3321 2997 ali-

1735 3049 1816 3094 ter
1862 3055 1982 3094 esse
2030 3040 2352 3110 comprobat
2404 3046 2459 3092 et
2511 3039 2747 3092 instruit.
2806 3038 3122 3108 Composuit
3154 3036 3325 3092 etiaia’

88 3143 178 3183 (‘lltll
215 3132 395 3202 hymno
423 3145 472 3188 et
511 3136 763 3189 laudibus
796 3144 1043 3205 portatur
1070 3135 1238 3206 magis
1282 3153 1447 3207 quam
1479 3139 1627 3193 duei-
1657 3133 1703 3195 C
1735 3132 1930 3186 librum
1966 3142 2201 3195 sextum,
2241 3131 2365 3185 licet
2414 3131 2718 3201 parvulum,
2770 3131 2862 3185 sed
2924 3131 3195 3185 suavioris
3255 3145 3319 3182 ac

89 3228 167 3274 tur.
194 3226 311 3291 Acta
348 3237 466 3280 sunt
502 3227 620 3281 lucc
661 3240 808 3280 anno
854 3228 957 3281 isto
1005 3226 1178 3295 pridie
1228 3225 1409 3283 Nonas
1445 3228 1622 3283 Martii

87 3316 223 3381 pruna
251 3317 521 3374 Dominica
554 3319 1003 3389 quadragesimae.
1626 3372 1627 3375 η

138 3410 267 3462 Anno
280 3424 399 3464 vero
411 3412 667 3481 sequenti
684 3410 891 3481 (1094),
905 3412 1077 3481 pridie
1090 3412 1275 3469 Nonas
1289 3414 1623 3479 Decembris,

86 3495 229 3551 debito
260 3515 372 3556 cum
424 3502 636 3558 honore
685 3504 753 3558 ab
796 3505 1052 3559 omnibus
1100 3506 1370 3575 episcopis
1420 3506 1626 3576 Anglia:

86 3589 339 3648 Cantuarize
368 3605 724 3651 consecratus
745 3607 847 3661 est,
899 3598 966 3652 ad
1020 3599 1235 3654 laudem
1290 3609 1346 3655 et
1396 3600 1623 3670 gloriam

87 3683 276 3737 nominis
303 3685 538 3751 Domini.
592 3708 593 3711 η

139 3769 182 3824 In
203 3776 340 3845 cujus
386 3777 804 3847 consecratione
834 3779 1144 3849 evangelica
1210 3781 1300 3835 illa
1355 3782 1623 3838 sententia

85 3875 211 3929 Super
234 3882 345 3922 eum
371 3880 589 3939 reperta
618 3880 701 3925 est
733 3889 745 3924 :
789 3869 999 3924 Vocavit
1032 3870 1247 3939 multos,
1277 3883 1323 3926 et
1354 3874 1491 3926 misit
1520 3891 1625 3927 ser-

84 3970 175 4007 vum
193 3971 328 4013 suum
358 3962 491 4015 liora
533 3978 689 4016 casum
718 3962 889 4016 dicere
945 3963 1201 4031 inritatis,
1266 3974 1320 4016 ut
1372 3962 1622 4031 venirent,

83 4052 500 4118 qumjamparata
524 4066 644 4108 sunt
673 4057 847 4110 omnia
875 4054 1025 4125 (Luc.
1051 4072 1161 4121 xw,
1204 4056 1312 4127 16).
1342 4056 1442 4125 Qui
1469 4058 1624 4130 cujus

84 4142 225 4195 meriti
255 4146 476 4212 exstitit,
512 4147 566 4200 in
597 4144 717 4200 Vita
749 4148 918 4217 ipsius
949 4157 1127 4218 potest
1163 4151 1412 4219 reperiri.
1463 4150 1624 4206 Rexit

82 4244 227 4291 autem
280 4239 354 4294 sic
409 4240 795 4295 sanctissimus
848 4241 929 4294 vir
978 4240 1269 4296 Anselmus
1317 4243 1618 4299 Ecclesium

83 4323 477 4395 CantuaricnScnt
521 4331 827 4400 quindecim
861 4332 1017 4385 annis
1047 4331 1319 4396 feliciter;
1361 4333 1453 4404 qui
1508 4349 1620 4387 mo-

85 4415 250 4472 nachus
298 4419 449 4477 Becci
502 4421 811 4487 claustralis
868 4423 1157 4477 exstiterat
1205 4423 1381 4478 tribus
1435 4427 1617 4488 annis,

1731 3224 2103 3278 subtilissima:
2158 3223 2633 3292 contemplationis
2711 3224 2951 3293 pondere
3032 3224 3325 3293 magnan

1734 3328 1892 3381 quem
1936 3312 2281 3383 Prosologion
2330 3312 2651 3383 appellavit;
2702 3313 2996 3382 alloquitur
3046 3314 3213 3366 etiam
3266 3329 3318 3365 ιιι

1731 3401 1821 3455 illo
1850 3416 2037 3471 opere,
2066 3412 2157 3454 aut
2184 3404 2445 3470 seipsum,
2482 3412 2573 3455 aut
2602 3403 2787 3455 Deum.
2844 3402 3077 3473 Scripsit
3115 3416 3171 3457 et
3240 3420 3321 3458 se-

1729 3496 1957 3563 ptimum
2006 3495 2202 3549 librum
2256 3493 2617 3563 Epistolarum
2676 3497 2741 3548 ad
2792 3495 3059 3558 diversos,
3090 3497 3319 3549 diversis

1727 3600 1915 3641 eorum
1969 3588 2202 3657 negotiis
2248 3589 2604 3657 respondens,
2647 3588 2729 3641 vel
2760 3604 2823 3642 ea
2867 3604 2987 3657 (pne
3027 3606 3121 3642 sua
3154 3589 3318 3643 inter-

1729 3690 1884 3733 erant
1913 3698 2206 3750 procurare
2244 3683 2531 3736 mandans.
2572 3682 2723 3737 Fecit
2751 3692 2805 3737 et
2834 3695 3085 3738 octavum
3118 3683 3193 3737 De
3226 3682 3321 3736 Ind

1727 3770 2031 3825 earnulionc
2082 3770 2259 3837 Verbi,
2311 3773 2453 3842 quod
2512 3786 2648 3843 opus
2685 3775 2958 3843 epistolari
3010 3774 3153 3847 stle
3186 3789 3320 3829 Con-

1726 3850 1985 3936 scriptum
2020 3876 2220 3922 sancta:
2251 3867 2510 3921 Romana:
2540 3868 2797 3922 Ecclesia:
2824 3885 3037 3922 summa
3069 3868 3317 3938 pontiﬁci

1731 3958 1947 4015 Libano
1990 3960 2223 4015 dicavit.’
2268 3960 2477 4015 Nonum
2523 3961 2717 4014 librum
2760 3961 2947 4024 edidit,
3002 3976 3159 4029 quem
3209 3958 3318 4012 (Eur

1726 4049 1866 4103 Deus
1894 4050 2069 4114 homo,
2098 4051 2407 4121 appellavit.
2443 4052 2717 4104 Decimum
2755 4048 2829 4103 De
2874 4061 3121 4117 conceptu
3150 4049 3315 4118 rirgi~

1728 4142 1857 4196 nuli.
1924 4141 2278 4197 Uudecimum
2332 4144 2396 4197 de
2465 4141 2804 4195 orationibus
2857 4140 3315 4209 contemplativis,

1725 4249 1883 4302 quem
1910 4233 2124 4301 plurimi
2158 4233 2526 4287 Meditutioncs
2548 4240 2774 4293 vocant;
2809 4231 2860 4284 in
2887 4231 3101 4300 quibus,
3136 4226 3315 4299 legi-n4

1727 4314 1868 4378 tihu's
1929 4323 2086 4378 facile
2135 4333 2359 4394 apparet
2411 4332 2613 4392 quanta
2666 4320 2891 4376 dulcedo
2953 4335 3311 4391 supernorum

1726 4426 1960 4471 tuentem
1991 4416 2111 4491 ejus
2136 4418 2459 4487 repleverat.
2497 4415 2884 4477 Duodecimus,
2930 4431 3019 4485 qui
3054 4423 3138 4469 est
3186 4413 3313 4467 ulti-

83 4508 339 4572 qnindccim
372 4516 527 4585 prior
571 4526 693 4587 post
717 4516 1081 4571 venerabilem
1133 4515 1521 4583 Lanl‘rancum,
1566 4530 1622 4573 et

1746 4526 1843 4564 nus
1869 4518 2152 4574 tractatus,
2177 4509 2255 4564 De
2281 4509 2611 4579 protessionc
2644 4508 2872 4579 Spiritus
2897 4509 3097 4572 sancti;
3127 4507 3312 4563 confu-

83 4601 343 4665 quindccim
375 4609 547 4664 abbas
577 4616 702 4678 post
735 4617 983 4662 sanctum
1008 4607 1347 4670 llerlninum,
1374 4608 1617 4679 ejusdem

84 4693 274 4748 etenohii
299 4698 546 4754 abbatem
574 4698 830 4768 primum.
862 4696 960 4751 Cui
1008 4698 1274 4751 successit
1326 4698 1380 4752 in
1429 4699 1617 4752 cadent

86 4775 280 4841 Ecclesia
302 4784 457 4853 Bceci
499 4789 691 4844 tertius
713 4787 882 4842 abbas
924 4788 1025 4859 vir
1057 4802 1265 4858 magna:
1316 4774 1621 4844 sanctitatis

84 4871 191 4942 Set
214 4879 462 4947 doctrina:
509 4882 847 4947 Willermus,
901 4872 1065 4938 nobili
1118 4882 1617 4939 Northmannorum

87 4972 295 5038 prosapia
330 4974 596 5044 originem
643 4975 865 5029 trahens
896 4990 911 5038 ;
952 4976 1006 5028 in
1041 4975 1209 5029 veteri
1239 4987 1419 5030 castro
1456 4991 1621 5045 super

89 5055 271 5128 liislain,
298 5069 437 5135 quod
476 5068 675 5131 dicitur
696 5065 1031 5135 Monsfortis,
1089 5067 1254 5122 claris
1302 5069 1618 5137 parentibus

89 5159 288 5213 exortus.
326 5156 484 5214 Pater
507 5160 626 5230 ejus
646 5159 961 5224 Tttt'stinus,
994 5168 1168 5214 mater
1190 5175 1319 5214 vero
1346 5161 1615 5217 Albereda

88 5238 342 5303 dicebatur.
387 5251 603 5323 Rogerii
672 5253 739 5323 de
784 5251 1138 5316 Bellomonte,
1180 5253 1349 5321 patris
1396 5251 1617 5309 liabet-ti

90 5338 266 5393 comitis
292 5342 539 5411 Mellenti,
562 5360 627 5400 ex
655 5360 825 5399 uxore
850 5344 1058 5414 neptis;
1083 5345 1173 5413 qui
1203 5359 1345 5398 anno
1370 5347 1616 5419 sequenti

88 5421 357 5487 benedictus
382 5445 462 5490 est
497 5434 841 5504 Rothomagi,
872 5434 925 5488 in
954 5433 1039 5486 die
1063 5432 1371 5488 festivitatis
1404 5435 1460 5488 ὃ.
1487 5435 1623 5489 Lau-

92 5522 240 5588 tenui,
266 5526 328 5582 ab
347 5530 752 5598 archiepiscopo
782 5526 1088 5582 \Villermo.
1528 5516 1531 5521 ’

95 5699 103 5710 .
147 5633 242 5710 (69)
269 5638 336 5694 De
376 5640 603 5696 Edmero
645 5640 908 5709 loquitur,
938 5641 1029 5709 qui
1062 5641 1179 5709 haec
1210 5640 1377 5697 refert
1412 5641 1464 5696 in
1497 5642 1620 5699 Vita

97 5706 127 5770 η
141 5706 232 5763 sius
249 5714 425 5773 sancti,
447 5724 497 5767 et
527 5716 579 5765 itt
601 5706 836 5766 Historia
867 5706 1158 5766 Novoruttt.

442 5806 713 5867 Pa1n0l..
767 5801 892 5866 CL.

1725 4612 1934 4659 taverat
1976 4601 2119 4655 enim
2156 4600 2374 4657 Graecos
2415 4600 2465 4655 in
2500 4600 2721 4656 Bareusi
2772 4601 3022 4666 concilio,
3054 4614 3314 4673 negantes

1726 4692 1989 4763 Spiritum
2030 4704 2277 4749 sanctum
2309 4710 2338 4748 a
2374 4694 2513 4749 Filio
2546 4693 2870 4765 procedere;
2912 4695 3052 4749 unde
3099 4706 3312 4766 sumpta

1726 4784 1951 4839 materia
1992 4768 2186 4856 rogatu
2228 4784 2526 4840 llildeberti
2560 4785 2998 4839 Cenomanorum
3050 4786 3311 4857 episcopi,

1725 4878 1868 4931 hunc
1900 4877 2094 4931 librttm
2123 4879 2447 4950 composuit.
2504 4877 2581 4933 De
2628 4878 2849 4933 natione
2880 4876 2998 4949 ejus
3030 4887 3083 4933 et
3120 4878 3228 4934 vita
3260 4888 3316 4934 et

1732 4968 1973 5024 moribus
2000 4967 2206 5024 dictttm
2238 4979 2339 5024 est.

1800 5063 1956 5115 Amio
1987 5062 2198 5116 Domini
2240 5062 2528 5117 millesmto
2557 5068 2863 5118 centesimo
2911 5061 3121 5117 decimo
3150 5063 3313 5118 tertio

1729 5148 1951 5205 fundata
1979 5150 2079 5206 fuit
2113 5151 2344 5207 ecclesia
2374 5151 2432 5207 S.
2462 5151 2640 5206 Neoti.
3151 5156 3161 5161 “

1795 5242 1951 5300 Anno
1968 5245 2180 5300 Domini
2199 5245 2489 5301 millesimo
2505 5243 2804 5300 centesimo
2820 5243 3079 5307 vigesimo
3095 5254 3311 5311 quarto,

1726 5337 1861 5392 obiit
1882 5338 1986 5408 pia:
2015 5338 2292 5393 memoriae
2319 5338 2571 5393 dominus
2599 5335 2909 5390 Willermus
2936 5335 3127 5388 tertius
3148 5336 3315 5390 abbas

1727 5431 2015 5488 lieccensis
2048 5431 2323 5497 Ecclesite,
2353 5431 2437 5485 vir
2478 5430 2762 5498 religiosus
2803 5428 2857 5483 et
2894 5428 3133 5481 honesta:
3165 5429 3314 5491 vitae,

1730 5524 1940 5578 decimo
1982 5534 2136 5578 sexto
2168 5522 2440 5577 Kalendas
2497 5520 2650 5585 Maii,
2707 5519 3058 5589 sepultusque
3104 5518 3202 5575 fuit
3262 5522 3316 5576 in

1801 5640 1911 5707 (70)
1955 5638 2169 5695 Guilli-l.
2217 5637 2593 5707 Malmcshur.;
2637 5635 2924 5699 Edmcrus,
2968 5634 3105 5689 Hist.
3141 5636 3316 5690 Novo-
3390 5698 3399 5705 η

1726 5727 1877 5775 runt;
1915 5708 2309 5779 llarpsicldius,
2348 5706 2544 5761 sa:culo
2575 5722 2671 5760 xtl.

2662 5800 2733 5859 2i
