3864 6304
599 289 695 353 oet
1114 366 1117 369 _
1540 296 1629 353 an
1663 293 1891 354 OPERA
1931 297 1993 354 Β.
2034 298 2125 353 LA

2230 289 2426 355 RANCI
2462 294 2827 357 APPENDIX.
3689 310 3756 371 σεξ

594 414 860 484 capitum,
901 421 1059 481 juxta
1103 405 1368 467 tumulum
1425 414 1754 469 venerabilis
1808 411 2076 481 llerluinl,
2127 415 2180 470 in
2210 420 2258 479 Α
2288 415 2364 470 tul
2393 431 2490 471 suo
2511 424 2566 473 et
2606 415 3135 488 supervenientibus,
3164 425 3221 474 ut
3258 433 3388 492 opus
3410 424 3758 490 erat,aﬂluentn

593 505 785 559 dextra
813 512 993 573 parte.
1022 512 1077 559 et
1097 502 1289 560 eodem
1315 520 1463 561 anno
1497 503 1746 561 translati
1782 503 2004 561 fuerunt
2064 506 2196 562 mo?
2286 501 2579 565 tribuebat.

595 598 751 654 nachi
780 597 938 654 Becci
969 598 1038 653 de
1063 594 1309 655 Castello‘
1328 599 1395 654 dc
1424 590 1605 664 Clara,
1637 601 1780 671 apud
1830 597 2075 669 Sentres,
2126 610 2183 657 et
2349 596 2507 657 Anno
2528 601 2743 658 Domini
2768 594 3057 660 millesimo
3078 605 3365 662 centesimo
3387 607 3756 679 trigesimosexto,

591 692 695 747 hoc
719 691 848 746 fecit
879 691 1186 747 Richardus
1215 691 1357 746 filius
1385 681 1697 746 Gislebcrti.
2280 693 2415 749 obiit
2462 696 2565 766 pia:
2616 699 2895 753 memoria:
2944 698 3195 755 dominus
3234 699 3389 765 Boso,
3428 711 3620 771 quartus
3642 700 3755 763 albas
3830 702 3831 713 “

661 783 798 837 Nota
824 783 987 854 quod,
1022 792 1264 852 tempore
1296 780 1455 848 hujus
1491 781 1780 847 Willermi,
1808 781 1911 838 fuit
1936 781 2180 839 ecclesiae
2278 781 2567 841 Becccnsis
2591 788 2935 853 monasterii,
2967 787 3054 841 vir
3101 803 3308 860 magnae
3349 791 3658 857 auctoritatis,
3678 794 3753 850 orbi
3830 846 3831 851 η

588 877 871 933 Philiberti
906 878 1010 933 tale
1037 892 1356 933 concessum
1395 876 1762 947 privilegium,
1794 876 1861 931 de
1910 890 2175 932 consensu
2277 874 2478 965 clarus,
2532 878 2823 948 sapientia,
2885 880 3196 951 prudentia,
3250 881 3589 953 praecipueque
3624 884 3754 955 spiritu

587 964 813 1025 Joannis
842 970 1082 1041 episcopi
1123 969 1477 1025 Lexoviensis
1504 979 1558 1025 et
1592 970 1756 1027 totius
1782 971 2026 1041 capituli.
2058 970 2179 1037 Pri-
2278 970 2493 1025 consilii
2528 970 2761 1040 pollens.

590 1078 679 1116 Illo
709 1062 811 1115 fuit
848 1076 878 1116 a
916 1060 1194 1132 praedictis
1232 1061 1483 1131 episcopo
1532 1076 1585 1115 e.
1624 1060 1861 1130 capitulo
1917 1076 2175 1117 concessa
2343 1062 2501 1118 Anno
2523 1062 3048 1120 Domini’millesimo
3072 1064 3373 1121 centesimo
3395 1065 3754 1138 trigesimoseptio
3830 1136 3831 1145 χ

586 1155 819 1210 ecclesia
859 1155 1138 1223 praedicta,
1187 1163 1449 1225 perpetuo
1493 1153 1619 1223 jure
1672 1154 1984 1219 obtinenda,
2049 1170 2175 1210 cum
2275 1166 2391 1217 mo,
2423 1149 2769 1210 Theobaldus
2820 1153 3028 1211 electus
3087 1152 3377 1211 Beccensis
3426 1149 3661 1223 Ecclesia,
3700 1162 3753 1211 vir
3830 1152 3831 1199 ἒ

588 1249 681 1302 tali
714 1248 962 1303 libertate
987 1254 1043 1300 ut
1080 1262 1357 1316 nunquam
1405 1255 1647 1302 cessaret
1688 1262 1719 1301 a
1751 1247 1934 1323 divino
1974 1245 2111 1303 uilici

2304 1256 2486 1312 nagna:
2510 1242 2770 1299 bonitatis
2803 1248 2860 1301 et
2887 1245 3157 1311 scientiae,
3199 1245 3503 1302 benedictus
3526 1258 3612 1301 .est
3643 1248 3753 1302 abbas

586 1356 684 1409 pro
714 1338 1032 1394 ioril‘actura
1073 1338 1364 1409 cujuslibet
1389 1338 1626 1394 hominis
1655 1338 1793 1409 (7i).
1850 1338 2005 1395 Unde
2060 1354 2175 1394 tno-
2274 1333 2522 1402 ejusdem
2544 1332 2826 1402 Ecclesite,
2851 1337 3000 1391 omni
3026 1346 3297 1392 conventu
3320 1337 3489 1392 animo
3506 1336 3652 1392 libenti
3669 1353 3751 1393 mn-
3830 1346 3831 1395 1

584 1430 745 1485 nachi
779 1430 910 1484 inibi
957 1428 1278 1484 cohibentes
1306 1429 1360 1483 in
1392 1428 1688 1485 rebellione
1718 1444 1823 1500 qua
1873 1423 2176 1485 Lexovien-
2273 1429 2521 1492 cedente,
2540 1428 2682 1499 apud
2705 1420 3111 1498 Rothomagum
3136 1443 3167 1483 a
3193 1427 3409 1484 domino
3428 1427 3617 1498 linguae
3634 1428 3751 1481 mhi.
3830 1430 3831 1500 ξ

581 1532 697 1573 sem
728 1518 1043 1588 episcopum
1071 1515 1275 1573 fuerint
1303 1532 1401 1587 pro
1431 1533 1490 1573 se
1520 1517 1607 1572 vel
1635 1518 1951 1574 hominibus
1974 1518 2089 1574 suis
2119 1520 2170 1572 in
2271 1513 2530 1590 episcopo
2557 1518 3009 1588 ltothomagensi.
3830 1520 3831 1571 1

579 1610 770 1666 eadem
819 1609 1082 1681 parochia
1133 1610 1505 1676 manentibus,
1572 1608 1657 1665 vel
1714 1625 1824 1667 non
1878 1610 2170 1667 interdicta
2343 1604 2457 1666 lloc
2482 1625 2626 1665 anno
2656 1611 2709 1664 in
2738 1612 2976 1665 adventu
3029 1608 3247 1665 Domini
3289 1601 3749 1681 Abricus[al..Aibc‘
3830 1606 3831 1679 ξ

578 1700 945 1767 cantaverint,
992 1715 1095 1756 nec
1132 1693 1221 1756 isti
1259 1700 1421 1755 iidem
1474 1699 1728 1756 homines
1757 1702 2168 1768 monachorum,
2272 1699 2441 1773 ricus]
2503 1700 2761 1756 Ecclesiae
2820 1699 3082 1765 Romanae
3150 1699 3392 1771 legatus,
3444 1708 3494 1754 et
3551 1698 3750 1769 episcopus

579 1798 633 1852 in
664 1797 853 1853 eadem
880 1796 1143 1867 parucbia
1166 1804 1613 1860 comtnancntes,
1655 1797 1885 1864 perdent
1928 1794 2165 1850 divinum
2201 1777 2243 1837 Β
2271 1792 2563 1858 Ostiensis,
2624 1793 2800 1848 tenuit
2853 1794 3146 1849 concilium
3200 1794 3341 1863 apud
3391 1792 3684 1856 Lundoniam,
3716 1801 3751 1844 et

575 1889 838 1954 ollicium,
867 1904 966 1960 pro
992 1887 1309 1944 l'orifactura
1332 1886 1624 1956 cujuslibet
1653 1887 1909 1954 bominis,
1934 1898 2041 1942 non
2070 1903 2170 1957 pro
2272 1877 2491 1949 ibidem,
2542 1894 2819 1940 annuente
2850 1894 2978 1957 rege
3010 1884 3293 1955 Stephano
3332 1892 3385 1940 et
3428 1885 3600 1956 regina,
3632 1879 3748 1938 Theo-

574 2000 707 2049 sua;
738 1982 840 2039 etsi
866 1983 1055 2037 eadem
1086 1981 1339 2047 ecclesia,
1387 1980 1473 2035 vel
1501 1982 1873 2037 cmmeterium
1911 1982 2100 2037 violatu

2270 1974 2466 2029 baldus
2500 1974 2669 2030 abbas
2694 1969 2987 2031 Beccensis
3034 1974 3317 2040 Ecclesize,
3343 1975 3425 2030 vir
3450 1974 3676 2029 admodum
3694 1988 3747 2025 re-

573 2076 757 2140 fuerit,
793 2074 1070 2131 habebunt
1095 2074 1346 2130 monachi
1377 2089 1562 2130 secum
1595 2091 1791 2146 aquam
1824 2075 2099 2131 benedicta

2270 2067 2568 2127 nerandus,
2628 2064 3045 2121 Cantuariensis
3104 2065 3365 2121 Ecclesiae
3418 2063 3745 2134 archiepiscopus

573 2170 645 2226 de
673 2169 995 2226 ιεχονίειιεί
1023 2168 1276 2237 ecclesia,
1314 2177 1494 2238 ριρειι
1520 2183 1581 2224 se
1634 2178 1689 2224 ει
1741 2159 1841 2240 ι)ρν
1886 2169 2167 2241 presbym.
2268 2152 2491 2211 ell'ectus
2539 2165 2644 2223 est,
2701 2165 2995 2211 transactis
3024 2156 3238 2212 duobus
3289 2156 3462 2221 annis,
3504 2162 3550 2209 et
3591 2152 3743 2207 dimidio

568 2278 695 2317 rum
724 2261 966 2332 ejusdem
998 2260 1264 2326 ecclesiae,
1298 2259 1729 2316 reconciliabunt
1780 2261 1955 2331 ipsam
1985 2260 2094 2317 eccl

2305 2256 2559 2318 ostquam
2591 2248 2763 2303 abbas
2795 2248 3128 2304 constitutus
3159 2248 3360 2313 fuerat,
3386 2241 3744 2315 consilioqucejut

568 2355 730 2416 siam.
752 2353 840 2410 vel
869 2352 1265 2417 cmmeterium,
1293 2352 1409 2407 sine
1434 2351 1540 2406 alio
1591 2351 1881 2423 requisitn,
1934 2365 2094 2423 exccp

2265 2340 2369 2394 luit
2390 2339 2604 2395 abbatia
2630 2340 2787 2395 Bccci
2816 2341 2934 2396 sine
2963 2340 3183 2406 abbate,
3210 2342 3311 2397 sub
3336 2339 3581 2401 Ricbardo
3598 2339 3646 2392 de
3664 2333 3741 2391 Bel-

568 2446 800 2513 assultu,
839 2453 895 2500 et
918 2443 1234 2501 homicidio.
1264 2444 1342 2499 De
1379 2443 1446 2499 iis
1473 2444 1619 2499 enim
1668 2444 1878 2498 duobus
1931 2443 2094 2514 requi:

2264 2428 2356 2483 fon
2389 2429 2594 2499 priore,
2631 2446 2660 2483 a
2713 2428 3008 2486 Nativitate
3059 2430 3303 2495 Domini,
3358 2431 3436 2485 vel
3477 2428 3609 2501 paulo
3646 2437 3741 2487 ante,

568 2548 658 2592 tur
689 2537 1003 2608 episcopus.
1064 2536 1296 2607 Propter
1340 2536 1484 2592 hanc
1529 2544 1711 2592 autem
1765 2535 2094 2592 reconciliati

2268 2534 2442 2590 usque
2472 2520 2539 2575 ad
2569 2519 2954 2586 Pentecostcn,
2999 2537 3288 2592 quousque
3341 2521 3594 2592 praedictus
3625 2516 3732 2570 archi

566 2645 717 2697 nem,
758 2628 989 2685 ecclesia
1017 2627 1371 2683 choviensis
1423 2643 1529 2683 non
1575 2628 1766 2698 perdet
1812 2627 2162 2684 forifacturas
2262 2611 2551 2682 episcopus
2580 2627 2607 2664 ³
2638 2610 2811 2667 Βοιηα
2843 2610 3069 2666 redire!-

565 2733 696 2775 ωδε
721 2718 787 2773 de
826 2717 1204 2781 violatoribus,
1237 2726 1467 2788 excepto
1510 2732 1675 2773 manu
1728 2728 1912 2789 pastu,
1968 2719 2023 2774 id
2076 2727 2163 2775 es;
2332 2703 2492 2757 Anno
2518 2702 2731 2756 Domini
2763 2703 3376 2758 millesimocentesimo
3401 2702 3629 2774 trigesimo
3646 2710 3739 2789 nam

567 2810 933 2867 servientibus
984 2810 1416 2874 monachorum;
1459 2809 1526 2865 de
1576 2810 1643 2865 iis
1691 2811 1838 2866 enim
1877 2810 2091 2867 forifact

2260 2792 2466 2848 electus
2496 2802 2550 2847 et
2583 2793 2869 2847 institutus
2916 2800 3000 2847 cst
3046 2793 3220 2848 abbas
3271 2793 3556 2857 Becccnsis,
3578 2789 3628 2842 ab
3645 2785 3736 2840 omni

564 2917 687 2958 ram
718 2900 990 2957 habebant
1025 2899 1304 2965 monachi,
1336 2899 1597 2955 videlicet
1645 2901 1712 2956 de
1758 2900 1926 2969 l'urto,
1977 2902 2063 2957 vel

2258 2882 2542 2952 thiraliter
2583 2883 3033 2952 congregatione,
3087 2883 3175 2938 vir
3216 2899 3420 2956 magna:
3456 2879 3739 2937 sant-litatiset

566 2991 870 3048 infractum
896 2992 1070 3062 ipsius
1097 2992 1363 3060 ecclesiae,
1404 2992 1492 3047 vel
1536 2992 1833 3047 cuemeterii
1872 3006 1887 3047 :
1921 3008 2045 3048 nam
2091 3023 2092 3035 ι

2261 2975 2526 3040 scientia},
2542 2975 2797 3030 dominus
2816 2974 3084 3029 Letardus
3100 2975 3168 3030 de
3191 2974 3439 3030 Beccensi
3460 2974 3599 3041 burgo
3617 2980 3739 3028 natus.

566 3085 780 3141 incestu
811 3084 895 3141 vel
919 3061 1215 3150 adulterio,
1241 3084 1328 3140 vel
1372 3084 1494 3140 aliis
1524 3084 1592 3139 ad
1640 3086 1952 3157 episcopum
1999 3101 2092 3157 per

2214 3132 2224 3149 .
2260 3068 2314 3123 in
2350 3078 2584 3138 utroque
2632 3065 2985 3121 Testamento
3035 3067 3287 3137 apprime
3334 3067 3567 3129 eruditus,
3603 3061 3740 3133 pollens

2214 3165 2227 3186 ι
2263 3160 2492 3188 “manu.
2548 3159 2778 3188 ..n..t.:i:..
2836 3158 3104 3188 ηλιιηηηιη
3185 3163 3483 3188 mmmam“...
3527 3158 3567 3188 ι..
3604 3151 3726 3188 caput

566 3175 852 3242 nentibus,
874 3174 990 3247 ipse
1014 3176 1304 3247 cpiscopus
1346 3153 1721 3231 foril‘acturarn
1752 3153 2016 3232 habebit;
2035 3176 2092 3245 lp

2210 3165 2227 3188 λ
2260 3160 2513 3224 consilio,
2547 3159 2781 3216 affabilis
2834 3158 3127 3230 colloquio,
3185 3163 3486 3216 moderatus
3526 3158 3568 3211 in
3604 3153 3736 3209 verbis.

562 3283 699 3324 vero
723 3242 952 3325 ecclesia
979 3242 1163 3324 Sancti
1181 3242 1466 3324 Dhiliberti
1492 3268 1651 3325 debet
1672 3269 1738 3325 de
1760 3242 2088 3325 consuetudit

2262 3252 2534 3307 discretus
2584 3252 2637 3306 in
2695 3251 3020 3322 disciplinis,
3081 3252 3239 3307 tarde
3283 3251 3430 3305 laetus
3474 3249 3519 3303 in
3560 3242 3735 3302 terrenis.

566 3363 825 3433 episcopo
865 3378 963 3433 per
992 3377 1193 3416 annum
1225 3364 1362 3416 duos
1405 3362 1607 3417 solidos
1640 3370 1870 3427 tantum,
1918 3371 1974 3417 et
2024 3363 2092 3418 nil

2260 3356 2477 3411 semper
2489 3341 2732 3411 gaudens
2762 3340 2814 3395 in
2837 3342 3081 3405 aeternis,
3098 3340 3333 3412 diligens
3356 3341 3525 3401 bonos,
3546 3340 3736 3401 corrige”

566 3426 802 3525 amplius
826 3426 893 3510 de
922 3454 1135 3527 synodo
1166 3453 1247 3509 vel
1274 3453 1342 3508 de
1371 3453 1600 3508 circata.
1624 3453 1917 3523 Presbyter
1973 3462 2092 3509 aute

2263 3432 2460 3487 malos.
2487 3432 2589 3499 Qui
2620 3445 2719 3502 pro
2746 3431 3013 3502 qualitate
3040 3433 3305 3501 temporis
3332 3445 3526 3502 gregem
3548 3426 3625 3481 sibi
3644 3436 3736 3476 rom-

563 3523 739 3619 ipsius
759 3523 1007 3603 ecclesiae
1031 3546 1099 3600 ad
1123 3545 1389 3616 synodum
1430 3544 1635 3609 veniet,
1660 3545 1802 3600 sicut
1831 3553 1887 3600 et
1932 3552 2089 3600 caeter

2265 3524 2490 3579 missum
2523 3524 2731 3593 optime
2789 3524 2951 3590 rexit,
2985 3523 3112 3578 licet
3143 3524 3201 3578 in
3232 3539 3331 3580 suo
3361 3535 3571 3591 tempore
3594 3523 3734 3570 assidui

561 3614 620 3695 et
647 3639 695 3695 si
723 3640 788 3693 de
814 3639 1005 3694 ordine
1026 3652 1124 3692 suo
1151 3614 1497 3702 lorisl‘ecerit,
1524 3636 1778 3707 episcopo
1798 3636 2113 3692 emendabit
2138 3653 2150 3690 :
2262 3624 2587 3685 ιθιηρθεῑθιθ
2619 3614 2797 3684 Patria
2822 3614 3172 3707 lurbarelur-
3535 3704 3544 3707 Α
3668 3696 3675 3706 ,

565 3730 635 3784 ad
672 3730 1122 3785 monstrationem
1152 3744 1284 3785 vero
1306 3737 1433 3783 ante
1459 3704 1923 3795 arcbidiaconum,
1945 3728 2028 3783 vel
2057 3728 2153 3783 dc-
2328 3708 2487 3763 Αηηο
2514 3707 2731 3762 Βουιίηί
2759 3706 3050 3763 πιίηθείπηο
3101 3708 3400 3763 οθηίεείπηο
3424 3704 3734 3795 quadram?”

566 3835 789 3887 canum,
810 3820 980 3876 libros
1004 3819 1090 3875 vel
1118 3820 1438 3876 vestimenta
1465 3834 1562 3875 sua
1583 3834 1691 3874 non
1716 3784 1948 3885 deferet,
1976 3834 2154 3889 neque
2259 3799 2455 3870 Ρτῖιηοο
2481 3798 2777 3867 inc“allium
2806 3805 2890 3853 εει
2933 3797 3233 3867 (κδΡῙιυιηω
3268 3798 3438 3862 Βθεσίν
3466 3803 3558 3848 ι³¹¹¹
3578 3784 3732 3889 “mihi

566 3914 637 3968 ad
663 3912 997 3982 pascendum
1036 3910 1503 3975 archidiaconum,
1530 3910 1613 3965 vel
1642 3910 1910 3966 decanurn
1963 3886 2154 3966 dabit:
2258 3909 2419 3961 quam
2466 3891 2739 3961 δαὶυιοτῖο
2796 3889 3033 3982 “libelli
3078 3891 3144 3982 dt?
3188 3886 3734 3982 NOYOhUTKOif‘IwPf

565 4010 623 4058 et
654 3967 751 4073 pro
782 4004 884 4058 hac
910 4002 1265 4059 concessione
1293 4002 1565 4059 libertatis
1621 4003 1996 4059 concessimus
2034 4004 2152 4074 epi-
2257 3983 2508 4079 εθίιυθιιιξ
2535 3984 2661 4079 diu
2710 3989 2794 4079 es}
2842 3980 3073 4037 θεο¹θδίει
3104 3981 3172 4035 de
3196 3967 3731 4079 Βεξιοωοηιξ

566 4068 753 4164 scopo,
775 4100 831 4148 et
859 4090 1113 4148 omnibus
1140 4092 1551 4149 successoribus
1598 4092 1739 4163 ejus,
1793 4100 1853 4147 ut
1905 4092 1961 4147 in
2004 4068 2092 4149 obi

2256 4077 2533 4135 Beecensi.
2580 4077 2650 4132 Et
2682 4076 2875 4132 eodem
2913 4089 3060 4130 anno
3118 4074 3439 4130 translatum
3481 4068 3566 4124 fuit
3599 4069 3732 4126 corpus

564 4158 683 4254 ejus
712 4185 867 4241 ﬁeret
897 4192 1130 4249 tantum,
1164 4184 1305 4241 sicut
1332 4199 1431 4253 pro
1478 4199 1589 4240 uno
1626 4158 2049 4248 monachorum,

2257 4173 2433 4230 sancti
2462 4172 2618 4229 Neoti
2652 4172 2719 4227 de
2745 4171 2916 4227 veteri
2949 4170 3183 4226 ecclesia
3216 4172 3273 4225 in
3308 4182 3486 4224 novam
3509 4158 3729 4219 ecclesiam.

561 4277 634 4332 de
661 4275 945 4331 canonicis
975 4274 1145 4345 ipsius
1165 4273 1412 4330 ecclesia:
1438 4274 1531 4328 (iet
1558 4272 1844 4329 servitium
1877 4274 2037 4329 unius
2062 4274 2087 4327 d

2256 4263 2393 4319 Nota
2418 4261 2562 4333 quod
2585 4260 2837 4329 ecclesia,
2866 4261 3009 4318 sicut
3056 4260 3339 4329 prioratus
3376 4258 3439 4311 de
3465 4251 3727 4345 Bellomottle.

560 4367 770 4423 functi.
794 4381 920 4421 cum
949 4335 1066 4434 ejus
1086 4365 1269 4420 obitus
1314 4364 1585 4420 audietur.
1618 4364 1686 4419 Et
1733 4364 1977 4421 invenies
2022 4380 2086 4420 an

2259 4356 2363 4410 fuit
2389 4356 2517 4411 data
2546 4369 2576 4409 a
2603 4352 2839 4424 Rogerio
2861 4352 3063 4407 comite
3081 4352 3148 4407 de
3170 4350 3508 4408 Bellomonte,
3528 4354 3570 4398 et
3583 4335 3729 4393 fundata

562 4472 732 4524 quum
801 4454 1069 4525 originale
1118 4456 1171 4509 in
1237 4454 1494 4525 c0phino,
1558 4455 1612 4510 in
1668 4470 1776 4525 quo
1817 4461 2158 4526 reponuntur
2189 4487 2233 4541 Β
2261 4448 2313 4502 in
2343 4447 2605 4501 honorem
2635 4452 2840 4499 sanctae
2869 4453 2924 4498 et
2953 4442 3252 4541 individuae
3291 4436 3730 4541 Trinitatisfjc‘o:

563 4519 770 4601 chartae
795 4519 1040 4601 ecclesiae
1061 4519 1333 4616 praedictae
1358 4547 1411 4600 in
1449 4519 1763 4602 cartulario.
1879 4519 1898 4526 -
2189 4519 2232 4541 υ
2266 4537 2478 4591 ﬁrmata
2505 4550 2603 4607 Per
2644 4534 2936 4589 Ηεητῖευω
2988 4546 3170 4600 regem
3221 4531 3500 4601 Αηειοτυω
3542 4519 3729 4621 εί

639 4638 776 4694 Huic
799 4608 1079 4693 successit:
1094 4638 1302 4707 primus
1330 4637 1494 4701 Bosa,
1544 4638 1599 4693 in
1663 4637 1814 4695 Novo
1865 4648 1919 4696 ει
1967 4638 2151 4696 Veteri
2266 4626 2800 4692 Northmannorum;
2838 4635 2894 4681 et
2920 4626 2972 4680 in
2992 4626 3459 4681 conﬁrmationem
3483 4608 3729 4709 vocal‘i'iii‘

565 4725 918 4782 Testamento
944 4704 1189 4796 apprime
1214 4727 1479 4793 eruditus,
1511 4728 1595 4783 vir
1628 4728 1874 4784 scientiae
1920 4730 2157 4785 admira-
2265 4736 2513 4774 ι’ίιηιηιιηὶ
2538 4720 2789 4774 comitem
2837 4718 3098 4782 Μευθηιῖ.
3128 4728 3182 4773 el
3232 4718 3545 4772 ΐιιηιιειιοτθω
3570 4704 3730 4802 Mi“?

560 4818 689 4873 bilis
720 4819 771 4890 7
795 4828 851 4873 et
878 4819 1140 4874 doctrinas
1176 4819 1652 4889 incomparabilis;
1689 4828 1893 4875 tantam
1924 4823 1973 4876 ei
2006 4822 2086 4877 ins

2261 4813 2411 4867 Beati
2465 4810 2686 4878 Nicasii,
2738 4812 3042 4874 inlestcm
3098 4822 3151 4866 et
3214 4814 3518 4865 advocatum

560 4924 662 4979 per
690 4886 921 4978 gratiam
945 4906 1119 4962 virtus
1149 4905 1332 4963 divina
1355 4886 1662 4964 contulerat
1704 4916 1764 4964 ut
1794 4910 2001 4976 nullus,
2042 4921 2149 4968 tam
2261 4904 2437 4958 Bcct‘i.
2479 4904 2546 4958 Ει
2586 4912 2646 4956 ιιι
2691 4899 3063 4958 conformetur
3120 4903 3363 4958 Ecclesia
3413 4898 3518 4953 aliis
3555 4886 3730 4983 Εοιιξεξσ

560 4999 737 5054 tristis
766 5007 822 5053 et
850 5012 1018 5069 egens
1055 4997 1309 5062 consilio,
1354 4998 1421 5053 ad
1457 4999 1630 5070 ipsum
1680 5002 1968 5059 accederet
2017 5018 2086 5072 qu

2255 4995 2513 5061 subjectis
2561 4994 2820 5050 Ecclesia:
2875 4993 3063 5061 Becci,
3107 5011 3230 5065 qua:
3288 4994 3455 5049 solent
3502 4980 3657 5053 ali'l"id
3695 4980 3726 5072 i‘“

559 5088 834 5158 extemplo
857 5086 1035 5153 laetus,
1089 5098 1145 5143 et
1175 5088 1493 5143 consiliatus
1546 5090 1614 5144 ab
1671 5090 1786 5161 ipso
1846 5064 2085 5147 recede-ri

2252 5088 2468 5158 signum
2507 5086 2861 5155 subiectionis
2907 5092 3189 5145 annuatim
3238 5088 3393 5143 dictae
3421 5078 3627 5139 Ecclesia
3649 5064 3726 5123 τεά·

558 5176 683 5247 llic,
731 5180 963 5235 dilectus
992 5196 1020 5233 ει
1054 5180 1163 5235 Deo
1210 5188 1265 5233 et
1311 5180 1636 5245 hominibus,
1693 5184 1806 5254 regi
1851 5174 2146 5255 Anglorum
2254 5180 2401 5243 dere,
2426 5180 2595 5234 voluit
2619 5179 2847 5249 utprior
2866 5189 3071 5234 sancta:
3095 5170 3677 5255 TrinitatisdeBellompn
3694 5172 3727 5250 ετ

559 5270 798 5328 Henrico
822 5272 1051 5328 multum
1083 5282 1203 5326 erat
1226 5271 1530 5337 familiaris,
1553 5272 1679 5343 quia
1712 5251 1896 5330 veram
1923 5251 2142 5349 religio-
2254 5269 2306 5323 ill
2340 5269 2765 5341 recognitionem
2786 5268 3165 5335 svbieClioniS.
3187 5269 3374 5324 Teddal
3401 5259 3609 5319 Εεείεδίπ
3624 5251 3727 5305 Bm

559 5379 710 5431 nem,
741 5374 796 5420 et
822 5365 1196 5421 admirandam
1234 5365 1581 5419 sanctitatem
1625 5377 1679 5421 et
1729 5368 2016 5425 consilium
2060 5372 2149 5426 in-
2254 5363 2322 5415 ad
2355 5362 2536 5416 minus
2564 5377 2727 5415 unam
2761 5361 2978 5415 UnCiam
3014 5364 3157 5415 auri-
3659 5434 3667 5444 .

559 5460 928 5530 comparabile
954 5459 1282 5529 reperiebat.
1307 5456 1432 5526 Qui,
1475 5457 1602 5515 licet
1635 5460 1891 5515 continua
1932 5477 2147 5531 preme-
2322 5457 2480 5511 Anno
2510 5456 2723 5511 Domini
2755 5454 3050 5511 millesimo
3080 5456 3376 5511 centesimo
3414 5442 3726 5520 quadratam”

560 5563 712 5605 retur
732 5552 1077 5620 aegritudine,
1103 5563 1284 5608 tamen
1329 5554 1443 5623 ipse
1503 5567 1601 5622 per
1655 5553 1846 5618 Deum,
1904 5555 2014 5607 iuro
2071 5555 2154 5624 (ut
2250 5560 2431 5614 sexto,
2470 5550 2768 5620 inemptum
2798 5560 2885 5603 est
2913 5548 3216 5618 capitulum
3259 5538 3544 5602 monasterii
3565 5534 3725 5588 Βεεοεθ·

562 5643 854 5711 credimus)
881 5643 1022 5698 Deus
1055 5660 1151 5713 pro
1181 5646 1319 5715 ipso,
1351 5645 1531 5701 omnia
1559 5646 1867 5699 necessaria
1910 5661 2149 5701 convcn-
2251 5644 2327 5698 sis
2366 5641 2660 5709 Ecclesiae,
2709 5641 2885 5713 pridie
2939 5639 3215 5697 Kalendas
3267 5637 3478 5709 Augusti
3492 5672 3504 5697 ,
3536 5626 3725 5697 pressu”

634 5754 746 5825 (Ἡ)
782 5755 938 5809 Deest
970 5754 1192 5824 aliquid.
