3864 6304
78 294 169 352 £53

137 498 295 555 lnltoc
326 514 470 552 anno
502 498 865 554 controversia
904 514 1025 570 quae
1065 508 1185 554 erat
1231 498 1377 553 inter
1428 514 1624 553 mona-

80 592 188 645 chos
213 587 384 651 Becci,
410 597 466 643 et
488 589 782 644 canonicos
815 588 1288 644 Exmeiordienses
1311 604 1410 658 pro
1443 587 1626 641 Eccle-

81 684 143 737 sia
180 682 238 736 de
286 679 643 746 Bellomonte,
682 680 925 736 Parisios
976 682 1029 736 in
1074 682 1365 752 praesentia
1412 676 1623 736 domini

81 791 205 844 papa:
230 772 475 841 Eugeuii,
514 774 803 828 terminata
841 783 945 829 cst.
988 773 1177 844 Itaque
1207 774 1336 829 dicti
1373 772 1626 830 monachi

79 862 205 918 Decet
242 873 621 918 remanserunt
650 864 703 918 in
734 864 991 933 praedicta
1013 864 1266 920 ecclesia.

132 953 268 1008 Circa
320 954 423 1009 hoc
468 970 606 1026 Opus
656 962 839 1011 eventt
903 954 1227 1011 miraculum
1279 971 1378 1027 per
1430 956 1624 1012 merita

70 1044 221 1100 beata:
265 1043 410 1101 Fidis
461 1040 689 1118 virginis
720 1052 774 1103 et
805 1048 1084 1119 martyris,
1119 1064 1147 1102 a
1187 1049 1296 1104 Dco
1326 1058 1624 1119 patratum,

72 1138 120 1191 in
144 1152 355 1207 persona
388 1133 597 1193 domini
628 1138 852 1193 Turoldl
884 1141 1161 1207 quondam
1197 1140 1435 1211 episcOpi
1471 1139 1628 1212 Bajo-

76 1231 241 1295 censis,
266 1240 317 1285 et
347 1247 447 1301 pro
476 1240 607 1287 mne
639 1232 895 1287 monachi
918 1232 1099 1299 Becci,
1120 1234 1364 1306 germani
1385 1233 1627 1306 Hugonis

76 1323 529 1389 Ewremodieusis;
557 1324 624 1379 de
652 1323 808 1394 cujus
845 1323 1089 1396 llugonis
1137 1326 1470 1396 patrimonio
1500 1327 1627 1381 l‘un-

77 1415 207 1468 datus
230 1414 323 1467 luit
342 1416 624 1483 prioratus
647 1412 836 1469 Sancti
859 1415 1140 1471 Laurentii
1166 1418 1234 1472 de
1260 1416 1625 1483 Ewremodio,

78 1518 100 1555 a
142 1504 455 1559 monasterio
515 1505 583 1559 de
636 1504 1085 1561 Bccco-llcrluini
1136 1506 1466 1577 dependens.
1525 1504 1628 1572 Qui

74 1594 310 1659 quondam
357 1592 667 1664 episcopus,
704 1604 761 1649 et
802 1603 930 1650 tunc
973 1597 1298 1661 monachus,
1325 1596 1628 1652 vexabatur

78 1683 272 1753 quadam
300 1684 625 1741 infirmitate
652 1702 771 1755 qua:
796 1687 1095 1758 vulgariter
1113 1698 1335 1757 ruptura
1363 1698 1624 1755 vocatur;

77 1789 101 1825 τι
145 1787 236 1841 qua
288 1774 613 1831 infirmitate
661 1776 986 1832 mirabiliter
1043 1794 1141 1848 per
1195 1780 1387 1835 merita
1436 1792 1625 1851 supra-
1658 1797 1705 1857 Β

78 1863 205 1919 dicta:
225 1868 388 1921 beatae
416 1868 654 1939 virginis
682 1878 736 1923 et
777 1871 1035 1942 martyris
1079 1871 1227 1926 Fidis
1258 1882 1483 1928 sanatus
1504 1873 1626 1939 fuit,

62 1961 204 2027 'prout
225 1968 369 2029 patet
395 1960 617 2031 plenius
652 1962 707 2017 in
759 1961 898 2017 libro
930 1964 1202 2033 passionis
1235 1963 1477 2033 ejusdem
1516 1965 1629 2021 vir-

79 2049 204 2119 ginis.
1202 2071 1212 2079 '

131 2138 269 2196 Anno
299 2141 598 2197 Dominicae
647 2142 1048 2201 lncarnationis
1099 2145 1392 2204 millesimo
1433 2156 1621 2204 cente-

80 2230 190 2283 simo
228 2234 652 2304 quadragesimo
703 2250 871 2302 nono,
920 2237 1057 2292 obiit
1116 2248 1319 2294 sanetze
1374 2241 1630 2295 recorda-

80 2321 211 2377 tionis
250 2324 527 2381 dominus
569 2325 852 2395 Letardus,
906 2338 1093 2385 scalas
1124 2330 1294 2387 abbas
1338 2330 1627 2387 Beccensis

79 2410 309 2467 Ecclesiae.
1207 2443 1209 2446 ‘

74 2528 77 2529 ν
135 2503 249 2559 Huic
298 2517 491 2564 sancto
552 2509 671 2565 viro
716 2513 985 2568 successit
1044 2513 1297 2570 dominus
1330 2514 1623 2586 ROgerius,

81 2593 207 2665 hujus
232 2601 445 2656 nomine
472 2599 705 2671 primus,
759 2604 812 2658 in
847 2612 1074 2675 utroque
1126 2605 1478 2662 Testamento
1522 2616 1624 2679 ap-

81 2688 217 2756 prime
242 2693 506 2759 eruditus,
537 2708 638 2749 nec
669 2710 776 2749 non
802 2696 1039 2752 clericali
1090 2714 1157 2754 ac
1185 2699 1422 2754 scholari
1447 2701 1626 2756 scien-

80 2786 137 2831 tia
160 2779 391 2837 decenter
417 2797 687 2852 ornatus,
718 2795 769 2843 et
801 2789 869 2842 ah
900 2790 1047 2844 omni
1077 2790 1365 2861 aequaliter
1390 2807 1623 2863 congre-

82 2872 259 2940 gatione
279 2874 510 2943 electus,
552 2880 604 2932 in
631 2879 761 2949 ipsis
790 2884 1025 2948 octavis,
1066 2883 1321 2938 videlicet
1351 2885 1625 2954 apostolo-

82 2976 171 3015 rum
212 2964 345 3022 Petri
393 2980 446 3024 et
494 2970 675 3025 Pauli.
709 2971 809 3040 Qui
847 2973 1168 3031 benedictus
1190 2978 1331 3046 apud
1358 2977 1622 3033 Sauctmn

82 3051 535 3131 Vaudregesilluni,
589 3064 643 3117 iu
699 3065 786 3119 die
846 3065 1160 3123 festivitatis
1204 3070 1379 3124 sancti
1434 3068 1620 3125 Jacobi

81 3152 287 3215 apcStoli,
310 3169 338 3206 a
370 3154 677 3210 venerabili
708 3156 934 3228 Hugoue
962 3159 1387 3231 Rothomageusi
1438 3164 1619 3218 arcbi-
1650 3153 1691 3211 C

81 3238 309 3310 episcopo.
357 3245 576 3301 Extunc
618 3261 783 3318 super
824 3265 1043 3322 gregem
1095 3253 1198 3308 sibi
1240 3255 1618 3322 Commissum,

80 3341 155 3394 pro
176 3347 316 3399 posse
342 3351 462 3402 suo,
502 3338 593 3393 die
620 3354 684 3393 ac
734 3350 894 3396 nocte.
924 3343 1181 3398 decenter
1211 3343 1519 3415 invigilans.
1554 3346 1622 3400 Et

84 3419 163 3475 hoc
184 3440 309 3481 anno
347 3430 487 3484 obiit
547 3430 802 3487 dominus
849 3431 1161 3490 Bcrnardus
1204 3435 1371 3491 abbas
1420 3437 1622 3494 Montis

83 3508 231 3569 Sancti
274 3518 573 3589 Michaelis,
628 3526 929 3579 monachus
979 3526 1292 3593 Beccensis,
1349 3530 1442 3599 qui
1485 3528 1623 3583 mul-

85 3611 169 3658 tum
202 3607 334 3667 intus
371 3622 423 3667 et
470 3612 610 3669 feris
656 3615 799 3671 idem
854 3619 1245 3674 monasterium
1287 3620 1619 3675 emendavit.

136 3719 269 3777 Anne
289 3723 581 3781 millesimo
614 3729 914 3784 centesimo
940 3731 1393 3803 quinquagesimo
1425 3747 1623 3787 secun-

82 3806 149 3874 do,
173 3815 370 3881 quidam
405 3812 711 3873 monachus
748 3819 1055 3887 Beccensis,
1108 3823 1327 3878 nomine
1365 3815 1619 3890 Michael,

83 3894 223 3956 lactus
249 3916 325 3959 cst
351 3908 525 3963 abbas
553 3904 834 3975 Pralellis,
878 3909 931 3964 in
976 3908 1115 3966 l'cSlo
1166 3914 1338 3967 sancti
1399 3908 1621 3968 Thoma)

82 3993 288 4057 aposwli.
320 3997 527 4054 Eodem
555 4014 699 4054 attno
722 3999 957 4056 Joannes
986 4001 1259 4058 [tornanus
1281 4005 1373 4073 qui
1397 4022 1426 4061 a
1451 4019 1620 4075 puero

82 4078 222 4137 luerat
265 4090 562 4145 inonachus
611 4090 797 4146 Sancti
851 4092 1030 4156 Sabae,
1094 4100 1148 4146 et
1205 4103 1390 4163 postea
1453 4098 1623 4153 abbas

82 4170 259 4232 Sancta:
285 4178 467 4238 alariae
493 4183 546 4236 in
567 4182 833 4252 Capitolio
853 4184 1118 4250 Romano,
1146 4196 1201 4241 et
1219 4186 1405 4242 relicta
1429 4192 1619 4243 eadem

81 4263 257 4320 ahhatia
302 4266 480 4327 factus
540 4271 719 4328 fuerat
773 4277 1079 4331 monachus
1134 4277 1314 4342 Becci,
1374 4280 1621 4348 perrexit

82 4350 287 4424 liomam,
312 4374 361 4417 et
392 4365 524 4420 inde
556 4366 771 4422 rediens
793 4368 851 4438 8
872 4377 1033 4438 caput
1064 4370 1209 4423 beati
1246 4370 1444 4426 Felicis
1473 4388 1556 4425 ma
1570 4388 1620 4425 r-

83 4449 205 4514 lyris,
234 4457 356 4509 socii
396 4458 654 4523 Adaucti,
687 4459 867 4514 attulit
903 4476 1111 4531 secum,
1136 4470 1189 4516 et
1209 4463 1450 4534 gratuito
1479 4464 1620 4520 dono

80 4535 198 4593 dedit
217 4541 335 4600 illud
365 4548 621 4604 Ecclesia:
654 4549 932 4606 Beccensi.

134 4638 266 4695 Anno
298 4642 582 4698 millesimo
620 4646 920 4699 centesimo
948 4640 1403 4717 quinquagesimo
1435 4649 1617 4715 tertio,

82 4724 186 4781 obiit
213 4731 519 4790 Guilbertus
559 4737 626 4790 de
657 4736 841 4802 Clara,
876 4739 1019 4794 illius
1052 4739 1308 4815 Richardi
1340 4745 1406 4799 de
1434 4744 1613 4811 Clara,

82 4824 362 4889 etscpultus
413 4836 500 4883 est
547 4827 688 4899 apud
728 4828 950 4883 Clarum
993 4829 1045 4883 in
1090 4831 1247 4899 cella,
1278 4848 1443 4904 quam
1471 4835 1619 4890 Guil-

84 4903 309 4970 bertusde
337 4917 519 4984 Clara,
539 4935 673 4974 avus
703 4916 841 4988 ejus,
873 4920 1100 4975 dederat
1125 4924 1405 4979 monachis
1433 4924 1616 4991 Becci,

84 4998 150 5061 (lui
177 5015 380 5062 vocatur
410 5008 566 5075 Stol;
608 5012 693 5065 cui
729 5012 992 5067 successit
1022 5012 1288 5083 llogerius
1312 5013 1455 5071 ﬁlius
1480 5015 1616 5085 ejus.

137 5089 267 5148 Auno
288 5098 494 5154 Domini
526 5102 814 5157 millesimo
837 5104 1141 5159 centesimo
1165 5105 1618 5178 quinquagesimo

86 5193 260 5249 ‘luarto,
308 5200 457 5247 sexto
509 5193 778 5250 Kalendas
820 5193 990 5264 Junii,
1032 5197 1167 5252 feria
1211 5199 1425 5271 quinta,
1479 5199 1616 5255 infra

83 5283 264 5332 octavas
292 5279 658 5347 Pentecostes.
715 5288 1106 5344 monasterium
1142 5290 1293 5345 Beati
1335 5288 1620 5348 Michaelis

85 5360 137 5417 de
163 5365 385 5430 Periculo
435 5384 620 5442 maris,
670 5389 794 5449 post
852 5378 1256 5439 tribulationem
1309 5400 1473 5456 quam
1520 5401 1619 5457 per

85 5457 467 5529 quinquennium
498 5471 609 5524 fere
632 5470 818 5542 jugem
842 5488 1058 5542 passum
1080 5474 1281 5541 fuerat,
1315 5476 1423 5532 Deo
1450 5481 1615 5536 misc-

88 5558 227 5618 raute,
269 5559 648 5629 aliquantulum
700 5566 1009 5636 respiravit,
1057 5564 1232 5625 electo
1288 5570 1617 5628 unanimiter

86 5636 139 5693 δι)
161 5652 287 5706 omni
314 5667 572 5712 conventu
606 5658 845 5714 Roberto
873 5655 941 5715 de
963 5656 1237 5733 Tougeyo,
1264 5663 1445 5734 priore
1469 5663 1615 5720 clau-

87 5737 210 5795 ttrali
237 5740 502 5807 Beccensis
530 5752 887 5831 monasterii.

1274 284 1668 349 CHRONICON
1706 282 2081 349 succense.
2288 350 2291 355 η

80 412 163 482 piae
199 405 466 462 memoria:
510 404 739 477 domino
766 383 1209 476 Letardolpsius
1253 394 1357 460 loci
1407 394 1621 459 abbate.
1653 411 1703 467 Α
1799 398 1956 456 Anno
1981 390 2199 455 Domini
2221 392 2508 458 millesimo
2535 403 2836 477 centesimo
2858 406 3316 495 quinquagesimo

3210 294 3319 375 cst

1726 509 1892 555 nono,
1949 487 2211 547 Kalendis
2259 494 2508 565 Augusti,
2551 496 2822 553 llobertus
2870 501 2934 554 de
2986 490 3315 576 Novoburgo

1725 585 2098 640 vicedominus
2132 587 2296 641 totius
2349 586 2776 655 Northmaunim,
2823 592 2905 645 vir
2948 609 3154 665 magna:
3185 606 3316 665 pru-

1727 676 1923 732 dentize
1949 686 2005 732 et
2034 678 2318 744 bonitatis,
2348 680 2608 735 multatus
2661 681 2998 749 inﬁrmitate,
3029 687 3202 742 factus
3233 698 3319 744 est

1729 769 2028 823 monachus
2059 764 2348 825 Beccensis
2380 771 2656 837 Ecclesim,
2719 790 2814 827 sua
2860 778 3039 830 omnia
3072 780 3315 850 propria,

1726 871 1847 927 qua:
1876 873 2066 927 magna
2097 867 2278 924 el‘mtl,
2306 859 2457 929 prius
2488 862 2820 930 pauperibtts
2879 863 3099 934 largiter
3131 867 3321 923 distrio

1727 948 1918 1004 buens.
1953 948 2101 1005 Obiit
2128 961 2308 1004 autem
2346 952 2507 1007 tertio
2537 952 2808 1009 Kalendas
2837 954 3193 1025 Septembris,
3228 961 3321 1028 qui

1728 1044 1969 1114 quinque
2020 1042 2135 1099 fere
2189 1044 2541 1101 liebdoinadis
2594 1049 2890 1104 monachus
2916 1050 3178 1113 existens,
3211 1068 3321 1108 sua:

1729 1132 2091 1196 abstinentiae,
2108 1142 2164 1187 et
2188 1133 2523 1189 admirandae
2550 1135 2850 1207 religionis,
2874 1141 3131 1194 virtulmn
3155 1142 3321 1195 etiam

1729 1226 1972 1280 omnium
1998 1224 2052 1277 in
2076 1225 2226 1280 brevi
2250 1226 2343 1282 Dei
2368 1227 2570 1282 virtute
2594 1228 2820 1297 ditatus,
2847 1233 3113 1301 auSpicio,
3138 1233 3317 1288 omni-

1729 1318 1832 1373 bus
1855 1318 2116 1374 Ecclesiae
2142 1316 2439 1387 majoribus
2465 1320 2606 1375 bene
2643 1321 2859 1377 vivendi
2893 1323 3111 1394 reliquit
3136 1342 3321 1381 exemo

1728 1411 1901 1482 plant,
1932 1426 2055 1466 cum
2087 1420 2247 1465 antea
2279 1412 2451 1478 dives,
2505 1429 2650 1470 nunc
2702 1416 2917 1485 quidem
2949 1420 3324 1490 pauperrimus

1730 1510 1947 1558 secutus
1974 1511 2060 1558 est
2084 1501 2383 1559 Christum.

2213 1658 2546 1702 EPITAPHIUI
2583 1664 2837 1705 EJUSDEI.

1841 1752 2148 1828 Rettpiciena
2165 1770 2446 1839 augustum
2470 1765 2695 1833 prtecisa
2724 1779 2851 1835 rupe
2879 1766 3210 1837 sepulcrum:

1840 1848 1945 1904 Hic
1969 1850 2113 1920 jacet
2137 1852 2191 1905 in
2218 1852 2426 1906 tumulo
2461 1853 2718 1910 lioberlus
2753 1857 2819 1910 de
2850 1855 3141 1929 Noviburg.

1842 1939 1953 2004 Qui
1976 1955 2142 2006 mare,
2158 1943 2473 2012 quicaelum,
2494 1944 2584 2015 qui
2612 1954 2776 1998 totum
2804 1948 3031 2002 carmine!
3060 1964 3247 2013 rerum.

1839 2030 1998 2087 Hunc
2022 2031 2188 2102 faciat
2218 2051 2337 2090 vere
2357 2037 2598 2106 paradisi
2626 2054 2785 2109 regna
2809 2040 3004 2095 videre.
3034 2043 3221 2097 Amen.

1798 2167 1958 2223 Anno
2008 2168 2226 2227 Domini
2287 2173 2575 2229 millesimo
2627 2177 2930 2232 centesimo
2976 2180 3321 2251 sexagesimo

1728 2255 1928 2329 primo,
1959 2261 2092 2316 obiit
2124 2256 2452 2321 venerabilis
2498 2269 2773 2323 memoria:
2830 2269 3080 2327 dominus
3132 2264 3317 2333 Theoe

1728 2347 1943 2415 baldus,
1965 2352 2414 2424 archiepiscopus
2430 2354 2963 2431 Cantuariensis,qui
2991 2350 3129 2418 rexit
3152 2365 3318 2420 abba-

1731 2439 1859 2494 tiam
1884 2434 2042 2497 Becci
2070 2443 2278 2499 duobus
2303 2447 2485 2511 annis,
2509 2456 2564 2502 et
2589 2449 2843 2517 dimidio,
2873 2454 3317 2529 archiepiscopa-

1732 2539 1841 2586 tum
1876 2543 2057 2590 autem
2087 2537 2278 2606 viginti
2304 2530 2512 2594 duobus
2542 2541 2720 2607 annis,
2759 2543 2950 2601 diebus
2984 2549 3229 2616 totidem,
3260 2562 3320 2611 et

1730 2624 1904 2679 tribus
1926 2628 2223 2685 mensibus.
2630 2618 2635 2623 ’
3032 2620 3035 2623 Α

1800 2709 2002 2771 Eodem
2023 2727 2169 2774 anno
2195 2719 2536 2779 intraverunt
2563 2715 2815 2783 monachi
2845 2727 3004 2786 Becci
3031 2732 3085 2787 in
3117 2749 3318 2791 novum

1727 2819 1863 2876 Opus
1888 2809 2159 2877 ecclesia),
2192 2811 2243 2865 in
2277 2812 2459 2883 vigilia
2480 2815 2885 2887 Assumptionis
2906 2821 3080 2878 beatae
3110 2820 3318 2891 Mariae,

1725 2907 1997 2966 praesente
2027 2898 2269 2958 Rotrodo
2318 2903 2579 2975 episcopo
2613 2907 2956 2979 Ebroiceusi,
2996 2914 3088 2985 qui
3125 2926 3316 2985 postea

1726 2989 1831 3044 fuit
1852 2991 2308 3065 archiepiscopus
2338 2995 2819 3071 Rothomagensis.

1794 3081 1954 3137 Anno
2016 3084 2228 3141 Domini
2278 3087 2568 3145 millesimo
2619 3094 2918 3151 centesimo
2974 3099 3317 3170 sexagesimo

1725 3176 1986 3241 secundo,
2048 3175 2289 3233 Thomas
2339 3178 2543 3235 Bechet
2600 3172 3013 3243 Cantuariensis
3061 3189 3318 3247 Ecclesia:

1723 3268 2148 3325 archidiaconus
2189 3280 2246 3326 et
2270 3261 2630 3329 cancellarius
2654 3277 2797 3348 regis
2820 3277 3059 3348 Hem-ici,
3089 3285 3313 3340 ordina-

1722 3367 1812 3433 tus
1854 3366 1909 3413 et
1954 3373 2310 3418 consecratus
2366 3373 2454 3419 est
2489 3366 2932 3440 archiepiscopus
2971 3370 3314 3441 Cantuariaz,

1726 3450 1887 3504 tertio
1913 3449 2094 3508 Nonas
2121 3451 2290 3509 Junii.

1794 3541 1951 3596 Auno
1974 3542 2187 3599 Domini
2212 3542 2499 3603 millesimo
2523 3546 2823 3608 centesimo
2846 3557 3185 3625 sexagesimo
3208 3569 3320 3613 ter-

1727 3631 1819 3694 tio,
1851 3633 2164 3691 Alexander
2214 3653 2351 3709 papa
2402 3642 2572 3695 tenuit
2607 3645 2896 3700 concilium
2946 3648 2998 3702 in
3044 3648 3315 3707 Turonica

1723 3724 1966 3790 civitate,
2017 3729 2070 3781 in
2132 3745 2239 3800 quo
2295 3730 2534 3789 Thomas
2582 3736 3031 3811 archiepiscopus
3078 3744 3219 3797 sedit
3258 3745 3313 3799 in

1729 3816 1953 3873 dextera
1984 3831 2159 3892 parte,
2188 3832 2244 3878 et
2291 3823 2557 3896 Rogerius
2606 3826 2730 3900 [al.,
2781 3831 3077 3907 Rotrodus]
3125 3836 3316 3891 Ebroi-

1724 3911 1905 3966 censis
1932 3913 1982 3967 in
2015 3914 2257 3969 sinistra.
2294 3915 2351 3971 ln
2378 3919 2568 3973 eodem
2610 3922 2846 3977 concilio
2898 3941 2991 3980 rex
3045 3925 3314 3983 Henricus

1723 4007 2163 4074 consuetudines,
2193 4024 2332 4080 quas
2362 4010 2537 4066 avitas
2574 4013 2903 4084 appellabat,
2934 4019 3094 4086 petiit
3116 4022 3319 4074 contir-

1724 4095 1862 4149 mari
1890 4111 1919 4148 a
1941 4086 2161 4152 domino
2192 4114 2350 4169 papa,
2380 4101 2472 4157 sed
2498 4117 2603 4158 non
2625 4103 2880 4172 obtinuit,
2908 4107 3113 4162 Thoma
3138 4109 3322 4165 archi-

1723 4188 1979 4258 episcopo
2008 4190 2317 4246 Cantuariae
2349 4195 2659 4250 resistente.

1791 4279 1951 4334 Anno
2007 4281 2219 4337 Domini
2270 4282 2560 4341 millesimo
2614 4288 2917 4344 centesimo
2974 4290 3314 4362 sexagesimo

1723 4378 1940 4440 quarto,
1974 4373 2113 4441 apud
2144 4373 2509 4431 Claredunum
2540 4378 2609 4434 ad
2642 4379 2793 4449 regni
2823 4378 3034 4449 Anglia:
3076 4397 3313 4438 consue-

1647 4498 1699 4560 Β
1728 4462 1941 4518 tudines
1981 4464 2351 4521 observandas
2378 4470 2553 4524 coacti
2585 4482 2717 4527 sunt
2747 4472 3022 4544 episcopi;
3056 4487 3347 4533 exauelo-'

1725 4555 1923 4611 risatos
1950 4560 2174 4627 propter
2210 4557 2474 4628 ﬂagitium
2508 4558 2739 4619 clericos
2771 4581 2867 4620 rex
2903 4565 3120 4622 dicebat
3147 4570 3317 4625 curiae

1728 4646 2040 4712 tradendos,
2070 4658 2125 4702 et
2165 4647 2310 4705 illico
2333 4650 2662 4719 puniendos,
2711 4655 3154 4729 archiepiscopus
3185 4674 3317 4715 con—

1725 4737 2054 4805 tradicebat;
2094 4739 2186 4809 qui
2211 4739 2429 4810 quidem
2468 4744 2935 4818 archiepismpus,
2958 4747 3133 4805 inscio
3164 4766 3311 4823 rege.

1723 4842 1917 4883 navem
1967 4830 2218 4887 ascendit
2263 4841 2491 4905 propter
2550 4837 2696 4906 quod
2742 4838 2887 4911 regis
2946 4840 3180 4898 incurrit
3226 4843 3316 4900 of—

1722 4921 1956 4978 fensam.

1797 5015 1938 5070 Nota
1962 5017 2103 5087 quod
2134 5033 2276 5075 anno
2298 5021 2477 5076 obitus
2507 5023 2859 5084 nobilissima:
2880 5026 3120 5085 Matildis
3143 5030 3314 5099 impe-

1727 5107 1967 5170 ratricis,
1996 5109 2100 5163 tria
2131 5111 2283 5181 signa
2323 5113 2377 5167 in
2409 5113 2551 5170 coelo
2596 5114 2709 5173 Visa
2737 5129 2894 5187 sunt;
2950 5136 3077 5176 nam
3123 5136 3313 5178 meme

1721 5201 1917 5258 Martio
1969 5214 2182 5260 cometa
2237 5206 2289 5261 in
2346 5207 2520 5264 Gallia
2572 5214 2854 5283 apparuit;
2916 5230 3106 5271 mense
3165 5214 3311 5273 Julio

1720 5297 1958 5355 circulus
2007 5301 2275 5357 aethereus
2305 5303 2451 5358 circa
2496 5305 2664 5360 solem
2709 5306 3080 5377 resplenduit;
3124 5325 3313 5367 mense

1722 5404 1907 5463 postea
1932 5394 2239 5464 Septembri
2274 5398 2447 5454 media
2482 5408 2662 5470 nocte,
2699 5399 2825 5455 luna
2872 5410 2982 5457 tota
3008 5406 3313 5475 sanguinea

1719 5484 1927 5539 diutius
1972 5487 2083 5540 visa
2142 5495 2222 5541 es‘
2274 5488 2490 5558 regibus
2527 5489 2734 5560 Anglia:
2771 5500 2826 5546 et
2870 5492 3144 5559 Francim,
3180 5504 3309 5565 post

1719 5573 1926 5632 Pascha
1958 5592 2213 5648 sequens,
2252 5580 2320 5633 ad
2358 5595 2418 5636 se
2461 5581 2696 5636 invicem
2744 5582 3200 5645 discordantibus.
3239 5589 3311 5647 Et

1722 5669 1867 5724 misit
1919 5671 2216 5741 imperator
2272 5671 2631 5740 Alemannizc,
2686 5691 2808 5733 cum
2863 5681 2999 5737 duce
3050 5682 3306 5739 Saxoniat

1720 5771 1914 5829 ltepolc
1957 5762 2094 5833 ejus,
2137 5764 2358 5821 nuntios
2388 5765 2463 5819 ad
2504 5780 2683 5838 regem
2725 5771 2930 5845 Anglia
2972 5771 3306 5849 generem,

3851 6154 3854 6277 ι
