3886 6292
548 308 652 399 ω

1554 329 1648 386 λιι
1684 327 1916 386 OPERA
1944 325 2006 381 ις.
2048 318 2445 379 mamma
2483 316 2849 378 APPENDIX.
3699 324 3777 381 om

546 426 833 529 generum]
859 450 1014 506 ducis
1042 448 1314 512 Saxonize,
1370 446 1495 518 quia
1553 445 1779 500 dederat
1826 443 1971 496 dicto
2014 439 2135 495 duci
2170 443 2215 502 Λ
2244 455 2365 495 cmn
2395 455 2591 511 magno
2618 438 2815 509 gaudio
2851 434 3144 507 suscipitur
3171 434 3238 489 ab
3271 434 3545 502 omnibus,
3592 442 3777 498 maxime

548 549 715 602 tiliam
747 560 901 601 suam
939 544 990 598 in
1027 542 1362 612 conjugium,
1396 548 1450 593 et
1483 536 1757 591 mandavit
1786 542 1845 590 ut
1874 546 2141 602 cumrege

546 638 884 693 Francorum
943 649 1135 705 pacem
1184 633 1381 695 iniret,
1430 630 1677 697 feretque
1713 626 1832 695 ejus
1877 624 2138 679 auxilium

547 745 644 800 pro
674 744 740 784 co
783 743 905 783 esse
935 717 1211 797 paratum,
1254 732 1309 777 cl
1359 723 1506 776 misit
1535 720 1710 775 dictos
1755 717 1977 773 nuntios
2015 730 2138 771 cum

547 821 692 875 dicto
740 818 877 874 duce
930 817 1350 883 Rothomagum.
1407 812 1519 865 [lex
1570 820 1751 864 autem
1802 807 1962 878 paulo
2020 814 2142 875 post

547 920 773 965 secutus
804 917 888 964 est
917 924 1066 972 eum,
1091 916 1145 961 et
1173 906 1253 961 eis
1306 902 1590 958 consilium
1638 916 1795 955 suum
1848 897 2137 961 intimavil,

546 1012 602 1057 et
633 1018 761 1056 vasa
797 1016 961 1056 aurea
994 1009 1049 1055 et
1078 1006 1337 1068 argentea
1371 994 1618 1065 pra-clari
1658 992 1913 1064 ponderis
1957 989 2137 1055 dedit;

546 1097 735 1166 sicque
760 1095 829 1149 ad
858 1090 1245 1164 imperatorem
1292 1088 1523 1144 consilio
1551 1102 1651 1141 suo
1677 1085 1759 1141 eis
1787 1083 2137 1149 demandata,

549 1189 700 1243 lzetos
731 1188 940 1243 remisit
979 1200 993 1240 :
1028 1193 1083 1240 et
1114 1185 1261 1238 dedit
1307 1183 1559 1237 dominus
1595 1197 1687 1235 rex
1721 1179 1985 1250 przedicto
2016 1175 2139 1232 duci

548 1282 687 1335 duos
717 1279 1026 1349 ie0pardos.
1068 1276 1203 1330 Nota
1235 1274 1399 1329 etiam
1448 1272 1592 1344 quod
1623 1273 1690 1327 de
1734 1282 1889 1343 partu
1920 1269 2017 1325 ﬁlii
2056 1267 2138 1324 sui

546 1372 791 1429 Ganfridi
817 1374 1095 1427 inﬁrmata
1119 1368 1279 1425 obiit.
1350 1440 1351 1443 η

621 1469 778 1520 Anno
827 1465 1040 1519 Domini
1096 1462 1389 1519 millesimo
1447 1461 1747 1517 centesimo
1801 1459 2141 1533 sexagesimo

546 1568 729 1625 sexto,
759 1559 898 1614 obiit
919 1558 1117 1613 Petrus
1150 1556 1318 1611 abbas
1340 1554 1758 1618 Gemeticensis,
1778 1554 1863 1608 cui
1882 1553 2143 1609 successit

548 1649 819 1721 liogerius
855 1648 1155 1703 monachus
1182 1645 1497 1709 Beccensis,
1550 1643 1658 1699 Deo
1713 1651 1769 1698 et
1811 1644 2049 1712 regibus,
2086 1650 2141 1697 et

545 1740 735 1796 multis
762 1739 883 1794 aliis
909 1739 1130 1801 charus,
1159 1746 1214 1792 et
1252 1737 1304 1791 in
1356 1734 1553 1790 diebus
1605 1734 1727 1804 ejus
1778 1733 1949 1789 multa
1995 1732 2140 1789 bona

549 1838 925 1901 provenerunt
966 1828 1226 1883 Ecclesia:
1253 1825 1644 1882 Gemeticensi.

622 1923 782 1983 Anno
835 1920 1045 1976 Domini
1099 1918 1394 1974 millesimo
1466 1918 1769 1983 centesimo
1808 1917 2149 1988 sexagesimo

551 2026 740 2083 sexto,
800 2015 1037 2073 Thomas
1094 2013 1544 2082 archiepisc0pus
1600 2011 1753 2067 venit
1818 2010 2145 2066 Viceliacum

549 2110 638 2164 die
676 2107 1055 2170 Ascensionis,
1102 2115 1156 2160 et
1203 2106 1592 2159 observatores
1652 2102 2143 2168 consuetudinum,

551 2213 691 2267 quas
721 2198 901 2251 avitas
927 2194 1203 2267 appellant
1233 2194 1287 2247 in
1323 2192 1538 2263 Anglia,
1589 2192 1909 2247 soletnniter
1928 2206 2149 2246 excom-

552 2288 871 2343 municavit.

554 2382 567 2389 ’
625 2379 810 2433 Ethoc
842 2393 986 2433 anno
1017 2377 1207 2448 regina
1238 2375 1446 2446 Anglia:
1470 2375 1693 2430 Alienor
1718 2373 1929 2446 peperit
1958 2374 2145 2439 ﬁlium,

551 2484 716 2537 quin)
746 2467 1247 2524 vocavitJoannem
1275 2468 1394 2523 sine
1443 2476 1610 2521 terra.
1670 2466 1802 2523 Item
1853 2468 1957 2522 hoc
2007 2481 2149 2520 anno

552 2564 869 2619 Willermus
929 2562 1241 2632 Papiensis,
1307 2572 1365 2616 et
1421 2560 1660 2616 Joannes
1725 2559 2150 2629 Neapolitensis,

554 2656 707 2711 missi
756 2664 887 2709 sunt
920 2653 1161 2708 audituri
1204 2667 1428 2707 causam
1465 2651 1611 2720 regis
1659 2649 1869 2722 Anglia:
1891 2659 1944 2704 et
1975 2649 2151 2703 archi-

553 2745 791 2816 episcopi
852 2744 1106 2809 Thomae;
1168 2742 1264 2798 sed
1321 2742 1522 2796 infecto
1550 2742 1767 2811 negotio
1844 2741 2144 2803 redierunt;

554 2836 969 2907 archiepiscopo
1023 2845 1205 2890 autem
1263 2835 1314 2888 in
1363 2833 1593 2888 Francia
1634 2832 2021 2896 commoranti,
2054 2844 2148 2884 rex

553 2930 891 2984 Francorum
938 2927 1246 2983 Ludovicus
1299 2924 1541 2996 providit
1584 2923 1633 2978 ei
1681 2923 1736 2977 in
1763 2923 2022 2993 expensis
2044 2936 2149 2992 per

557 3032 793 3092 quatuor
821 3034 1015 3074 annos.

627 3111 784 3165 Anno
833 3109 1046 3165 Domini
1101 3108 1391 3163 millesimo
1439 3106 1743 3162 centesimo
1802 3104 2150 3177 sexagesimo

557 3205 813 3275 septimo,
846 3203 1172 3273 Rothomagi
1206 3203 1352 3272 apud
1385 3201 1609 3257 Pratum
1642 3200 1781 3256 obiit
1808 3199 2145 3254 nobilissima

556 3298 615 3369 9
643 3298 857 3351 domina
890 3296 1164 3351 Mathildis
1203 3293 1527 3364 imperatrix
1586 3293 1981 3356 Romanorum,
2037 3290 2146 3345 ﬁlia

558 3389 720 3458 primi
755 3386 972 3443 llenrici
999 3387 1144 3456 regis
1166 3385 1488 3455 Anglorum,
1517 3383 1789 3453 quondam
1818 3396 1959 3435 uxor
1986 3380 2150 3448 impc-

558 3478 1003 3533 ratorisliomani
1037 3476 1258 3532 llenrici
1291 3475 1495 3545 quarti,
1520 3482 1717 3543 quarto
1746 3472 1871 3527 ldus
1898 3472 2149 3540 Septem-

556 3570 701 3632 bris;
738 3569 892 3623 cuius
925 3584 1131 3636 corpus
1176 3566 1317 3637 apud
1366 3565 1597 3620 Beccum
1651 3564 1890 3619 delatum
1949 3572 2056 3628 est,
2095 3570 2150 3618 et

556 3674 687 3717 ante
716 3664 892 3717 altare
923 3663 1101 3717 beata:
1130 3660 1312 3714 Maria:
1364 3658 1646 3730 genitricis
1704 3657 1800 3710 Dei
1849 3657 1901 3710 in
1957 3656 2148 3710 eadem

555 3755 794 3809 ecclesia
830 3751 1129 3807 honoriﬁce
1164 3750 1455 3820 sepultum.
1506 3748 1629 3803 Fuit
1678 3748 1845 3803 etiam
1869 3747 2146 3800 comitissa

555 3844 1169 3917 Andegavensis,etiam
1196 3844 1383 3912 regina
1406 3842 1703 3912 Angliae,et
1730 3850 1904 3895 mater
1925 3839 2146 3894 secundi

560 3936 781 3991 lietiriei
815 3935 962 4004 regis
991 3934 1314 4005 Anglorum.

642 4026 766 4080 llaec
792 4025 1128 4080 nobilissima
1157 4026 1371 4080 domina
1426 4025 1485 4079 in
1531 4023 1640 4077 vita
1673 4038 1769 4077 sua
1822 4038 1985 4077 manu
2014 4023 2154 4078 sicut

558 4118 737 4189 larga,
771 4118 1090 4182 ita‘devota,
1127 4118 1419 4172 thesauros
1443 4131 1575 4171 suos
1616 4116 1875 4183 orphanis
1894 4156 1911 4181 ,
1941 4115 2117 4170 viduis
2136 4156 2150 4179 ,

560 4222 615 4263 et
643 4210 867 4278 reliquis
895 4209 1223 4278 pauperibus
1251 4207 1544 4272 distribuit,
1568 4216 1622 4260 et
1645 4204 1879 4259 maxime
1907 4206 2152 4260 ccclesiis

559 4311 612 4354 et
661 4299 1031 4356 monasteriis.
1082 4299 1466 4356 Monasterium
1516 4312 1643 4352 vero
1675 4297 1944 4352 Becceuse
1985 4298 2153 4351 abun-

558 4394 790 4445 dantiori
823 4392 1198 4447 benedictione
1229 4392 1282 4445 in
1315 4406 1471 4455 auro,
1502 4400 1761 4462 argento,
1792 4400 1847 4446 et
1884 4391 2152 4462 lapidibus

557 4486 830 4557 pretiosis,
855 4501 918 4540 ac
943 4485 1231 4555 multiplici
1262 4493 1458 4538 ornatu
1485 4483 1726 4539 ecclesiae
1750 4500 1914 4555 quam
1944 4500 1980 4539 rs
2005 4483 2150 4553 liqua

562 4576 927 4639 nionasteria,
960 4575 1271 4639 decoravit;
1303 4584 1352 4626 et
1388 4575 1573 4628 multis
1603 4574 1855 4629 humanis
1901 4574 2153 4644 precibus

561 4688 588 4719 ει
621 4676 777 4736 patre
803 4683 903 4722 suo
930 4667 1170 4722 obtinuit
1200 4675 1257 4720 ut
1284 4665 1483 4719 ibidem
1517 4676 1635 4737 post
1681 4668 1969 4720 transitum
1998 4682 2153 4720 suum

560 4758 908 4823 sepeliretur.

632 4852 789 4903 Anno
831 4850 1046 4905 Domini
1084 4850 1315 4904 millesin
1341 4865 1377 4904 0
1416 4852 1723 4905 centesimo
1755 4851 2155 4921 septuagesimo

563 4940 759 5008 primo,
786 4939 1080 4996 interdicto
1109 4942 1421 5011 supradicto
1440 4957 1546 4996 non
1572 4942 1844 5008 obstante,
1866 4941 2153 5008 Henricus,

562 5030 708 5085 titius
737 5030 957 5087 Henrici
982 5032 1126 5103 regis
1146 5030 1467 5102 Anglorum,
1486 5032 1763 5088 Dominica
1789 5042 1910 5102 post
1932 5042 2152 5089 octavas

561 5119 914 5178 Peutecostes
958 5123 1099 5192 apud
1148 5122 1489 5179 Limdoniam
1534 5133 1731 5181 unctus
1763 5142 1846 5181 εει
1882 5127 1935 5180 in
1969 5142 2152 5199 regem

564 5227 662 5282 per
691 5231 910 5270 manum
942 5216 1183 5285 prmdicti
1219 5216 1435 5285 Rogerii
1485 5218 1842 5275 Eboracensis
1888 5221 2157 5291 archiepi-

563 5309 751 5379 scopi,
800 5318 1068 5379 praesente
1121 5308 1355 5364 Henrico
1418 5323 1570 5382 patre
1615 5327 1734 5368 suo.
1787 5313 1989 5368 Deinde
2036 5326 2157 5383 post

479 5449 483 5453 .
564 5416 770 5471 paucos
793 5402 910 5456 dies
936 5399 1175 5457 Thomas
1199 5403 1639 5474 archiepiscopus
1662 5405 2067 5461 Cantuariensis
2089 5407 2155 5461 de

562 5491 796 5547 Francia
817 5532 832 5559 ,
862 5493 952 5547 ubi
987 5507 1085 5563 per
1113 5508 1208 5550 sex
1240 5508 1414 5549 annos
1439 5505 1495 5551 et
1521 5496 1755 5566 amplius
1787 5497 2153 5566 exsulavcrat,

567 5599 816 5641 reversus
844 5597 928 5643 est
954 5588 1009 5643 iu
1039 5588 1321 5660 Angliam;
1347 5598 1403 5645 et
1432 5589 1483 5644 in
1516 5590 1745 5646 ecclesia
1773 5591 2152 5646 Cantuariensi

2241 549 2272 586 a
2304 531 2586 586 monachis
2624 530 2983 583 clamantibus
3013 527 3265 582 omnibus
3303 540 3319 581 :
3350 526 3682 594 Benedictus,
3712 538 3776 603 qui

2242 624 2377 679 venit
2406 624 2460 676 in
2500 638 2710 676 noutme
2736 620 2947 675 Domini
2975 618 3157 692 (Joan.
3206 636 3280 674 χιι
3300 661 3314 684 ,
3347 621 3458 689 l5).
3489 621 3617 675 Cum
3642 640 3694 677 au
3717 644 3777 681 ιιιι

2242 726 2366 787 post
2394 717 2499 770 hoc
2536 716 2781 770 tenderet
2826 728 3018 767 versus
3048 711 3376 767 Wdescoalh
3428 712 3495 767 ad
3544 713 3776 771 videndum

2243 825 2425 877 regem
2485 822 2716 868 novum,
2775 814 2829 859 et
2884 805 3253 873 hospitaretur
3305 805 3446 874 apud
3504 803 3775 873 Sutbowrd,

2243 900 2447 954 audivit
2470 899 2687 954 nuntios
2711 914 2774 952 ex
2801 906 2954 967 parte
2983 898 3148 968 regis,
3176 913 3241 951 ne
3263 904 3577 966 peragraret
3603 912 3777 967 regnum

2242 991 2476 1062 Angliae,
2506 990 2741 1046 cilicium
2771 1006 2926 1045 suum
2973 991 3324 1059 exsequendo
3343 1029 3358 1051 .
3385 990 3484 1043 sed
3512 994 3780 1059 quantocius

2243 1089 2529 1159 repedaret
2548 1130 2563 1155 ,
2593 1088 2946 1143 residentiam
2978 1086 3223 1142 facturus
3245 1088 3297 1140 in
3330 1086 3571 1142 Ecclesia
3595 1087 3780 1143 Cantua-

2244 1179 2440 1245 riensi;
2492 1180 2582 1235 ubi
2622 1194 2744 1234 cum
2797 1178 2910 1233 fere
2959 1178 3179 1233 unicum
3228 1193 3473 1233 mensem
3515 1180 3780 1246 resedisse,

2242 1269 2327 1324 die
2356 1269 2665 1323 Nativitatis
2696 1270 2907 1324 Domini
2938 1268 3438 1325 excommunicavit
3470 1268 3708 1339 Nigellum
3735 1278 3781 1326 de

2243 1362 2547 1417 Sachevilla
2577 1372 2632 1417 et
2661 1362 2956 1417 liohertum
2986 1363 3051 1417 de
3077 1363 3313 1426 Brooch,
3344 1370 3400 1417 et
3424 1374 3600 1432 postea
3627 1365 3670 1417 in
3695 1381 3783 1419 cra-

2242 1456 2388 1510 stino
2417 1453 2731 1510 festivitatis
2757 1464 3071 1509 sanctorum
3122 1453 3501 1510 Innocentium
3548 1456 3731 1512 occisus
3760 1474 3782 1513 ι

2242 1557 2477 1617 quatuor
2508 1547 2770 1601 militibus
2814 1546 2867 1600 in
2901 1555 3078 1601 matre
3137 1545 3371 1601 ecclesia
3423 1542 3784 1615 Cantuariensi,

2244 1650 2373 1695 ante
2406 1639 2578 1695 altare
2610 1639 2793 1696 Sancti
2820 1639 3099 1695 Benedicti
3130 1648 3397 1695 :mortem
3427 1639 3588 1709 ipsius
3614 1640 3657 1694 in
3685 1657 3784 1697 con-

2246 1743 2433 1805 spectu
2464 1733 2676 1789 Domini
2700 1734 2993 1804 pretiosam
3019 1733 3155 1787 mira
3180 1732 3569 1787 miraculorum
3596 1734 3784 1804 insignia

2248 1836 2640 1898 protestantur.
2670 1826 2868 1882 Postea
2904 1826 3055 1883 missi
3110 1835 3239 1881 sunt
3290 1826 3467 1880 nuntii
3500 1841 3527 1879 a
3559 1841 3672 1897 rege
3701 1828 3787 1881 Διι-

2249 1920 2460 1990 glorum
2496 1920 2563 1974 ad
2594 1920 2876 1975 dominum
2909 1935 3127 1989 papam,
3154 1920 3250 1988 qui
3274 1934 3398 1974 eum
3426 1919 3793 1974 excusarentdo

2251 2023 2423 2067 morte
2468 2012 2668 2082 ipsius,
2718 2019 2770 2065 et
2818 2010 3186 2066 innocentiam
3234 2008 3648 2080 prmtendcrent.
3686 2009 3788 2064 Νειιιι

2250 2102 2341 2177 [[.,
2376 2101 2507 2175 non]
2534 2112 2704 2156 nunto
2728 2109 2849 2172 post
2872 2102 3168 2172 przedictus
3189 2099 3627 2170 archiepiscopus
3644 2099 3789 2153 multis

2251 2196 2528 2251 miraculis
2552 2196 2770 2261 claruit,
2793 2203 2849 2249 et
2872 2202 3093 2249 sanctus
3121 2191 3363 2248 Thomas
3391 2192 3677 2262 appellatus
3698 2200 3787 2244 est:

2248 2299 2304 2344 et
2332 2290 2381 2343 in
2407 2303 2551 2343 anno
2578 2287 2869 2342 millesimo
2891 2285 3187 2342 centesimo
3218 2287 3617 2357 septuagesimo
3642 2295 3791 2340 oetam

2250 2381 2389 2435 idem
2424 2380 2693 2448 pretiosus
2722 2387 2929 2449 martyr
2956 2379 3316 2433 canonizatus
3342 2388 3448 2433 est.

2252 2471 2510 2541 Purgatio
2535 2469 2753 2525 Ilenrici
2779 2472 2913 2540 regis
2930 2470 3135 2540 Anglire
3155 2470 3219 2524 de
3239 2480 3407 2523 morte
3428 2471 3591 2522 sancti
3606 2469 3791 2523 Thom.

2328 2579 2350 2612 ι
2382 2562 2621 2615 llsnmco
2655 2560 2766 2632 (Ἡ)
2799 2560 2909 2629 regi
2941 2560 3180 2631 Anglim,
3214 2562 3505 2614 Ausa-rus
3534 2560 3795 2630 dignatione

2249 2651 2431 2705 divina
2492 2650 2634 2705 tituli
2690 2651 2862 2705 sancti
2915 2650 3220 2715 Laurentii,
3271 2659 3328 2705 et
3382 2648 3642 2706 Tuemucs
3687 2650 3794 2704 tituli

2252 2743 2441 2797 Sancti
2472 2739 2696 2805 Vitalis,
2747 2741 3050 2813 presbyteri
3085 2740 3418 2805 cardinales,
3449 2750 3505 2795 et
3535 2742 3795 2811 apostolica!

2250 2837 2396 2893 sedis
2421 2836 2615 2907 legati,
2642 2834 2875 2890 salutem
2904 2835 2959 2890 in
2992 2851 3059 2890 eo
3086 2835 3178 2905 qui
3209 2835 3304 2890 dat
3341 2836 3570 2891 salutem
3597 2836 3793 2906 regibus.

2250 2929 2330 2984 Nc
2375 2930 2428 2984 in
2470 2928 2693 2983 dubium
2728 2928 2946 2982 veniant
2975 2943 3096 2997 quae
3127 2938 3413 2999 geruntur,
3444 2936 3498 2983 et
3523 2943 3643 2983 usus
3666 2928 3797 2981 habet

2250 3032 2307 3078 et
2330 3022 2640 3077 communis
2668 3021 3038 3076 consideratio
3065 3022 3320 3076 utilitatis
3343 3022 3589 3092 exposcit
3615 3030 3665 3074 ut
3689 3021 3797 3075 scri-

2252 3122 2425 3183 pturae
2474 3113 2617 3167 serie
2655 3112 2887 3168 debeant
2929 3111 3202 3167 adnotari.
3245 3111 3376 3166 Inde
3420 3121 3503 3167 est
3543 3112 3588 3167 si
3620 3113 3799 3181 quidem

2251 3205 2395 3275 quod
2428 3204 2742 3259 mandatum
2790 3204 2936 3258 istud
2984 3203 3039 3257 in
3093 3202 3359 3274 scriptum
3413 3203 3656 3257 duximus
3690 3202 3798 3256 redi-

2250 3297 2483 3367 gendum
2514 3296 2656 3366 quod
2682 3295 2833 3350 vobis
2849 3310 2947 3363 pro
2968 3310 3033 3350 eo
3051 3294 3282 3350 facimus
3304 3294 3449 3363 quod
3465 3293 3799 3349 malefactum

2252 3388 2374 3443 illos
2418 3389 2509 3459 qui
2544 3395 2751 3442 sancta:
2790 3387 3068 3441 memoria:
3097 3386 3364 3441 Thomam
3396 3386 3663 3455 quondam
3692 3385 3799 3439 Can-

2254 3479 2586 3534 tuariensem
2632 3477 3102 3548 archiepiscopum
3151 3477 3506 3541 occiderunt,
3557 3478 3803 3533 occasione

2252 3577 2430 3623 motus
2477 3577 2533 3623 et
2581 3568 3012 3639 perturbationis
3043 3583 3205 3637 quam
3254 3567 3550 3634 viderunt,
3598 3568 3660 3622 ad
3700 3567 3799 3621 illud

2254 3660 2463 3715 facinus
2494 3661 2826 3730 processisse
2858 3660 3081 3715 timetis.
3116 3659 3294 3730 Super
3338 3676 3448 3730 quo
3497 3670 3665 3715 tamen
3691 3659 3803 3714 facto

2251 3753 2631 3823 purgationem
2662 3754 2714 3807 in
2748 3761 2930 3807 nostra
2959 3753 3283 3823 praesentia,
3314 3754 3382 3807 de
3414 3752 3679 3808 voluntate
3706 3768 3801 3823 pro-

2251 3847 2370 3917 pria
2402 3845 2732 3916 prtestitistis
2751 3888 2766 3913 ,
2794 3846 2937 3917 quod
2961 3845 3211 3902 videlicet
3239 3861 3341 3901 uec
3366 3847 3694 3917 praecepistis
3727 3860 3804 3899 nec

2254 3939 2501 3994 voluiStis
2523 3947 2583 3993 ut
2611 3938 2985 4007 occideretur,
3011 3947 3066 3994 et
3096 3937 3315 4007 quando
3337 3939 3588 4008 pervenit
3610 3939 3670 3992 ail
3694 3952 3773 3991 vos
3792 3977 3804 3999 ,

2253 4030 2848 4103 plurimum.doluistis;
2876 4030 2943 4085 ab
2965 4030 3184 4086 instanti
3208 4030 3478 4100 siquidem
3494 4031 3803 4086 Pentecostes

2255 4140 2425 4194 usque
2452 4123 2517 4178 ad
2547 4139 2747 4178 annum
2766 4164 2783 4188 ,
2817 4132 3021 4177 tantam
3050 4123 3337 4193 pecuniam
3372 4123 3580 4178 dabitis
3610 4124 3733 4177 unde
3752 4123 3802 4175 ad

2254 4217 2534 4274 arbitrium
2564 4219 2789 4271 fratrum
2819 4216 3023 4285 Templi
3055 4216 3269 4271 ducenti
3297 4216 3501 4271 milites
3529 4217 3727 4271 valeant
3755 4214 3807 4267 ad

2255 4308 2622 4365 defensionem
2668 4300 3169 4379 llierosolyuiitanze
3238 4316 3401 4362 terra:
3454 4323 3554 4377 per
3609 4306 3806 4376 Spatium

2257 4401 2417 4455 unius
2447 4401 2571 4455 atmi
2607 4400 2799 4454 teneri.
2838 4397 2946 4453 Vos
2976 4408 3189 4468 autem.
3220 4414 3248 4452 a
3276 4401 3526 4469 sequenti
3556 4398 3809 4452 Nativitate

2184 4494 2473 4590 DDomini
2528 4508 2701 4562 usque
2748 4491 2812 4546 ad
2856 4492 3181 4556 triennium,
3247 4506 3472 4546 crucem
3536 4490 3809 4561 accipietis;

2260 4584 2507 4653 proxima
2535 4592 2665 4636 tunc
2692 4589 2880 4636 aestate
2911 4580 3037 4634 illuc
3086 4580 3137 4634 in
3188 4582 3412 4651 propria
3444 4596 3702 4650 persona,
3733 4580 3809 4631 du-

2259 4684 2417 4729 cente
2470 4672 2733 4738 Domino,
2790 4672 3117 4743 profecturi,
3167 4672 3270 4727 uisn
3318 4664 3686 4727 remanseritis
3734 4684 3811 4740 per

2260 4768 2536 4821 domintnn
2574 4781 2766 4835 papam
2786 4806 2799 4829 ,
2830 4763 2913 4820 vel
2945 4764 3274 4819 catholicum
3305 4764 3425 4835 ejus
3453 4778 3810 4820 successorem.

2260 4858 2405 4913 Sane
2436 4858 2483 4912 si
2510 4866 2701 4912 contra
2725 4856 3058 4911 Sarracenos
3083 4855 3135 4910 in
3162 4855 3481 4925 Hispaniam
3512 4872 3607 4924 pro
3634 4853 3813 4923 urgenti

2262 4952 2587 5007 necessitate
2651 4948 2880 5022 profecti
2949 4948 3198 5013 fueritis,
3258 4956 3527 5017 quantum
3591 4947 3815 5017 temporis

2262 5044 2425 5101 fuerit
2453 5059 2519 5100 ex
2549 5059 2657 5115 quo
2695 5043 3042 5113 arripueritis
3086 5042 3213 5108 iter,
3266 5046 3603 5098 tantumdem
3649 5057 3815 5111 supra-

2263 5138 2465 5194 dictum
2492 5137 2728 5207 spatium
2760 5134 3271 5206 Hierosolymitauze
3310 5135 3663 5203 profectionis
3690 5143 3817 5204 pote-

2266 5230 2385 5285 ritis
2407 5228 2748 5300 prolongare.
2779 5226 3185 5297 Appellationes
3224 5242 3327 5281 non
3379 5227 3704 5299 impedietis.
3738 5239 3819 5278 nec

2264 5322 2587 5393 permittetis
2608 5320 2858 5392 impediri
2880 5321 3009 5390 quin
3036 5320 3204 5374 libere.
3230 5321 3362 5374 tiant
3384 5321 3437 5373 in
3461 5317 3819 5375 ecclesiasticis

2263 5414 2442 5469 causis
2472 5416 2539 5469 ad
2568 5413 2870 5468 Romanam
2901 5412 3199 5467 Ecclesiam
3226 5412 3351 5484 [al.,
3383 5412 3677 5467 [loinanum
3705 5424 3817 5480 pen.

2266 5504 2490 5577 tiﬁcem]
2512 5546 2529 5572 ,
2561 5506 2701 5560 bona
2743 5504 2871 5570 ﬁde,
2899 5504 3105 5573 absque
3140 5503 3332 5559 fraude
3357 5514 3412 5559 et
3443 5504 3582 5559 malo
3609 5503 3821 5571 ingenia.

2264 5617 2320 5654 ιιι
2337 5613 2433 5669 per
2449 5597 2752 5653 Romanum
2776 5595 3085 5667 pontiﬁcem
3104 5612 3280 5653 causa:
3301 5606 3603 5653 tractentur
3615 5605 3667 5651 et
3686 5606 3825 5650 suum

574 5804 583 5811 ,
633 5748 748 5817 (η)
789 5750 1101 5827 Absolvltur
1150 5754 1413 5813 llenricus
1474 5773 1508 5811 ει
1550 5772 1684 5813 nece
1733 5756 1788 5823 S.
1842 5757 2105 5821 Thomaa.
2140 5761 2342 5816 Butes.
2389 5761 2584 5817 Annal.
2628 5762 2694 5816 ad
2732 5777 2819 5816 an.
2859 5760 3051 5816 H72;
