3864 6304
94 392 177 473 δεῖ

1292 384 1637 442 (ΣΒΟΝΙΟΟΝ
1677 380 2050 439 BECCENSE.

3208 369 3327 431 653.

90 517 458 578 consequantur
487 515 755 569 enectum.
807 505 897 562 Sic
948 515 1125 561 tamen
1168 515 1226 559 ut
1258 506 1301 559 si
1351 504 1503 558 vobis
1544 520 1637 557 su-
1664 507 1709 563 Α
1736 499 2062 555 venerabilis
2118 505 2174 552 et
2246 496 2517 552 discretus
2586 494 2668 548 vir
2721 494 2991 549 dominus
3022 491 3325 564 Roget-ins,

38 614 43 615 '
90 601 230 670 specii
255 600 450 652 fuerint
468 599 652 669 aliqui,
672 598 871 654 faciant
898 598 1247 654 securitatem
1273 596 1413 665 quod
1434 596 1635 649 malum

89 700 295 747 vestrum
324 689 409 743 vel
442 691 591 759 regni
622 692 789 746 vestri
835 707 942 745 non
984 700 1253 760 quaerent.
1282 686 1638 743 Consuetudi-

89 799 191 850 nes,
235 798 347 851 qua:
390 781 627 836 inductae
678 791 804 837 sunt
846 792 1035 838 contra
1083 780 1352 836 Ecclesias
1397 788 1637 849 tempore

86 881 268 936 vestro,
310 871 635 937 dimittatis;
692 874 1066 942 possessiones
1109 871 1353 937 ecclesia:
1396 870 1632 925 Cantua-

86 962 250 1015 riensis
270 1003 283 1024 ,
318 962 361 1015 si
387 977 513 1030 quae
535 962 727 1017 ablata:
756 972 910 1027 sunt,
948 961 1247 1017 restituetis
1274 960 1415 1015 sicut
1450 960 1639 1014 habuit

85 1070 171 1107 uno
198 1070 331 1107 anno
358 1062 653 1123 antequam
693 1054 1137 1123 archiepiscopus
1169 1053 1235 1106 de
1262 1050 1453 1120 Anglia
1485 1066 1638 1120 egre-

86 1148 291 1201 deretur.
323 1145 556 1199 Clericis
585 1155 850 1215 przeterea
890 1153 945 1199 et
976 1145 1128 1198 laieis
1161 1143 1445 1211 utriusque
1474 1156 1637 1196 sexus

81 1251 237 1304 pacem
271 1244 539 1298 vestram,
583 1242 640 1286 et
685 1234 949 1304 gratiam,
989 1239 1045 1285 et
1090 1232 1461 1301 possessiones
1510 1245 1636 1284 suas

83 1324 370 1387 restituetis;
399 1323 622 1391 quibus,
646 1324 932 1377 oecasione
952 1321 1194 1392 praedicti
1221 1320 1630 1389 archiepiscopi,

81 1419 287 1472 destituti
305 1418 547 1472 fuerunt.
573 1417 684 1473 Hoc
702 1427 881 1473 autem
896 1419 1222 1471 auctoritate
1240 1416 1439 1469 domini
1463 1429 1632 1483 papae,

83 1510 125 1563 in
153 1510 510 1564 remissionem
540 1519 883 1578 peccatorum
931 1518 1238 1563 vestrorum
1271 1506 1629 1576 iujungimus,

81 1609 125 1652 et
145 1600 467 1667 pracipimus
497 1588 825 1664 observare,
855 1601 992 1654 bona
1022 1599 1155 1663 fide,
1192 1597 1398 1667 absque
1443 1598 1633 1651 fraude

85 1697 127 1743 et
153 1690 273 1742 malo
299 1689 542 1758 ingenio.
571 1689 784 1743 iuravit
818 1691 919 1743 hoc
953 1704 1047 1742 rex
1075 1729 1088 1751 ,
1112 1688 1313 1755 juravit
1337 1698 1387 1741 ct
1414 1688 1479 1741 de
1505 1702 1633 1738 con-

83 1781 423 1835 suetudinibus
450 1780 824 1847 dimittendis,
875 1790 929 1834 et
974 1780 1114 1835 ﬁlius
1146 1781 1294 1849 ejus,
1322 1788 1376 1832 et
1415 1778 1633 1849 jurave-

84 1878 184 1925 mut
210 1869 390 1934 ambo,
418 1870 569 1938 quod
591 1886 619 1923 a
650 1869 804 1924 nobis
834 1880 888 1924 et
913 1870 1319 1923 successoribus
1349 1883 1451 1921 non
1484 1882 1633 1919 rece-

84 1962 271 2025 derent,
300 1960 547 2030 quandiu
581 1977 675 2017 eos
700 1962 1036 2017 Christianos
1072 1975 1229 2030 reges
1253 1971 1308 2015 et
1335 1959 1631 2014 catholicos

84 2052 359 2107 habueritis.
395 2072 413 2105 ι

136 2163 272 2217 Anno
306 2163 521 2218 Domini
569 2164 858 2220 millesimo
901 2165 1201 2220 centesimo
1230 2164 1628 2235 septuagesimo

88 2265 265 2319 octavo,
282 2257 495 2311 decimo
522 2257 684 2311 tertio
706 2256 972 2311 Kalendas
994 2257 1211 2327 Aprilis,
1233 2256 1505 2310 Dominica
1524 2272 1626 2323 qua

83 2354 297 2400 cantatur
324 2362 338 2398 :
365 2344 615 2413 Lit-tare,
654 2347 976 2413 Jerusalem,
1005 2348 1252 2403 dedicata
1282 2356 1367 2402 est
1396 2347 1625 2401 ecclesia

84 2434 261 2492 Sancte
312 2438 495 2493 Mariae
554 2439 709 2494 Becci
766 2441 1124 2509 praesentibus
1195 2440 1426 2495 llenrico
1504 2456 1627 2511 rego

84 2526 452 2596 Anglorum,et
503 2529 738 2583 Henrico
784 2545 910 2600 rege
958 2531 1066 2584 lilio
1102 2546 1226 2595 suo,
1273 2540 1327 2584 et
1388 2532 1625 2585 Rotrodo

85 2617 462 2691 llothomagensi
505 2622 794 2691 episcopo,
849 2622 952 2692 ιο
980 2634 1035 2675 et
1065 2621 1298 2675 llenriro
1324 2620 1622 2685 Driocensi,

86 2705 314 2763 Ricbardo
358 2711 717 2777 Abrincensi,
762 2729 866 2768 nec
910 2729 1016 2768 non
1061 2713 1251 2785 Egiaiio
1309 2715 1622 2770 Lbroicensi

86 2802 335 2871 episcopis.
948 2824 949 2827 η

136 2911 203 2964 Ad
248 2914 638 2969 dedicationem
690 2931 818 2972 vero
878 2916 1069 2971 altaris
1122 2916 1374 2986 majoris,
1429 2918 1625 2973 obtulit

87 2998 309 3059 Henricus
348 3020 438 3059 rex
488 3015 647 3076 pater
691 3023 787 3076 per
833 3007 1097 3079 capellum
1143 3025 1301 3064 suum
1357 3010 1622 3063 redditum

85 3110 283 3152 annuum
311 3109 531 3155 centum
562 3101 879 3167 librarum;
908 3102 1013 3156 hoc
1056 3100 1255 3156 donum
1323 3102 1493 3172 patris
1541 3104 1620 3155 sui

85 3186 386 3243 wnﬁrmavit
439 3191 708 3247 Henricus
766 3210 856 3247 rex
915 3193 1124 3262 junior,
1172 3204 1359 3249 astans
1405 3195 1479 3248 ibi
1532 3194 1693 3264 pch

95 3278 369 3336 iblationem
414 3284 605 3338 annuli
639 3285 742 3339 sui.
796 3288 1067 3341 Stalutum
1096 3296 1184 3342 e:t
1216 3297 1393 3341 autem
1438 3285 1506 3340 ab
1537 3303 1627 3339 ar-

85 3371 422 3446 chiepiscopo,
479 3386 539 3432 et
604 3378 815 3433 cmtcris
871 3378 1144 3449 episcopis
1191 3381 1279 3448 qui
1341 3380 1627 3433 eCt'lesiattt

87 3462 465 3534 dedicaverunt,
527 3483 593 3523 ac
639 3469 803 3522 etiam
868 3469 937 3523 ab
997 3471 1193 3524 abbate
1260 3470 1523 3539 ltogerio,
1572 3479 1627 3523 ut

86 3552 478 3611 anniversarium
541 3558 710 3627 ipsius
764 3560 1122 3614 dedicationis
1165 3575 1441 3627 nunquam
1488 3559 1628 3613 infra

86 3644 513 3715 quadragesimum
550 3649 730 3713 lierct,
762 3650 854 3704 sed
892 3666 1106 3720 semper
1134 3649 1264 3704 feria
1304 3652 1461 3705 tertia
1506 3658 1628 3721 post

84 3740 267 3790 octavas
298 3737 408 3792 Pas:
430 3739 537 3793 hac.
566 3737 795 3805 Quidam
821 3741 1260 3810 archiepiscopus
1296 3742 1519 3811 largitus
1546 3749 1629 3794 est

85 3828 394 3896 quadragiltia
423 3831 541 3885 dies
564 3830 1017 3899 indulgentiarum
1034 3833 1287 3887 omnibus
1308 3849 1434 3887 vere
1453 3833 1633 3902 νωιιί-

85 3916 310 3985 tentibns,
358 3933 409 3975 et
456 3921 762 3987 confessis,
810 3923 901 3992 qui
960 3924 1277 3992 praedictam
1340 3925 1624 3977 ecclesiam

84 4005 385 4065 risitarerint
407 4013 459 4066 in
490 4014 867 4069 anniversario
887 4014 1056 4083 ipsius
1074 4015 1448 4078 dedicationis,
1470 4023 1628 4083 prout

82 4099 215 4164 plane
239 4114 375 4172 patet
403 4106 458 4161 in
487 4106 681 4161 litteris
717 4107 845 4161 dicti
882 4107 1085 4162 domini
1118 4109 1533 4179 archiepiscopi.

136 4213 273 4270 Anno
303 4219 517 4274 Domini
549 4220 834 4275 millesimo
881 4221 1181 4276 centesimo
1226 4222 1627 4292 septuagesimo

81 4322 217 4373 nono,
233 4312 360 4367 obiit
375 4317 478 4383 piae
498 4315 771 4369 memoriae
785 4315 1037 4370 dominus
1058 4314 1343 4384 Rogerius,
1363 4315 1625 4383 septimus

80 4397 220 4454 abbas
244 4401 391 4459 Becci
410 4447 425 4471 ,
457 4405 548 4473 qui
583 4405 721 4458 rexit
750 4406 996 4459 eamdem
1024 4405 1299 4460 abbatiam
1326 4415 1548 4459 strenue
1571 4415 1626 4461 et

1743 605 1872 647 tunc
1902 590 2051 661 prior
2080 588 2388 645 claustralis
2416 587 2671 643 Ecclesia:
2700 587 3011 642 Becccnsis.

1809 683 1967 736 Anno
2017 680 2230 735 Domini
2277 679 2565 734 millesimo
2619 678 2917 733 centesimo
2969 672 3320 745 nonagesimo

1739 782 1934 844 quarto
1955 814 1970 839 ,
2002 773 2139 828 obiit
2164 773 2267 843 pia:
2312 771 2586 827 memoria:
2614 771 2865 825 dominus
2900 767 3165 840 Rogerius
3185 808 3199 834 ,
3231 781 3320 821 se-

1739 858 1947 920 eondus
1999 865 2160 934 hujus
2216 864 2483 929 nominis,
2535 877 2712 917 nonus
2773 860 2941 915 abbas
2987 860 3174 924 Becci,
3228 858 3320 929 qui

1740 951 2039 1011 Ecclesium
2072 956 2398 1009 Becccnsem
2446 963 2667 1007 strenue
2699 952 2840 1008 rexit
2879 950 3034 1004 annis
3081 957 3320 1019 septem,

1739 1046 2016 1102 mensibus
2065 1046 2305 1105 duobus.
2358 1045 2550 1100 diebus
2580 1052 2835 1114 quatuor,
2867 1051 2922 1096 et
2972 1040 3212 1111 sepultus
3241 1050 3325 1093 est

1740 1139 1791 1193 in
1842 1138 2077 1208 calitulo
2128 1139 2368 1205 ejusdem
2418 1136 2558 1203 loci,
2616 1138 2759 1192 circa
2815 1136 2981 1207 pedes
3034 1132 3323 1204 sepultura:

1738 1231 1936 1286 domini
1967 1232 2207 1286 llerluini
2240 1230 2474 1285 abbatis.

1808 1321 1905 1376 Cui
1950 1322 2216 1376 successit
2254 1321 2304 1374 in
2339 1320 2599 1390 regimine
2628 1318 2865 1387 ejusdem
2895 1317 3125 1373 ccenobii
3154 1332 3320 1373 vene-

1738 1410 1920 1464 randm
1946 1411 2290 1465 discretionis
2316 1409 2418 1476 vir,
2450 1410 2703 1465 dominus
2728 1408 3049 1469 Walter-ius,
3074 1408 3319 1479 praedicti

1737 1500 1839 1555 loci
1868 1501 2034 1556 abbas
2061 1500 2325 1555 decimus.

1804 1594 1963 1649 Anno
2016 1594 2229 1647 Domini
2286 1592 2572 1647 millesimo
2621 1593 2920 1648 centesimo
2973 1596 3322 1664 nonagesimo

1735 1693 1924 1749 sexto,
1953 1684 2289 1738 conﬁrmata:
2316 1692 2443 1737 sunt
2486 1683 2769 1738 libertates
2801 1684 2975 1738 sancti
3025 1683 3226 1755 Nigasii
3255 1684 3323 1738 de

1736 1772 2020 1837 Mellcnto,
2048 1788 2077 1826 a
2119 1788 2248 1840 rege
2295 1771 2630 1827 Francorum
2680 1772 2962 1844 Philippo,
3002 1790 3144 1829 anno
3173 1775 3322 1845 regni

1664 1849 1706 1908 Β
1735 1864 1818 1919 sui
1846 1864 2055 1918 decimo
2076 1864 2327 1933 septimo.
2353 1862 2469 1929 Quo
2493 1864 2707 1932 quidem
2732 1881 2874 1919 anno
2906 1865 3163 1919 translata
3197 1875 3324 1921 suntt

1732 1970 1959 2026 corpora
1989 1966 2300 2011 sanctorum
2332 1955 2563 2027 Nigasii,
2603 1956 2843 2024 Quirini,
2871 1968 3031 2027 atque
3061 1957 3318 2023 Bientia:,

1731 2057 1787 2103 et
1834 2049 1979 2103 beati
2027 2048 2276 2105 Gratiani
2349 2051 2635 2119 martyris,
2695 2049 2749 2103 in
2804 2050 3091 2104 ecclesiam
3146 2052 3323 2105 sancti

1732 2139 1931 2210 Nigasii
1962 2142 2028 2195 de
2064 2140 2345 2203 Mellento,
2375 2149 2566 2195 octavo
2594 2140 2863 2196 Kalendas
2888 2141 3058 2197 Junii.

1799 2231 1959 2286 Anno
2010 2231 2223 2285 Domini
2285 2231 2575 2286 millesimo
2622 2231 2922 2286 centesimo
2970 2233 3321 2303 nonagesimo

1729 2322 1961 2391 septimo
2015 2322 2309 2377 Walterius
2356 2322 2523 2376 abbas
2576 2320 2734 2376 Becci
2787 2322 3084 2392 resignavit
3134 2339 3319 2377 curam

1728 2412 2016 2466 Becccnsis
2048 2411 2389 2466 monasterii.
2428 2410 2525 2466 Cui
2555 2413 2820 2467 successit
2851 2413 2903 2466 in
2935 2413 3121 2468 eadem
3158 2415 3324 2467 abba-

1729 2503 1803 2556 tia
1832 2502 1986 2573 llugo
2024 2503 2173 2573 prior
2207 2502 2273 2556 de
2300 2503 2493 2567 Prato;
2528 2504 2619 2573 qui
2649 2502 2866 2572 praifuit
2909 2504 3168 2573 prazdieto
3210 2522 3324 2557 nm-

1727 2595 1969 2649 nasterio
2001 2594 2170 2649 abbas
2191 2594 2529 2658 undecimus,
2561 2609 2701 2649 anno
2717 2604 2897 2648 unoet
2926 2595 3170 2661 dimidio,
3199 2611 3322 2649 cum

1729 2688 1902 2743 tribus
1927 2687 2239 2752 mensibus,
2282 2696 2334 2741 et
2365 2686 2539 2742 tribus
2567 2686 2954 2752 hebdomadis;
2988 2696 3043 2742 et
3073 2688 3324 2758 migravit

1728 2796 1759 2835 ει
1796 2782 1997 2837 εωευιο
2042 2781 2184 2851 apud
2230 2780 2483 2844 Pratum,
2519 2796 2660 2833 anno
2694 2780 2982 2835 millesimo
3023 2782 3323 2835 centesimo

1727 2874 2077 2945 nonagesimo
2097 2883 2312 2933 octavo.
2333 2873 2419 2927 die
2439 2873 2647 2926 decima
2666 2882 2818 2927 sexta
2839 2874 3040 2927 mensis
3056 2872 3199 2935 Maii,
3219 2873 3322 2927 hoc

1724 2974 1813 3020 est
1836 2966 2044 3021 decimo
2084 2965 2315 3035 septimo
2342 2963 2611 3019 Kalendas
2644 2964 2819 3028 Junii;
2864 2964 3209 3034 sepultusque
3239 2973 3323 3019 est

1727 3057 1779 3112 in
1803 3056 2038 3127 capitulo
2060 3056 2217 3111 Becci
2239 3056 2391 3123 juxta
2416 3057 2581 3126 pedes
2610 3056 2798 3111 tumuli
2823 3055 3025 3110 domini
3052 3054 3318 3109 llerluini.

1797 3149 1935 3204 lluic
1958 3148 2223 3204 successit
2238 3148 2573 3213 Willermus,
2596 3147 2864 3203 secundus
2884 3147 3045 3217 hujus
3063 3147 3318 3213 nominis,

1731 3241 1900 3297 abbas
1947 3241 2304 3297 duodecimus
2354 3241 2646 3297 Becccnsis
2696 3241 3043 3307 monasterii,
3074 3240 3320 3308 ejusdem

1732 3330 1834 3387 loci
1865 3334 2187 3387 monachus.

1800 3426 1958 3480 Anno
2010 3426 2222 3479 Domin.
2266 3425 2555 3479 millesimo
2620 3424 2917 3480 centesimo
2968 3410 3318 3491 bonagcsimo

1731 3534 1908 3581 nono,
1941 3517 2231 3571 Mattbacus
2263 3531 2445 3570 comes
2494 3515 2831 3568 Bellimontis
2862 3529 3028 3582 supra
3078 3512 3314 3574 lsaram,

1731 3621 1785 3667 et
1811 3598 2035 3665 Alienor
2064 3626 2205 3664 uxor
2227 3609 2365 3678 ejus,
2391 3607 2753 3662 fundaret-unt
2780 3605 3071 3661 ecclesiam
3102 3602 3323 3681 Sancta;

1731 3701 1912 3755 Mariae
1940 3701 2004 3754 de
2033 3700 2200 3769 Layo.
2720 3706 2721 3709 ‘
3326 3682 3327 3685 l

1800 3791 1956 3844 Anno
1977 3789 2188 3843 Domini
2218 3788 2504 3842 millesimo
2528 3786 2899 3842 ducentesimo
2920 3795 3135 3844 octavo.
3154 3782 3317 3837 tertio

1729 3880 1911 3937 Nonas
1954 3880 2116 3945 Julii,
2166 3878 2485 3933 Willermus
2534 3878 2702 3932 abbas
2753 3876 2911 3931 Becci
2964 3875 3316 3931 duodecimus

1728 3974 1968 4044 perrexit
2014 3972 2156 4042 apud
2208 3970 2449 4043 Layum,
2486 3979 2677 4040 rogatu
2711 3968 2948 4024 Mattbaai
2998 3967 3214 4023 cornitis
3250 3966 3316 4021 de

1727 4065 2061 4121 Bellomonte
2107 4079 2273 4132 super
2322 4063 2561 4127 lsaram,
2611 4062 2702 4132 qui
2776 4062 2974 4117 ibidem
3026 4061 3313 4115 ecclesiam

1727 4166 2158 4212 construxerat:
2195 4155 2379 4225 ibique
2427 4155 2718 4223 praedictus
2748 4154 2947 4217 abbas,
2996 4169 3117 4206 cum
3167 4152 3314 4205 omni

1729 4250 2016 4304 sanctitate
2056 4255 2111 4301 et
2163 4246 2470 4301 reverentia
2516 4244 2821 4313 spirituali,
2853 4250 3180 4297 conventum
3230 4244 3313 4294 in-

1728 4341 1905 4396 stituit
1931 4340 1996 4393 de
2035 4339 2317 4393 monachis
2356 4337 2543 4400 Becci,
2584 4338 2734 4405 quos
2764 4346 2944 4388 Secum
2978 4334 3313 4396 adduxerat,

1729 4440 1838 4484 tam
1883 4429 1949 4484 de
1997 4427 2420 4499 congregatione
2467 4427 2624 4480 Becci
2658 4440 2820 4495 quam
2874 4425 2940 4479 de
2968 4424 3310 4487 Conﬂancio;

81 4488 298 4590 fflllg’ose
334 4496 501 4590 annis
552 4496 800 4590 triginta,
848 4495 1127 4590 mensibus
1179 4496 1383 4590 tribus,
1422 4502 1621 4590 Adecem
1662 4519 1825 4590 “qui
1855 4518 2030 4573 dictus
2073 4488 2254 4572 eomes
2285 4517 2473 4572 eodem
2527 4488 2962 4580 anno-decessit,
3009 4523 3064 4569 et
3108 4514 3310 4569 ibidem

82 4576 241 4634 diebus
278 4586 484 4648 minus;
518 4593 571 4638 et
598 4586 840 4654 sepultus
877 4595 960 4641 est
1008 4586 1062 4639 in
1113 4587 1351 4655 capitulo
1387 4588 1624 4656 ejusdem

77 4668 315 4805 rsclesixe,
341 4676 489 4730 circa
515 4677 677 4744 pedes
700 4676 899 4731 domini
927 4676 1172 4732 Herluini
1202 4678 1362 4747 primi
1385 4679 1623 4748 ejusdem

94 4759 159 4805 nci
186 4763 383 4805 amicali:

94 4759 159 4810 ηεξ
185 4763 403 4821 abbatis.

137 4866 255 4925 llnic
273 4878 566 4932 venerabili
592 4878 707 4933 viro
727 4880 993 4933 successit
1016 4880 1069 4933 in
1093 4881 1357 4951 regimine
1382 4880 1623 4950 ejusdem

82 4951 300 5019 Ei’clesire
355 4970 682 5023 venerabilis
734 4979 790 5024 et
848 4971 1137 5026 admodum
1200 4974 1484 5043 religiosus
1543 4977 1626 5028 \ir

82 5045 294 5111 dominus
317 5057 596 5115 Osbernus
624 5064 776 5131 prior
807 5064 873 5118 de
906 5063 1242 5122 Bellomonte
1273 5068 1513 5139 Rogerii.

136 5141 271 5199 Anno
318 5150 526 5206 Domini
586 5154 877 5211 millesimo
942 5159 1240 5212 centesimo
1292 5161 1623 5229 octogesimo

82 5233 299 5301 septimo,
325 5239 458 5295 obiit
484 5245 587 5312 pitu
610 5247 1007 5301 recordationis
1031 5247 1283 5303 dominus
1309 5250 1588 5306 Osbernus
1604 5290 1617 5314 ,

80 5330 271 5383 octavus
315 5333 478 5389 abbas
518 5334 809 5395 Becccnsis
861 5341 1207 5404 monasterii,
1266 5342 1349 5395 vir
1397 5357 1622 5396 summa:

84 5419 377 5513 prudentiae,
427 5429 691 5499 religiosae
741 5440 795 5484 et
844 5432 1086 5487 honesta:
1129 5434 1287 5499 vitae,
1337 5436 1427 5503 qui
1482 5436 1619 5488 rexit

84 5505 202 5563 idem
225 5521 599 5575 monasterium
636 5522 792 5577 annis
815 5531 1042 5592 septem,
1074 5525 1349 5580 mensibus
1370 5525 1617 5581 undecim

86 5606 173 5651 una
214 5604 292 5658 die
320 5610 523 5679 minus,
569 5620 624 5667 et
664 5613 910 5683 sepultus
940 5613 1042 5670 fuit
1086 5617 1138 5670 in
1169 5616 1438 5685 capitulo,
1472 5618 1617 5673 circa

87 5688 224 5753 Pedes
248 5701 424 5755 tumuli
453 5701 689 5758 llerluini
712 5746 724 5770 ,
751 5704 991 5772 ejusdem
1029 5707 1125 5761 loci
1157 5705 1481 5763 fnndatoris.

149 5780 267 5843 lluic
322 5797 575 5852 successit
632 5798 685 5853 in
760 5800 1020 5870 regimine
1077 5800 1247 5871 ipsius
1304 5802 1615 5858 monasterii

1733 4611 1964 4666 traditur
1990 4609 2302 4680 sepulturaa.

1796 4704 1956 4758 Anno
1986 4703 2201 4758 Domini
2254 4701 2548 4757 millesimo
2581 4690 2955 4755 dueentesimo
2992 4700 3312 4765 undecimo,

1726 4797 1903 4851 media
1931 4804 2111 4860 nocte,
2144 4795 2445 4855 Dominica,
2470 4793 2680 4848 decimo
2702 4802 2897 4862 quarto
2924 4792 3190 4847 Kalendas
3212 4792 3311 4847 Oc-

1728 4889 1931 4951 tobris,
1992 4888 2125 4941 obiit
2190 4889 2292 4957 pia:
2356 4887 2632 4940 memoria:
2692 4885 2954 4940 Dominus
2998 4882 3313 4939 Willermus

1724 4978 2078 5033 dnodccimus
2112 4978 2278 5032 abbas
2317 4978 2506 5039 Becci;
2537 4976 2627 5045 qui
2666 4974 2885 5045 pra-fuit
2924 4975 3099 5028 cidem
3129 4990 3312 5028 coeno-

1723 5069 1813 5124 bio
1844 5070 1999 5124 annis
2050 5069 2341 5131 tredecim,
2388 5067 2666 5121 mensibus
2707 5066 2951 5130 duobus,
3004 5074 3058 5119 et
3103 5064 3310 5117 duabus

1724 5158 2101 5222 hebdomadis,
2149 5174 2253 5212 una
2298 5160 2384 5212 die
2433 5169 2694 5227 excepta;
2742 5167 2796 5210 et
2843 5156 3087 5218 sepultus
3134 5155 3307 5207 estin

1722 5253 1990 5321 capitulo,
2036 5250 2191 5319 juxta
2243 5251 2501 5305 tunmlum
2541 5251 2697 5319 primi
2747 5248 3011 5305 Willermi
3065 5244 3305 5314 ejusdem

1723 5343 1824 5398 loci
1852 5345 2062 5399 abbatis
2092 5345 2268 5408 tertii,
2303 5343 2355 5397 in
2385 5345 2606 5399 dextera
2638 5352 2793 5412 parte.
2830 5341 3030 5395 domini
3063 5340 3306 5393 llerluini

1722 5436 1966 5505 praedicti
2011 5436 2115 5492 loci
2166 5436 2502 5497 fundatoris.
2555 5449 2785 5506 quorum
2820 5433 3062 5487 onmium
3112 5431 3308 5486 animae

1722 5530 2067 5597 requiescant
2091 5529 2142 5583 in
2174 5545 2325 5599 pace.
2361 5527 2511 5583 Unde
2539 5543 2728 5581 versus
2759 5543 2773 5579 :

1861 5619 2009 5675 Alter
2043 5619 2345 5675 Willermus
2365 5621 2503 5689 jacet
2534 5620 2616 5672 hic
2645 5619 2805 5673 abbas
2835 5618 3127 5673 duodenos.

1792 5710 1889 5767 Cui
1928 5714 2190 5768 successit
2237 5712 2290 5765 in
2337 5710 2551 5765 abbatia
2591 5710 2841 5765 dominus
2883 5709 3189 5767 Richardus
3236 5710 3304 5763 de

1723 5805 1925 5861 Sancto
1971 5803 2335 5874 Leodegario,
2368 5811 2493 5857 tunc
2533 5801 2864 5859 infirmat-ius
2890 5803 3133 5879 praedicti
3162 5803 3295 5867 loci,
