3886 6292
501 367 604 444 659

1463 395 1554 451 AD
1591 394 1820 453 OPERA
1863 395 1922 449 B.
1964 393 2355 454 [.ANFRANCI
2397 397 2764 458 APPENDIX.

3651 359 3736 460 ωδ

499 513 593 583 qui
649 511 749 565 fuit
801 510 870 565 ab
922 511 1070 572 omni
1135 491 1559 585 congregatione
1607 521 1762 570 sexto
1816 486 2085 578 Kalendas

2219 519 2441 576 ominus
2472 519 2738 578 Henricus
2762 522 2826 588 de
2854 519 3055 577 Sancto
3077 519 3436 594 Leodegario,
3460 519 3600 590 prior
3620 521 3736 604 ejus:

502 603 752 662 Octobris
780 603 988 660 electus
1007 647 1021 668 ,
1054 615 1250 681 quarto
1299 603 1570 666 Kalendas
1597 605 1840 675 ejusdem
1891 605 2094 664 mensis

498 701 748 772 Philippo
777 702 888 772 regi
917 701 1165 766 Francia;
1210 711 1602 772 prasentatus,
1634 712 1688 755 et
1716 709 1996 772 gratanter
2024 701 2093 756 ab

497 808 564 851 eo
587 802 894 862 susceptus,
911 802 962 847 et
989 792 1246 859 Kalendis
1271 793 1568 862 supradicti
1598 793 1820 857 mensis,
1837 793 1922 848 die
1945 792 2094 848 vide-

497 884 623 940 licet
649 880 820 939 Sancti
844 883 1100 954 Remigii,
1126 883 1194 938 ab
1217 881 1627 955 archiepiscopo
1662 883 1760 955 11
1798 883 2093 940 Rothoma—

499 975 685 1048 gensi,
734 985 788 1036 et
836 976 888 1030 in
945 977 1173 1032 ecclesia
1233 976 1658 1047 Rothomagensi
1713 981 2052 1036 benedictus.

573 1067 729 1130 Anno
757 1067 966 1138 Domini
991 1069 1274 1124 millesimo
1298 1071 1669 1127 ducentesimo
1691 1073 1737 1126 di
1758 1075 1902 1128 cimo
1925 1089 2095 1144 quar¢

503 1171 580 1226 to,
612 1175 753 1216 anno
789 1169 982 1232 quarto
1029 1172 1312 1232 postquam
1357 1164 1649 1233 praedictus
1693 1165 1998 1233 Ricbardus
2029 1167 2094 1222 de

503 1261 695 1316 saneto
715 1252 1047 1326 Leodegarjo
1062 1254 1302 1324 suscepit
1317 1254 1586 1317 abbatiam
1603 1255 1756 1318 Becci
1782 1259 2092 1328 regendam,

501 1344 668 1423 cmpit
692 1344 833 1405 idem
859 1344 1164 1399 Richardus
1195 1361 1458 1407 renovare
1482 1357 1538 1402 et
1571 1349 1900 1411 retedilicare
1923 1351 2096 1410 ecclcv.

501 1435 638 1488 siam
667 1434 906 1504 prmdicti
951 1433 1087 1500 loci,
1136 1451 1254 1504 quae
1297 1447 1540 1505 tempore
1571 1437 1818 1495 Walterii
1851 1441 2094 1512 ejusdem

500 1523 608 1588 loci
637 1526 870 1594 abbatis,
894 1542 992 1596 pro
1022 1542 1216 1598 magna
1251 1541 1404 1606 parte
1432 1541 1733 1586 corruerat.

571 1620 740 1692 Igitur
774 1619 936 1689 jactis
979 1619 1032 1676 in
1080 1621 1245 1675 altum
1288 1621 1671 1692 fundamentis,
1704 1625 1818 1697 ipse
1849 1625 2096 1682 manibus

507 1713 624 1768 suis
669 1711 902 1791 primum
943 1712 1193 1785 lapidem,
1224 1715 1608 1772 circumstante
1653 1727 1918 1773 conventu
1965 1735 2093 1786 suo,

509 1820 673 1874 super
702 1803 1109 1864 fundamentum
1143 1805 1344 1875 posuit,
1377 1805 1548 1876 prima
1574 1809 1659 1864 die
1692 1809 1831 1863 Iunce
1858 1810 2091 1876 quadra-

505 1897 724 1965 gesima:
746 1912 761 1959 ;
789 1906 1116 1964 procurante
1138 1904 1190 1954 et
1211 1907 1539 1968 c00perante
1559 1899 1899 1970 lngelramno
1921 1901 2062 1969 magi
2077 1930 2094 1942 -

507 1989 622 2042 s'tro
637 1987 818 2068 operis
833 1987 1011 2055 Beata:
1025 1987 1204 2058 Maria:
1220 1987 1695 2060 Rolbomageusis,
1709 1993 1861 2063 cujus
1873 1992 2102 2048 consilio

508 2097 569 2137 se
598 2081 870 2137 commisit
898 2082 964 2136 ad
1000 2081 1128 2136 illud
1157 2097 1292 2151 opus
1328 2082 1690 2148 inchoandum
1720 2093 1774 2138 et
1804 2100 2103 2154 procuran-

513 2173 658 2229 dum.
705 2171 849 2226 Idem
902 2187 1032 2227 vero
1072 2172 1442 2243 lngclramnus
1483 2175 1710 2232 viriliter
1735 2191 1924 2246 agens,
1965 2191 2102 2246 opus

509 2265 804 2334 inemptum
834 2265 1008 2334 primo
1031 2281 1174 2326 anno
1198 2281 1321 2327 cum
1359 2281 1549 2337 magna
1571 2267 1773 2323 virtute
1795 2267 2100 2335 aediﬁcavit,

508 2365 564 2426 et
611 2356 839 2419 frontem
893 2357 1172 2420 coclesite,
1233 2366 1289 2412 et
1347 2372 1538 2418 navem
1596 2357 1650 2411 in
1699 2358 2096 2428 longitudinem

513 2447 663 2504 auxit
687 2464 700 2512 ;
726 2456 781 2504 et
809 2447 1022 2503 duabus
1045 2446 1395 2516 amplissimis
1418 2447 1656 2505 turribus
1687 2448 1913 2506 miriﬁce
1937 2447 2116 2514 ador-7

514 2542 705 2607 navit;
743 2551 964 2611 peracto
1013 2549 1196 2596 autem
1251 2556 1396 2596 anno
1449 2549 1506 2597 et
1558 2539 1716 2605 semi,
1770 2541 1998 2596 retraxit
2045 2555 2104 2604 se

513 2633 929 2702 aliquantulum,
950 2647 1086 2702 opus
1127 2632 1472 2703 retardando,
1504 2640 1560 2688 et
1588 2647 1716 2703 non,
1751 2641 1810 2686 ut
1841 2631 2106 2701 promise-

512 2739 622 2800 rat,
660 2728 1013 2798 perﬁciendo.
1038 2727 1155 2795 Quo
1203 2726 1318 2795 viso
1359 2735 1412 2781 et
1456 2735 1752 2796 comperto,
1799 2726 1968 2784 abbas
2017 2741 2106 2787 sa-

511 2820 682 2891 pienti
707 2835 833 2884 usus
865 2819 1117 2884 consilio,
1142 2817 1253 2890 jam
1279 2833 1384 2872 uno
1414 2831 1558 2884 anno
1585 2827 1639 2870 et
1679 2826 1802 2872 octo
1829 2815 2106 2872 mensibus

515 2915 765 2985 expletis,
795 2923 979 2985 amotp
1008 2913 1348 2983 lugelramno
1390 2910 1510 2968 foro
1544 2919 1734 2966 sancto
1762 2909 1910 2983 [edit.
1942 2908 2106 2964 Gilles

517 3005 686 3076 facto]
709 3046 723 3068 ,
750 3003 975 3066 tradidit
1003 3003 1129 3058 illud
1167 3019 1300 3074 opus
1327 3003 1391 3058 ad
1424 3002 1812 3073 perliciendum
1845 3000 2106 3070 magistro

514 3094 781 3163 Waltcrio
824 3093 893 3154 de
942 3093 1228 3158 Mellento,
1277 3094 1366 3162 qui
1408 3095 1566 3148 tertio
1606 3108 1751 3147 anno
1795 3092 2020 3146 adduxit
2053 3101 2110 3146 et

516 3187 775 3242 exaltavit
822 3185 1138 3255 praedictum
1167 3200 1302 3256 Opus
1332 3184 1383 3239 itt
1432 3193 1672 3248 tantnnt,
1717 3183 1863 3253 quod
1909 3199 2104 3238 novum

517 3293 657 3346 Opus
682 3277 917 3345 aequavit
949 3276 1139 3340 veteri,
1176 3276 1332 3330 simul
1371 3291 1490 3330 rum
1536 3276 1776 3331 turribus
1821 3284 1876 3330 et
1918 3290 2106 3329 earum

520 3367 743 3432 cibariis
769 3382 783 3430 ;
819 3367 1214 3438 tmpcrtorium
1260 3366 1581 3438 presbyterii
1611 3374 1666 3420 ct
1703 3365 1893 3420 turrim
1923 3364 2108 3420 Sancti

521 3455 727 3520 Nicolai
774 3456 993 3528 plumbo
1048 3473 1113 3516 ett
1160 3467 1272 3527 toto
1319 3460 1620 3530 renovavit.
1679 3459 1855 3532 Super
1911 3475 2110 3530 corpus

521 3536 768 3615 ecclesiae
821 3562 1012 3601 novam
1063 3556 1323 3613 tecturam
1373 3550 1572 3619 posuit,
1625 3558 1732 3616 tam
1771 3565 1934 3619 super
1976 3563 2112 3618 opus

523 3638 805 3708 antiquum
829 3654 989 3707 quam
1007 3653 1220 3702 novum,
1249 3648 1302 3694 et
1332 3639 1506 3711 tegula
1529 3639 1778 3710 plumbea
1803 3639 2108 3711 cooperuit,

593 3730 750 3801 Apul
815 3731 1154 3805 anonem,
1215 3732 1510 3795 thalamum
1565 3732 1888 3804 (chambre)
1949 3747 2113 3804 super

525 3823 805 3896 cellarium
850 3833 906 3892 et
948 3825 1208 3898 capellam
1257 3825 1440 3897 Sancti
1491 3824 1693 3886 Nieolai
1752 3825 2116 3890 renovavitct.

529 3915 824 3985 ampliavit,
848 3925 902 3986 et
920 3915 1054 3971 alias
1071 3917 1280 3980 domus,
1307 3930 1427 3985 quae
1450 3925 1604 3974 antea
1623 3915 1691 3969 ibi
1708 3931 1812 3979 non
1829 3913 2109 3986 fuerant,a

525 4003 888 4078 fundamentis
919 4006 1188 4071 fundavit,
1224 4016 1277 4061 et
1303 4006 1485 4061 omnia
1520 4005 1693 4074 tegula
1724 4006 1934 4075 operire
1961 4004 2111 4078 fecit,

526 4106 580 4153 et
601 4098 806 4152 curiam
836 4114 992 4152 muro
1027 4097 1236 4166 lapideo
1265 4095 1664 4152 circumcinxit.
1695 4097 1848 4166 Apud
1883 4095 2116 4152 Mure-los

523 4203 686 4244 unam
711 4188 930 4242 domum
957 4188 1351 4262 permaximam
1368 4202 1396 4240 a
1420 4185 1785 4242 fundamentis
1809 4187 2112 4254 aediﬁcavit,

525 4290 578 4338 et
604 4295 724 4336 eam
757 4281 930 4350 tegula
965 4281 1281 4355 cooperuit;
1315 4281 1367 4333 in
1394 4295 1498 4349 qua
1532 4281 1694 4336 domo
1711 4281 1816 4334 duo
1838 4279 2113 4349 pressoria

529 4373 814 4440 constituit
839 4389 854 4448 ί
891 4373 990 4425 tria
1020 4386 1145 4426 vero
1168 4371 1272 4444 alia
1304 4373 1577 4446 pressoria
1600 4387 1720 4442 qua:
1746 4373 1938 4427 domus
1956 4370 2114 4426 Becci

527 4465 690 4520 habet
710 4465 852 4519 circa
883 4463 1188 4532 Mellentum
1218 4465 1518 4537 renovavit,
1546 4473 1600 4520 et
1626 4480 1744 4534 quae
1773 4465 2113 4538 discooperta

527 4570 705 4622 erant,
734 4557 948 4626 Operire
982 4555 1145 4620 fecit;
1180 4557 1273 4610 sed
1301 4565 1356 4611 et
1383 4557 1573 4630 domos
1604 4557 1644 4610 Β
1678 4558 1779 4622 cci,
1822 4573 1944 4628 quae.
1991 4565 2118 4612 sunt

529 4648 582 4701 in
641 4645 816 4701 insula
865 4645 1051 4710 Sancti
1111 4644 1361 4714 Casinas,
1429 4649 1750 4712 renovavit,
1807 4663 1999 4702 novam
2041 4656 2120 4701 te-

527 4749 738 4793 cturam
763 4751 1137 4806 superponens
1153 4747 1209 4808 et
1232 4739 1408 4810 tegula
1431 4741 1766 4810 cooperiens.
1790 4739 1914 4808 Haec
1937 4748 1992 4810 et
2013 4741 2118 4794 alia

529 4847 694 4902 opera
723 4829 879 4884 valde
908 4831 1214 4894 necessaria
1254 4830 1382 4900 fecit
1423 4832 1561 4889 idem
1608 4831 1914 4905 llic-bardus
1955 4829 2122 4897 abbas

531 4924 673 4979 infra
706 4932 816 4978 tres
841 4939 1032 4988 annos,
1060 4933 1165 4986 tam
1197 4924 1247 4980 in
1275 4925 1502 4992 Francia
1525 4942 1686 4996 quam
1709 4927 1761 4980 itt
1791 4925 2122 4996 Northman-

531 5017 646 5093 nia,
679 5016 798 5072 sine
829 5014 1057 5093 alicujus
1089 5017 1169 5071 vel
1197 5017 1500 5088 atiquorum
1531 5017 1753 5073 auxilio.

604 5111 763 5164 Anno
815 5109 1020 5163 Domini
1073 5109 1357 5165 millesimo
1405 5109 1778 5164 ducentesimo
1824 5107 2120 5179 vigesimo,

533 5196 702 5266 Nonis
732 5196 856 5253 .Iulii
875 5238 888 5261 ,
926 5199 1220 5261 translatus
1245 5208 1327 5254 est
1347 5187 1623 5268 gloriosus
1653 5209 1859 5270 martyr
1885 5197 2122 5264 Thomas

537 5288 944 5362 Cantuariensis
969 5290 1241 5369 quondam
1277 5289 1746 5364 archiepiscopus,
1775 5304 1919 5358 anno
1949 5305 1978 5344 a
2006 5304 2142 5362 pas:-

535 5383 690 5450 sione
720 5397 816 5439 sua
851 5381 1325 5455 quinquagesimo.

609 5479 770 5532 Anno
824 5474 1037 5531 Domini
1103 5471 1391 5533 millesimo
1447 5470 1817 5532 ducentesimo
1865 5470 2124 5544 vigesimo

537 5571 731 5639 tertio,
772 5568 1024 5636 dominus
1058 5565 1362 5641 Richardus
1401 5563 1568 5633 abbas
1606 5563 1763 5640 Becci
1799 5564 2006 5620 electus
2039 5571 2125 5619 est

536 5665 594 5728 in
625 5664 941 5735 episcOpum
984 5659 1389 5734 Ebroicensem,
1434 5659 1646 5716 decimo
1674 5666 1826 5727 sexto
1855 5657 2123 5714 Kalendas

537 5756 796 5834 Augusti,
818 5762 1172 5824 sacratasque
1191 5764 1277 5810 est
1295 5763 1448 5815 sexto
1467 5754 1734 5829 Kalendas
1756 5751 2122 5829 Septembris;
2141 5777 2144 5822 ς

539 5849 627 5922 cui
675 5848 939 5912 successit
968 5842 1020 5911 in
1054 5847 1268 5905 abbatia
1299 5847 1454 5909 Bccci
1490 5847 1812 5922 venerabilis
1851 5843 2125 5920 memoriae

2195 611 2314 665 dem
2347 612 2468 677 loci,
2515 614 2599 667 vir
2627 615 2734 668 vita
2762 613 3106 679 venerabilis,
3132 621 3186 669 et
3229 611 3487 684 progenie
3513 623 3736 683 exortus;

2194 705 2618 777 benedictusque
2661 716 2742 764 est
2786 709 2853 768 ab
2899 708 3304 778 archiepiscopo
3353 704 3736 775 Rotbomagettsi

2196 797 2506 854 'l'lteobaldo
2529 801 2718 869 quinto
2748 801 3015 868 Kalendas
3051 799 3302 872 Augusti.
3651 785 3654 787 ’

2267 890 2372 944 Iste
2408 889 2671 946 llcnricus
2704 892 2756 951 in
2789 893 2980 951 diebus
3018 893 3167 958 suis,
3209 889 3552 950 laudabiliter
3574 898 3621 943 et
3643 891 3740 968 rell.

2195 985 2346 1057 giose
2377 987 2584 1052 vivens,
2625 1001 2789 1054 super
2823 987 2958 1042 alios
2981 1027 2996 1052 ,
3031 995 3089 1040 ut
3133 985 3406 1046 creditur.
3457 991 3742 1042 conventum

2195 1093 2350 1132 suum
2381 1077 2625 1148 diligens,
2655 1079 2720 1132 de
2745 1078 2920 1142 bonis,
2944 1093 3065 1148 qua:
3083 1076 3234 1132 multi
3259 1074 3520 1130 nobilium
3547 1083 3598 1128 et
3619 1074 3742 1144 igua.

2193 1166 2383 1221 bilimn
2419 1167 2564 1238 large
2592 1177 2645 1223 et
2672 1167 3076 1224 atllueutissime
3114 1175 3360 1236 tempore
3402 1180 3501 1220 suo
3539 1166 3744 1226 ecclesia:

2196 1257 2350 1314 Bccei
2381 1259 2752 1324 contulerant,
2796 1260 3064 1329 pitancias
3096 1260 3164 1314 ad
3201 1257 3551 1314 necessitates
3588 1272 3744 1314 eorum

2197 1349 2496 1412 liberaliter
2525 1351 2825 1406 constituit.
2859 1351 2964 1405 Iste
2993 1351 3372 1406 dormitorium
3417 1363 3606 1402 novum
3648 1348 3741 1422 fieri

2200 1437 2348 1501 fecit,
2395 1440 2518 1510 quia
2576 1448 2733 1502 antea
2785 1440 3038 1502 monachi
3089 1439 3390 1495 Becccnses
3429 1437 3665 1507 iacebant
3703 1437 3746 1512 in

2195 1531 2430 1600 quodam
2488 1531 2656 1586 veteri
2715 1531 3096 1598 dormitorio,
3145 1532 3200 1590 in
3267 1531 3443 1588 tribus
3507 1529 3746 1588 ordinibus

2197 1605 2460 1678 lectorum
2485 1622 2728 1678 confuse.
2757 1623 2873 1692 Ipse
2895 1623 3057 1677 etiam
3084 1621 3435 1692 aqumductus
3457 1619 3520 1677 ad
3541 1634 3747 1676 cameras

2197 1716 2578 1770 necessitatmn
2596 1714 2986 1778 emundandas,
3008 1723 3116 1768 tam
3140 1729 3238 1784 pro
3262 1711 3596 1768 inﬁrmitorio
3615 1727 3748 1780 quam

2197 1819 2296 1874 pro
2327 1813 2632 1869 conventu,
2676 1819 2896 1860 manare
2951 1805 3102 1870 fecit,
3145 1805 3212 1859 ad
3255 1803 3546 1858 maximam
3591 1802 3749 1856 domus

2133 1876 2173 1933 Β
2203 1897 2663 1962 emundationem,
2691 1898 2815 1966 quia
2845 1905 3026 1962 antea,
3057 1907 3117 1956 ut
3156 1897 3378 1960 dicitur,
3431 1894 3521 1968 vi;
3563 1903 3749 1962 possent

2205 1988 2454 2042 monachi
2489 1989 2540 2042 in
2576 1989 2814 2043 claustro
2843 1998 3066 2058 propter
3093 1987 3321 2042 fetorem
3353 1985 3446 2054 diu
3479 1994 3635 2046 stare.

2274 2079 2430 2133 Anno
2482 2078 2690 2132 Domini
2749 2079 3039 2134 millesimo
3094 2077 3467 2136 ducentesimo
3517 2075 3752 2148 trigesimo

2203 2179 2396 2224 octavo
2423 2169 2668 2224 dedicata
2693 2169 2793 2224 fuit
2812 2168 3039 2226 ecclesia
3065 2167 3249 2224 Sancti
3273 2165 3430 2232 Νεοιί
3453 2165 3751 2232 Lincolnienc.

2205 2260 2280 2315 sis
2310 2261 2564 2315 diaeresis
2597 2260 2649 2314 in
2681 2261 2896 2331 Anglia.

2275 2353 2434 2408 Anno
2458 2352 2666 2408 Domini
2687 2353 2975 2409 millesimo
2991 2351 3362 2408 ducentesimo
3377 2350 3753 2422 quadragesimo

2206 2449 2390 2512 tertio,
2422 2447 2592 2518 pridie
2619 2447 2742 2501 ldus
2771 2447 2994 2516 Aprilis,
3028 2447 3112 2501 die
3151 2424 3362 2508 Martis,
3397 2444 3536 2499 inter
3561 2443 3753 2512 primaut

2205 2549 2262 2594 et
2293 2523 2531 2604 tertiam,
2559 2550 2685 2596 ante
2711 2541 2932 2595 missam
2958 2538 3356 2604 matutinalem,
3388 2538 3652 2592 combusta
3674 2535 3754 2592 luit

2206 2631 2436 2694 ecclesia
2470 2631 2640 2702 Prati,
2669 2647 2790 2690 cum
2821 2631 3071 2686 omnibus
3099 2627 3354 2702 ofﬁcinis,
3385 2637 3605 2700 excepto
3634 2627 3754 2682 inlit-

2206 2726 2448 2791 mitorio,
2479 2726 2547 2780 ab
2579 2726 2700 2796 igne
2729 2725 2795 2780 de
2821 2723 3288 2780 Ermentomvilla.

2276 2821 2436 2890 Anno
2471 2819 2682 2889 Domini
2716 2818 3000 2874 millesimo
3035 2816 3410 2879 ducentesimo
3448 2815 3755 2888 quadragesi-

2209 2927 2298 2967 mo
2333 2913 2600 2982 septimo,
2630 2911 2765 2967 obiit
2801 2911 2902 2980 pia:
2933 2910 3208 2967 memoria:
3239 2909 3491 2968 dominus
3531 2907 3756 2962 Henricus

2209 3003 2378 3058 abbas
2410 3001 2565 3057 Becci
2598 3002 2838 3056 decimus
2876 3009 3102 3070 quartus
3125 3042 3140 3066 ,
3181 3001 3232 3054 iu
3263 2999 3444 3072 vigilia
3492 2997 3756 3052 Nativitatis

2209 3077 2382 3150 sancti
2416 3093 2640 3150 Joannis
2683 3093 2984 3163 Baptistae;
3035 3093 3267 3148 traditur
3312 3091 3594 3162 sepultura:
3621 3092 3663 3144 In
3689 3105 3758 3143 ra-

2212 3185 2381 3256 pitqu
2409 3183 2647 3253 ejusdem
2687 3184 2830 3249 loci,
2877 3183 3018 3239 circa
3053 3183 3218 3254 pedes
3263 3183 3470 3237 domini
3516 3181 3754 3241 llerlniui,

2211 3276 2571 3346 praesentibus
2597 3276 2664 3329 ad
2697 3276 2800 3329 hoc
2830 3274 3103 3344 prioribus
3141 3273 3397 3328 omnibus
3432 3273 3630 3328 ordinis
3653 3271 3757 3325 Bec-

2212 3365 2424 3430 ceusis,
2465 3373 2572 3419 tam
2614 3364 2923 3420 cismariuis
2972 3379 3137 3434 quam
3168 3363 3572 3426 transmarinis,
3608 3361 3685 3430 qui
3708 3357 3759 3413 ad

2212 3457 2316 3512 hoc
2356 3455 2426 3510 ibi
2461 3465 2859 3519 convenerant,
2899 3465 2958 3510 ut
2999 3455 3327 3510 interessent
3375 3452 3605 3522 capitulo
3631 3466 3757 3520 gene-

2214 3548 2312 3604 rali
2346 3549 2537 3604 eodem
2583 3547 2670 3602 die
2719 3547 3064 3603 celebrando.
3121 3546 3224 3615 Qui
3274 3545 3518 3616 praedicti
3564 3544 3754 3614 priores.

2213 3657 2334 3696 cum
2371 3641 2518 3696 omni
2545 3642 2990 3712 congregatione,
3024 3641 3077 3694 in
3109 3640 3301 3695 eodem
3344 3637 3591 3712 capitulo,
3621 3636 3761 3706 elcge~

2215 3742 2344 3788 runt
2373 3731 2614 3786 unanimi
2635 3746 2904 3788 consensu
2930 3731 3208 3786 dominum
3233 3729 3533 3784 Robertum
3555 3729 3613 3783 de
3633 3717 3762 3794 cum

2215 3828 2413 3894 Becco,
2463 3835 2590 3882 tunc
2627 3828 2961 3880 vineatorem
3008 3824 3162 3879 Becci
3216 3824 3270 3879 in
3317 3822 3577 3885 Francia,
3617 3820 3798 3892 virutn_

2216 3920 2532 3990 prudentem
2566 3917 2618 3972 in
2663 3916 3035 3987 spiritualibus
3061 3922 3119 3970 et
3149 3913 3539 3982 temporalibus
3571 3913 3760 3968 circum-

2215 4005 2504 4080 spectutn,
2551 4010 2605 4062 in
2664 4007 2958 4062 festivitate
3008 4005 3181 4061 beatae
3223 3993 3409 4059 maria:
3459 4002 3757 4073 Magdaleam,

2217 4105 2317 4172 Qui
2348 4112 2604 4173 receptus
2629 4103 2696 4157 ab
2727 4101 2952 4172 Hngone
2973 4100 3040 4154 de
3072 4099 3194 4154 Pise
3219 4107 3349 4152 tunc
3369 4097 3574 4152 decano
3599 4095 3762 4149 Bothe-

2217 4197 2480 4269 magensi,
2523 4204 2576 4251 et
2625 4194 2860 4264 capitulo
2909 4191 3356 4262 Rothomagensi,
3404 4198 3624 4244 vacante
3666 4197 3762 4238 tunc

2218 4291 2344 4346 sede
2358 4303 2454 4358 per
2465 4295 2692 4341 mortem
2708 4284 2912 4340 Odonis
2927 4282 3316 4353 archiepiscopi
3333 4276 3761 4348 Rotbomagensis,

2217 4377 2491 4448 quondam
2524 4375 2736 4433 abbatis
2759 4372 2946 4428 Sancti
2979 4369 3240 4441 Dionysii,
3277 4370 3684 4437 benedictusque
3700 4373 3762 4419 εει

2221 4467 2548 4539 Rothomagi
2583 4469 2652 4522 ab
2678 4469 2934 4537 episcopo
2966 4463 3306 4530 Ebroicensi,
3345 4464 3400 4519 in
3431 4463 3520 4519 die
3545 4459 3764 4518 Nativita-

2151 4575 2195 4628 1)
2225 4563 2294 4617 tis
2325 4561 2575 4631 gloriosa:
2602 4557 2842 4630 Virginis
2866 4557 3069 4612 Marias.

2299 4651 2402 4720 12
2420 4650 2578 4704 Anno
2603 4647 2818 4704 Domini
2844 4647 3132 4702 millesimo
3153 4644 3533 4701 ducentesimo
3553 4641 3765 4711 quinqua-

2221 4741 2451 4810 gesimo,
2481 4739 2567 4794 die
2594 4737 2874 4792 Dominica
2916 4745 3042 4790 ante
3071 4735 3271 4791 festum
3309 4733 3484 4788 sancti
3515 4727 3763 4788 Michaelis,

2222 4832 2364 4902 apud
2408 4829 2810 4894 Gonllantium,
2859 4826 3180 4883 translatum
3233 4835 3319 4882 est
3360 4839 3563 4895 corpus
3609 4828 3766 4878 sancta:

2223 4921 2514 4991 Ilonorinte
2545 4921 2612 4976 de
2639 4918 2810 4976 veteri
2846 4933 3006 4988 capsa
3039 4918 3093 4972 in
3125 4917 3362 4986 quadam
3391 4915 3498 4970 alia
3534 4928 3681 4984 capsa
3703 4924 3768 4963 ar-

2223 5021 2435 5083 gentea,
2467 5021 2709 5082 tempore
2741 5009 2961 5066 Roberti
2989 5008 3201 5062 abbatis
3238 5005 3416 5072 Becci,
3463 5016 3520 5062 et
3548 4997 3766 5059 Willernti

2223 5105 2290 5168 de
2323 5103 2523 5159 Braetot
2545 5103 2741 5175 prioris
2773 5101 2838 5156 de
2877 5097 3264 5164 Confluancio,
3310 5097 3657 5169 pratsentibus
3683 5091 3764 5146 llo-

2227 5200 2565 5273 thomagensi
2609 5198 3037 5268 archiepiscopo,
3087 5203 3143 5251 et
3179 5192 3440 5264 episcopo
3475 5184 3764 5246 Parisiensi;

2225 5307 2332 5352 una
2361 5307 2484 5348 cum
2520 5291 2682 5354 dictis
2723 5290 2921 5345 abbate
2971 5287 3215 5347 Roberto
3239 5326 3256 5352 ,
3289 5287 3476 5356 priore
3511 5281 3765 5338 Willet-mo.

2226 5385 2294 5440 de
2313 5383 2531 5440 licentia
2551 5383 2758 5438 domini
2784 5381 3084 5438 Innocentii
3112 5393 3264 5450 papa;
3289 5377 3494 5448 quarti,
3524 5385 3641 5430 tunc
3657 5365 3767 5440 apud

2227 5473 2546 5546 Lugdunum
2581 5470 2876 5536 existenti;
2911 5477 3170 5538 regnante
3204 5467 3482 5524 Ludovico
3510 5457 3768 5521 illustrissi-
3862 5471 3863 5488 π

2228 5581 2316 5626 mo
2345 5581 2473 5637 rege
2515 5565 2875 5626 Francorum,
2907 5571 3036 5616 tunc
3083 5561 3139 5617 in
3181 5568 3324 5615 terra
3373 5554 3768 5628 lerosolymilana

2227 5657 2648 5729 peregrinante,
2704 5654 2947 5710 Blanclta
3011 5661 3188 5709 matre
3247 5652 3494 5724 ejusdem
3555 5639 3767 5704 Ludovici

2230 5763 2454 5820 regnum
2481 5746 2820 5802 Francorum
2849 5753 3070 5801 strenue
3100 5743 3462 5816 gubernante.
3715 5785 3722 5792 .

2303 5841 2460 5896 Anno
2518 5839 2729 5898 Domini
2785 5838 3072 5900 millesimo
3118 5837 3487 5896 ducentesimo
3539 5831 3766 5908 quinquav
