3864 6304
84 387 162 445 σω
1292 382 1690 447 CIIRONICON
1729 384 1990 444 BECCEN
1999 387 2100 446 SK.
3234 384 3341 442 (r6!

86 514 265 574 gesnuo
309 508 495 567 sexto,
547 499 829 571 przcdictus
869 498 1191 564 Ludovicus,
1229 515 1322 555 rex
1371 500 1643 566 Francius,
1674 502 1721 559 Α
1818 502 1954 558 llnic
2009 500 2296 558 venerabili
2327 516 2444 556 Vll‘O
2482 516 2550 557 ex
2595 515 2866 558 commun.
2900 517 3124 558 assensu
3176 502 3341 558 totius

88 594 169 646 [iit
216 592 352 661 apud
399 592 633 647 Beccum
683 591 946 661 llirlnini,
986 593 1039 647 in
1082 591 1168 648 die
1208 591 1648 647 Annuntiationis
1748 594 1985 662 ejusdem
2052 594 2156 650 loci
2217 593 2635 665 congregatione
2694 595 2957 649 successit
3008 593 3341 650 venerabili

87 682 349 738 Dominicae
376 699 390 747 ;
423 698 535 752 qua
564 683 649 738 die
678 683 917 737 comedit
961 682 1014 737 in
1046 682 1355 749 refectorio,
1391 698 1515 738 eum
1547 683 1648 737 mi-
1747 685 2001 748 Joannes,
2024 695 2153 740 tunc
2177 685 2325 755 prior
2349 684 2527 750 Becci,
2565 683 2989 754 benedictusqne
3016 696 3101 739 est
3127 684 3339 739 Rotho-

87 778 242 830 litibus
272 784 323 829 et
354 774 656 831 baronibus
681 775 815 842 suis,
846 776 1066 829 domino
1096 774 1282 831 Odone
1322 774 1529 846 Rigaud
1556 789 1646 828 ar-
1751 780 1913 851 magi,
1949 780 2001 834 in
2029 780 2116 835 die
2144 780 2317 835 sancti
2340 778 2567 834 Joannis
2595 778 2955 849 evangelistae.
2980 778 3341 833 Conﬁrmato-

86 866 399 934 rliiepiscopo
430 864 862 937 Rothomagensi
901 866 967 920 ad
998 866 1297 932 sinistram,
1326 874 1382 921 et
1429 865 1650 922 domino
1749 888 1857 945 que
1888 882 1944 928 et
1987 882 2243 943 recepto,
2296 881 2352 928 et
2398 887 2504 926 non
2546 870 2716 927 multo
2753 879 2904 940 post,
2961 872 3242 942 elegerunt
3287 870 3341 924 in

87 956 296 1011 lluberto
314 956 519 1010 abbate
548 955 702 1011 Becci
729 956 794 1009 ad
818 957 1095 1011 dexteram
1119 972 1293 1023 suam,
1316 972 1436 1011 cum
1467 955 1650 1011 multis
1750 967 1985 1037 priorem
2023 965 2151 1023 dicti
2202 965 2324 1028 luci,
2374 964 2605 1019 fratrum
2641 964 3006 1018 concordan'e
3049 978 3343 1025 consensu,

86 1045 186 1098 aliis
210 1044 445 1114 Pmlalis
498 1047 835 1102 sedentibus.
868 1046 934 1101 El
974 1047 1171 1102 θιίιιάθ
1203 1044 1434 1102 Ponte!“
1469 1046 1652 1101 AUdO‘
1750 1058 2016 1115 Joannem
2040 1059 2106 1114 de
2126 1057 2357 1113 Plesseis
2381 1058 2614 1129 priorem
2632 1058 2697 1113 de
2718 1056 3027 1121 Goldelina;
3055 1054 3146 1109 sed
3168 1064 3344 1109 morte

88 1136 199 1187 inari
240 1151 475 1206 pergens
505 1178 523 1203 ,
571 1136 850 1193 libertates
893 1138 1159 1209 plurimas
1203 1137 1447 1195 ecclesiae
1491 1137 1649 1194 Becci

86 1225 422 1281 continuavit.

145 1320 282 1370 Anno
314 1316 537 1373 Domini
574 1320 863 1377 millesimo
891 1321 1263 1379 ducentesimo
1313 1322 1654 1393 sexagesimo

85 1416 268 1474 quarto,
304 1407 488 1463 Idibus
524 1409 672 1476 Maii,
718 1412 852 1467 feria
896 1415 1054 1468 tertia
1096 1424 1224 1469 ante
1271 1413 1650 1479 Pentecosten,

87 1495 283 1552 ecclesia
311 1496 473 1554 Becci
502 1503 790 1558 combusta
841 1504 961 1569 fuit,
995 1521 1117 1559 cum
1150 1504 1400 1560 omnibus
1426 1503 1656 1559 oﬁieinis

86 1597 130 1642 et
154 1589 405 1655 domibus,
450 1603 578 1661 post
628 1595 1065 1665 completorium,
1099 1596 1167 1652 ab
1217 1596 1322 1669 igni
1357 1596 1516 1661 villae,
1562 1596 1656 1665 qui

90 1678 351 1748 incoapitin
391 1682 562 1737 domo
613 1685 957 1755 presbyterii,
1000 1694 1056 1740 ct
1107 1686 1488 1742 miserabiliter
1528 1702 1658 1741 con-

90 1770 287 1837 sumpsit
318 1771 504 1826 villam
536 1781 594 1827 et
627 1774 914 1831 ecclesiam
960 1776 1120 1843 villre,
1160 1787 1214 1833 et
1256 1787 1441 1849 postea
1486 1781 1655 1832 abea-

92 1861 237 1926 tiam;
279 1860 478 1918 abbate
510 1863 754 1920 lloberto
780 1874 909 1921 tunc
942 1868 1082 1937 apud
1126 1866 1390 1924 Lexovias
1416 1872 1483 1923 ad
1508 1870 1656 1939 capi-
1690 1849 1733 1905 Β

95 1954 235 2007 tuluin
264 1957 523 2011 abbatum
552 1959 811 2029 generale
832 1960 1115 2015 existente.
1151 1961 1353 2018 Eodem
1384 1978 1526 2017 anno
1550 1979 1656 2017 non

94 2046 235 2100 multo
266 2056 385 2117 post
414 2050 590 2105 turris
615 2048 905 2107 Beeccnsis
937 2053 1170 2124 lapidea,
1198 2071 1319 2126 qua:
1364 2066 1479 2111 erat
1501 2055 1657 2127 juxta

94 2136 355 2205 cellarium,
403 2141 640 2207 corruit,
687 2153 743 2199 et
788 2145 990 2199 dictum
1043 2146 1322 2202 cellarium
1365 2158 1418 2204 et
1446 2156 1659 2220 partem

97 2226 305 2282 ecclesia:
331 2234 748 2299 conquassavit.

150 2319 289 2373 Anno
316 2320 535 2376 Domini
577 2324 868 2381 millesimo
899 2325 1273 2384 ducentesimo
1324 2329 1662 2400 sexagesimo

96 2410 275 2479 quinto,
305 2412 439 2469 obiit
469 2416 579 2486 pia:
611 2418 907 2485 memoria',
951 2429 1007 2475 et
1037 2420 1321 2477 laudabilis
1356 2422 1497 2486 vitae,
1543 2421 1661 2492 glo-

100 2502 399 2561 riosissimus
430 2506 711 2563 Robertus
752 2511 921 2566 abbas
959 2510 1113 2567 Becci
1146 2514 1389 2568 decimus
1416 2513 1661 2583 quintus,

100 2590 143 2645 ia
169 2604 306 2649 nocte
334 2598 510 2652 sancti
538 2597 837 2655 Clementis
865 2617 880 2665 ;
924 2601 1016 2671 qui
1063 2602 1204 2657 rexit
1234 2603 1505 2659 abbatiam
1535 2603 1664 2659 dicti

102 2681 203 2749 loci,
228 2696 345 2743 ante
370 2690 810 2746 combustionem
830 2692 971 2762 ejus,
997 2694 1273 2750 sexdecim
1299 2697 1480 2761 annis,
1515 2711 1666 2750 men-

102 2775 226 2831 sibus
251 2793 463 2845 novem,
499 2782 859 2838 hebdomadis
886 2785 1078 2850 tribus,
1123 2794 1177 2840 et
1227 2788 1397 2843 tribus
1437 2787 1660 2853 diebus,

103 2877 202 2937 post
232 2871 659 2928 combustionem
705 2888 834 2930 vero
874 2876 1083 2932 duobus
1119 2878 1278 2933 annis
1317 2887 1372 2935 et
1418 2879 1665 2946 dimidio,

103 2968 301 3028 octoquc
343 2960 583 3029 diebus;
634 2964 725 3034 qui
775 2966 829 3019 in
878 2980 1042 3021 unum
1079 2967 1311 3033 collecti,
1362 2970 1497 3025 ﬁunt
1537 2973 1664 3026 anni

105 3050 461 3120 novenidecim,
516 3064 754 3124 quatuor
791 3054 1006 3113 me'nses
1050 3067 1105 3113 et
1144 3068 1379 3129 quatuor
1422 3062 1558 3117 dies.
1602 3063 1670 3118 Et

1753 1158 2080 1221 praeventus,
2112 1150 2376 1206 successit
2400 1150 2451 1204 in
2472 1150 2716 1221 prioratu
2744 1148 3060 1205 Willernius
3078 1148 3146 1202 de
3167 1146 3344 1201 Bour-

1754 1243 2017 1315 geanvilla
2048 1243 2197 1313 prior
2225 1243 2292 1298 de
2322 1242 2504 1297 Prato.

1823 1332 1983 1387 Anno
2023 1330 2236 1386 Domini
2282 1330 2569 1385 millesimo
2599 1330 2970 1386 ducentesimo
3002 1329 3367 1400 sexagesimo,

1757 1440 1921 1492 nono,
1962 1433 2208 1493 tempore
2237 1423 2465 1479 Joannis
2508 1423 2723 1479 abbatis
2759 1422 2916 1479 Becci
2966 1424 3163 1479 decimi
3205 1423 3345 1479 sexti

1758 1517 2081 1587 supradicti,
2116 1516 2378 1572 translata
2410 1524 2495 1570 est
2538 1515 2793 1585 parochia
2827 1516 2999 1570 sancti
3036 1514 3238 1586 Nigasii
3279 1515 3348 1570 de

1759 1609 2011 1665 Melieuto
2052 1610 2117 1663 de
2170 1608 2501 1664 monasterio
2550 1608 2941 1662 monachorum
2987 1607 3040 1662 in
3081 1606 3349 1679 capellam

1759 1700 1946 1757 Sancti
1982 1700 2168 1757 Jacobi
2205 1701 2447 1771 ejusdem
2493 1699 2797 1770 parrochiae,
2848 1708 2903 1755 et
2944 1699 3085 1755 facta
3127 1709 3211 1754 est
3258 1698 3348 1753 illa

1759 1793 1963 1864 capella
1997 1794 2321 1862 parocliialis
2352 1802 2405 1847 ct
2440 1792 2778 1863 baptismatis
2815 1792 3043 1848 ecclesia
3065 1833 3079 1854 ,
3117 1793 3351 1847 interve-

1760 1885 1943 1940 niente
1978 1900 2203 1940 assensu
2235 1885 2509 1955 pontiﬁcis
2548 1885 2933 1961 Carnotcnsis,
2970 1886 3181 1939 abbatis
3222 1900 3352 1940 con-

1761 1990 1956 2036 ventus
2001 1980 2313 2045 lleccensis,
2356 1991 2413 2036 et
2454 1981 2675 2052 prioris,
2725 1990 2781 2036 et
2814 1989 3113 2036 conventus
3160 1977 3352 2034 Sancti

1762 2071 1970 2144 Nigasii
2014 2074 2082 2126 de
2125 2071 2378 2128 Mellento
2427 2073 2750 2144 supradicti,
2782 2083 2837 2129 et
2872 2072 3053 2128 lvonis
3095 2070 3354 2127 Ecclesia:

1762 2164 1995 2219 rectoris
2012 2164 2276 2233 ejusdem,
2291 2166 2810 2229 contradicentibus,
2828 2174 2883 2219 et
2903 2162 3284 2218 resrstentibus
3298 2170 3356 2214 et

1763 2254 2221 2325 proclamantibus
2250 2257 2616 2326 parochianis,
2651 2257 2745 2311 sed
2779 2270 2885 2311 non
2913 2254 3350 2325 praevalentibus.

1836 2346 2128 2415 Postquam
2158 2349 2449 2418 praedictus
2480 2348 2716 2405 Joannes
2749 2349 2916 2405 abbas
2943 2348 3099 2403 Becci
3132 2354 3355 2402 strenue

1764 2436 2089 2505 gubernavit
2126 2440 2372 2492 eamdem
2404 2438 2702 2505 abbatiam,
2737 2438 2908 2495 ferme
2935 2448 3140 2510 septem
3169 2438 3352 2502 annis,

1766 2528 1908 2583 diem
1939 2528 2135 2583 clausit
2159 2539 2489 2595 extremum,
2524 2531 2575 2585 in
2621 2530 2709 2586 die
2756 2540 3070 2586 sanctorum
3118 2529 3353 2602 Nigasii.

1765 2622 2151 2691 sociorumque
2186 2621 2327 2691 ejus,
2352 2638 2495 2677 anno
2528 2623 2739 2677 Domini
2774 2622 3064 2677 millesimo
3087 2622 3349 2677 ducente-

1766 2714 1906 2771 simo
1920 2715 2318 2785 septuagesima
2339 2716 2597 2780 secundo,
2613 2724 2665 2770 et
2687 2713 2928 2783 sepultus
2944 2714 3091 2770 estin
3114 2713 3354 2784 capitulo

1768 2804 1898 2863 dicti
1928 2806 2049 2870 loci,
2097 2808 2240 2861 circa
2284 2814 2445 2875 caput
2493 2806 2696 2861 domini
2738 2805 2981 2861 Herluini
3030 2804 3191 2875 primi
3224 2804 3357 2859 dicti

1768 2898 1870 2954 loci
1899 2897 2221 2953 fundatoris.
2254 2896 2317 2951 Et
2362 2896 2553 2952 eodem
2585 2912 2728 2951 anno
2753 2895 2996 2951 Ecclesia
3032 2894 3189 2950 Becci
3224 2909 3358 2949 conv

1767 2987 1950 3058 juncta
1974 2997 2056 3043 est
2082 2986 2412 3042 fraternitati
2438 2987 2690 3042 Ecclesia:
2728 2986 3065 3042 Fiscanensi.
3350 2988 3355 2993 ‘

1840 3079 1938 3133 Cui
1968 3078 2234 3133 successit
2280 3078 2332 3132 in
2363 3077 2578 3132 nbbatia
2608 3077 3070 3133 eminentissimus
3101 3075 3207 3142 vir,
3252 3073 3357 3130 Pe.-

104 3139 313 3244 sepultus
335 3152 417 3198 est
444 3145 499 3199 in
536 3144 772 3227 capitulo
799 3148 946 3203 circa
990 3148 1157 3221 pedes
1194 3150 1395 3211 domini
1426 3151 1666 3209 llerluini
1696 3195 1738 3253 ϐ
1774 3178 1889 3222 "us
1928 3170 1994 3223 de
2032 3168 2233 3224 Canum
2274 3168 2427 3239 juxta
2479 3167 2732 3230 neccum,
2784 3176 2911 3220 tunc
2959 3165 3061 3237 13
3094 3139 3244 3236 prior
3291 3164 3360 3220 de

108 3227 151 3282 in
170 3232 370 3289 sinistra
399 3245 586 3316 parte.

553 3345 637 3385 EPl
648 3347 840 3387 TAPHIU
850 3347 884 3385 ll
930 3348 1184 3389 EJUSDEX.

225 3421 367 3477 Becci
390 3424 714 3490 cwnobium,
738 3426 1057 3495 quindenum
1084 3427 1274 3498 plunge
1304 3427 1586 3484 Robcrtum

228 3518 466 3573 Abbalem
492 3536 520 3584 ;
554 3519 716 3572 cinxit
753 3528 801 3572 te
823 3520 1007 3585 muris,
1035 3531 1183 3591 teque
1215 3521 1392 3591 refecit

227 3610 602 3681 Consumptum
630 3611 881 3680 ﬂammis,
913 3611 1065 3665 rebus
1086 3612 1266 3665 ditavit
1290 3622 1339 3666 et
1367 3614 1527 3683 agris.

170 3700 288 3757 Nota
312 3703 476 3773 quod,
510 3704 728 3772 quando
756 3704 1037 3758 combusta
1067 3698 1169 3759 l‘uit
1190 3703 1417 3760 ecclesia
1441 3706 1671 3761 Beecen-

113 3794 190 3857 sis,
220 3795 405 3849 summi
436 3794 747 3865 pontiﬁces,
781 3796 1017 3851 maxime
1047 3795 1297 3851 Urbanus
1322 3804 1377 3852 et
1396 3796 1669 3863 Clemens,

113 3886 331 3955 precibus
351 3888 557 3944 nostris
579 3887 846 3957 inclinati,
865 3889 918 3943 in
944 3889 1415 3947 reasdiﬁcationem
1435 3900 1489 3946 et
1512 3907 1668 3962 repa-

116 3978 346 4034 rationem
367 3980 617 4036 ecclesia:
648 3988 868 4045 nostrae,
896 3980 1034 4051 ignis
1064 3981 1492 4057 conﬂagratione
1513 3999 1671 4039 casu-

115 4085 201 4139 que
249 4072 544 4129 miserabili
595 4072 675 4128 sic
732 4082 1113 4143 consumptae,
1170 4075 1560 4129 ordinaverunt
1611 4083 1672 4135 ut

116 4164 324 4220 redditus
351 4174 405 4221 et
438 4173 740 4236 proventus
771 4169 932 4219 unius
970 4164 1098 4218 anni
1125 4169 1476 4220 ccctesiarnm
1503 4175 1558 4221 et
1580 4168 1672 4221 be-

117 4254 396 4314 neﬁciorum
425 4258 697 4324 omnium,
729 4260 781 4312 in
806 4258 1002 4328 quibus
1036 4274 1133 4314 nos
1176 4259 1258 4312 vel
1289 4259 1497 4330 priores
1526 4260 1673 4330 prio-

118 4353 299 4402 ratuum
334 4348 751 4419 nostrorumjus
782 4357 1101 4419 patronatus
1127 4349 1410 4418 habemus,
1434 4352 1672 4409 existen-

120 4434 227 4491 lllllll
254 4438 303 4493 in
330 4439 577 4496 Francia:
608 4450 663 4494 et
690 4439 898 4511 Angliae
936 4442 1137 4513 regnis,
1170 4451 1223 4496 et
1255 4458 1425 4514 usque
1471 4443 1539 4507 ad
1578 4444 1673 4499 de-

1772 3260 2132 3324 Evreinodio;
2163 3259 2587 3328 benedictusque
2606 3267 2695 3313 est
2736 3258 2805 3312 ab
2847 3256 3035 3313 Odone
3064 3256 3359 3312 Rothoma-

1771 3354 1924 3424 geusi
1946 3354 2374 3423 archiepiscopo.
2402 3353 2501 3407 (lui
2535 3351 2735 3406 accidit
2761 3351 2812 3404 in
2841 3351 3015 3421 primo
3042 3365 3188 3404 anno
3216 3349 3358 3418 τεαῖς

1773 3445 1935 3499 minis
1964 3444 2079 3511 ejus
2113 3444 2216 3499 tale
2248 3444 2602 3499 infortunium
2632 3443 2798 3513 quod,
2841 3442 3099 3512 praedicto
3124 3458 3267 3497 anno
3301 3442 3354 3496 in

1771 3536 2070 3592 craszinnm
2103 3534 2378 3598 Cinerum,
2405 3535 2618 3591 decimo
2639 3536 2831 3603 quinto
2856 3533 3125 3587 Kalendas
3156 3532 3353 3600 Martii,

1772 3626 1863 3696 qui
1909 3634 1993 3681 est
2039 3640 2213 3679 annus
2245 3624 2313 3679 ab
2349 3624 2724 3679 lncarnatione
2775 3622 2985 3677 Domini
3039 3621 3357 3677 millesimus

1773 3718 2177 3774 dncentesimus
2207 3715 2635 3787 septuagesimus
2663 3715 2876 3780 tertius,
2909 3713 3074 3768 turris
3120 3711 3357 3767 maxima

1772 3810 1929 3867 Becci
1956 3811 2182 3876 corruit,
2208 3820 2259 3864 et
2283 3808 2570 3865 ecclesiam
2606 3808 2720 3864 fere
2758 3796 3098 3877 consumpsit
3132 3812 3187 3859 et
3222 3818 3357 3858 cono

1773 3904 2083 3973 quassavit;
2118 3911 2174 3956 et
2205 3902 2324 3971 plus
2352 3901 2709 3972 pomleratnm
2744 3901 2861 3954 Juit
2910 3900 3165 3954 damnum
3198 3895 3359 3964 hujus

1772 3994 2199 4065 consumptionis
2223 4009 2387 4063 quam
2413 3994 2667 4050 damnum
2690 3990 3103 4054 combustinnis,
3128 3988 3254 4058 quia
3281 3998 3361 4042 to-

1774 4094 1888 4151 tum
1943 4085 2371 4155 presliysterium
2419 4085 2471 4140 in
2520 4085 2751 4142 circuitu
2804 4081 3046 4151 oportuit
3097 4079 3361 4134 radicitus

1772 4176 2004 4232 evellere
2041 4190 2210 4243 usque
2232 4175 2298 4229 ad
2330 4175 2703 4229 fundamenta.
2735 4173 2835 4239 Qui
2869 4171 3160 4241 praedictus
3191 4168 3361 4222 abbas

1773 4267 1937 4337 coepit
1963 4274 2317 4337 augmentare
2344 4265 2651 4330 ecclesiam,
2681 4274 2736 4319 et
2775 4263 2997 4331 incwpit
3018 4276 3237 4315 crucem
3265 4273 3359 4312 ec~

1773 4358 1952 4415 clesire
1974 4366 2026 4412 et
2055 4356 2305 4423 chorum,
2330 4363 2382 4412 et
2415 4354 2604 4411 locavit
2633 4365 2868 4424 quatuor
2887 4350 3096 4423 pillaria
3125 4349 3362 4403 maxima

1774 4463 1870 4519 per
1918 4444 2187 4517 quadrum
2220 4446 2273 4500 in
2322 4459 2484 4500 cruce
2535 4442 2789 4499 Ecclesia:
2839 4444 2905 4498 ad
2950 4441 3109 4496 aliam
3167 4439 3359 4493 turrim

118 4541 214 4582 cem
234 4548 392 4589 annos
416 4549 614 4589 vacare
636 4534 986 4604 contigerint:
1008 4535 1359 4604 primoanuo,
1384 4546 1671 4608 postquam
1703 4536 1751 4595 D
1778 4535 2337 4607 Supermdiﬁcatttlam.
2376 4533 2450 4589 De
2483 4550 2588 4605 qua
2630 4533 2783 4588 ruina
2829 4533 3029 4589 factum
3084 4532 3183 4587 l'nit
3232 4530 3362 4589 illud

122 4637 285 4682 vacare
321 4630 648 4702 contigerint
694 4638 748 4683 et
781 4631 1118 4699 vacaverint,
1169 4631 1221 4684 in
1272 4629 1377 4691 illis
1420 4613 1673 4691 videlicet

122 4713 432 4788 diiecesibus,
472 4722 526 4776 in
557 4721 755 4798 quibus
780 4720 871 4779 illo
896 4736 1061 4786 anno,
1092 4721 1418 4776 ditecesanis
1456 4722 1670 4792 episco-

122 4805 188 4872 pis
206 4811 427 4872 redditus
450 4822 506 4868 et
528 4822 821 4884 proventus
844 4812 1170 4883 hujusmodi,
1194 4829 1259 4868 ex
1283 4814 1675 4875 consuetudine

124 4911 207 4951 non
236 4900 453 4958 debetur
498 4921 514 4967 ;
563 4904 617 4958 in
661 4903 767 4958 illis
810 4914 992 4959 autem
1033 4903 1085 4956 in
1130 4904 1325 4973 quibus
1371 4904 1463 4960 illo
1504 4920 1671 4970 anno,

126 4992 195 5055 qui
248 4993 626 5064 deportationis
671 4995 756 5069 [le
812 4993 1032 5068 depart]
1097 4996 1391 5065 vulgariter
1454 4997 1672 5063 dicitur,

126 5080 355 5141 debentur
395 5088 695 5159 episcOpis,
746 5088 1051 5157 hujusmodi
1097 5089 1485 5159 deportationis
1533 5106 1676 5144 anno

130 5171 400 5236 immediate
433 5181 713 5253 sequenti,
745 5182 1018 5253 possimus
1059 5182 1337 5253 percipere
1363 5184 1416 5237 in
1452 5184 1678 5239 reaediﬁ-

130 5268 366 5328 eatiouem
409 5276 537 5331 dicti
568 5277 881 5335 monasterii
930 5286 1347 5339 convertendos.
1397 5277 1465 5335 Et
1510 5278 1676 5343 etiam

131 5361 486 5422 ordinaverunt
523 5370 663 5441 quod
722 5371 775 5431 in
822 5369 1151 5440 prioratibus
1208 5370 1415 5435 ordinis
1462 5370 1630 5431 nostri
1659 5408 1675 5435 ,

132 5461 310 5508 certum
352 5459 604 5514 tributum
636 5462 991 5532 acciperetur,
1030 5465 1326 5520 secundum
1378 5467 1676 5534 compossi-

133 5534 363 5602 intatem
413 5550 795 5609 beneﬁciorum
833 5571 847 5620 ;
898 5563 953 5619 ct
1008 5555 1130 5611 aliis
1173 5555 1384 5611 cunctis
1432 5554 1679 5611 ﬁdelibus

134 5634 503 5706 l’mnitentibus,
533 5642 623 5711 qui
654 5643 1002 5713 erogaverint
1028 5645 1078 5699 iu
1103 5646 1248 5716 piam
1275 5643 1675 5714 eleemosynam

139 5722 353 5785 debonis
374 5747 556 5790 eorum
590 5737 818 5803 Domino
848 5738 970 5794 anni
1002 5736 1291 5794 ducentum
1341 5736 1459 5793 dies
1505 5735 1678 5793 indul-

137 5817 403 5882 Jentiaruut
428 5825 669 5886 contulit.
1644 5822 1647 5825 λ

1774 4627 2121 4699 proverbium
2148 4626 2356 4691 Galliae,
2390 4625 2533 4696 quod
2572 4625 2855 4695 sequitur:

2060 4720 2190 4775 L‘an
2220 4720 2284 4774 de
2311 4734 2465 4790 grace
2495 4717 2587 4771 mil
2618 4719 2756 4772 deum
2785 4734 2904 4771 cens

2061 4812 2315 4868 Soixanle
2351 4823 2397 4865 et
2421 4811 2606 4875 treize,
2634 4811 2795 4864 virent
2814 4826 2937 4879 gens

2066 4909 2142 4962 La
2180 4907 2396 4962 maistre
2419 4916 2540 4960 tour
2563 4907 2633 4958 du
2662 4904 2763 4958 Bec
2787 4905 3092 4965 desccndrc,

2065 4998 2387 5053 Leudemaiu
2417 5003 2488 5050 du
2505 5000 2637 5066 jour
2658 4995 2722 5049 de
2747 4996 2799 5048 la
2823 4996 3041 5061 cendre;

2064 5089 2270 5144 Entour
2294 5091 2479 5158 prime,
2506 5087 2584 5157 fut
2615 5086 2665 5138 lo
2698 5086 2845 5139 ruiue
2874 5099 2893 5137 .'

2064 5179 2293 5241 L’wuvre
2327 5178 2543 5232 deasoua
2565 5176 2765 5230 u’esloil
2789 5193 2884 5244 pas
2906 5174 3049 5243 ﬁne;

2069 5268 2219 5332 I’onr
2252 5287 2308 5324 re
2347 5269 2399 5324 la
2436 5280 2556 5322 (our
2585 5284 2638 5320 se
2673 5266 2957 5326 descendit,

2068 5364 2202 5417 Tout
2232 5363 2279 5421 le
2313 5363 2491 5416 cliaaur
2519 5377 2690 5422 cassa,
2732 5368 2778 5411 et
2805 5358 2971 5427 {indit

2065 5456 2142 5520 De
2163 5456 2216 5508 la
2238 5454 2329 5524 nef
2343 5471 2442 5508 une
2466 5452 2635 5523 grand
2662 5450 2829 5520 partie
2853 5488 2867 5513 ,

2065 5548 2229 5604 (lassa
2261 5549 2313 5601 Ia
2344 5559 2463 5602 tour
2492 5547 2555 5599 de
2575 5546 2809 5613 l’abbnge
2835 5559 2854 5606 ;

2069 5643 2208 5698 Mais
2236 5642 2373 5696 Dieu
2407 5655 2579 5708 mercy
2602 5655 2658 5691 ce
2686 5654 2775 5707 ruy
2808 5638 2972 5699 (ﬁeri,

2068 5736 2305 5805 Oucques
2345 5736 2549 5786 homme
2581 5731 2667 5801 n‘y
2689 5740 2801 5784 enst
2831 5733 2975 5801 peri;

1986 5886 1991 5893 ,
2069 5828 2145 5895 (Je
2166 5826 2245 5893 [ut
2274 5842 2335 5882 en
2368 5835 2529 5893 tennis
2558 5824 2619 5879 de
2660 5822 2828 5879 Γ(ώὺιὲ
2856 5820 3061 5890 l’ierre.
