3864 6304
123 380 211 445 6G3

1220 384 1223 387 λ
1307 384 1701 445 (IIIIKONICON
1747 385 2118 443 BECCENSE.

3251 378 3361 435 666

123 502 384 567 totesta‘rii,
431 488 527 573 qui
578 502 795 557 nemora
839 503 1041 557 domini
1095 503 1377 574 Regiualsli
1431 506 1499 560 de
1546 502 1673 559 'l‘rie
1700 516 1745 573 Α
1773 503 1910 557 cima
1956 501 2143 571 quinta
2197 498 2400 555 mensis
2450 496 2793 563 Novembris,
2837 505 3124 568 postquam
3182 496 3360 551 dictus

124 597 280 650 militis
329 596 725 659 custoliebant,
768 593 1013 651 fecerunt
1059 595 1316 649 insultutu
1368 598 1669 651 terribilem

121 685 234 754 I,.ttd
262 684 484 756 Laynnv,
527 684 783 740 tlericum
836 684 963 741 dicti
997 687 1273 756 prioratus
1303 687 1671 753 vulnerantes,

121 790 162 832 et
185 780 302 831 duos
332 779 652 840 monachos,
685 778 937 833 videlicet
963 776 1226 834 Joannem
1254 780 1320 833 de
1356 778 1535 833 Leone
1575 794 1671 831 su-

121 870 373 938 periorem,
411 878 467 921 et
496 867 722 922 fratrem
770 869 1033 924 Thomam
1063 870 1130 924 de
1178 869 1410 934 Tonilla,
1444 870 1524 924 sic
1555 869 1676 923 vul-

121 970 340 1016 nemutes
386 972 441 1014 ιιι
486 961 664 1014 dictus
708 960 947 1017 Joannes
977 962 1114 1016 infra
1159 962 1398 1031 quinque
1449 962 1588 1024 dies,
1620 970 1675 1015 et

120 1053 262 1106 dictus
292 1052 531 1107 Thomas
562 1053 699 1106 infra
727 1046 1036 1124 quindecim
1064 1054 1181 1109 dies
1207 1056 1372 1108 vitam
1409 1054 1670 1109 finierint.

121 1143 169 1195 Et
219 1143 310 1198 hoc
345 1158 491 1196 anno
535 1144 670 1198 obiit
695 1144 972 1200 Robertus
1002 1147 1067 1200 de
1102 1145 1282 1201 Leone
1313 1149 1462 1216 prior
1495 1146 1670 1212 Becci,

118 1244 159 1286 ct
182 1233 222 1287 ei
254 1235 516 1288 successit
550 1234 722 1290 frater
744 1236 1050 1291 Willelmus
1076 1238 1141 1292 de
1164 1248 1354 1292 sancto
1386 1230 1675 1293 Elodoaldo

120 1334 222 1379 tunc
244 1326 385 1393 prior
416 1324 604 1380 Sancti
644 1326 787 1381 Petri
816 1328 881 1382 de
916 1328 1219 1383 Pontisara.

174 1415 354 1468 Eodem
401 1431 551 1470 anno
607 1417 858 1474 Ymeri‘us
910 1420 1077 1475 abbas
1112 1414 1280 1477 'Becei
1335 1421 1387 1476 in
1439 1423 1675 1493 capitulo

119 1509 345 1578 generali,
376 1509 526 1579 quod
561 1511 872 1567 celebratur
918 1514 971 1568 in
1003 1515 1184 1583 vigilia
1235 1518 1410 1571 sancti
1451 1516 1674 1572 Joannis

120 1599 355 1669 Baptistze,
385 1603 451 1654 de
494 1618 721 1663 assensu
753 1606 917 1660 totius
966 1610 1403 1677 congregationis
1428 1612 1676 1679 permisit

121 1692 364 1747 monachis
410 1694 798 1752 claustralibns
854 1698 1055 1754 habere
1082 1716 1304 1772 cappas,
1355 1703 1571 1771 quando
1597 1704 1675 1758 eis

121 1797 308 1837 necesse
336 1785 441 1839 erit
463 1785 620 1842 exire
650 1784 797 1843 foras
821 1800 921 1859 pro
958 1790 1139 1859 aliquo
1188 1794 1426 1861 negotio,
1454 1802 1550 1848 aut
1579 1794 1677 1849 ali-

1775 590 2025 646 Ytnerins
2071 602 2292 645 strenue
2340 596 2393 641 et
2460 586 2803 641 laudabiliter
2853 586 2993 640 rexit
3042 583 3359 656 praedictum

1774 682 2164 738 monasterium
2206 679 2601 748 fermeviginti
2634 679 2807 733 tribus
2837 678 3016 738 annis,
3039 678 3182 732 diem
3212 676 3360 730 elau-

1774 777 1845 832 sit
1874 784 2198 837 extremum,
2229 773 2385 842 cujus
2414 772 2609 826 anima:
2640 768 2966 844 propitietur
2992 769 3156 831 Deus,
3183 768 3357 837 sepul-

1777 876 1969 936 tusque
1997 876 2081 921 est
2109 866 2161 920 in
2192 863 2450 932 capitulo,
2494 862 2596 931 15
2618 862 2775 932 juxta
2806 869 2965 930 caput
2995 860 3195 915 domini
3228 858 3360 915 Her-

1776 960 1907 1015 iuini
1936 960 2096 1031 primi
2125 959 2359 1029 pastoris
2389 957 2652 1027 ejusdem.

1845 1055 2000 1109 Anno
2024 1052 2231 1107 Domini
2266 1052 2552 1106 millesimo
2588 1032 2970 1104 trecentesimo
3006 1055 3202 1117 quarto
3224 1086 3238 1111 ,
3276 1046 3363 1099 die

1775 1142 1922 1201 Jovis
1974 1154 2097 1215 post
2148 1144 2346 1198 festum
2397 1141 2576 1196 Lucia:
2613 1140 2865 1210 virginis,
2912 1149 3034 1206 post
3075 1136 3363 1191 transitum

1777 1239 2019 1310 praedicti
2049 1238 2276 1298 Ymerii,
2307 1236 2627 1304 przcsidente
2658 1234 2708 1287 in
2741 1233 2977 1301 capitulo
3013 1230 3166 1285 Becei
3198 1230 3367 1283 fratzo

1775 1330 2076 1387 Guillermo
2105 1331 2169 1383 de
2208 1328 2411 1383 Sancto
2445 1326 2678 1380 Paterno
2703 1325 2903 1394 priore,
2945 1333 3213 1391 praesente
3256 1330 3367 1373 toto

1776 1426 2044 1479 eonventu
2070 1422 2242 1491 ipsius
2272 1419 2611 1481 monasterii,
2638 1433 2740 1470 una
2774 1431 2895 1469 cum
2926 1415 3197 1484 prioribus
3222 1413 3369 1481 prio-

1779 1525 1990 1569 ratuum
2058 1513 2125 1568 ab
2179 1514 2293 1582 ipso
2347 1511 2801 1581 depcndeutium;
2872 1507 2937 1560 ad
3012 1506 3114 1559 boc
3188 1504 3369 1557 debite

1778 1606 2007 1662 vocatus
2054 1603 2383 1660 venerabilis
2445 1611 2500 1658 ct
2549 1603 2819 1656 discretus
2865 1600 2947 1653 vir
2991 1599 3160 1651 frater
3222 1596 3371 1651 Guil-

1777 1701 1966 1757 bertus
1998 1700 2064 1755 de
2106 1698 2312 1754 Sancto
2343 1696 2640 1766 Stephano,
2694 1702 2822 1747 tunc
2864 1691 3205 1761 grenetarius
3243 1690 3368 1755 loci,

1781 1794 1884 1849 fttit
1918 1794 2122 1850 electus
2161 1808 2259 1864 per
2304 1791 2448 1845 viam
2492 1787 2869 1860 cumpromissi
2910 1787 2962 1840 in
3000 1784 3283 1848 abbatem,
3316 1791 3371 1836 et

122 1887 204 1940 qua
230 1874 564 1937 necessitate,
596 1876 954 1945 deposuitque
982 1879 1250 1934 sotnlares
1276 1882 1526 1952 corrigiis
1557 1883 1674 1936 vin-
1709 1864 1751 1919 Β
1778 1887 1997 1943 Patrem
2033 1886 2201 1958 ipsius
2239 1884 2590 1950 monasterii;
2628 1880 2971 1954 postmodum
3022 1877 3375 1932 confirmatus

122 1973 234 2019 rtus.
276 1964 667 2037 Ordinavitque
711 1970 855 2037 quod
905 1972 1156 2041 monacqi
1214 1973 1532 2041 Bceccnscs,
1582 1975 1673 2043 qui

123 2067 199 2121 per
235 2056 593 2111 obedientiam
627 2059 914 2115 mittuntur
942 2062 992 2115 in
1023 2058 1296 2133 aliquibus
1342 2066 1677 2135 prioratibns

125 2144 165 2197 in
191 2147 382 2216 Anglia,
416 2150 533 2203 sive
562 2149 690 2203 alibi
734 2151 800 2204 ad
829 2155 1299 2221 commorandum,
1326 2158 1452 2212 dum
1483 2158 1551 2213 ibi
1583 2174 1679 2229 per

123 2249 197 2290 se:
221 2253 378 2293 annos
417 2256 632 2296 moram
659 2242 907 2309 fecerint,
937 2254 994 2300 et
1022 2247 1248 2303 honeste
1277 2250 1347 2304 ibi
1379 2265 1436 2305 se
1472 2252 1679 2305 babue-

125 2330 247 2394 rint,
285 2333 346 2385 ad
387 2334 693 2389 claustrum
744 2328 1036 2392 Beccensis
1087 2342 1402 2396 monasterii
1457 2357 1679 2396 revoca-

126 2428 301 2484 rentur,
350 2424 531 2479 audita
580 2442 746 2495 super
796 2428 897 2483 hoc
944 2430 1208 2485 relatione
1261 2441 1315 2486 et
1373 2433 1678 2488 testimonio

128 2512 334 2581 priorum
366 2531 617 2582 suorum,
655 2521 755 2574 sub
785 2523 981 2591 quibus
1010 2539 1219 2578 moram
1269 2524 1519 2580 fecerint.

182 2604 238 2658 Et
257 2606 304 2659 in
327 2609 518 2663 eodem
550 2612 793 2680 capitulo
817 2616 1311 2672 cscommuniCavit
1336 2634 1524 2673 omnes
1550 2633 1679 2675 con-

129 2696 387 2763 spiratores
428 2709 484 2755 et
515 2703 903 2773 compilatores
951 2708 1215 2764 malorum
1255 2719 1310 2765 et
1359 2725 1548 2767 omnes
1602 2713 1681 2768 in-

128 2784 426 2858 obcdientes,
451 2800 505 2846 et
527 2794 622 2863 qui
647 2795 928 2864 imponunt
947 2799 1107 2854 sociis
1130 2800 1242 2855 suis
1270 2799 1402 2856 falsa
1430 2802 1680 2869 crimina,

129 2885 173 2927 et
196 2892 367 2936 omnes
404 2883 496 2951 qui
543 2894 843 2955 procurant
868 2901 965 2958 per
1002 2890 1278 2945 seculares
1324 2906 1588 2960 personas
1616 2893 1684 2947 de

130 2963 227 3023 loco
269 2971 331 3026 ad
380 2972 564 3027 locum
614 2987 804 3031 contra
856 2979 1220 3035 obedientiam
1278 2983 1584 3048 removeri;
1630 2991 1685 3038 et

131 3073 287 3115 omnes
312 3063 397 3132 qui
424 3074 729 3134 procurant
761 3083 856 3136 per
885 3069 1171 3124 smeulares
1195 3087 1456 3141 personas
1485 3074 1684 3130 habere

130 3151 417 3220 prioratum,
463 3157 552 3211 vel
602 3157 834 3213 ofﬁcium
889 3162 1282 3233 quodcunque;
1314 3173 1370 3218 ct
1414 3166 1507 3235 qui
1559 3182 1683 3237 pro-

132 3254 289 3298 curant
318 3261 410 3315 per
444 3263 511 3303 se
548 3248 630 3303 vel
658 3265 752 3318 per
779 3250 933 3316 alios,
963 3260 1020 3306 ut
1048 3268 1153 3308 non
1186 3256 1415 3325 possint,
1448 3266 1542 3312 aut
1577 3273 1681 3313 non

133 3331 329 3389 debeant
355 3352 383 3391 a
419 3339 691 3408 prioratu,
714 3341 803 3421 vel
832 3341 1010 3397 οιῖἰάο
1054 3347 1346 3399 removeri.

190 3424 466 3485 Praedictus
500 3431 775 3498 Ymerius,
807 3448 917 3503 pra:
959 3436 1169 3491 czeteris
1196 3438 1686 3507 praadeeessorilms

135 3518 243 3582 suis,
273 3519 462 3589 legitdr
520 3524 813 3592 capitulum
839 3527 1091 3596 generale
1120 3528 1356 3597 quolibet
1388 3545 1529 3584 anno
1576 3529 1683 3584 fre-

136 3618 436 3679 quentasse;
484 3623 547 3669 et
586 3614 658 3669 ibi
711 3615 907 3672 multas
957 3601 1374 3675 constitutiones
1423 3621 1687 3676 salutares

137 3698 433 3769 instituisse;
470 3712 531 3758 et
565 3705 835 3775 praecipue
883 3722 981 3775 per
1008 3723 1135 3763 suas
1174 3709 1384 3763 litteras
1438 3719 1688 3780 patentes

135 3796 419 3865 puccepisse
444 3808 507 3852 et
537 3797 838 3867 iniunxisse
870 3800 1141 3871 prioribus
1164 3802 1419 3858 oninibus
1448 3802 1687 3871 ejusdem

136 3886 311 3942 Ordinis
336 3892 475 3959 quod
510 3892 738 3963 singulis
766 3895 923 3950 annis
952 3896 1004 3949 in
1048 3896 1228 3966 vigilia
1265 3898 1438 3953 sancti
1466 3897 1690 3954 Joannis

134 3971 374 4045 Baptistae,
406 3981 458 4035 in
493 3982 730 4053 capitulo
764 3985 1004 4055 generali
1052 3987 1193 4057 apud
1218 3986 1485 4054 'Beccum,
1513 3990 1692 4043 trade-

134 4078 234 4122 rent
276 4071 324 4125 in
374 4074 597 4143 scriptis
642 4090 825 4129 coram
857 4068 1121 4133 omnibus
1155 4078 1209 4134 in
1255 4078 1401 4135 dicto
1431 4080 1688 4147 capitulo,

136 4166 304 4215 statum
332 4163 528 4219 domus
554 4180 647 4222 seu
678 4166 953 4235 prioratus
978 4169 1085 4222 sui.

190 4252 275 4310 llic
300 4257 348 4312 in
379 4266 623 4327 tempore
659 4275 757 4315 suo
799 4275 920 4314 eum
946 4261 1149 4326 studio,
1174 4261 1450 4332 diligentia
1498 4271 1553 4318 et
1600 4278 1688 4317 sa-

135 4344 335 4411 gacitate
370 4350 571 4404 institit
600 4351 750 4419 operi
800 4360 853 4405 et
895 4352 1241 4406 mdiﬁcationi
1286 4351 1508 4407 fabrica:
1543 4340 1693 4407 nova}

135 4434 366 4503 ecclesire,
396 4456 522 4510 qua:
554 4450 673 4511 post
706 4431 918 4495 ruinam
962 4442 1199 4510 incoepta
1240 4443 1420 4497 fuerat
1451 4449 1691 4512 tempore

1779 1989 1834 2036 et
1880 1979 2608 2048 benedictus;,pr-.edietuni
2660 1973 3051 2029 monasterium
3100 1969 3375 2037 sapienter

1780 2080 1833 2125 et
1864 2070 2113 2141 religiose
2154 2070 2298 2124 rexit
2329 2084 2423 2140 per
2452 2068 2686 2138 spatium
2717 2065 2904 2135 viginti
2944 2064 3170 2117 duorum
3208 2060 3376 2113 annoé

1782 2174 1921 2225 rum,
1954 2169 2009 2214 et
2041 2169 2166 2214 octo
2212 2161 2501 2222 mensium,
2548 2158 2632 2211 vel
2668 2174 2732 2212 eo
2765 2158 2929 2212 circa.
2975 2153 3070 2208 llic
3114 2166 3371 2207 consum-

1782 2252 1950 2305 mavit
1978 2267 2175 2305 novum
2206 2264 2343 2321 opus
2367 2240 2612 2304 ecclesia:
2640 2257 2882 2317 tempore
2912 2260 3039 2307 suo;
3067 2242 3210 2311 quod
3237 2255 3375 2309 opus

1774 2342 1887 2411 jam
1936 2344 2227 2412 inemptum
2282 2342 2460 2397 fuerat
2514 2349 2756 2409 tempore
2812 2336 3016 2391 domini
3082 2333 3228 2389 Petri
3308 2332 3376 2385 de

1783 2433 1986 2488 Caniba
2032 2428 2227 2487 decimi
2279 2431 2493 2501 septimi
2542 2428 2755 2484 abbatis
2806 2426 3217 2496 pratdecessoris
3259 2424 3375 2488 sui;

1783 2524 2039 2593 deditque
2067 2524 2356 2595 praadicttts
2387 2521 2700 2577 Guilbertus
2736 2517 3048 2580 conventui,
3078 2530 3173 2584 pro
3202 2513 3379 2570 salute

1784 2617 1976 2671 anima:
2014 2632 2143 2683 suae,
2183 2626 2235 2670 et
2259 2631 2355 2683 pro
2395 2614 2769 2667 anniversario
2811 2626 2908 2665 suo
2940 2607 3204 2669 faciendo,
3239 2621 3380 2676 quo-

1785 2708 1915 2764 libet
1963 2725 2135 2773 anno,
2175 2706 2361 2777 viginti
2396 2705 2562 2759 libras
2604 2702 2953 2757 Turonenses
2998 2698 3260 2761 redditus,
3310 2697 3378 2750 ad

1785 2803 2021 2859 ofﬁcium
2060 2801 2420 2873 pitanciarum
2452 2796 2776 2868 capiendum
2812 2804 2866 2850 et
2892 2792 3299 2865 percipiendum
3325 2790 3378 2844 in

1785 2902 1840 2947 et
1870 2908 2033 2960 super
2056 2891 2410 2961 praepositum
2442 2886 2621 2943 Becci.

1856 2981 2001 3037 Obiit
2042 2997 2188 3036 anno
2224 2981 2436 3035 Domini
2476 2978 2764 3033 millesimo
2812 2974 3196 3030 trecentesimo
3235 2971 3383 3040 vige-

1789 3074 1925 3129 simo
1967 3073 2201 3142 septimo
2249 3072 2302 3126 in
2356 3071 2441 3125 die
2477 3070 2651 3125 sancti
2713 3064 3088 3121 Bartbolommi
3131 3062 3382 3132 apostoli,

1788 3182 1931 3221 nono
1968 3165 2242 3219 Kalendas
2265 3162 2627 3233 Septembris,
2659 3160 3007 3230 sepultusque
3033 3155 3206 3209 fuitin
3246 3169 3383 3208 nova

1786 3257 1991 3327 capella
2032 3256 2209 3315 Beata:
2265 3255 2446 3310 Maria:
2477 3252 2736 3324 Virginis,
2778 3259 2924 3306 retro
2963 3248 3215 3312 chorum,
3258 3255 3385 3299 ante

1788 3350 1960 3405 altare
1989 3350 2212 3418 rjusden
2241 3347 2480 3416 Virginis
2512 3345 2713 3399 Maria}.
3366 3338 3373 3345 ’

2103 3457 2301 3495 vsnscs
2340 3455 2503 3495 sttrnn
2541 3452 2892 3492 SEPULTL‘BAM
2929 3438 3073 3490 nios.

1934 3531 1978 3585 0
2011 3548 2097 3584 ros
2133 3533 2221 3600 qui
2252 3529 2507 3592 transitis,
2533 3544 2784 3580 memores
2818 3527 2998 3578 mortis
3023 3540 3145 3593 rogo
3173 3523 3313 3587 sitis,

1936 3624 2090 3689 Quod
2118 3639 2256 3685 sum,
2280 3638 2369 3675 vos
2393 3621 2564 3684 eritis;
2594 3636 2689 3688 pro
2727 3634 2808 3671 me
2841 3618 3069 3687 rogitare
3093 3614 3276 3669 velitis.

1869 3715 2007 3770 lluic
2053 3712 2349 3769 venerabili
2382 3711 2501 3766 viro
2530 3710 2789 3765 successit
2826 3709 2876 3762 in
2914 3707 3174 3779 regimine
3212 3706 3383 3775 ipsius

1794 3810 2048 3865 Ecclesia“:
2111 3808 2546 3876 circumspectus
2596 3806 2678 3858 vir
2742 3802 2993 3858 dominus
3040 3801 3380 3864 Eanfridus,

1793 3901 1971 3955 dictus
2027 3898 2165 3954 Fare
2247 3896 2369 3969 [al.,
2446 3896 2616 3968 Fae],
2662 3903 2792 3950 tunc
2848 3894 2997 3965 prior
3060 3894 3127 3948 de
3194 3892 3387 3955 Prato,

1792 3988 2104 4059 electusque
2132 3987 2232 4041 fuit
2264 4003 2360 4058 per
2384 3986 2522 4040 viam
2547 3984 2947 4054 eompromissi,
2981 3982 3032 4036 in
3063 3984 3150 4037 die
3184 3982 3389 4039 Sabba-

1794 4081 1857 4147 ti,
1887 4080 2025 4135 festo
2049 4079 2441 4136 Decollationis
2476 4078 2650 4133 sancti
2678 4076 2904 4130 Joannis
2932 4074 3216 4143 Baptista},
3246 4090 3388 4128 anno

1798 4172 2007 4228 Domini
2050 4170 2340 4227 millesimo
2368 4169 2784 4232 trecentesimo,
2820 4168 3081 4236 vigesimo
3132 4168 3383 4234 septimo,

1794 4274 1850 4319 et
1894 4274 2079 4335 postea
2121 4264 2501 4326 confirmatus,
2543 4270 2599 4314 et
2644 4259 2958 4314 benedictus
2987 4258 3155 4312 abbas
3187 4258 3385 4326 vigesi-

1796 4371 1951 4421 mus;
1999 4356 2090 4425 qui
2142 4365 2425 4425 postquam
2481 4353 2659 4422 ipsum
2712 4349 3103 4404 monasterium
3150 4349 3391 4403 laudabi»

1798 4445 1925 4501 liter
1976 4456 2308 4514 strenueque
2355 4443 2517 4508 rexit,
2559 4457 2654 4513 per
2693 4440 2927 4511 spatium
2970 4438 3142 4494 ferme
3186 4448 3393 4509 septem

135 4519 253 4579 Petri
304 4531 513 4585 abbatis
563 4532 979 4600 praedecessoris
1022 4533 1129 4597 sui,
1181 4541 1235 4587 et
1270 4533 1469 4587 locavit
1496 4533 1693 4603 prmdiu
1724 4546 1768 4606 υ
1803 4555 2105 4605 annorum,
2158 4538 2271 4593 suis
2316 4535 2553 4607 cognitis
2612 4534 2847 4599 meritis,
2903 4531 2969 4587 ad
3020 4533 3389 4602 ορίεοθρειιυηι

136 4624 259 4670 ctum
302 4635 432 4690 opus
489 4622 703 4677 cuidam
766 4622 970 4677 latomo
1018 4623 1301 4693 magistro,
1354 4622 1590 4676 Roberto
1625 4623 1691 4678 de

137 4702 283 4763 Fonte
324 4711 564 4777 nomine,
610 4714 676 4766 ad
720 4714 1145 4768 construendum
1195 4714 1511 4782 praedictum
1556 4727 1693 4783 opus

139 4811 283 4868 usque
314 4804 375 4856 ad
407 4814 695 4869 tecturam,
731 4816 791 4859 ut
821 4815 971 4876 patet
1009 4822 1104 4876 per
1154 4807 1367 4861 litteras
1398 4806 1566 4877 ipsius
1614 4806 1693 4861 la-

142 4892 272 4948 tomi.
298 4893 563 4968 Tempore
589 4898 753 4953 etiam
796 4914 896 4954 suo
918 4899 1148 4953 viriliter
1176 4900 1432 4954 tractavit
1481 4900 1692 4970 negotia

139 4982 367 5049 ecclesia),
418 4991 800 5056 custodiendo,
855 4991 1222 5057 defendendo,
1263 5001 1317 5046 et
1352 4993 1696 5063 procurando

138 5066 256 5141 iura,
282 5077 577 5147 libertates,
613 5081 1004 5147 immunitates,
1036 5091 1090 5137 et
1123 5082 1401 5154 privilegia
1444 5083 1696 5138 Ecclesia:

141 5159 417 5237 Beecensis,
451 5182 559 5227 tam
604 5173 658 5227 in
701 5172 931 5229 Francia
976 5190 1139 5245 quam
1174 5191 1227 5229 tn
1275 5166 1692 5238 Nortbmannia,

142 5260 234 5307 tam
269 5260 492 5332 Anglice,
528 5281 691 5334 quam
736 5265 945 5320 Wallize
993 5267 1193 5336 regnis.
1244 5266 1375 5321 Item
1428 5266 1698 5320 ordinavit

144 5350 266 5411 «ιυοά
310 5366 612 5423 suecentor,
653 5358 743 5427 qui
796 5358 994 5413 multos
1046 5358 1302 5414 Ecclesiae
1355 5358 1567 5414 labores
1612 5359 1697 5412 die

144 5446 387 5511 noctuque
409 5455 605 5514 portat,
637 5448 939 5519 perciperet
972 5448 1214 5517 quolibet
1250 5464 1392 5503 anno
1425 5465 1589 5519 super
1614 5448 1695 5505 of-

148 5523 303 5584 licium
350 5538 585 5592 cantoris
624 5538 1015 5610 quinquaginta
1060 5539 1261 5593 solidos
1309 5530 1694 5603 Turonenses;

147 5627 352 5693 etquod
393 5628 718 5697 justitiarius
770 5633 943 5687 solvat
1000 5633 1242 5701 quolibet
1297 5647 1439 5686 anno
1486 5634 1696 5687 custodi
1736 5640 1743 5645 '

152 5711 431 5775 chartarum
473 5724 751 5795 sexaginta
789 5725 988 5779 solidos
1018 5724 1387 5779 Turonenses.

212 5809 353 5871 Anno
383 5816 583 5881 Domini
609 5819 899 5877 millesimo
952 5820 1334 5882 trecentesimo
1364 5828 1579 5899 quarto,
1606 5820 1695 5875 deo

1798 4633 2187 4688 Ebroicensem
2213 4628 2423 4683 electus
2460 4637 2745 4693 est,.anuo
2786 4625 3081 4680 Dominicaa
3131 4626 3391 4680 lncarna-

1801 4725 1962 4778 tionis
1988 4722 2277 4778 millesimo
2298 4720 2704 4783 trecentesimo,
2740 4719 3021 4784 trigesimo
3046 4728 3266 4788 quarto,
3294 4731 3397 4771 nec

1796 4826 2019 4886 propter
2048 4814 2163 4878 eius
2195 4816 2535 4885 dignitatem,
2569 4812 2811 4867 habitum
2852 4810 3057 4865 dimisit
3090 4824 3397 4880 regntarcnt

1799 4907 2055 4962 Ecclesia:
2084 4906 2407 4971 Beccensis;
2441 4905 2535 4959 sed
2568 4919 2784 4972 semper
2814 4904 2962 4956 omni
2992 4901 3112 4955 loco
3144 4916 3271 4953 usus
3299 4898 3397 4951 fuit

1798 4998 2138 5054 vestimentis
2194 4995 2353 5058 albis,
2401 5004 2455 5047 et
2506 4980 2739 5047 maxime
2792 4991 3003 5046 cuculla
3063 4989 3205 5051 alba,
3270 5002 3391 5055 qua:

1799 5092 2050 5164 specialis
2098 5091 2325 5147 habitus
2354 5088 2611 5146 Ecclesia:
2654 5089 2859 5144 existit.
2908 5087 3027 5140 llic‘
3054 5081 3392 5153 temporibus

1798 5187 1912 5240 suis
1947 5185 2098 5239 auxit
2158 5192 2213 5238 et
2257 5182 2539 5252 ampliavit
2577 5181 2838 5233 lubricam
2892 5174 3137 5229 ecclesiae
3206 5170 3393 5223 Ebroi-
3452 5185 3457 5191 υ

1801 5282 2004 5340 censis.
2032 5290 2086 5336 et
2116 5281 2389 5351 prwcipue
2411 5279 2661 5335 chorum,
2695 5284 2747 5328 et
2774 5269 3105 5327 intuentibus
3141 5264 3396 5319 clarescit

1802 5377 1868 5430 de
1920 5382 2162 5440 tempore
2190 5385 2298 5439 quo
2330 5370 2396 5423 de
2435 5366 2648 5421 abbatia
2680 5363 2744 5416 ad
2785 5360 3155 5428 episcopatum
3198 5352 3391 5407 Ebroi-

1801 5483 2016 5523 censem
2048 5467 2339 5521 translatus
2362 5474 2462 5527 est,
2498 5463 2695 5516 factum
2718 5468 2800 5511 est
2848 5457 2947 5509 hoc
2992 5447 3341 5522 proverbium
3381 5464 3397 5513 ;

2022 5558 2194 5611 I’rend
2216 5557 2267 5609 lu
2298 5567 2424 5609 teste
2454 5553 2580 5605 d’un
2623 5544 2904 5615 nmquercl,

2014 5649 2153 5704 D’tm
2182 5649 2350 5708 clticn,
2378 5647 2502 5699 d‘un
2530 5657 2740 5711 congre,
2768 5650 2814 5692 et
2839 5640 2964 5691 d’un
2988 5641 3197 5706 carpet;

2015 5743 2093 5796 De
2118 5742 2201 5794 six
2225 5741 2411 5802 viores,
2448 5749 2493 5792 et
2531 5738 2593 5791 de
2630 5744 2815 5806 qttntrc
2855 5741 3013 5803 ytret,

2130 5844 2393 5887 troureras
2443 5849 2559 5886 satis
2591 5837 2767 5883 «utres
2799 5825 2985 5891 tiltrcs,
