3864 6304
464 374 568 432 687
1438 379 1530 433 AD
1566 379 1797 437 OPERA
1831 383 1892 438 Β.
1937 384 2330 443 LANFRANCI
2367 385 2732 442 APPENDIX.
3623 384 3721 441 668

682 488 870 554 Quarta
921 488 1163 560 siculi-ay
1204 487 1345 545 Fore
1388 508 1443 546 se
1482 492 1667 549 demisi

672 580 872 635 D‘abbé
904 582 977 634 du
1022 580 1148 645 Bec,
1179 589 1227 635 et
1261 580 1473 638 Evreuz
1502 586 1653 653 priu.

675 672 746 725 Le
775 675 1000 742 premier
1016 672 1149 742 jour
1173 674 1393 735 d'Avril,
1426 693 1551 729 sans
1579 677 1738 733 dante

669 762 805 816 Dieu
836 772 997 829 garde
1031 764 1255 829 ."Itostel,
1279 776 1325 819 et
1355 765 1548 821 l’ordre
1574 779 1731 823 (aute.

529 853 665 907 Nota
716 857 858 923 quod
913 856 1116 924 (1554),
1171 866 1411 928 tempore
1460 859 1665 915 domini
1703 861 2042 934 Guilleberti,

456 957 704 997 summus
752 944 989 1011 pontifex
1038 944 1288 1001 Clemens
1339 950 1631 1017 regnabat;
1697 951 1843 1008 filiali
1879 955 2045 1012 devo-

458 1032 602 1088 tione
633 1034 791 1100 moti,
829 1050 931 1089 non
978 1036 1205 1102 inducti,
1243 1038 1337 1094 sed
1390 1056 1538 1094 mera
1589 1040 1853 1105 libertate,
1905 1060 2042 1114 prae-

458 1130 605 1177 textu
668 1126 866 1191 negatii
928 1136 1084 1182 terrae
1142 1139 1363 1194 sancte,
1405 1140 1461 1185 et
1519 1135 1866 1191 esaltationis
1915 1137 2038 1194 fidei

453 1214 753 1278 catholica).
779 1216 1027 1273 dedimus
1054 1220 1199 1274 dicto
1226 1237 1437 1277 suntme
1468 1225 1703 1293 pontifici
1728 1229 2039 1296 quindecim

454 1302 619 1356 millia
679 1305 1009 1361 florenorum
1086 1324 1374 1377 parvorum
1451 1314 1516 1368 de
1570 1314 1865 1380 Florentia,
1939 1336 2039 1390 pro

450 1385 613 1441 dictis
663 1391 1081 1446 necessitatibus
1120 1397 1528 1464 snpporlandis;
1584 1414 1811 1468 quorum
1851 1385 2037 1459 dcc-em

450 1478 618 1533 mtllia
649 1482 847 1535 tradita
874 1494 999 1537 sunt
1029 1501 1137 1553 pne
1164 1489 1551 1556 manibus,alia
1580 1493 1820 1564 quinque
1846 1496 2034 1563 millia,

449 1579 657 1635 postea,
690 1581 749 1624 ut
800 1583 947 1642 patet
981 1575 1031 1628 in
1073 1576 1424 1646 chartulario,
1477 1597 1574 1650 per
1601 1582 1839 1639 l'tteram
1874 1604 2037 1658 super

448 1658 553 1715 hoc
572 1660 896 1728 confectam,
927 1680 1048 1734 qua:
1074 1668 1265 1737 duplex
1293 1679 1375 1724 est
1401 1673 1450 1724 itt
1475 1676 1712 1728 armario
1731 1676 2034 1734 litterarum

382 1782 383 1785 η
445 1748 795 1817 clectionum,
842 1764 895 1809 et
931 1755 1032 1810 fuit
1070 1760 1277 1815 decima
1308 1764 1577 1832 generalis
1606 1765 1780 1821 levata
1826 1767 2029 1841 [vnlgo,

2072 506 2123 565 Α
2150 500 2291 557 soris
2318 500 2400 556 sui
2442 501 2679 570 regentis
2706 499 2966 567 Parisius,
3011 508 3065 556 et
3097 514 3192 572 per
3232 499 3450 554 bullam
3504 502 3724 572 excipie-

2148 592 2348 649 bantur
2367 594 2647 649 studentes
2662 592 3019 648 Parisius.....

2217 682 2284 738 Et
2315 683 2370 736 itt
2402 698 2545 737 anno
2590 683 2801 738 Domini
2841 682 3128 739 millesimo
3168 683 3558 739 trecentesimo
3595 683 3722 738 duo-

2145 776 2379 845 decimo,
2422 777 2744 848 praesidente
2780 777 2833 831 in
2893 776 3138 831 Ecclesia
3187 773 3417 829 domino
3461 773 3723 831 Clemente

2144 869 2354 937 quinto,
2381 883 2528 924 mere
2549 877 2605 922 et
2629 868 2926 924 liberaliter
2954 867 3201 922 dedimus
3230 881 3333 935 pro
3376 867 3725 922 suln'entioue

2144 959 2289 1013 sedis
2340 958 2667 1028 apostolicze,
2718 958 2905 1012 decem
2959 958 3106 1013 mille
3146 956 3382 1012 ilorenos
3419 968 3532 1010 tum
3572 958 3724 1013 etiam

2144 1062 2242 1116 pro
2273 1049 2505 1119 negotiis
2545 1048 2746 1103 nostris
2768 1048 3118 1118 expediendis
3139 1064 3154 1113 ;
3177 1058 3236 1102 et
3257 1048 3361 1102 nisi
3394 1048 3585 1102 fuisset
3610 1064 3725 1117 pro~

2143 1153 2383 1206 curator,
2422 1142 2504 1197 vel
2535 1141 2793 1212 magister
2838 1140 3075 1196 Joannes
3105 1141 3353 1204 abbatis,
3400 1140 3723 1196 dedissemus

2142 1230 2449 1300 quindecim
2483 1230 2647 1297 mille,
2684 1240 2743 1285 ut
2773 1240 2919 1300 patet
2945 1230 2996 1285 in
3026 1231 3382 1286 chartulario.

2212 1323 2279 1377 Et
2306 1340 2448 1379 anno
2485 1324 2697 1379 Domini
2738 1324 3027 1379 millesimo
3076 1325 3466 1380 trecentesimo
3508 1340 3723 1393 sexage-

2142 1414 2279 1467 simo
2311 1430 2454 1469 nono
2484 1416 2656 1472 voluit
2696 1434 2834 1489 papa
2884 1418 3067 1474 levare
3114 1435 3279 1473 unam
3332 1421 3606 1474 decimam
3634 1437 3722 1490 pro

2142 1507 2487 1574 reparatione
2517 1508 2762 1564 ecclesiae
2791 1519 2887 1564 aut
2919 1510 3238 1564 monasterii
3272 1509 3474 1565 Montis
3515 1510 3719 1577 Casini;

2141 1600 2280 1654 unde
2311 1600 2411 1655 fuit
2441 1611 2594 1670 pater
2614 1612 2802 1658 noster
2824 1604 3147 1659 Benedictus
3166 1602 3359 1667 abbas,
3381 1614 3439 1659 et
3470 1606 3719 1658 cummis-

2139 1705 2256 1743 sum
2290 1690 2388 1744 fuit
2413 1692 2594 1747 abbati
2627 1692 2811 1749 Sancti
2847 1694 3091 1749 Audoeni
3133 1694 3393 1765 colligere
3422 1694 3477 1748 in
3518 1698 3721 1765 prmia-

2138 1783 2221 1837 cia
2270 1783 2716 1856 Rotltomagcnsi,
2748 1802 2911 1856 super
2955 1786 3217 1842 ecclesias
3266 1797 3363 1841 aut
3399 1792 3718 1843 monasteria

444 1857 547 1899 υηε
575 1841 755 1919 ιευέε1,
799 1844 853 1899 in
905 1863 1070 1918 ΓΕΒηο
1114 1851 1357 1907 Francia?
1395 1870 1490 1924 ρετ
1530 1856 1816 1923 dimices”.
1852 1870 1905 1914 cl
1933 1876 2031 1929 1)Γο
2064 1853 2107 1907 Β
2133 1875 2304 1928 sancti
2342 1874 2638 1940 Benedicti,
2665 1881 2756 1946 qui
2785 1878 3042 1947 penurias
3076 1878 3438 1933 ecclesiarum
3481 1880 3716 1934 declara-

443 1934 535 1989 illa
578 1937 785 1992 deciu'ia
815 1940 1028 1997 ratione
1058 1953 1326 2000 terrarum
1376 1957 1681 2003 nostrarum
1712 1951 2027 2008 dilfusarum

442 2041 540 2095 per
563 2030 849 2098 prtedictas
878 2032 1141 2089 dimceses
1163 2036 1444 2103 solvimus,
1477 2040 1680 2110 absque
1709 2043 1864 2097 bouis
1886 2045 2029 2114 prio-

442 2126 657 2174 ratuum
720 2131 1060 2191 nostrorum,
1123 2128 1223 2182 tria
1302 2131 1470 2184 millia
1538 2135 1745 2189 sexcies
1808 2146 2026 2194 centum

439 2209 638 2278 libras;
673 2217 931 2271 tredecim
963 2218 1148 2284 libras,
1198 2222 1333 2277 duos
1364 2224 1585 2294 solidos,
1617 2243 1708 2282 sex
1753 2229 2023 2299 denarios,

438 2310 497 2357 ut
524 2313 669 2372 patet
696 2321 792 2374 pcr
820 2306 1027 2364 litteras
1055 2312 1388 2380 quittanciaz.

507 2393 663 2449 Auno
709 2396 919 2452 Domini
962 2401 1247 2458 millesimo
1311 2410 1691 2463 trecentesimo
1747 2413 2025 2483 trigesimo

437 2477 669 2544 septimo
699 2481 800 2534 luit
833 2481 885 2535 in
917 2484 1151 2553 capitulo
1179 2489 1513 2555 ordinatum,
1547 2504 1603 2546 ut
1631 2494 1771 2549 bulla
1817 2477 2019 2553 domini

436 2568 716 2631 Benedicti
746 2589 897 2645 papa:
918 2592 1080 2647 super
1107 2580 1449 2638 ordinatione
1471 2586 1797 2643 scltolarium
1830 2589 2022 2644 obser-

435 2669 674 2726 raretur,
713 2672 767 2717 et
807 2673 1067 2721 statutum
1116 2677 1199 2723 est
1246 2680 1301 2724 ut
1340 2673 1569 2740 quilibet
1600 2678 1750 2744 prior
1782 2678 2023 2735 solveret

432 2750 595 2805 dictis
617 2753 961 2811 scltolaribus
999 2758 1065 2812 de
1096 2760 1339 2829 quolibet
1371 2759 1558 2819 franco
1597 2767 1841 2822 redditus
1871 2772 2018 2839 prio—

433 2853 582 2897 ratus
615 2845 697 2899 sui
742 2854 850 2902 tres
895 2848 1116 2915 solidos,
1149 2866 1271 2907 cum
1301 2855 1474 2911 tribus
1504 2858 1762 2926 denariis,
1814 2863 2021 2931 persol-

429 2944 581 2988 reret
608 2935 950 3005 iutegraliter
989 2942 1040 2994 in
1070 2959 1229 2996 manu
1258 2946 1588 3016 pitantiarii;
1622 2952 1699 3008 sic
1729 2954 1869 3022 quod
1900 2971 2016 3009 ma-

430 3028 679 3096 gistcrin
713 3030 978 3104 theologia
1032 3035 1240 3105 legens,
1287 3041 1640 3112 quadraginta
1696 3044 1931 3110 francos,
1964 3057 2019 3103 et

428 3122 656 3174 studens
679 3121 732 3176 in
776 3123 1040 3195 theo!ogia
1078 3128 1322 3195 totidem,
1350 3139 1405 3185 et
1434 3133 1621 3189 doctor
1640 3136 2010 3200 decretorum,

421 3208 547 3275 jura
590 3216 851 3287 canonica
898 3217 1105 3287 legens,
1155 3208 1580 3292 quinquaginta;
1640 3235 1694 3279 et
1748 3228 2011 3283 scholaris

424 3303 649 3359 studens
673 3305 818 3373 jura,
844 3317 899 3362 et
921 3309 1309 3366 baccalaureus
1339 3314 1391 3366 in
1414 3316 1642 3378 eisdem,
1677 3307 1895 3389 triginta
1918 3336 2012 3374 scx

422 3389 612 3459 lbras,
645 3403 704 3474 ut
730 3407 881 3466 patet
933 3399 988 3454 in
1031 3400 1361 3457 chartulario
1414 3404 1467 3459 in
1521 3405 1744 3463 fardello
1800 3410 2013 3482 signato

421 3497 515 3553 per
546 3502 601 3541 ι.

490 3600 650 3653 Anno
718 3600 934 3659 Domini
1009 3604 1295 3662 millesimo
1363 3609 1744 3664 trecentesimo
1799 3611 2011 3668 decimo

416 3704 632 3755 octavo,
668 3692 768 3747 fuit
802 3710 830 3748 a
853 3695 983 3751 sede
1012 3699 1304 3767 apostolica
1329 3700 1596 3756 indultum
1627 3702 1872 3774 Philippo
1896 3707 2006 3776 regi

421 3781 761 3839 Francorum
798 3796 857 3841 et
893 3786 1169 3853 Navarrw,
1201 3792 1365 3846 certis
1394 3792 1459 3847 de
1483 3794 1683 3859 causis,
1710 3795 1762 3849 in
1791 3798 2008 3866 provin-

416 3871 504 3927 cia
546 3872 961 3945 Rothomagensi
1011 3881 1187 3934 levare
1240 3882 1540 3950 decimam;
1571 3896 1625 3941 et
1650 3902 1746 3956 pro
1774 3901 1926 3957 parte
1957 3898 2009 3944 et

418 3965 670 4032 partione
721 3978 904 4022 nostra
955 3969 1159 4027 fuimus
1210 3976 1377 4029 laxati
1425 3977 1492 4031 ad
1540 3993 1807 4033 summam
1861 3982 2006 4037 mille

416 4069 735 4112 sexcentum
786 4061 1129 4132 septuaginta
1193 4063 1489 4131 librarum;
1552 4084 1688 4138 quas
1744 4072 2004 4128 solvimus

412 4148 556 4217 apud
602 4148 859 4217 Beccum,
906 4164 1173 4223 praesente
1219 4172 1365 4227 rege,
1412 4160 1499 4213 die
1545 4161 1751 4216 decima
1809 4175 2001 4234 quarta

412 4241 639 4310 AuguSti
684 4244 810 4299 anni
870 4246 1135 4315 praedicti,
1177 4257 1234 4304 ut
1285 4259 1430 4320 patet
1480 4267 1576 4322 per
1620 4254 1999 4323 quittanciatn,

408 4347 532 4403 qua:
555 4344 635 4390 est
664 4334 715 4389 in
747 4337 1083 4396 chartulario
1112 4342 1164 4397 in
1190 4342 1418 4398 fardello
1441 4345 1623 4400 de.....
1667 4348 1734 4401 Et
1761 4348 1812 4402 in
1857 4364 2000 4404 anno

412 4428 795 4482 trecentesimo
821 4432 1239 4503 quadragesimo
1267 4449 1423 4492 sexto
1452 4438 1598 4509 (74);
1630 4440 1729 4494 fuit
1772 4442 1996 4497 collecta

2131 1965 2208 2018 vit
2241 1984 2252 2018 :
2281 1976 2335 2020 et
2357 1967 2566 2022 decima
2596 1970 2947 2025 nihilominus
2973 1970 3146 2025 soluta
3180 1980 3267 2026 est
3302 1989 3316 2025 :
3366 1982 3423 2027 et
3473 1973 3718 2029 solvimus

2129 2072 2227 2127 pro
2250 2067 2403 2128 parte
2424 2068 2479 2113 et
2500 2062 2745 2127 portione
2767 2071 2948 2117 nostra
2964 2062 3321 2133 quadraginta
3348 2078 3547 2120 norem
3568 2065 3715 2117 flore-

2128 2162 2248 2209 nos,
2282 2156 2337 2202 ut
2369 2159 2516 2219 patet
2545 2150 2596 2204 in
2631 2150 2856 2207 fardello
2890 2153 2940 2206 l.

2197 2236 2333 2292 Nota
2379 2240 2523 2309 quod
2572 2256 2715 2296 anno
2767 2244 2979 2299 Domini
3005 2245 3293 2301 millesimo
3341 2248 3717 2302 trecentesimo

2126 2329 2355 2397 septimo
2388 2339 2443 2384 et
2473 2333 2855 2388 trecentesimo
2872 2336 3285 2407 quadragesimo
3313 2340 3538 2406 quinte,
3567 2354 3717 2391 reae-

2127 2419 2322 2474 rabiles
2353 2421 2483 2484 viri,
2535 2424 2797 2492 magister
2849 2424 3099 2483 Nicolaus
3146 2430 3211 2484 de
3246 2430 3494 2496 Quercu,
3554 2442 3714 2484 reetpr

2125 2507 2367 2562 ecclesia:
2400 2510 2585 2566 Sancti
2610 2512 2801 2568 Silvini
2830 2515 2897 2569 de
2918 2514 3068 2581 Glos,
3100 2517 3249 2572 dedit
3276 2518 3439 2573 nobis
3461 2520 3711 2597 quasdam

2124 2597 2442 2666 deeretales,
2476 2618 2598 2658 cum
2624 2614 2886 2675 apparatu
2918 2608 3218 2673 ordinario,
3244 2626 3348 2663 una
3374 2625 3504 2665 cum
3537 2610 3712 2680 quinto

2125 2691 2498 2759 decretalium,
2557 2711 2677 2749 cum
2731 2712 2830 2751 suo
2892 2709 3189 2767 apparatu;
3241 2702 3522 2755 decretum
3601 2716 3709 2754 cum

2123 2794 2382 2852 apparatu
2413 2786 2725 2851 ordinario;
2760 2798 2816 2841 et
2866 2789 3126 2859 magister
3162 2788 3401 2845 Joannes
3448 2790 3514 2843 de
3565 2790 3711 2843 Baes-

2122 2890 2250 2946 scyo
2286 2889 2471 2934 rector
2501 2880 2748 2936 ecclesia:
2796 2882 2981 2937 Sancti
3014 2883 3230 2955 Georgii
3260 2886 3326 2939 de
3360 2883 3525 2949 Tilia,
3570 2887 3655 2956 qui
3685 2901 3708 2940 ι

2114 2965 2401 3035 juventute
2432 2968 2611 3026 fuerat
2644 2974 2880 3027 nutritus
2912 2974 2965 3028 in
2991 2974 3150 3029 domo
3181 2985 3390 3041 nostra,
3434 2971 3490 3031 et
3518 2976 3709 3032 beneﬁ-

2119 3059 2313 3124 ciatus,
2339 3061 2487 3116 dedit
2518 3063 2673 3117 nobis
2713 3079 2906 3120 omnes
2929 3065 3097 3119 libros
3140 3081 3289 3131 suos,
3320 3077 3445 3135 post
3488 3080 3706 3122 mortem

2122 3147 2435 3216 habituros;
2463 3161 2519 3207 ct
2540 3153 2585 3207 si
2614 3154 2907 3225 contigerit
2927 3170 3048 3210 eum
3074 3155 3390 3211 infirmitate
3420 3157 3507 3211 vel
3533 3174 3709 3212 neces-

2120 3239 2280 3296 sitate
2324 3243 2579 3307 vendere,
2609 3258 2957 3301 exsecutores
2999 3247 3080 3301 sui
3135 3257 3386 3302 tenentur
3416 3248 3581 3304 nobis
3615 3248 3706 3303 sn!-

2119 3346 2248 3385 vere
2300 3333 2590 3387 ducentum
2632 3334 2825 3401 libras;
2869 3344 2922 3389 et
2952 3346 3068 3390 erat
3092 3337 3203 3405 ipse
3231 3337 3423 3392 doctor
3462 3338 3516 3392 in
3551 3338 3704 3395 medio

2118 3421 2263 3485 cina,
2287 3431 2342 3477 et
2368 3424 2608 3493 ejusdem
2637 3426 2870 3481 eximius
2896 3425 3191 3497 professor.

2183 3514 2340 3569 Anno
2392 3516 2605 3570 Domini
2650 3518 2941 3574 millesimo
2993 3520 3375 3575 trecentesimo
3430 3521 3701 3590 trigesimo

2113 3605 2327 3673 quinto,
2366 3606 2453 3663 die
2490 3606 2663 3675 Jovis,
2702 3623 2827 3665 ante
2858 3611 3052 3666 festum
3112 3613 3287 3668 sancti
3327 3612 3560 3670 Joannis
3604 3613 3698 3667 Ba-

2111 3695 2308 3763 ptistae,
2334 3696 2420 3751 die
2444 3698 2701 3769 vigesima
2734 3701 2891 3755 tertia
2911 3702 3109 3756 mensis
3138 3700 3308 3767 Junii,
3340 3713 3467 3773 post
3494 3712 3699 3774 sponta-

2111 3799 2269 3839 neam
2320 3787 2738 3858 resignatioucm
2789 3789 3034 3846 Gaufridi
3088 3791 3228 3846 Fare
3278 3791 3508 3856 factam,
3550 3803 3609 3846 ut
3636 3794 3695 3846 ad

2111 3881 2429 3949 praedictum
2486 3884 2855 3955 episcopatum
2904 3889 3343 3958 transmigraret,
3380 3899 3598 3944 astante
3648 3898 3696 3943 et

2108 3976 2434 4043 prmsidente
2457 3977 2507 4031 in
2532 3979 2769 4049 capitulo
2796 3980 2957 4049 (Bccci
2991 3980 3157 4041 fratre
3174 3981 3383 4044 Joanne
3408 3984 3481 4039 de
3504 3987 3695 4038 Sancto

2107 4063 2374 4121 Mellanno
2421 4068 2599 4137 priore
2642 4069 2822 4134 Becci,
2874 4086 2981 4124 una
3034 4087 3157 4125 cum
3212 4073 3494 4141 prioribus
3542 4074 3691 4126 totius

2106 4156 2332 4221 ordinis,
2367 4156 2574 4212 electus
2598 4159 2696 4214 fuit
2720 4160 2887 4215 frater
2906 4160 3142 4217 Joannes
3169 4166 3234 4217 de
3265 4162 3550 4232 Grangiie,
3572 4177 3689 4219 tunc

2100 4244 2440 4313 justiciarins
2468 4248 2650 4312 Bccci,
2690 4251 2741 4304 in
2772 4265 3042 4321 pastorem
3072 4254 3198 4307 dicti
3224 4257 3577 4320 monasterii;
3604 4255 3687 4325 qui

2103 4336 2402 4397 Ecclesiam
2458 4340 2807 4397 laudabiliter
2859 4361 3077 4415 regens,
3128 4347 3272 4400 inter
3307 4359 3510 4403 caetera
3558 4352 3684 4402 bona

2102 4444 2221 4498 qua?
2259 4430 2329 4484 ibi
2371 4433 2562 4501 gessit,
2612 4433 2736 4489 fecit
2766 4436 3020 4491 dedicare
3050 4437 3335 4492 ecclesiam
3387 4456 3583 4495 noram
3628 4441 3686 4495 de

411 4511 466 4566 in
497 4528 663 4585 regno
714 4516 974 4585 Francim,
1028 4532 1084 4577 et,
1135 4525 1308 4582 levata
1367 4543 1465 4597 per
1511 4530 1825 4600 prmdicmm
1874 4531 1999 4587 phi-
2027 4535 2077 4595 υ
2105 4536 2244 4575 novo
2275 4523 2601 4592 completam
2638 4526 2997 4591 laudabiliter,
3038 4538 3095 4582 ut
3132 4540 3320 4599 postca
3358 4533 3585 4602 patebit.

404 4603 636 4673 lippum,
677 4608 769 4676 qtti
809 4611 965 4665 duxit
1011 4613 1208 4671 bellum
1263 4631 1452 4675 contra
1514 4638 1694 4692 regem
1759 4626 1995 4696 Angli-ae;

411 4711 507 4764 pro
538 4712 641 4765 qua
675 4699 934 4758 solvimus
963 4720 1060 4774 pro
1111 4710 1266 4764 nobis
1292 4720 1346 4765 ct
1373 4714 1702 4782 prioratibns
1730 4734 1996 4775 summam

407 4794 629 4841 centum
660 4790 848 4860 viginti
879 4793 1163 4852 librarum.
1195 4800 1262 4853 Et
1288 4800 1341 4855 in
1373 4817 1515 4857 anno
1540 4806 1827 4861 millesimo
1859 4824 1995 4878 qna-

406 4876 835 4947 (Triitgentesimo
895 4884 1158 4955 vigesimo
1216 4902 1435 4961 quarto,
1490 4894 1593 4949 fuit
1661 4894 1838 4952 levata
1880 4876 1993 4954 alia

402 4968 613 5025 decima
647 4985 904 5032 concessa
935 4978 1154 5035 domino
1190 4983 1326 5053 regi,
1376 5001 1474 5056 pro
1514 5002 1619 5056 qua
1656 4988 1817 5045 solvit
1846 4992 1995 5060 prior

400 5064 471 5117 de
521 5063 854 5125 Bellomonte
904 5086 1005 5142 pro
1053 5075 1302 5141 portione
1344 5093 1465 5144 sua,
1496 5081 1738 5150 quinque
1776 5092 1991 5138 centum

401 5154 641 5215 francos.
696 5158 764 5215 Et
808 5161 862 5217 in
911 5180 1055 5218 anno
1100 5166 1387 5225 millesimo
1453 5172 1991 5243 quadringentesimo

400 5245 681 5319 trigesimo
697 5252 907 5321 quinto,
933 5254 1030 5309 fuit
1045 5257 1212 5313 abbas
1226 5259 1463 5316 Thomas
1483 5262 1783 5328 absolutus,
1804 5265 1908 5337 16
1922 5266 1988 5321 ob

398 5338 669 5397 defectum
701 5344 990 5401 solutionis
1011 5347 1232 5405 decimae
1263 5351 1398 5406 datae
1436 5368 1464 5405 a
1493 5354 1710 5409 domino
1758 5356 1988 5411 Martino

398 5443 535 5500 papa
584 5433 777 5502 quinto
836 5436 960 5492 duci
1017 5438 1343 5511 Beltl‘ordize,
1394 5459 1557 5514 super
1608 5444 1877 5501 fructibus
1933 5447 1984 5503 in

398 5520 595 5577 ducatu
621 5526 1029 5586 Northmannize
1059 5534 1503 5601 consistentibus,
1550 5537 1675 5605 quia
1737 5537 1984 5606 imposita

397 5611 520 5681 fuit,
562 5624 617 5671 et
663 5619 840 5675 levata
886 5631 1132 5693 tempore
1172 5624 1375 5682 domini
1420 5626 1643 5684 Roberti
1682 5629 1983 5700 praedeces-

462 5769 579 5844 (τι)
620 5773 759 5831 Anni
794 5777 1018 5836 confuse
1045 5790 1316 5840 notantur.

2172 4612 2328 4668 Anno
2374 4615 2584 4671 Domini
2635 4618 2920 4673 millesimo
2967 4622 3352 4677 trecentesimo
3393 4625 3683 4691 quadrage-

2099 4706 2259 4770 simo,
2292 4707 2503 4762 decimo
2531 4710 2722 4778 quinto
2753 4711 2838 4765 die
2866 4710 3087 4781 Aprilis,
3111 4712 3245 4775 obiit
3278 4715 3381 4783 piae
3419 4719 3683 4768 memoriae

2101 4797 2353 4852 dominus
2401 4798 2714 4855 Ganfl‘ridus
2766 4801 2874 4856 Fae
2901 4843 2915 4865 ,
2962 4802 3254 4872 vigesimus
3298 4804 3474 4859 abbas
3512 4803 3679 4865 Bccci,

2098 4897 2282 4957 postea
2316 4891 2602 4959 episcopus
2633 4891 2993 4955 Ebroicensis,
3043 4910 3146 4948 non
3200 4894 3491 4950 immemor
3515 4900 3680 4950 ecc'c-

2094 4978 2192 5033 site
2242 4979 2551 5041 Becccusis,
2588 4982 2681 5035 sed
2720 4966 2866 5052 apud
2902 4997 3021 5037 eam
3083 4982 3317 5049 delatus,
3343 4972 3417 5038 ἐι
3470 4987 3520 5041 in
3575 4985 3677 5051 ipsa

2096 5072 2340 5138 sepultus
2387 5071 2439 5125 in
2475 5071 2694 5129 sinistra
2746 5073 2897 5127 chori
2934 5082 3108 5143 parte,
3147 5081 3205 5127 ut
3249 5075 3370 5143 ejus
3411 5075 3679 5159 sepultura

2095 5163 2437 5231 manifestat;
2462 5162 2615 5231 cujus
2638 5166 2819 5218 anima
2854 5168 2903 5221 itt
2936 5182 3070 5236 pace
3111 5168 3439 5237 requiescat.

2163 5255 2321 5310 Anno
2371 5256 2582 5312 Domini
2622 5258 2906 5312 millesimo
2964 5259 3345 5313 trecentesimo
3383 5258 3675 5328 quadrage-

2091 5347 2232 5402 sinto
2281 5350 2543 5415 secundo,
2582 5351 2793 5405 decimo
2827 5351 3018 5420 quinto
3058 5352 3143 5406 die
3181 5352 3386 5406 mensis
3434 5350 3672 5420 Septem-

2089 5435 2226 5500 bris,
2260 5437 2471 5493 decimo
2512 5440 2743 5510 septimo
2788 5440 3055 5495 Kalendas
3101 5439 3373 5505 Octobris,
3405 5440 3675 5511 pontiﬁca—

2093 5538 2177 5583 tus
2211 5530 2541 5585 sanctissimi
2577 5531 2629 5585 in
2652 5529 2871 5586 Christo
2898 5530 3079 5587 Patris
3114 5533 3319 5588 domini
3362 5530 3670 5591 ClementiS.

2088 5622 2270 5679 divina
2297 5623 2590 5680 clementia
2633 5640 2784 5695 papa:
2816 5626 2953 5681 sexti
2984 5641 3129 5682 anno
3171 5626 3372 5697 primo,
3418 5632 3671 5695 regnante
