  <div class='ocr_page' id='page_1' title='image "/cluster/home/n/w/nwhite01/storage/ocr_20150623/150/hvd.32044015473788/338.png"; bbox 0 0 3864 6304; ppageno 0'>
   <div class='ocr_carea' id='block_1_1' title="bbox 118 382 205 439">
    <p class='ocr_par' dir='ltr' id='par_1_1' title="bbox 118 382 205 439">
     <span class='ocr_line' id='line_1_1' title="bbox 118 382 205 439; baseline -0.011 0"><span class='ocrx_word' id='word_1_1' title='bbox 118 382 205 439; x_wconf 74' lang='lat'><strong>669</strong></span> 
     </span>
    </p>
   </div>
   <div class='ocr_carea' id='block_1_2' title="bbox 1293 387 2104 446">
    <p class='ocr_par' dir='ltr' id='par_1_2' title="bbox 1293 387 2104 446">
     <span class='ocr_line' id='line_1_2' title="bbox 1293 387 2104 446; baseline 0.001 -1"><span class='ocrx_word' id='word_1_2' title='bbox 1293 387 1688 446; x_wconf 78' lang='lat' dir='ltr'><strong>CllRONlCON</strong></span> <span class='ocrx_word' id='word_1_3' title='bbox 1731 388 2104 446; x_wconf 74' lang='lat' dir='ltr'><strong>BECCENSE.</strong></span> 
     </span>
    </p>
   </div>
   <div class='ocr_carea' id='block_1_3' title="bbox 3268 338 3385 473">
    <p class='ocr_par' dir='ltr' id='par_1_3' title="bbox 3268 338 3385 473">
     <span class='ocr_line' id='line_1_3' title="bbox 3268 338 3385 473; baseline -0.017 -28"><span class='ocrx_word' id='word_1_4' title='bbox 3268 338 3385 473; x_wconf 59' lang='lat' dir='ltr'><strong>mi</strong></span> 
     </span>
    </p>
   </div>
   <div class='ocr_carea' id='block_1_4' title="bbox 121 499 3371 575">
    <p class='ocr_par' dir='ltr' id='par_1_4' title="bbox 121 499 3371 575">
     <span class='ocr_line' id='line_1_4' title="bbox 121 499 3371 575; baseline 0.002 -20"><span class='ocrx_word' id='word_1_5' title='bbox 121 499 345 570; x_wconf 79' lang='lat' dir='ltr'><strong>Philippo</strong></span> <span class='ocrx_word' id='word_1_6' title='bbox 372 499 715 557; x_wconf 81' lang='lat' dir='ltr'><strong>Francorum</strong></span> <span class='ocrx_word' id='word_1_7' title='bbox 744 517 888 574; x_wconf 85' lang='lat' dir='ltr'><strong>rege,</strong></span> <span class='ocrx_word' id='word_1_8' title='bbox 922 502 1139 559; x_wconf 84' lang='lat' dir='ltr'><strong>domino</strong></span> <span class='ocrx_word' id='word_1_9' title='bbox 1162 503 1373 561; x_wconf 79' lang='lat' dir='ltr'><strong>Joanne</strong></span> <span class='ocrx_word' id='word_1_10' title='bbox 1419 505 1535 575; x_wconf 89' lang='lat' dir='ltr'><strong>ejus</strong></span> <span class='ocrx_word' id='word_1_11' title='bbox 1571 506 1679 562; x_wconf 86' lang='lat' dir='ltr'><strong>lilio</strong></span> <span class='ocrx_word' id='word_1_12' title='bbox 1709 508 1754 563; x_wconf 71' lang='grc' dir='ltr'><strong>Α</strong></span> <span class='ocrx_word' id='word_1_13' title='bbox 1851 505 2052 561; x_wconf 87' lang='lat' dir='ltr'><strong>Eodem</strong></span> <span class='ocrx_word' id='word_1_14' title='bbox 2085 519 2230 561; x_wconf 90' lang='lat' dir='ltr'><strong>anno</strong></span> <span class='ocrx_word' id='word_1_15' title='bbox 2267 519 2519 560; x_wconf 89' lang='lat' dir='ltr'><strong>oonrrnus</strong></span> <span class='ocrx_word' id='word_1_16' title='bbox 2546 518 2782 560; x_wconf 80' lang='lat' dir='ltr'><strong>.oannes</strong></span> <span class='ocrx_word' id='word_1_17' title='bbox 2804 504 2870 560; x_wconf 92' lang='lat' dir='ltr'><strong>de</strong></span> <span class='ocrx_word' id='word_1_18' title='bbox 2915 503 3157 561; x_wconf 80' lang='lat' dir='ltr'><strong>Ferariis</strong></span> <span class='ocrx_word' id='word_1_19' title='bbox 3215 505 3371 560; x_wconf 81' lang='lat' dir='ltr'><strong>miles</strong></span> 
     </span>
    </p>
   </div>
   <div class='ocr_carea' id='block_1_5' title="bbox 120 593 1684 665">
    <p class='ocr_par' dir='ltr' id='par_1_5' title="bbox 120 593 1684 665">
     <span class='ocr_line' id='line_1_5' title="bbox 120 593 1684 665; baseline 0.008 -21"><span class='ocrx_word' id='word_1_20' title='bbox 120 593 454 662; x_wconf 86' lang='lat' dir='ltr'><strong>primogenito</strong></span> <span class='ocrx_word' id='word_1_21' title='bbox 493 595 631 650; x_wconf 87' lang='lat' dir='ltr'><strong>duce</strong></span> <span class='ocrx_word' id='word_1_22' title='bbox 659 594 1086 665; x_wconf 71' lang='lat' dir='ltr'><strong>Northrnarrnire,</strong></span> <span class='ocrx_word' id='word_1_23' title='bbox 1125 598 1321 654; x_wconf 89' lang='lat' dir='ltr'><strong>abbate</strong></span> <span class='ocrx_word' id='word_1_24' title='bbox 1354 599 1510 655; x_wconf 90' lang='lat' dir='ltr'><strong>Becci</strong></span> <span class='ocrx_word' id='word_1_25' title='bbox 1556 609 1684 656; x_wconf 90' lang='lat' dir='ltr'><strong>trrnc</strong></span> 
     </span>
    </p>
   </div>
   <div class='ocr_carea' id='block_1_6' title="bbox 121 684 1679 759">
    <p class='ocr_par' dir='ltr' id='par_1_6' title="bbox 121 684 1679 759">
     <span class='ocr_line' id='line_1_6' title="bbox 121 684 1679 759; baseline 0.007 -25"><span class='ocrx_word' id='word_1_26' title='bbox 121 684 354 753; x_wconf 65' lang='lat' dir='ltr'><strong>vigesimo</strong></span> <span class='ocrx_word' id='word_1_27' title='bbox 377 684 564 751; x_wconf 88' lang='lat' dir='ltr'><strong>primo</strong></span> <span class='ocrx_word' id='word_1_28' title='bbox 581 685 802 740; x_wconf 90' lang='lat' dir='ltr'><strong>domino</strong></span> <span class='ocrx_word' id='word_1_29' title='bbox 821 686 1029 743; x_wconf 80' lang='lat' dir='ltr'><strong>Joanne</strong></span> <span class='ocrx_word' id='word_1_30' title='bbox 1059 688 1124 743; x_wconf 90' lang='lat' dir='ltr'><strong>de</strong></span> <span class='ocrx_word' id='word_1_31' title='bbox 1144 689 1416 759; x_wconf 82' lang='lat' dir='ltr'><strong>Grangiis,</strong></span> <span class='ocrx_word' id='word_1_32' title='bbox 1433 690 1679 746; x_wconf 85' lang='lat' dir='ltr'><strong>dedicata</strong></span> 
     </span>
    </p>
   </div>
   <div class='ocr_carea' id='block_1_7' title="bbox 115 774 1683 849">
    <p class='ocr_par' dir='ltr' id='par_1_7' title="bbox 115 774 1683 849">
     <span class='ocr_line' id='line_1_7' title="bbox 115 774 1683 849; baseline 0.006 -23"><span class='ocrx_word' id='word_1_33' title='bbox 115 774 196 826; x_wconf 86' lang='lat' dir='ltr'><strong>luit</strong></span> <span class='ocrx_word' id='word_1_34' title='bbox 220 774 447 829; x_wconf 80' lang='lat' dir='ltr'><strong>ecclesia</strong></span> <span class='ocrx_word' id='word_1_35' title='bbox 474 775 637 831; x_wconf 87' lang='lat' dir='ltr'><strong>Becci</strong></span> <span class='ocrx_word' id='word_1_36' title='bbox 659 794 689 832; x_wconf 87' lang='lat' dir='ltr'><strong>a</strong></span> <span class='ocrx_word' id='word_1_37' title='bbox 721 778 1018 833; x_wconf 85' lang='lat' dir='ltr'><strong>reverendo</strong></span> <span class='ocrx_word' id='word_1_38' title='bbox 1049 780 1101 833; x_wconf 92' lang='lat' dir='ltr'><strong>in</strong></span> <span class='ocrx_word' id='word_1_39' title='bbox 1141 780 1359 836; x_wconf 89' lang='lat' dir='ltr'><strong>Christo</strong></span> <span class='ocrx_word' id='word_1_40' title='bbox 1389 790 1542 849; x_wconf 88' lang='lat' dir='ltr'><strong>patre</strong></span> <span class='ocrx_word' id='word_1_41' title='bbox 1588 781 1683 835; x_wconf 83' lang='lat' dir='ltr'><strong>do-</strong></span> 
     </span>
    </p>
   </div>
   <div class='ocr_carea' id='block_1_8' title="bbox 114 864 1682 941">
    <p class='ocr_par' dir='ltr' id='par_1_8' title="bbox 114 864 1682 941">
     <span class='ocr_line' id='line_1_8' title="bbox 114 864 1682 941; baseline 0.004 -22"><span class='ocrx_word' id='word_1_42' title='bbox 114 864 494 941; x_wconf 73' lang='lat' dir='ltr'><strong>ruiquoanne</strong></span> <span class='ocrx_word' id='word_1_43' title='bbox 554 867 934 923; x_wconf 79' lang='lat' dir='ltr'><strong>Alrrincalensi</strong></span> <span class='ocrx_word' id='word_1_44' title='bbox 983 870 1257 941; x_wconf 77' lang='lat' dir='ltr'><strong>episcopo,</strong></span> <span class='ocrx_word' id='word_1_45' title='bbox 1315 872 1366 925; x_wconf 88' lang='lat' dir='ltr'><strong>in</strong></span> <span class='ocrx_word' id='word_1_46' title='bbox 1420 871 1682 926; x_wconf 88' lang='lat' dir='ltr'><strong>honorem</strong></span> 
     </span>
    </p>
   </div>
   <div class='ocr_carea' id='block_1_9' title="bbox 112 956 1682 1027">
    <p class='ocr_par' dir='ltr' id='par_1_9' title="bbox 112 956 1682 1027">
     <span class='ocr_line' id='line_1_9' title="bbox 112 956 1682 1027; baseline 0.006 -19"><span class='ocrx_word' id='word_1_47' title='bbox 112 966 285 1010; x_wconf 71' lang='lat' dir='ltr'><strong>sancta:</strong></span> <span class='ocrx_word' id='word_1_48' title='bbox 316 956 505 1012; x_wconf 72' lang='lat' dir='ltr'><strong>Mariae</strong></span> <span class='ocrx_word' id='word_1_49' title='bbox 535 958 777 1027; x_wconf 79' lang='lat' dir='ltr'><strong>virginis,</strong></span> <span class='ocrx_word' id='word_1_50' title='bbox 813 970 866 1015; x_wconf 91' lang='lat' dir='ltr'><strong>et</strong></span> <span class='ocrx_word' id='word_1_51' title='bbox 898 961 1139 1015; x_wconf 87' lang='lat' dir='ltr'><strong>ornuirrrn</strong></span> <span class='ocrx_word' id='word_1_52' title='bbox 1167 971 1500 1017; x_wconf 86' lang='lat' dir='ltr'><strong>sanctorum.</strong></span> <span class='ocrx_word' id='word_1_53' title='bbox 1541 964 1682 1019; x_wconf 86' lang='lat' dir='ltr'><strong>Con-</strong></span> 
     </span>
    </p>
   </div>
   <div class='ocr_carea' id='block_1_10' title="bbox 115 1048 1681 1123">
    <p class='ocr_par' dir='ltr' id='par_1_10' title="bbox 115 1048 1681 1123">
     <span class='ocr_line' id='line_1_10' title="bbox 115 1048 1681 1123; baseline 0.003 -20"><span class='ocrx_word' id='word_1_54' title='bbox 115 1057 296 1103; x_wconf 81' lang='lat' dir='ltr'><strong>secrata</strong></span> <span class='ocrx_word' id='word_1_55' title='bbox 342 1058 530 1103; x_wconf 89' lang='lat' dir='ltr'><strong>autem</strong></span> <span class='ocrx_word' id='word_1_56' title='bbox 580 1048 800 1105; x_wconf 80' lang='lat' dir='ltr'><strong>fuerunt</strong></span> <span class='ocrx_word' id='word_1_57' title='bbox 853 1049 922 1105; x_wconf 88' lang='lat' dir='ltr'><strong>ab</strong></span> <span class='ocrx_word' id='word_1_58' title='bbox 972 1052 1090 1122; x_wconf 88' lang='lat' dir='ltr'><strong>ipso</strong></span> <span class='ocrx_word' id='word_1_59' title='bbox 1137 1052 1391 1123; x_wconf 87' lang='lat' dir='ltr'><strong>episcopo</strong></span> <span class='ocrx_word' id='word_1_60' title='bbox 1420 1054 1681 1108; x_wconf 85' lang='lat' dir='ltr'><strong>Abrinca-</strong></span> 
     </span>
    </p>
   </div>
   <div class='ocr_carea' id='block_1_11' title="bbox 112 1137 1681 1209">
    <p class='ocr_par' dir='ltr' id='par_1_11' title="bbox 112 1137 1681 1209">
     <span class='ocr_line' id='line_1_11' title="bbox 112 1137 1681 1209; baseline 0.006 -19"><span class='ocrx_word' id='word_1_61' title='bbox 112 1139 227 1191; x_wconf 90' lang='lat' dir='ltr'><strong>terrsi</strong></span> <span class='ocrx_word' id='word_1_62' title='bbox 279 1137 456 1207; x_wconf 86' lang='lat' dir='ltr'><strong>majus</strong></span> <span class='ocrx_word' id='word_1_63' title='bbox 500 1140 677 1194; x_wconf 88' lang='lat' dir='ltr'><strong>altare</strong></span> <span class='ocrx_word' id='word_1_64' title='bbox 722 1142 788 1196; x_wconf 89' lang='lat' dir='ltr'><strong>ad</strong></span> <span class='ocrx_word' id='word_1_65' title='bbox 828 1142 1090 1197; x_wconf 84' lang='lat' dir='ltr'><strong>honorem</strong></span> <span class='ocrx_word' id='word_1_66' title='bbox 1138 1154 1339 1199; x_wconf 86' lang='lat' dir='ltr'><strong>sanctae</strong></span> <span class='ocrx_word' id='word_1_67' title='bbox 1391 1144 1593 1209; x_wconf 69' lang='lat' dir='ltr'><strong>Mariae,</strong></span> <span class='ocrx_word' id='word_1_68' title='bbox 1626 1152 1681 1199; x_wconf 90' lang='lat' dir='ltr'><strong>et</strong></span> 
     </span>
    </p>
   </div>
   <div class='ocr_carea' id='block_1_12' title="bbox 110 1229 1680 1300">
    <p class='ocr_par' dir='ltr' id='par_1_12' title="bbox 110 1229 1680 1300">
     <span class='ocr_line' id='line_1_12' title="bbox 110 1229 1680 1300; baseline 0.003 -16"><span class='ocrx_word' id='word_1_69' title='bbox 110 1230 262 1287; x_wconf 87' lang='lat' dir='ltr'><strong>minus</strong></span> <span class='ocrx_word' id='word_1_70' title='bbox 312 1229 595 1297; x_wconf 75' lang='lat' dir='ltr'><strong>similiter,</strong></span> <span class='ocrx_word' id='word_1_71' title='bbox 650 1233 1008 1300; x_wconf 60' lang='lat' dir='ltr'><strong>praesentibus</strong></span> <span class='ocrx_word' id='word_1_72' title='bbox 1045 1233 1096 1286; x_wconf 87' lang='lat' dir='ltr'><strong>in</strong></span> <span class='ocrx_word' id='word_1_73' title='bbox 1162 1232 1379 1288; x_wconf 87' lang='lat' dir='ltr'><strong>Christo</strong></span> <span class='ocrx_word' id='word_1_74' title='bbox 1429 1234 1680 1289; x_wconf 71' lang='lat' dir='ltr'><strong>Patr-ibus</strong></span> 
     </span>
    </p>
   </div>
   <div class='ocr_carea' id='block_1_13' title="bbox 112 1319 1676 1395">
    <p class='ocr_par' dir='ltr' id='par_1_13' title="bbox 112 1319 1676 1395">
     <span class='ocr_line' id='line_1_13' title="bbox 112 1319 1676 1395; baseline 0.004 -22"><span class='ocrx_word' id='word_1_75' title='bbox 112 1320 315 1374; x_wconf 86' lang='lat' dir='ltr'><strong>dominis</strong></span> <span class='ocrx_word' id='word_1_76' title='bbox 352 1319 706 1387; x_wconf 77' lang='lat' dir='ltr'><strong>Lexoviensi,</strong></span> <span class='ocrx_word' id='word_1_77' title='bbox 746 1331 801 1377; x_wconf 90' lang='lat' dir='ltr'><strong>et</strong></span> <span class='ocrx_word' id='word_1_78' title='bbox 848 1322 1058 1379; x_wconf 87' lang='lat' dir='ltr'><strong>Joanne</strong></span> <span class='ocrx_word' id='word_1_79' title='bbox 1104 1324 1354 1391; x_wconf 85' lang='lat' dir='ltr'><strong>Papiensi</strong></span> <span class='ocrx_word' id='word_1_80' title='bbox 1386 1325 1676 1395; x_wconf 90' lang='lat' dir='ltr'><strong>episcopis,</strong></span> 
     </span>
    </p>
   </div>
   <div class='ocr_carea' id='block_1_14' title="bbox 112 1412 1681 1487">
    <p class='ocr_par' dir='ltr' id='par_1_14' title="bbox 112 1412 1681 1487">
     <span class='ocr_line' id='line_1_14' title="bbox 112 1412 1681 1487; baseline 0.004 -22"><span class='ocrx_word' id='word_1_81' title='bbox 112 1424 163 1465; x_wconf 82' lang='lat' dir='ltr'><strong>ac</strong></span> <span class='ocrx_word' id='word_1_82' title='bbox 184 1412 577 1487; x_wconf 81' lang='lat' dir='ltr'><strong>venerabilibus</strong></span> <span class='ocrx_word' id='word_1_83' title='bbox 618 1414 869 1469; x_wconf 87' lang='lat' dir='ltr'><strong>Patribus</strong></span> <span class='ocrx_word' id='word_1_84' title='bbox 897 1424 953 1469; x_wconf 92' lang='lat' dir='ltr'><strong>et</strong></span> <span class='ocrx_word' id='word_1_85' title='bbox 1000 1415 1235 1470; x_wconf 88' lang='lat' dir='ltr'><strong>doruiuis</strong></span> <span class='ocrx_word' id='word_1_86' title='bbox 1274 1415 1559 1470; x_wconf 76' lang='lat' dir='ltr'><strong>abbatibus</strong></span> <span class='ocrx_word' id='word_1_87' title='bbox 1612 1418 1681 1471; x_wconf 89' lang='lat' dir='ltr'><strong>de</strong></span> 
     </span>
    </p>
   </div>
   <div class='ocr_carea' id='block_1_15' title="bbox 112 1503 1680 1581">
    <p class='ocr_par' dir='ltr' id='par_1_15' title="bbox 112 1503 1680 1581">
     <span class='ocr_line' id='line_1_15' title="bbox 112 1503 1680 1581; baseline 0.004 -25"><span class='ocrx_word' id='word_1_88' title='bbox 112 1503 331 1567; x_wconf 84' lang='lat' dir='ltr'><strong>Fiscano,</strong></span> <span class='ocrx_word' id='word_1_89' title='bbox 360 1505 426 1559; x_wconf 87' lang='lat' dir='ltr'><strong>de</strong></span> <span class='ocrx_word' id='word_1_90' title='bbox 454 1503 668 1581; x_wconf 89' lang='lat' dir='ltr'><strong>Sancto</strong></span> <span class='ocrx_word' id='word_1_91' title='bbox 694 1506 974 1571; x_wconf 86' lang='lat' dir='ltr'><strong>Audoeno,</strong></span> <span class='ocrx_word' id='word_1_92' title='bbox 1004 1508 1070 1562; x_wconf 88' lang='lat' dir='ltr'><strong>de</strong></span> <span class='ocrx_word' id='word_1_93' title='bbox 1092 1506 1351 1570; x_wconf 76' lang='lat' dir='ltr'><strong>Car-lomo,</strong></span> <span class='ocrx_word' id='word_1_94' title='bbox 1383 1508 1446 1560; x_wconf 84' lang='lat' dir='ltr'><strong>de</strong></span> <span class='ocrx_word' id='word_1_95' title='bbox 1477 1507 1680 1563; x_wconf 83' lang='lat' dir='ltr'><strong>Sancto</strong></span> 
     </span>
    </p>
   </div>
   <div class='ocr_carea' id='block_1_16' title="bbox 113 1594 1679 1664">
    <p class='ocr_par' dir='ltr' id='par_1_16' title="bbox 113 1594 1679 1664">
     <span class='ocr_line' id='line_1_16' title="bbox 113 1594 1679 1664; baseline 0.003 -15"><span class='ocrx_word' id='word_1_96' title='bbox 113 1594 324 1659; x_wconf 80' lang='lat' dir='ltr'><strong>Ebrulfo,</strong></span> <span class='ocrx_word' id='word_1_97' title='bbox 376 1596 445 1650; x_wconf 89' lang='lat' dir='ltr'><strong>de</strong></span> <span class='ocrx_word' id='word_1_98' title='bbox 489 1596 802 1660; x_wconf 86' lang='lat' dir='ltr'><strong>Gemeticis.</strong></span> <span class='ocrx_word' id='word_1_99' title='bbox 848 1599 916 1654; x_wconf 87' lang='lat' dir='ltr'><strong>de</strong></span> <span class='ocrx_word' id='word_1_100' title='bbox 965 1597 1169 1655; x_wconf 85' lang='lat' dir='ltr'><strong>Sancto</strong></span> <span class='ocrx_word' id='word_1_101' title='bbox 1209 1597 1566 1664; x_wconf 80' lang='lat' dir='ltr'><strong>Vaudrcsillo,</strong></span> <span class='ocrx_word' id='word_1_102' title='bbox 1613 1600 1679 1654; x_wconf 90' lang='lat' dir='ltr'><strong>de</strong></span> 
     </span>
    </p>
   </div>
   <div class='ocr_carea' id='block_1_17' title="bbox 114 1684 1678 1760">
    <p class='ocr_par' dir='ltr' id='par_1_17' title="bbox 114 1684 1678 1760">
     <span class='ocr_line' id='line_1_17' title="bbox 114 1684 1678 1760; baseline 0.005 -22"><span class='ocrx_word' id='word_1_103' title='bbox 114 1684 286 1739; x_wconf 86' lang='lat' dir='ltr'><strong>Sancto</strong></span> <span class='ocrx_word' id='word_1_104' title='bbox 331 1686 593 1755; x_wconf 85' lang='lat' dir='ltr'><strong>Georgio,</strong></span> <span class='ocrx_word' id='word_1_105' title='bbox 639 1695 705 1744; x_wconf 87' lang='lat' dir='ltr'><strong>de</strong></span> <span class='ocrx_word' id='word_1_106' title='bbox 744 1690 1163 1760; x_wconf 86' lang='lat' dir='ltr'><strong>Blauquervilla,</strong></span> <span class='ocrx_word' id='word_1_107' title='bbox 1204 1691 1269 1745; x_wconf 86' lang='lat' dir='ltr'><strong>de</strong></span> <span class='ocrx_word' id='word_1_108' title='bbox 1320 1690 1582 1755; x_wconf 85' lang='lat' dir='ltr'><strong>Bernaio,</strong></span> <span class='ocrx_word' id='word_1_109' title='bbox 1612 1690 1678 1746; x_wconf 86' lang='lat' dir='ltr'><strong>de</strong></span> 
     </span>
    </p>
   </div>
   <div class='ocr_carea' id='block_1_18' title="bbox 113 1774 1677 1849">
    <p class='ocr_par' dir='ltr' id='par_1_18' title="bbox 113 1774 1677 1849">
     <span class='ocr_line' id='line_1_18' title="bbox 113 1774 1677 1849; baseline 0.006 -19"><span class='ocrx_word' id='word_1_110' title='bbox 113 1774 365 1845; x_wconf 86' lang='lat' dir='ltr'><strong>Corrnelis,</strong></span> <span class='ocrx_word' id='word_1_111' title='bbox 392 1780 463 1836; x_wconf 86' lang='lat' dir='ltr'><strong>de</strong></span> <span class='ocrx_word' id='word_1_112' title='bbox 506 1781 776 1848; x_wconf 82' lang='lat' dir='ltr'><strong>Pratellis,</strong></span> <span class='ocrx_word' id='word_1_113' title='bbox 810 1784 874 1838; x_wconf 91' lang='lat' dir='ltr'><strong>de</strong></span> <span class='ocrx_word' id='word_1_114' title='bbox 897 1783 1185 1849; x_wconf 86' lang='lat' dir='ltr'><strong>Grestano,</strong></span> <span class='ocrx_word' id='word_1_115' title='bbox 1231 1783 1297 1839; x_wconf 87' lang='lat' dir='ltr'><strong>de</strong></span> <span class='ocrx_word' id='word_1_116' title='bbox 1344 1784 1541 1839; x_wconf 85' lang='lat' dir='ltr'><strong>Sancta</strong></span> <span class='ocrx_word' id='word_1_117' title='bbox 1570 1784 1677 1839; x_wconf 87' lang='lat' dir='ltr'><strong>Ca-</strong></span> 
     </span>
    </p>
   </div>
   <div class='ocr_carea' id='block_1_19' title="bbox 117 1853 1752 1946">
    <p class='ocr_par' dir='ltr' id='par_1_19' title="bbox 117 1853 1752 1946">
     <span class='ocr_line' id='line_1_19' title="bbox 117 1853 1752 1946; baseline 0.007 -25"><span class='ocrx_word' id='word_1_118' title='bbox 117 1870 296 1923; x_wconf 78' lang='lat' dir='ltr'><strong>tlrarina</strong></span> <span class='ocrx_word' id='word_1_119' title='bbox 342 1887 518 1942; x_wconf 86' lang='lat' dir='ltr'><strong>prope</strong></span> <span class='ocrx_word' id='word_1_120' title='bbox 572 1873 1007 1946; x_wconf 79' lang='lat' dir='ltr'><strong>Rotlroruagum,</strong></span> <span class='ocrx_word' id='word_1_121' title='bbox 1059 1876 1127 1929; x_wconf 89' lang='lat' dir='ltr'><strong>de</strong></span> <span class='ocrx_word' id='word_1_122' title='bbox 1165 1876 1367 1931; x_wconf 86' lang='lat' dir='ltr'><strong>Sancto</strong></span> <span class='ocrx_word' id='word_1_123' title='bbox 1416 1877 1669 1939; x_wconf 85' lang='lat' dir='ltr'><strong>Victore,</strong></span> <span class='ocrx_word' id='word_1_124' title='bbox 1708 1853 1752 1912; x_wconf 75' lang='grc' dir='ltr'><strong>Β</strong></span> 
     </span>
    </p>
   </div>
   <div class='ocr_carea' id='block_1_20' title="bbox 114 1958 1675 2035">
    <p class='ocr_par' dir='ltr' id='par_1_20' title="bbox 114 1958 1675 2035">
     <span class='ocr_line' id='line_1_20' title="bbox 114 1958 1675 2035; baseline 0.006 -23"><span class='ocrx_word' id='word_1_125' title='bbox 114 1958 167 2014; x_wconf 86' lang='lat' dir='ltr'><strong>de</strong></span> <span class='ocrx_word' id='word_1_126' title='bbox 180 1960 499 2030; x_wconf 85' lang='lat' dir='ltr'><strong>Cornevilla,</strong></span> <span class='ocrx_word' id='word_1_127' title='bbox 520 1980 586 2018; x_wconf 90' lang='lat' dir='ltr'><strong>ac</strong></span> <span class='ocrx_word' id='word_1_128' title='bbox 612 1965 881 2035; x_wconf 82' lang='lat' dir='ltr'><strong>prioribus</strong></span> <span class='ocrx_word' id='word_1_129' title='bbox 901 1966 965 2019; x_wconf 87' lang='lat' dir='ltr'><strong>de</strong></span> <span class='ocrx_word' id='word_1_130' title='bbox 990 1968 1192 2021; x_wconf 88' lang='lat' dir='ltr'><strong>Sancta</strong></span> <span class='ocrx_word' id='word_1_131' title='bbox 1214 1965 1473 2031; x_wconf 73' lang='lat' dir='ltr'><strong>Barbara,</strong></span> <span class='ocrx_word' id='word_1_132' title='bbox 1498 1968 1675 2023; x_wconf 69' lang='lat' dir='ltr'><strong>Beata:</strong></span> 
     </span>
    </p>
   </div>
   <div class='ocr_carea' id='block_1_21' title="bbox 117 2051 1677 2127">
    <p class='ocr_par' dir='ltr' id='par_1_21' title="bbox 117 2051 1677 2127">
     <span class='ocr_line' id='line_1_21' title="bbox 117 2051 1677 2127; baseline 0.006 -22"><span class='ocrx_word' id='word_1_133' title='bbox 117 2051 269 2108; x_wconf 63' lang='lat' dir='ltr'><strong>Maria!</strong></span> <span class='ocrx_word' id='word_1_134' title='bbox 293 2055 356 2110; x_wconf 86' lang='lat' dir='ltr'><strong>de</strong></span> <span class='ocrx_word' id='word_1_135' title='bbox 379 2055 561 2111; x_wconf 88' lang='lat' dir='ltr'><strong>Parco</strong></span> <span class='ocrx_word' id='word_1_136' title='bbox 592 2057 747 2127; x_wconf 82' lang='lat' dir='ltr'><strong>juxta</strong></span> <span class='ocrx_word' id='word_1_137' title='bbox 779 2058 1141 2127; x_wconf 79' lang='lat' dir='ltr'><strong>Haricuriam,</strong></span> <span class='ocrx_word' id='word_1_138' title='bbox 1175 2059 1241 2113; x_wconf 85' lang='lat' dir='ltr'><strong>de</strong></span> <span class='ocrx_word' id='word_1_139' title='bbox 1271 2059 1587 2124; x_wconf 83' lang='lat' dir='ltr'><strong>Friardcllo,</strong></span> <span class='ocrx_word' id='word_1_140' title='bbox 1622 2069 1677 2115; x_wconf 85' lang='lat' dir='ltr'><strong>et</strong></span> 
     </span>
    </p>
   </div>
   <div class='ocr_carea' id='block_1_22' title="bbox 117 2144 1677 2216">
    <p class='ocr_par' dir='ltr' id='par_1_22' title="bbox 117 2144 1677 2216">
     <span class='ocr_line' id='line_1_22' title="bbox 117 2144 1677 2216; baseline 0.006 -21"><span class='ocrx_word' id='word_1_141' title='bbox 117 2144 352 2205; x_wconf 81' lang='lat' dir='ltr'><strong>nobilibus</strong></span> <span class='ocrx_word' id='word_1_142' title='bbox 388 2147 530 2201; x_wconf 83' lang='lat' dir='ltr'><strong>viris</strong></span> <span class='ocrx_word' id='word_1_143' title='bbox 585 2148 818 2202; x_wconf 86' lang='lat' dir='ltr'><strong>dominis</strong></span> <span class='ocrx_word' id='word_1_144' title='bbox 856 2148 1067 2204; x_wconf 84' lang='lat' dir='ltr'><strong>Joanne</strong></span> <span class='ocrx_word' id='word_1_145' title='bbox 1114 2149 1291 2216; x_wconf 80' lang='lat' dir='ltr'><strong>Malct,</strong></span> <span class='ocrx_word' id='word_1_146' title='bbox 1326 2149 1564 2204; x_wconf 79' lang='lat' dir='ltr'><strong>Rolierto</strong></span> <span class='ocrx_word' id='word_1_147' title='bbox 1610 2152 1677 2205; x_wconf 88' lang='lat' dir='ltr'><strong>de</strong></span> 
     </span>
    </p>
   </div>
   <div class='ocr_carea' id='block_1_23' title="bbox 118 2230 1670 2305">
    <p class='ocr_par' dir='ltr' id='par_1_23' title="bbox 118 2230 1670 2305">
     <span class='ocr_line' id='line_1_23' title="bbox 118 2230 1670 2305; baseline 0.005 -19"><span class='ocrx_word' id='word_1_148' title='bbox 118 2230 428 2305; x_wconf 77' lang='lat' dir='ltr'><strong>cheburgo,</strong></span> <span class='ocrx_word' id='word_1_149' title='bbox 468 2235 682 2292; x_wconf 89' lang='lat' dir='ltr'><strong>Joanne</strong></span> <span class='ocrx_word' id='word_1_150' title='bbox 712 2239 777 2292; x_wconf 89' lang='lat' dir='ltr'><strong>de</strong></span> <span class='ocrx_word' id='word_1_151' title='bbox 801 2238 1038 2294; x_wconf 87' lang='lat' dir='ltr'><strong>Ferariis</strong></span> <span class='ocrx_word' id='word_1_152' title='bbox 1256 2242 1323 2295; x_wconf 89' lang='lat' dir='ltr'><strong>de</strong></span> <span class='ocrx_word' id='word_1_153' title='bbox 1355 2238 1670 2305; x_wconf 74' lang='lat' dir='ltr'><strong>Iriardello,</strong></span> 
     </span>
    </p>
   </div>
   <div class='ocr_carea' id='block_1_24' title="bbox 118 2325 1675 2403">
    <p class='ocr_par' dir='ltr' id='par_1_24' title="bbox 118 2325 1675 2403">
     <span class='ocr_line' id='line_1_24' title="bbox 118 2325 1675 2403; baseline 0.006 -23"><span class='ocrx_word' id='word_1_154' title='bbox 275 2328 338 2384; x_wconf 92' lang='lat' dir='ltr'><strong>de</strong></span> <span class='ocrx_word' id='word_1_155' title='bbox 360 2327 656 2385; x_wconf 89' lang='lat' dir='ltr'><strong>Tournebu</strong></span> <span class='ocrx_word' id='word_1_156' title='bbox 687 2329 966 2394; x_wconf 84' lang='lat' dir='ltr'><strong>militibus,</strong></span> <span class='ocrx_word' id='word_1_157' title='bbox 993 2347 1117 2387; x_wconf 87' lang='lat' dir='ltr'><strong>cum</strong></span> <span class='ocrx_word' id='word_1_158' title='bbox 1152 2332 1400 2403; x_wconf 90' lang='lat' dir='ltr'><strong>pluribus</strong></span> <span class='ocrx_word' id='word_1_159' title='bbox 1431 2333 1551 2389; x_wconf 91' lang='lat' dir='ltr'><strong>aliis</strong></span> <span class='ocrx_word' id='word_1_160' title='bbox 1575 2335 1675 2389; x_wconf 86' lang='lat' dir='ltr'><strong>nri-</strong></span> 
     </span>
    </p>
   </div>
   <div class='ocr_carea' id='block_1_25' title="bbox 117 2416 1677 2491">
    <p class='ocr_par' dir='ltr' id='par_1_25' title="bbox 117 2416 1677 2491">
     <span class='ocr_line' id='line_1_25' title="bbox 117 2416 1677 2491; baseline 0.007 -21"><span class='ocrx_word' id='word_1_161' title='bbox 117 2416 272 2476; x_wconf 83' lang='lat' dir='ltr'><strong>litibus</strong></span> <span class='ocrx_word' id='word_1_162' title='bbox 293 2436 352 2476; x_wconf 87' lang='lat' dir='ltr'><strong>ac</strong></span> <span class='ocrx_word' id='word_1_163' title='bbox 395 2421 535 2480; x_wconf 80' lang='lat' dir='ltr'><strong>viris</strong></span> <span class='ocrx_word' id='word_1_164' title='bbox 568 2422 976 2489; x_wconf 83' lang='lat' dir='ltr'><strong>ecclesiasticis,</strong></span> <span class='ocrx_word' id='word_1_165' title='bbox 1004 2439 1067 2479; x_wconf 90' lang='lat' dir='ltr'><strong>ac</strong></span> <span class='ocrx_word' id='word_1_166' title='bbox 1089 2425 1457 2491; x_wconf 68' lang='lat' dir='ltr'><strong>sarcularihus,</strong></span> <span class='ocrx_word' id='word_1_167' title='bbox 1484 2427 1538 2481; x_wconf 91' lang='lat' dir='ltr'><strong>in</strong></span> <span class='ocrx_word' id='word_1_168' title='bbox 1590 2428 1677 2482; x_wconf 83' lang='lat' dir='ltr'><strong>die</strong></span> 
     </span>
    </p>
   </div>
   <div class='ocr_carea' id='block_1_26' title="bbox 120 2511 1679 2574">
    <p class='ocr_par' dir='ltr' id='par_1_26' title="bbox 120 2511 1679 2574">
     <span class='ocr_line' id='line_1_26' title="bbox 120 2511 1679 2574; baseline 0.007 -12"><span class='ocrx_word' id='word_1_169' title='bbox 120 2511 192 2563; x_wconf 85' lang='lat' dir='ltr'><strong>tali</strong></span> <span class='ocrx_word' id='word_1_170' title='bbox 237 2512 647 2569; x_wconf 76' lang='lat' dir='ltr'><strong>exsultantibus.</strong></span> <span class='ocrx_word' id='word_1_171' title='bbox 690 2514 755 2569; x_wconf 85' lang='lat' dir='ltr'><strong>Et</strong></span> <span class='ocrx_word' id='word_1_172' title='bbox 786 2516 976 2569; x_wconf 87' lang='lat' dir='ltr'><strong>eadem</strong></span> <span class='ocrx_word' id='word_1_173' title='bbox 1022 2516 1107 2570; x_wconf 89' lang='lat' dir='ltr'><strong>die</strong></span> <span class='ocrx_word' id='word_1_174' title='bbox 1150 2527 1521 2572; x_wconf 86' lang='lat' dir='ltr'><strong>consecratum</strong></span> <span class='ocrx_word' id='word_1_175' title='bbox 1576 2518 1679 2574; x_wconf 79' lang='lat' dir='ltr'><strong>fuit</strong></span> 
     </span>
    </p>
   </div>
   <div class='ocr_carea' id='block_1_27' title="bbox 121 2600 1678 2676">
    <p class='ocr_par' dir='ltr' id='par_1_27' title="bbox 121 2600 1678 2676">
     <span class='ocr_line' id='line_1_27' title="bbox 121 2600 1678 2676; baseline 0.008 -23"><span class='ocrx_word' id='word_1_176' title='bbox 121 2600 260 2657; x_wconf 85' lang='lat' dir='ltr'><strong>altare</strong></span> <span class='ocrx_word' id='word_1_177' title='bbox 284 2603 333 2657; x_wconf 90' lang='lat' dir='ltr'><strong>in</strong></span> <span class='ocrx_word' id='word_1_178' title='bbox 364 2606 576 2676; x_wconf 86' lang='lat' dir='ltr'><strong>capella</strong></span> <span class='ocrx_word' id='word_1_179' title='bbox 604 2607 821 2676; x_wconf 86' lang='lat' dir='ltr'><strong>prioris,</strong></span> <span class='ocrx_word' id='word_1_180' title='bbox 873 2608 926 2661; x_wconf 90' lang='lat' dir='ltr'><strong>in</strong></span> <span class='ocrx_word' id='word_1_181' title='bbox 969 2607 1229 2663; x_wconf 87' lang='lat' dir='ltr'><strong>honorem</strong></span> <span class='ocrx_word' id='word_1_182' title='bbox 1282 2610 1457 2665; x_wconf 88' lang='lat' dir='ltr'><strong>sancti</strong></span> <span class='ocrx_word' id='word_1_183' title='bbox 1508 2610 1678 2666; x_wconf 83' lang='lat' dir='ltr'><strong>Bene-</strong></span> 
     </span>
    </p>
   </div>
   <div class='ocr_carea' id='block_1_28' title="bbox 120 2694 1677 2770">
    <p class='ocr_par' dir='ltr' id='par_1_28' title="bbox 120 2694 1677 2770">
     <span class='ocr_line' id='line_1_28' title="bbox 120 2694 1677 2770; baseline 0.009 -26"><span class='ocrx_word' id='word_1_184' title='bbox 120 2694 242 2761; x_wconf 84' lang='lat' dir='ltr'><strong>dicti,</strong></span> <span class='ocrx_word' id='word_1_185' title='bbox 284 2706 336 2751; x_wconf 89' lang='lat' dir='ltr'><strong>et</strong></span> <span class='ocrx_word' id='word_1_186' title='bbox 373 2697 428 2752; x_wconf 91' lang='lat' dir='ltr'><strong>in</strong></span> <span class='ocrx_word' id='word_1_187' title='bbox 477 2699 693 2768; x_wconf 89' lang='lat' dir='ltr'><strong>capella</strong></span> <span class='ocrx_word' id='word_1_188' title='bbox 734 2715 855 2770; x_wconf 62' lang='lat' dir='ltr'><strong>quae</strong></span> <span class='ocrx_word' id='word_1_189' title='bbox 896 2700 1095 2757; x_wconf 88' lang='lat' dir='ltr'><strong>dicitur</strong></span> <span class='ocrx_word' id='word_1_190' title='bbox 1138 2716 1259 2756; x_wconf 87' lang='lat' dir='ltr'><strong>esse</strong></span> <span class='ocrx_word' id='word_1_191' title='bbox 1306 2703 1567 2769; x_wconf 70' lang='lat' dir='ltr'><strong>saeristae,</strong></span> <span class='ocrx_word' id='word_1_192' title='bbox 1625 2704 1677 2759; x_wconf 90' lang='lat' dir='ltr'><strong>in</strong></span> 
     </span>
    </p>
   </div>
   <div class='ocr_carea' id='block_1_29' title="bbox 122 2782 1675 2861">
    <p class='ocr_par' dir='ltr' id='par_1_29' title="bbox 122 2782 1675 2861">
     <span class='ocr_line' id='line_1_29' title="bbox 122 2782 1675 2861; baseline 0.003 -18"><span class='ocrx_word' id='word_1_193' title='bbox 122 2782 345 2843; x_wconf 82' lang='lat' dir='ltr'><strong>honorem</strong></span> <span class='ocrx_word' id='word_1_194' title='bbox 409 2799 732 2845; x_wconf 78' lang='lat' dir='ltr'><strong>Sanctorum</strong></span> <span class='ocrx_word' id='word_1_195' title='bbox 790 2791 1155 2861; x_wconf 78' lang='lat' dir='ltr'><strong>apostolorum</strong></span> <span class='ocrx_word' id='word_1_196' title='bbox 1204 2792 1352 2847; x_wconf 86' lang='lat' dir='ltr'><strong>Petri</strong></span> <span class='ocrx_word' id='word_1_197' title='bbox 1399 2802 1452 2849; x_wconf 82' lang='lat' dir='ltr'><strong>et</strong></span> <span class='ocrx_word' id='word_1_198' title='bbox 1502 2794 1675 2860; x_wconf 82' lang='lat' dir='ltr'><strong>Pauli,</strong></span> 
     </span>
    </p>
   </div>
   <div class='ocr_carea' id='block_1_30' title="bbox 122 2878 1681 2957">
    <p class='ocr_par' dir='ltr' id='par_1_30' title="bbox 122 2878 1681 2957">
     <span class='ocr_line' id='line_1_30' title="bbox 122 2878 1681 2957; baseline 0.01 -29"><span class='ocrx_word' id='word_1_199' title='bbox 122 2878 263 2934; x_wconf 83' lang='lat' dir='ltr'><strong>altare</strong></span> <span class='ocrx_word' id='word_1_200' title='bbox 292 2879 386 2936; x_wconf 84' lang='lat' dir='ltr'><strong>fuit</strong></span> <span class='ocrx_word' id='word_1_201' title='bbox 423 2894 807 2940; x_wconf 87' lang='lat' dir='ltr'><strong>consecratum</strong></span> <span class='ocrx_word' id='word_1_202' title='bbox 849 2886 915 2940; x_wconf 88' lang='lat' dir='ltr'><strong>ab</strong></span> <span class='ocrx_word' id='word_1_203' title='bbox 950 2886 1203 2957; x_wconf 75' lang='lat' dir='ltr'><strong>episcopo</strong></span> <span class='ocrx_word' id='word_1_204' title='bbox 1240 2886 1580 2952; x_wconf 79' lang='lat' dir='ltr'><strong>Lexoviensi,</strong></span> <span class='ocrx_word' id='word_1_205' title='bbox 1623 2900 1681 2944; x_wconf 89' lang='lat' dir='ltr'><strong>et</strong></span> 
     </span>
    </p>
   </div>
   <div class='ocr_carea' id='block_1_31' title="bbox 123 2969 1676 3048">
    <p class='ocr_par' dir='ltr' id='par_1_31' title="bbox 123 2969 1676 3048">
     <span class='ocr_line' id='line_1_31' title="bbox 123 2969 1676 3048; baseline 0.01 -27"><span class='ocrx_word' id='word_1_206' title='bbox 123 2969 275 3024; x_wconf 57' lang='lat' dir='ltr'><strong>«idem</strong></span> <span class='ocrx_word' id='word_1_207' title='bbox 302 2973 406 3038; x_wconf 85' lang='lat' dir='ltr'><strong>die,</strong></span> <span class='ocrx_word' id='word_1_208' title='bbox 429 2975 609 3030; x_wconf 88' lang='lat' dir='ltr'><strong>altare</strong></span> <span class='ocrx_word' id='word_1_209' title='bbox 639 2977 692 3031; x_wconf 92' lang='lat' dir='ltr'><strong>in</strong></span> <span class='ocrx_word' id='word_1_210' title='bbox 733 2977 934 3046; x_wconf 85' lang='lat' dir='ltr'><strong>capella</strong></span> <span class='ocrx_word' id='word_1_211' title='bbox 959 2994 1077 3048; x_wconf 79' lang='lat' dir='ltr'><strong>quae</strong></span> <span class='ocrx_word' id='word_1_212' title='bbox 1101 2980 1299 3035; x_wconf 90' lang='lat' dir='ltr'><strong>dicitrrr</strong></span> <span class='ocrx_word' id='word_1_213' title='bbox 1328 2981 1392 3035; x_wconf 87' lang='lat' dir='ltr'><strong>de</strong></span> <span class='ocrx_word' id='word_1_214' title='bbox 1420 2981 1676 3048; x_wconf 87' lang='lat' dir='ltr'><strong>Ferariis,</strong></span> 
     </span>
    </p>
   </div>
   <div class='ocr_carea' id='block_1_32' title="bbox 125 3062 1676 3146">
    <p class='ocr_par' dir='ltr' id='par_1_32' title="bbox 125 3062 1676 3146">
     <span class='ocr_line' id='line_1_32' title="bbox 125 3062 1676 3146; baseline 0.011 -32"><span class='ocrx_word' id='word_1_215' title='bbox 125 3062 166 3123; x_wconf 87' lang='lat' dir='ltr'><strong>in</strong></span> <span class='ocrx_word' id='word_1_216' title='bbox 188 3062 421 3128; x_wconf 84' lang='lat' dir='ltr'><strong>honorem</strong></span> <span class='ocrx_word' id='word_1_217' title='bbox 451 3072 631 3130; x_wconf 87' lang='lat' dir='ltr'><strong>sancti</strong></span> <span class='ocrx_word' id='word_1_218' title='bbox 661 3069 885 3127; x_wconf 90' lang='lat' dir='ltr'><strong>Joannis</strong></span> <span class='ocrx_word' id='word_1_219' title='bbox 918 3072 1194 3143; x_wconf 65' lang='lat' dir='ltr'><strong>Baptistae.</strong></span> <span class='ocrx_word' id='word_1_220' title='bbox 1220 3074 1351 3129; x_wconf 87' lang='lat' dir='ltr'><strong>ltern</strong></span> <span class='ocrx_word' id='word_1_221' title='bbox 1384 3074 1436 3129; x_wconf 91' lang='lat' dir='ltr'><strong>in</strong></span> <span class='ocrx_word' id='word_1_222' title='bbox 1474 3075 1676 3146; x_wconf 85' lang='lat' dir='ltr'><strong>capella</strong></span> 
     </span>
    </p>
   </div>
   <div class='ocr_carea' id='block_1_33' title="bbox 126 3159 1676 3235">
    <p class='ocr_par' dir='ltr' id='par_1_33' title="bbox 126 3159 1676 3235">
     <span class='ocr_line' id='line_1_33' title="bbox 126 3159 1676 3235; baseline 0.008 -28"><span class='ocrx_word' id='word_1_223' title='bbox 126 3159 330 3225; x_wconf 75' lang='lat' dir='ltr'><strong>sequenti</strong></span> <span class='ocrx_word' id='word_1_224' title='bbox 361 3160 412 3215; x_wconf 91' lang='lat' dir='ltr'><strong>in</strong></span> <span class='ocrx_word' id='word_1_225' title='bbox 444 3161 713 3217; x_wconf 88' lang='lat' dir='ltr'><strong>honorem</strong></span> <span class='ocrx_word' id='word_1_226' title='bbox 745 3165 918 3219; x_wconf 90' lang='lat' dir='ltr'><strong>sancti</strong></span> <span class='ocrx_word' id='word_1_227' title='bbox 951 3163 1148 3230; x_wconf 84' lang='lat' dir='ltr'><strong>Mauri,</strong></span> <span class='ocrx_word' id='word_1_228' title='bbox 1181 3164 1313 3220; x_wconf 89' lang='lat' dir='ltr'><strong>etin</strong></span> <span class='ocrx_word' id='word_1_229' title='bbox 1348 3165 1550 3235; x_wconf 88' lang='lat' dir='ltr'><strong>capella</strong></span> <span class='ocrx_word' id='word_1_230' title='bbox 1585 3182 1676 3221; x_wconf 88' lang='lat' dir='ltr'><strong>se—</strong></span> 
     </span>
    </p>
   </div>
   <div class='ocr_carea' id='block_1_34' title="bbox 127 3248 1679 3325">
    <p class='ocr_par' dir='ltr' id='par_1_34' title="bbox 127 3248 1679 3325">
     <span class='ocr_line' id='line_1_34' title="bbox 127 3248 1679 3325; baseline 0.008 -27"><span class='ocrx_word' id='word_1_231' title='bbox 127 3248 299 3313; x_wconf 73' lang='lat' dir='ltr'><strong>quenti,</strong></span> <span class='ocrx_word' id='word_1_232' title='bbox 334 3251 384 3304; x_wconf 91' lang='lat' dir='ltr'><strong>in</strong></span> <span class='ocrx_word' id='word_1_233' title='bbox 418 3252 687 3308; x_wconf 88' lang='lat' dir='ltr'><strong>honorem</strong></span> <span class='ocrx_word' id='word_1_234' title='bbox 710 3255 883 3309; x_wconf 87' lang='lat' dir='ltr'><strong>sancti</strong></span> <span class='ocrx_word' id='word_1_235' title='bbox 916 3253 1155 3319; x_wconf 78' lang='lat' dir='ltr'><strong>Martini,</strong></span> <span class='ocrx_word' id='word_1_236' title='bbox 1193 3272 1311 3325; x_wconf 65' lang='lat' dir='ltr'><strong>quae</strong></span> <span class='ocrx_word' id='word_1_237' title='bbox 1338 3256 1536 3311; x_wconf 89' lang='lat' dir='ltr'><strong>dicitur</strong></span> <span class='ocrx_word' id='word_1_238' title='bbox 1558 3272 1679 3311; x_wconf 89' lang='lat' dir='ltr'><strong>esse</strong></span> 
     </span>
    </p>
   </div>
   <div class='ocr_carea' id='block_1_35' title="bbox 128 3335 1675 3415">
    <p class='ocr_par' dir='ltr' id='par_1_35' title="bbox 128 3335 1675 3415">
     <span class='ocr_line' id='line_1_35' title="bbox 128 3335 1675 3415; baseline 0.01 -28"><span class='ocrx_word' id='word_1_239' title='bbox 128 3335 489 3409; x_wconf 83' lang='lat' dir='ltr'><strong>subcellerarii,</strong></span> <span class='ocrx_word' id='word_1_240' title='bbox 537 3354 593 3399; x_wconf 92' lang='lat' dir='ltr'><strong>et</strong></span> <span class='ocrx_word' id='word_1_241' title='bbox 622 3344 672 3397; x_wconf 82' lang='lat' dir='ltr'><strong>in</strong></span> <span class='ocrx_word' id='word_1_242' title='bbox 707 3345 909 3415; x_wconf 85' lang='lat' dir='ltr'><strong>capella</strong></span> <span class='ocrx_word' id='word_1_243' title='bbox 953 3361 1072 3415; x_wconf 71' lang='lat' dir='ltr'><strong>qua:</strong></span> <span class='ocrx_word' id='word_1_244' title='bbox 1098 3347 1300 3401; x_wconf 89' lang='lat' dir='ltr'><strong>dicitur</strong></span> <span class='ocrx_word' id='word_1_245' title='bbox 1328 3362 1449 3402; x_wconf 89' lang='lat' dir='ltr'><strong>esse</strong></span> <span class='ocrx_word' id='word_1_246' title='bbox 1494 3364 1675 3403; x_wconf 86' lang='lat' dir='ltr'><strong>came-</strong></span> 
     </span>
    </p>
   </div>
   <div class='ocr_carea' id='block_1_36' title="bbox 130 3428 1677 3508">
    <p class='ocr_par' dir='ltr' id='par_1_36' title="bbox 130 3428 1677 3508">
     <span class='ocr_line' id='line_1_36' title="bbox 130 3428 1677 3508; baseline 0.001 -15"><span class='ocrx_word' id='word_1_247' title='bbox 130 3428 252 3493; x_wconf 68' lang='lat' dir='ltr'><strong>mii.</strong></span> <span class='ocrx_word' id='word_1_248' title='bbox 274 3448 303 3486; x_wconf 85' lang='lat' dir='ltr'><strong>a</strong></span> <span class='ocrx_word' id='word_1_249' title='bbox 339 3432 563 3491; x_wconf 90' lang='lat' dir='ltr'><strong>domino</strong></span> <span class='ocrx_word' id='word_1_250' title='bbox 599 3435 806 3492; x_wconf 85' lang='lat' dir='ltr'><strong>Joanne</strong></span> <span class='ocrx_word' id='word_1_251' title='bbox 850 3436 1102 3507; x_wconf 90' lang='lat' dir='ltr'><strong>Papiensi</strong></span> <span class='ocrx_word' id='word_1_252' title='bbox 1135 3439 1404 3508; x_wconf 72' lang='lat' dir='ltr'><strong>epiSCOpo,</strong></span> <span class='ocrx_word' id='word_1_253' title='bbox 1429 3438 1600 3493; x_wconf 89' lang='lat' dir='ltr'><strong>altare</strong></span> <span class='ocrx_word' id='word_1_254' title='bbox 1623 3441 1677 3495; x_wconf 93' lang='lat' dir='ltr'><strong>iu</strong></span> 
     </span>
    </p>
   </div>
   <div class='ocr_carea' id='block_1_37' title="bbox 130 3515 1680 3600">
    <p class='ocr_par' dir='ltr' id='par_1_37' title="bbox 130 3515 1680 3600">
     <span class='ocr_line' id='line_1_37' title="bbox 130 3515 1680 3600; baseline 0.009 -26"><span class='ocrx_word' id='word_1_255' title='bbox 130 3515 350 3585; x_wconf 72' lang='lat' dir='ltr'><strong>honorem</strong></span> <span class='ocrx_word' id='word_1_256' title='bbox 401 3527 587 3585; x_wconf 82' lang='lat' dir='ltr'><strong>sancti</strong></span> <span class='ocrx_word' id='word_1_257' title='bbox 647 3526 906 3598; x_wconf 86' lang='lat' dir='ltr'><strong>Stephani</strong></span> <span class='ocrx_word' id='word_1_258' title='bbox 961 3529 1396 3600; x_wconf 84' lang='lat' dir='ltr'><strong>protomartyris.</strong></span> <span class='ocrx_word' id='word_1_259' title='bbox 1453 3529 1521 3583; x_wconf 89' lang='lat' dir='ltr'><strong>Et</strong></span> <span class='ocrx_word' id='word_1_260' title='bbox 1592 3530 1680 3588; x_wconf 87' lang='lat' dir='ltr'><strong>die</strong></span> 
     </span>
    </p>
   </div>
   <div class='ocr_carea' id='block_1_38' title="bbox 132 3603 1679 3685">
    <p class='ocr_par' dir='ltr' id='par_1_38' title="bbox 132 3603 1679 3685">
     <span class='ocr_line' id='line_1_38' title="bbox 132 3603 1679 3685; baseline 0.008 -22"><span class='ocrx_word' id='word_1_261' title='bbox 132 3603 242 3663; x_wconf 68' lang='lat' dir='ltr'><strong>luna:</strong></span> <span class='ocrx_word' id='word_1_262' title='bbox 278 3625 551 3685; x_wconf 84' lang='lat' dir='ltr'><strong>sequente,</strong></span> <span class='ocrx_word' id='word_1_263' title='bbox 611 3626 925 3677; x_wconf 76' lang='lat' dir='ltr'><strong>consecrata</strong></span> <span class='ocrx_word' id='word_1_264' title='bbox 975 3616 1194 3678; x_wconf 74' lang='lat' dir='ltr'><strong>fuerunt</strong></span> <span class='ocrx_word' id='word_1_265' title='bbox 1222 3619 1330 3672; x_wconf 85' lang='lat' dir='ltr'><strong>duo</strong></span> <span class='ocrx_word' id='word_1_266' title='bbox 1378 3618 1679 3685; x_wconf 80' lang='lat' dir='ltr'><strong>altariado</strong></span> 
     </span>
    </p>
   </div>
   <div class='ocr_carea' id='block_1_39' title="bbox 133 3684 1677 3778">
    <p class='ocr_par' dir='ltr' id='par_1_39' title="bbox 133 3684 1677 3778">
     <span class='ocr_line' id='line_1_39' title="bbox 133 3684 1677 3778; baseline 0.008 -25"><span class='ocrx_word' id='word_1_267' title='bbox 133 3702 421 3769; x_wconf 76' lang='lat' dir='ltr'><strong>revestiario,</strong></span> <span class='ocrx_word' id='word_1_268' title='bbox 444 3724 616 3766; x_wconf 88' lang='lat' dir='ltr'><strong>unum</strong></span> <span class='ocrx_word' id='word_1_269' title='bbox 641 3708 692 3763; x_wconf 92' lang='lat' dir='ltr'><strong>in</strong></span> <span class='ocrx_word' id='word_1_270' title='bbox 719 3709 975 3768; x_wconf 82' lang='lat' dir='ltr'><strong>honorem</strong></span> <span class='ocrx_word' id='word_1_271' title='bbox 994 3710 1168 3765; x_wconf 85' lang='lat' dir='ltr'><strong>sancti</strong></span> <span class='ocrx_word' id='word_1_272' title='bbox 1194 3710 1417 3778; x_wconf 70' lang='lat' dir='ltr'><strong>Nicolai,</strong></span> <span class='ocrx_word' id='word_1_273' title='bbox 1439 3722 1493 3767; x_wconf 91' lang='lat' dir='ltr'><strong>et</strong></span> <span class='ocrx_word' id='word_1_274' title='bbox 1511 3684 1677 3766; x_wconf 75' lang='lat' dir='ltr'><strong>Bran-</strong></span> 
     </span>
    </p>
   </div>
   <div class='ocr_carea' id='block_1_40' title="bbox 135 3788 1674 3874">
    <p class='ocr_par' dir='ltr' id='par_1_40' title="bbox 135 3788 1674 3874">
     <span class='ocr_line' id='line_1_40' title="bbox 135 3788 1674 3874; baseline 0.01 -31"><span class='ocrx_word' id='word_1_275' title='bbox 135 3788 253 3857; x_wconf 81' lang='lat' dir='ltr'><strong>dani,</strong></span> <span class='ocrx_word' id='word_1_276' title='bbox 276 3805 324 3849; x_wconf 91' lang='lat' dir='ltr'><strong>et</strong></span> <span class='ocrx_word' id='word_1_277' title='bbox 344 3798 488 3854; x_wconf 85' lang='lat' dir='ltr'><strong>aliud</strong></span> <span class='ocrx_word' id='word_1_278' title='bbox 507 3800 560 3853; x_wconf 90' lang='lat' dir='ltr'><strong>in</strong></span> <span class='ocrx_word' id='word_1_279' title='bbox 580 3800 842 3856; x_wconf 85' lang='lat' dir='ltr'><strong>honorem</strong></span> <span class='ocrx_word' id='word_1_280' title='bbox 865 3804 1037 3857; x_wconf 87' lang='lat' dir='ltr'><strong>sancti</strong></span> <span class='ocrx_word' id='word_1_281' title='bbox 1061 3800 1286 3858; x_wconf 89' lang='lat' dir='ltr'><strong>Joannis</strong></span> <span class='ocrx_word' id='word_1_282' title='bbox 1300 3803 1674 3874; x_wconf 72' lang='lat' dir='ltr'><strong>Evangelistaa,</strong></span> 
     </span>
    </p>
   </div>
   <div class='ocr_carea' id='block_1_41' title="bbox 134 3888 1677 3966">
    <p class='ocr_par' dir='ltr' id='par_1_41' title="bbox 134 3888 1677 3966">
     <span class='ocr_line' id='line_1_41' title="bbox 134 3888 1677 3966; baseline 0.006 -25"><span class='ocrx_word' id='word_1_283' title='bbox 134 3889 176 3941; x_wconf 74' lang='lat' dir='ltr'><strong>er</strong></span> <span class='ocrx_word' id='word_1_284' title='bbox 201 3888 352 3942; x_wconf 86' lang='lat' dir='ltr'><strong>sancti</strong></span> <span class='ocrx_word' id='word_1_285' title='bbox 379 3892 580 3946; x_wconf 81' lang='lat' dir='ltr'><strong>Aniani</strong></span> <span class='ocrx_word' id='word_1_286' title='bbox 615 3893 890 3965; x_wconf 88' lang='lat' dir='ltr'><strong>episcopi,</strong></span> <span class='ocrx_word' id='word_1_287' title='bbox 929 3910 959 3948; x_wconf 90' lang='lat' dir='ltr'><strong>a</strong></span> <span class='ocrx_word' id='word_1_288' title='bbox 983 3894 1243 3965; x_wconf 70' lang='lat' dir='ltr'><strong>praedicto</strong></span> <span class='ocrx_word' id='word_1_289' title='bbox 1273 3894 1523 3966; x_wconf 78' lang='lat' dir='ltr'><strong>Papiensi</strong></span> <span class='ocrx_word' id='word_1_290' title='bbox 1565 3897 1677 3966; x_wconf 86' lang='lat' dir='ltr'><strong>epi-</strong></span> 
     </span>
    </p>
   </div>
   <div class='ocr_carea' id='block_1_42' title="bbox 136 3978 1678 4058">
    <p class='ocr_par' dir='ltr' id='par_1_42' title="bbox 136 3978 1678 4058">
     <span class='ocr_line' id='line_1_42' title="bbox 136 3978 1678 4058; baseline 0.008 -27"><span class='ocrx_word' id='word_1_291' title='bbox 136 3985 287 4045; x_wconf 75' lang='lat' dir='ltr'><strong>scopo.</strong></span> <span class='ocrx_word' id='word_1_292' title='bbox 307 3978 427 4037; x_wconf 89' lang='lat' dir='ltr'><strong>llem</strong></span> <span class='ocrx_word' id='word_1_293' title='bbox 451 3983 628 4039; x_wconf 90' lang='lat' dir='ltr'><strong>altare</strong></span> <span class='ocrx_word' id='word_1_294' title='bbox 651 3985 820 4040; x_wconf 61' lang='lat' dir='ltr'><strong>beatae</strong></span> <span class='ocrx_word' id='word_1_295' title='bbox 846 3985 1028 4043; x_wconf 75' lang='lat' dir='ltr'><strong>Maria:</strong></span> <span class='ocrx_word' id='word_1_296' title='bbox 1060 3986 1407 4058; x_wconf 65' lang='lat' dir='ltr'><strong>Magrlalenaa,</strong></span> <span class='ocrx_word' id='word_1_297' title='bbox 1431 3996 1487 4042; x_wconf 91' lang='lat' dir='ltr'><strong>et</strong></span> <span class='ocrx_word' id='word_1_298' title='bbox 1507 3988 1678 4043; x_wconf 78' lang='lat' dir='ltr'><strong>beata:</strong></span> 
     </span>
    </p>
   </div>
   <div class='ocr_carea' id='block_1_43' title="bbox 139 4060 1679 4146">
    <p class='ocr_par' dir='ltr' id='par_1_43' title="bbox 139 4060 1679 4146">
     <span class='ocr_line' id='line_1_43' title="bbox 139 4060 1679 4146; baseline 0.008 -26"><span class='ocrx_word' id='word_1_299' title='bbox 139 4060 379 4126; x_wconf 66' lang='lat' dir='ltr'><strong>Honorium</strong></span> <span class='ocrx_word' id='word_1_300' title='bbox 397 4074 641 4144; x_wconf 76' lang='lat' dir='ltr'><strong>virginis,</strong></span> <span class='ocrx_word' id='word_1_301' title='bbox 663 4076 715 4129; x_wconf 91' lang='lat' dir='ltr'><strong>in</strong></span> <span class='ocrx_word' id='word_1_302' title='bbox 741 4075 944 4143; x_wconf 84' lang='lat' dir='ltr'><strong>capella</strong></span> <span class='ocrx_word' id='word_1_303' title='bbox 964 4092 1083 4146; x_wconf 77' lang='lat' dir='ltr'><strong>qua:</strong></span> <span class='ocrx_word' id='word_1_304' title='bbox 1099 4077 1295 4131; x_wconf 84' lang='lat' dir='ltr'><strong>dicitur</strong></span> <span class='ocrx_word' id='word_1_305' title='bbox 1313 4093 1436 4138; x_wconf 90' lang='lat' dir='ltr'><strong>esse</strong></span> <span class='ocrx_word' id='word_1_306' title='bbox 1450 4078 1679 4132; x_wconf 41' lang='lat' dir='ltr'><strong>eleeuro‘</strong></span> 
     </span>
    </p>
   </div>
   <div class='ocr_carea' id='block_1_44' title="bbox 137 4161 1676 4240">
    <p class='ocr_par' dir='ltr' id='par_1_44' title="bbox 137 4161 1676 4240">
     <span class='ocr_line' id='line_1_44' title="bbox 137 4161 1676 4240; baseline 0.01 -31"><span class='ocrx_word' id='word_1_307' title='bbox 137 4161 319 4229; x_wconf 78' lang='lat' dir='ltr'><strong>syrrarii,</strong></span> <span class='ocrx_word' id='word_1_308' title='bbox 351 4165 414 4230; x_wconf 75' lang='lat' dir='ltr'><strong>ab</strong></span> <span class='ocrx_word' id='word_1_309' title='bbox 445 4166 637 4225; x_wconf 81' lang='lat' dir='ltr'><strong>eodem</strong></span> <span class='ocrx_word' id='word_1_310' title='bbox 662 4167 910 4237; x_wconf 87' lang='lat' dir='ltr'><strong>Papiensi</strong></span> <span class='ocrx_word' id='word_1_311' title='bbox 934 4169 1207 4238; x_wconf 89' lang='lat' dir='ltr'><strong>episcopo,</strong></span> <span class='ocrx_word' id='word_1_312' title='bbox 1240 4169 1306 4224; x_wconf 85' lang='lat' dir='ltr'><strong>ad</strong></span> <span class='ocrx_word' id='word_1_313' title='bbox 1333 4170 1422 4225; x_wconf 86' lang='lat' dir='ltr'><strong>Dei</strong></span> <span class='ocrx_word' id='word_1_314' title='bbox 1449 4169 1676 4240; x_wconf 76' lang='lat' dir='ltr'><strong>gloriam</strong></span> 
     </span>
    </p>
   </div>
   <div class='ocr_carea' id='block_1_45' title="bbox 136 4254 1675 4331">
    <p class='ocr_par' dir='ltr' id='par_1_45' title="bbox 136 4254 1675 4331">
     <span class='ocr_line' id='line_1_45' title="bbox 136 4254 1675 4331; baseline 0.003 -21"><span class='ocrx_word' id='word_1_315' title='bbox 136 4256 178 4300; x_wconf 75' lang='grc' dir='ltr'>οι</span> <span class='ocrx_word' id='word_1_316' title='bbox 201 4254 352 4322; x_wconf 85' lang='lat' dir='ltr'><strong>populi</strong></span> <span class='ocrx_word' id='word_1_317' title='bbox 373 4258 816 4315; x_wconf 80' lang='lat' dir='ltr'><strong>exsultationem.</strong></span> <span class='ocrx_word' id='word_1_318' title='bbox 843 4260 902 4321; x_wconf 88' lang='lat' dir='ltr'><strong>ln</strong></span> <span class='ocrx_word' id='word_1_319' title='bbox 918 4262 1032 4331; x_wconf 89' lang='lat' dir='ltr'><strong>ipsa</strong></span> <span class='ocrx_word' id='word_1_320' title='bbox 1058 4263 1395 4319; x_wconf 86' lang='lat' dir='ltr'><strong>dedicatione</strong></span> <span class='ocrx_word' id='word_1_321' title='bbox 1426 4260 1675 4318; x_wconf 84' lang='lat' dir='ltr'><strong>conducti</strong></span> 
     </span>
    </p>
   </div>
   <div class='ocr_carea' id='block_1_46' title="bbox 137 4343 1673 4427">
    <p class='ocr_par' dir='ltr' id='par_1_46' title="bbox 137 4343 1673 4427">
     <span class='ocr_line' id='line_1_46' title="bbox 137 4343 1673 4427; baseline 0.011 -31"><span class='ocrx_word' id='word_1_322' title='bbox 137 4343 286 4415; x_wconf 80' lang='lat' dir='ltr'><strong>fontis,</strong></span> <span class='ocrx_word' id='word_1_323' title='bbox 314 4356 396 4424; x_wconf 92' lang='lat' dir='ltr'><strong>qui</strong></span> <span class='ocrx_word' id='word_1_324' title='bbox 432 4356 635 4412; x_wconf 89' lang='lat' dir='ltr'><strong>dicitur</strong></span> <span class='ocrx_word' id='word_1_325' title='bbox 664 4357 917 4427; x_wconf 80' lang='lat' dir='ltr'><strong>Angelus,</strong></span> <span class='ocrx_word' id='word_1_326' title='bbox 953 4358 1005 4411; x_wconf 92' lang='lat' dir='ltr'><strong>in</strong></span> <span class='ocrx_word' id='word_1_327' title='bbox 1046 4357 1286 4414; x_wconf 83' lang='lat' dir='ltr'><strong>claustro</strong></span> <span class='ocrx_word' id='word_1_328' title='bbox 1328 4372 1494 4427; x_wconf 90' lang='lat' dir='ltr'><strong>prope</strong></span> <span class='ocrx_word' id='word_1_329' title='bbox 1523 4357 1673 4426; x_wconf 85' lang='lat' dir='ltr'><strong>capi-</strong></span> 
     </span>
    </p>
   </div>
   <div class='ocr_carea' id='block_1_47' title="bbox 138 4436 1675 4518">
    <p class='ocr_par' dir='ltr' id='par_1_47' title="bbox 138 4436 1675 4518">
     <span class='ocr_line' id='line_1_47' title="bbox 138 4436 1675 4518; baseline -0.001 -18"><span class='ocrx_word' id='word_1_330' title='bbox 138 4436 295 4508; x_wconf 70' lang='lat' dir='ltr'><strong>W&#39;ﬂm,</strong></span> <span class='ocrx_word' id='word_1_331' title='bbox 345 4446 564 4511; x_wconf 76' lang='lat' dir='ltr'><strong>ﬂuxisse</strong></span> <span class='ocrx_word' id='word_1_332' title='bbox 608 4447 788 4503; x_wconf 85' lang='lat' dir='ltr'><strong>vinum</strong></span> <span class='ocrx_word' id='word_1_333' title='bbox 832 4464 929 4517; x_wconf 88' lang='lat' dir='ltr'><strong>per</strong></span> <span class='ocrx_word' id='word_1_334' title='bbox 969 4450 1203 4518; x_wconf 87' lang='lat' dir='ltr'><strong>spatirrm</strong></span> <span class='ocrx_word' id='word_1_335' title='bbox 1254 4447 1417 4506; x_wconf 87' lang='lat' dir='ltr'><strong>trium</strong></span> <span class='ocrx_word' id='word_1_336' title='bbox 1467 4447 1675 4501; x_wconf 88' lang='lat' dir='ltr'><strong>dierum</strong></span> 
     </span>
    </p>
   </div>
   <div class='ocr_carea' id='block_1_48' title="bbox 140 4524 1526 4600">
    <p class='ocr_par' dir='ltr' id='par_1_48' title="bbox 140 4524 1526 4600">
     <span class='ocr_line' id='line_1_48' title="bbox 140 4524 1526 4600; baseline 0.009 -22"><span class='ocrx_word' id='word_1_337' title='bbox 140 4524 295 4600; x_wconf 77' lang='lat' dir='ltr'><strong>fertur,</strong></span> <span class='ocrx_word' id='word_1_338' title='bbox 318 4538 377 4591; x_wconf 87' lang='lat' dir='ltr'><strong>ad</strong></span> <span class='ocrx_word' id='word_1_339' title='bbox 396 4539 641 4597; x_wconf 88' lang='lat' dir='ltr'><strong>omnium</strong></span> <span class='ocrx_word' id='word_1_340' title='bbox 670 4540 1021 4600; x_wconf 79' lang='lat' dir='ltr'><strong>servientium</strong></span> <span class='ocrx_word' id='word_1_341' title='bbox 1054 4541 1526 4595; x_wconf 85' lang='lat' dir='ltr'><strong>sustentationem.</strong></span> 
     </span>
    </p>
   </div>
   <div class='ocr_carea' id='block_1_49' title="bbox 198 4620 1677 4700">
    <p class='ocr_par' dir='ltr' id='par_1_49' title="bbox 198 4620 1677 4700">
     <span class='ocr_line' id='line_1_49' title="bbox 198 4620 1677 4700; baseline 0.004 -17"><span class='ocrx_word' id='word_1_342' title='bbox 198 4620 282 4693; x_wconf 82' lang='lat' dir='ltr'><strong>l7</strong></span> <span class='ocrx_word' id='word_1_343' title='bbox 325 4628 586 4700; x_wconf 88' lang='lat' dir='ltr'><strong>Tempore</strong></span> <span class='ocrx_word' id='word_1_344' title='bbox 639 4630 798 4697; x_wconf 73' lang='lat' dir='ltr'><strong>hujus</strong></span> <span class='ocrx_word' id='word_1_345' title='bbox 862 4630 1091 4686; x_wconf 90' lang='lat' dir='ltr'><strong>Joannis</strong></span> <span class='ocrx_word' id='word_1_346' title='bbox 1144 4631 1361 4700; x_wconf 88' lang='lat' dir='ltr'><strong>quidarrr</strong></span> <span class='ocrx_word' id='word_1_347' title='bbox 1418 4632 1677 4689; x_wconf 84' lang='lat' dir='ltr'><strong>honestus</strong></span> 
     </span>
    </p>
   </div>
   <div class='ocr_carea' id='block_1_50' title="bbox 142 4712 1674 4788">
    <p class='ocr_par' dir='ltr' id='par_1_50' title="bbox 142 4712 1674 4788">
     <span class='ocr_line' id='line_1_50' title="bbox 142 4712 1674 4788; baseline 0.01 -26"><span class='ocrx_word' id='word_1_348' title='bbox 142 4712 381 4785; x_wconf 82' lang='lat' dir='ltr'><strong>religiosus</strong></span> <span class='ocrx_word' id='word_1_349' title='bbox 404 4729 626 4778; x_wconf 87' lang='lat' dir='ltr'><strong>vocatus</strong></span> <span class='ocrx_word' id='word_1_350' title='bbox 650 4720 970 4777; x_wconf 89' lang='lat' dir='ltr'><strong>Guillelmus</strong></span> <span class='ocrx_word' id='word_1_351' title='bbox 997 4723 1064 4777; x_wconf 88' lang='lat' dir='ltr'><strong>de</strong></span> <span class='ocrx_word' id='word_1_352' title='bbox 1088 4722 1258 4787; x_wconf 81' lang='lat' dir='ltr'><strong>Mora,</strong></span> <span class='ocrx_word' id='word_1_353' title='bbox 1286 4722 1419 4779; x_wconf 89' lang='lat' dir='ltr'><strong>alias</strong></span> <span class='ocrx_word' id='word_1_354' title='bbox 1442 4721 1674 4788; x_wconf 84' lang='lat' dir='ltr'><strong>Loesou,</strong></span> 
     </span>
    </p>
   </div>
   <div class='ocr_carea' id='block_1_51' title="bbox 143 4812 1677 4882">
    <p class='ocr_par' dir='ltr' id='par_1_51' title="bbox 143 4812 1677 4882">
     <span class='ocr_line' id='line_1_51' title="bbox 143 4812 1677 4882; baseline 0.006 -23"><span class='ocrx_word' id='word_1_355' title='bbox 143 4812 434 4869; x_wconf 65' lang='lat' dir='ltr'><strong>granatarius</strong></span> <span class='ocrx_word' id='word_1_356' title='bbox 487 4813 616 4868; x_wconf 89' lang='lat' dir='ltr'><strong>dicti</strong></span> <span class='ocrx_word' id='word_1_357' title='bbox 671 4812 1011 4876; x_wconf 88' lang='lat' dir='ltr'><strong>monasterii,</strong></span> <span class='ocrx_word' id='word_1_358' title='bbox 1054 4813 1119 4867; x_wconf 90' lang='lat' dir='ltr'><strong>de</strong></span> <span class='ocrx_word' id='word_1_359' title='bbox 1170 4812 1387 4866; x_wconf 91' lang='lat' dir='ltr'><strong>licentia</strong></span> <span class='ocrx_word' id='word_1_360' title='bbox 1437 4812 1677 4882; x_wconf 62' lang='lat' dir='ltr'><strong>praedicti</strong></span> 
     </span>
    </p>
   </div>
   <div class='ocr_carea' id='block_1_52' title="bbox 144 4889 1679 4975">
    <p class='ocr_par' dir='ltr' id='par_1_52' title="bbox 144 4889 1679 4975">
     <span class='ocr_line' id='line_1_52' title="bbox 144 4889 1679 4975; baseline 0.009 -31"><span class='ocrx_word' id='word_1_361' title='bbox 144 4889 342 4965; x_wconf 83' lang='lat' dir='ltr'><strong>Joannis,</strong></span> <span class='ocrx_word' id='word_1_362' title='bbox 374 4902 424 4959; x_wconf 90' lang='lat' dir='ltr'><strong>in</strong></span> <span class='ocrx_word' id='word_1_363' title='bbox 455 4903 693 4975; x_wconf 90' lang='lat' dir='ltr'><strong>capitrrlo</strong></span> <span class='ocrx_word' id='word_1_364' title='bbox 717 4902 955 4975; x_wconf 78' lang='lat' dir='ltr'><strong>generali</strong></span> <span class='ocrx_word' id='word_1_365' title='bbox 992 4903 1353 4972; x_wconf 74' lang='lat' dir='ltr'><strong>praesidentis,</strong></span> <span class='ocrx_word' id='word_1_366' title='bbox 1382 4920 1525 4959; x_wconf 88' lang='lat' dir='ltr'><strong>anno</strong></span> <span class='ocrx_word' id='word_1_367' title='bbox 1560 4905 1679 4959; x_wconf 83' lang='lat' dir='ltr'><strong>mil-</strong></span> 
     </span>
    </p>
   </div>
   <div class='ocr_carea' id='block_1_53' title="bbox 146 4978 1678 5063">
    <p class='ocr_par' dir='ltr' id='par_1_53' title="bbox 146 4978 1678 5063">
     <span class='ocr_line' id='line_1_53' title="bbox 146 4978 1678 5063; baseline 0.007 -26"><span class='ocrx_word' id='word_1_368' title='bbox 146 4978 299 5042; x_wconf 86' lang='lat' dir='ltr'><strong>lesimo</strong></span> <span class='ocrx_word' id='word_1_369' title='bbox 324 4995 697 5053; x_wconf 76' lang='lat' dir='ltr'><strong>trecentesimo</strong></span> <span class='ocrx_word' id='word_1_370' title='bbox 726 4993 1167 5063; x_wconf 83' lang='lat' dir='ltr'><strong>quadragesimo,</strong></span> <span class='ocrx_word' id='word_1_371' title='bbox 1193 4993 1246 5046; x_wconf 92' lang='lat' dir='ltr'><strong>in</strong></span> <span class='ocrx_word' id='word_1_372' title='bbox 1278 4994 1459 5062; x_wconf 88' lang='lat' dir='ltr'><strong>vigilia</strong></span> <span class='ocrx_word' id='word_1_373' title='bbox 1500 5000 1678 5051; x_wconf 83' lang='lat' dir='ltr'><strong>sancti</strong></span> 
     </span>
    </p>
   </div>
   <div class='ocr_carea' id='block_1_54' title="bbox 145 5069 1679 5156">
    <p class='ocr_par' dir='ltr' id='par_1_54' title="bbox 145 5069 1679 5156">
     <span class='ocr_line' id='line_1_54' title="bbox 145 5069 1679 5156; baseline 0.009 -32"><span class='ocrx_word' id='word_1_374' title='bbox 145 5069 325 5136; x_wconf 81' lang='lat' dir='ltr'><strong>Joannis</strong></span> <span class='ocrx_word' id='word_1_375' title='bbox 345 5083 620 5156; x_wconf 71' lang='lat' dir='ltr'><strong>Baptistae,</strong></span> <span class='ocrx_word' id='word_1_376' title='bbox 664 5087 937 5155; x_wconf 87' lang='lat' dir='ltr'><strong>totiusque</strong></span> <span class='ocrx_word' id='word_1_377' title='bbox 980 5085 1202 5155; x_wconf 89' lang='lat' dir='ltr'><strong>capituli</strong></span> <span class='ocrx_word' id='word_1_378' title='bbox 1245 5101 1492 5149; x_wconf 88' lang='lat' dir='ltr'><strong>asserrsrr,</strong></span> <span class='ocrx_word' id='word_1_379' title='bbox 1533 5086 1679 5140; x_wconf 83' lang='lat' dir='ltr'><strong>dedit</strong></span> 
     </span>
    </p>
   </div>
   <div class='ocr_carea' id='block_1_55' title="bbox 150 5170 1678 5245">
    <p class='ocr_par' dir='ltr' id='par_1_55' title="bbox 150 5170 1678 5245">
     <span class='ocr_line' id='line_1_55' title="bbox 150 5170 1678 5245; baseline 0.012 -25"><span class='ocrx_word' id='word_1_380' title='bbox 150 5170 370 5245; x_wconf 81' lang='lat' dir='ltr'><strong>religiosis</strong></span> <span class='ocrx_word' id='word_1_381' title='bbox 409 5182 793 5241; x_wconf 88' lang='lat' dir='ltr'><strong>claustralibus</strong></span> <span class='ocrx_word' id='word_1_382' title='bbox 851 5184 1036 5239; x_wconf 87' lang='lat' dir='ltr'><strong>decem</strong></span> <span class='ocrx_word' id='word_1_383' title='bbox 1104 5182 1270 5238; x_wconf 87' lang='lat' dir='ltr'><strong>libras</strong></span> <span class='ocrx_word' id='word_1_384' title='bbox 1330 5182 1678 5238; x_wconf 81' lang='lat' dir='ltr'><strong>Turonenses</strong></span> 
     </span>
    </p>
   </div>
   <div class='ocr_carea' id='block_1_56' title="bbox 149 5265 1675 5346">
    <p class='ocr_par' dir='ltr' id='par_1_56' title="bbox 149 5265 1675 5346">
     <span class='ocr_line' id='line_1_56' title="bbox 149 5265 1675 5346; baseline 0.01 -30"><span class='ocrx_word' id='word_1_385' title='bbox 149 5265 368 5339; x_wconf 82' lang='lat' dir='ltr'><strong>redditus,</strong></span> <span class='ocrx_word' id='word_1_386' title='bbox 393 5278 456 5332; x_wconf 90' lang='lat' dir='ltr'><strong>de</strong></span> <span class='ocrx_word' id='word_1_387' title='bbox 484 5287 540 5333; x_wconf 90' lang='lat' dir='ltr'><strong>et</strong></span> <span class='ocrx_word' id='word_1_388' title='bbox 581 5292 746 5346; x_wconf 90' lang='lat' dir='ltr'><strong>srrper</strong></span> <span class='ocrx_word' id='word_1_389' title='bbox 772 5276 948 5332; x_wconf 78' lang='lat' dir='ltr'><strong>oliicio</strong></span> <span class='ocrx_word' id='word_1_390' title='bbox 972 5278 1266 5346; x_wconf 83' lang='lat' dir='ltr'><strong>granatarii</strong></span> <span class='ocrx_word' id='word_1_391' title='bbox 1291 5278 1420 5337; x_wconf 86' lang='lat' dir='ltr'><strong>dicti</strong></span> <span class='ocrx_word' id='word_1_392' title='bbox 1459 5277 1581 5344; x_wconf 89' lang='lat' dir='ltr'><strong>loci,</strong></span> <span class='ocrx_word' id='word_1_393' title='bbox 1608 5278 1675 5332; x_wconf 90' lang='lat' dir='ltr'><strong>ad</strong></span> 
     </span>
    </p>
   </div>
   <div class='ocr_carea' id='block_1_57' title="bbox 150 5351 1678 5441">
    <p class='ocr_par' dir='ltr' id='par_1_57' title="bbox 150 5351 1678 5441">
     <span class='ocr_line' id='line_1_57' title="bbox 150 5351 1678 5441; baseline 0.009 -35"><span class='ocrx_word' id='word_1_394' title='bbox 150 5351 305 5417; x_wconf 78' lang='lat' dir='ltr'><strong>lestrun</strong></span> <span class='ocrx_word' id='word_1_395' title='bbox 332 5368 721 5441; x_wconf 81' lang='lat' dir='ltr'><strong>Assumptionis</strong></span> <span class='ocrx_word' id='word_1_396' title='bbox 746 5368 919 5423; x_wconf 75' lang='lat' dir='ltr'><strong>beata:</strong></span> <span class='ocrx_word' id='word_1_397' title='bbox 949 5366 1149 5429; x_wconf 75' lang='lat' dir='ltr'><strong>Marire,</strong></span> <span class='ocrx_word' id='word_1_398' title='bbox 1172 5382 1268 5436; x_wconf 88' lang='lat' dir='ltr'><strong>per</strong></span> <span class='ocrx_word' id='word_1_399' title='bbox 1317 5381 1534 5421; x_wconf 89' lang='lat' dir='ltr'><strong>manum</strong></span> <span class='ocrx_word' id='word_1_400' title='bbox 1555 5382 1678 5436; x_wconf 86' lang='lat' dir='ltr'><strong>gra-</strong></span> 
     </span>
    </p>
   </div>
   <div class='ocr_carea' id='block_1_58' title="bbox 151 5454 1680 5532">
    <p class='ocr_par' dir='ltr' id='par_1_58' title="bbox 151 5454 1680 5532">
     <span class='ocr_line' id='line_1_58' title="bbox 151 5454 1680 5532; baseline 0.007 -32"><span class='ocrx_word' id='word_1_401' title='bbox 151 5454 329 5519; x_wconf 82' lang='lat' dir='ltr'><strong>natarii,</strong></span> <span class='ocrx_word' id='word_1_402' title='bbox 349 5460 432 5527; x_wconf 90' lang='lat' dir='ltr'><strong>qui</strong></span> <span class='ocrx_word' id='word_1_403' title='bbox 459 5475 557 5532; x_wconf 90' lang='lat' dir='ltr'><strong>pro</strong></span> <span class='ocrx_word' id='word_1_404' title='bbox 584 5469 826 5529; x_wconf 89' lang='lat' dir='ltr'><strong>tempore</strong></span> <span class='ocrx_word' id='word_1_405' title='bbox 857 5457 1040 5521; x_wconf 83' lang='lat' dir='ltr'><strong>fuerit,</strong></span> <span class='ocrx_word' id='word_1_406' title='bbox 1072 5455 1467 5526; x_wconf 85' lang='lat' dir='ltr'><strong>percipiendas,</strong></span> <span class='ocrx_word' id='word_1_407' title='bbox 1497 5471 1562 5509; x_wconf 89' lang='lat' dir='ltr'><strong>ac</strong></span> <span class='ocrx_word' id='word_1_408' title='bbox 1581 5470 1680 5525; x_wconf 86' lang='lat' dir='ltr'><strong>per</strong></span> 
     </span>
    </p>
   </div>
   <div class='ocr_carea' id='block_1_59' title="bbox 153 5547 1677 5621">
    <p class='ocr_par' dir='ltr' id='par_1_59' title="bbox 153 5547 1677 5621">
     <span class='ocr_line' id='line_1_59' title="bbox 153 5547 1677 5621; baseline 0.005 -28"><span class='ocrx_word' id='word_1_409' title='bbox 153 5551 330 5601; x_wconf 78' lang='lat' dir='ltr'><strong>manuni</strong></span> <span class='ocrx_word' id='word_1_410' title='bbox 354 5553 545 5621; x_wconf 81' lang='lat' dir='ltr'><strong>prioris</strong></span> <span class='ocrx_word' id='word_1_411' title='bbox 564 5552 768 5608; x_wconf 87' lang='lat' dir='ltr'><strong>eisdem</strong></span> <span class='ocrx_word' id='word_1_412' title='bbox 807 5550 1231 5615; x_wconf 88' lang='lat' dir='ltr'><strong>distribuendas,</strong></span> <span class='ocrx_word' id='word_1_413' title='bbox 1264 5558 1323 5603; x_wconf 92' lang='lat' dir='ltr'><strong>ut</strong></span> <span class='ocrx_word' id='word_1_414' title='bbox 1352 5548 1419 5602; x_wconf 88' lang='lat' dir='ltr'><strong>ad</strong></span> <span class='ocrx_word' id='word_1_415' title='bbox 1466 5547 1677 5601; x_wconf 89' lang='lat' dir='ltr'><strong>laudern</strong></span> 
     </span>
    </p>
   </div>
   <div class='ocr_carea' id='block_1_60' title="bbox 154 5638 1680 5718">
    <p class='ocr_par' dir='ltr' id='par_1_60' title="bbox 154 5638 1680 5718">
     <span class='ocr_line' id='line_1_60' title="bbox 154 5638 1680 5718; baseline 0.005 -27"><span class='ocrx_word' id='word_1_416' title='bbox 154 5642 197 5687; x_wconf 74' lang='grc' dir='ltr'><strong>ει</strong></span> <span class='ocrx_word' id='word_1_417' title='bbox 230 5638 425 5709; x_wconf 81' lang='lat' dir='ltr'><strong>gloriam</strong></span> <span class='ocrx_word' id='word_1_418' title='bbox 471 5649 646 5705; x_wconf 74' lang='lat' dir='ltr'><strong>beatae</strong></span> <span class='ocrx_word' id='word_1_419' title='bbox 685 5646 964 5718; x_wconf 79' lang='lat' dir='ltr'><strong>genitricis</strong></span> <span class='ocrx_word' id='word_1_420' title='bbox 1010 5645 1192 5699; x_wconf 72' lang='lat' dir='ltr'><strong>Maria:</strong></span> <span class='ocrx_word' id='word_1_421' title='bbox 1223 5642 1515 5712; x_wconf 89' lang='lat' dir='ltr'><strong>antiphona</strong></span> <span class='ocrx_word' id='word_1_422' title='bbox 1558 5659 1680 5713; x_wconf 71' lang='lat' dir='ltr'><strong>qua:</strong></span> 
     </span>
    </p>
   </div>
   <div class='ocr_carea' id='block_1_61' title="bbox 159 5724 1680 5813">
    <p class='ocr_par' dir='ltr' id='par_1_61' title="bbox 159 5724 1680 5813">
     <span class='ocr_line' id='line_1_61' title="bbox 159 5724 1680 5813; baseline 0.009 -33"><span class='ocrx_word' id='word_1_423' title='bbox 159 5724 332 5802; x_wconf 87' lang='lat' dir='ltr'><strong>dicitur,</strong></span> <span class='ocrx_word' id='word_1_424' title='bbox 354 5739 497 5798; x_wconf 77' lang='lat' dir='ltr'><strong>Salve</strong></span> <span class='ocrx_word' id='word_1_425' title='bbox 527 5742 749 5813; x_wconf 82' lang='lat' dir='ltr'><strong>Regina,</strong></span> <span class='ocrx_word' id='word_1_426' title='bbox 785 5740 978 5804; x_wconf 79' lang='lat' dir='ltr'><strong>Mater,</strong></span> <span class='ocrx_word' id='word_1_427' title='bbox 1004 5748 1137 5805; x_wconf 90' lang='lat' dir='ltr'><strong>etc.,</strong></span> <span class='ocrx_word' id='word_1_428' title='bbox 1157 5736 1510 5808; x_wconf 89' lang='lat' dir='ltr'><strong>completorio</strong></span> <span class='ocrx_word' id='word_1_429' title='bbox 1529 5735 1680 5793; x_wconf 79' lang='lat' dir='ltr'><strong>linito</strong></span> 
     </span>
    </p>
   </div>
   <div class='ocr_carea' id='block_1_62' title="bbox 159 5818 1675 5899">
    <p class='ocr_par' dir='ltr' id='par_1_62' title="bbox 159 5818 1675 5899">
     <span class='ocr_line' id='line_1_62' title="bbox 159 5818 1675 5899; baseline 0.003 -20"><span class='ocrx_word' id='word_1_430' title='bbox 159 5818 345 5893; x_wconf 77' lang='lat' dir='ltr'><strong>dicatur.</strong></span> <span class='ocrx_word' id='word_1_431' title='bbox 357 5846 404 5893; x_wconf 85' lang='lat' dir='ltr'><strong>et</strong></span> <span class='ocrx_word' id='word_1_432' title='bbox 417 5836 732 5899; x_wconf 83' lang='lat' dir='ltr'><strong>decantetur</strong></span> <span class='ocrx_word' id='word_1_433' title='bbox 748 5853 777 5891; x_wconf 85' lang='lat' dir='ltr'><strong>a</strong></span> <span class='ocrx_word' id='word_1_434' title='bbox 794 5834 1055 5891; x_wconf 71' lang='lat' dir='ltr'><strong>fratribus</strong></span> <span class='ocrx_word' id='word_1_435' title='bbox 1078 5826 1675 5897; x_wconf 81' lang='lat' dir='ltr'><strong>ibidem‘existentihus.</strong></span> 
     </span>
    </p>
   </div>
   <div class='ocr_carea' id='block_1_63' title="bbox 1786 593 3367 668">
    <p class='ocr_par' dir='ltr' id='par_1_63' title="bbox 1786 593 3367 668">
     <span class='ocr_line' id='line_1_63' title="bbox 1786 593 3367 668; baseline -0.003 -16"><span class='ocrx_word' id='word_1_436' title='bbox 1786 596 2231 668; x_wconf 67' lang='lat' dir='ltr'><strong>deditpraadictis</strong></span> <span class='ocrx_word' id='word_1_437' title='bbox 2262 593 2549 665; x_wconf 80' lang='lat' dir='ltr'><strong>religiosis,</strong></span> <span class='ocrx_word' id='word_1_438' title='bbox 2600 596 2668 650; x_wconf 85' lang='lat' dir='ltr'><strong>ad</strong></span> <span class='ocrx_word' id='word_1_439' title='bbox 2717 593 2951 649; x_wconf 72' lang='lat' dir='ltr'><strong>cilicium</strong></span> <span class='ocrx_word' id='word_1_440' title='bbox 2984 593 3367 663; x_wconf 90' lang='lat' dir='ltr'><strong>pitanciarum,</strong></span> 
     </span>
    </p>
   </div>
   <div class='ocr_carea' id='block_1_64' title="bbox 1786 683 3369 757">
    <p class='ocr_par' dir='ltr' id='par_1_64' title="bbox 1786 683 3369 757">
     <span class='ocr_line' id='line_1_64' title="bbox 1786 683 3369 757; baseline -0.004 -13"><span class='ocrx_word' id='word_1_441' title='bbox 1786 698 1988 744; x_wconf 85' lang='lat' dir='ltr'><strong>certam</strong></span> <span class='ocrx_word' id='word_1_442' title='bbox 2020 696 2227 757; x_wconf 90' lang='lat' dir='ltr'><strong>partem</strong></span> <span class='ocrx_word' id='word_1_443' title='bbox 2259 686 2503 749; x_wconf 61' lang='lat' dir='ltr'><strong>decima),</strong></span> <span class='ocrx_word' id='word_1_444' title='bbox 2555 700 2717 755; x_wconf 85' lang='lat' dir='ltr'><strong>quam</strong></span> <span class='ocrx_word' id='word_1_445' title='bbox 2769 683 3079 739; x_wconf 87' lang='lat' dir='ltr'><strong>habebatin</strong></span> <span class='ocrx_word' id='word_1_446' title='bbox 3112 683 3369 753; x_wconf 86' lang='lat' dir='ltr'><strong>parochia</strong></span> 
     </span>
    </p>
   </div>
   <div class='ocr_carea' id='block_1_65' title="bbox 1785 776 3370 851">
    <p class='ocr_par' dir='ltr' id='par_1_65' title="bbox 1785 776 3370 851">
     <span class='ocr_line' id='line_1_65' title="bbox 1785 776 3370 851; baseline -0.006 -14"><span class='ocrx_word' id='word_1_447' title='bbox 1785 782 1850 837; x_wconf 90' lang='lat' dir='ltr'><strong>de</strong></span> <span class='ocrx_word' id='word_1_448' title='bbox 1877 780 2300 851; x_wconf 87' lang='lat' dir='ltr'><strong>Grandicampo,</strong></span> <span class='ocrx_word' id='word_1_449' title='bbox 2330 778 2521 836; x_wconf 88' lang='lat' dir='ltr'><strong>solutis</strong></span> <span class='ocrx_word' id='word_1_450' title='bbox 2545 779 2733 834; x_wconf 89' lang='lat' dir='ltr'><strong>decem</strong></span> <span class='ocrx_word' id='word_1_451' title='bbox 2781 776 2934 832; x_wconf 87' lang='lat' dir='ltr'><strong>libris</strong></span> <span class='ocrx_word' id='word_1_452' title='bbox 2958 776 3224 843; x_wconf 87' lang='lat' dir='ltr'><strong>redditus,</strong></span> <span class='ocrx_word' id='word_1_453' title='bbox 3249 790 3370 845; x_wconf 84' lang='lat' dir='ltr'><strong>quae</strong></span> 
     </span>
    </p>
   </div>
   <div class='ocr_carea' id='block_1_66' title="bbox 1783 856 3385 941">
    <p class='ocr_par' dir='ltr' id='par_1_66' title="bbox 1783 856 3385 941">
     <span class='ocr_line' id='line_1_66' title="bbox 1783 856 3385 941; baseline -0.005 -14"><span class='ocrx_word' id='word_1_454' title='bbox 1783 886 1949 940; x_wconf 90' lang='lat' dir='ltr'><strong>srrper</strong></span> <span class='ocrx_word' id='word_1_455' title='bbox 1966 872 2070 927; x_wconf 93' lang='lat' dir='ltr'><strong>hoc</strong></span> <span class='ocrx_word' id='word_1_456' title='bbox 2098 872 2365 926; x_wconf 88' lang='lat' dir='ltr'><strong>debentur</strong></span> <span class='ocrx_word' id='word_1_457' title='bbox 2400 870 2567 941; x_wconf 88' lang='lat' dir='ltr'><strong>priori</strong></span> <span class='ocrx_word' id='word_1_458' title='bbox 2594 869 2660 925; x_wconf 90' lang='lat' dir='ltr'><strong>de</strong></span> <span class='ocrx_word' id='word_1_459' title='bbox 2689 867 3014 938; x_wconf 81' lang='lat' dir='ltr'><strong>Malopassu.</strong></span> <span class='ocrx_word' id='word_1_460' title='bbox 3384 856 3385 859; x_wconf 43' lang='grc'><em>“</em></span> 
     </span>
    </p>
   </div>
   <div class='ocr_carea' id='block_1_67' title="bbox 1854 957 3370 1031">
    <p class='ocr_par' dir='ltr' id='par_1_67' title="bbox 1854 957 3370 1031">
     <span class='ocr_line' id='line_1_67' title="bbox 1854 957 3370 1031; baseline -0.004 -17"><span class='ocrx_word' id='word_1_461' title='bbox 1854 960 2122 1030; x_wconf 88' lang='lat' dir='ltr'><strong>Tempore</strong></span> <span class='ocrx_word' id='word_1_462' title='bbox 2149 960 2393 1031; x_wconf 68' lang='lat' dir='ltr'><strong>praedicti</strong></span> <span class='ocrx_word' id='word_1_463' title='bbox 2423 959 2655 1025; x_wconf 87' lang='lat' dir='ltr'><strong>abbatis,</strong></span> <span class='ocrx_word' id='word_1_464' title='bbox 2678 973 2820 1013; x_wconf 91' lang='lat' dir='ltr'><strong>anno</strong></span> <span class='ocrx_word' id='word_1_465' title='bbox 2836 957 3124 1012; x_wconf 90' lang='lat' dir='ltr'><strong>millesimo</strong></span> <span class='ocrx_word' id='word_1_466' title='bbox 3152 963 3370 1011; x_wconf 84' lang='lat' dir='ltr'><strong>trecen-</strong></span> 
     </span>
    </p>
   </div>
   <div class='ocr_carea' id='block_1_68' title="bbox 1784 1046 3375 1120">
    <p class='ocr_par' dir='ltr' id='par_1_68' title="bbox 1784 1046 3375 1120">
     <span class='ocr_line' id='line_1_68' title="bbox 1784 1046 3375 1120; baseline -0.004 -14"><span class='ocrx_word' id='word_1_467' title='bbox 1784 1052 1977 1107; x_wconf 84' lang='lat' dir='ltr'><strong>tesimo</strong></span> <span class='ocrx_word' id='word_1_468' title='bbox 1995 1052 2407 1120; x_wconf 86' lang='lat' dir='ltr'><strong>quadragesimo</strong></span> <span class='ocrx_word' id='word_1_469' title='bbox 2433 1052 2643 1120; x_wconf 90' lang='lat' dir='ltr'><strong>quinto,</strong></span> <span class='ocrx_word' id='word_1_470' title='bbox 2670 1049 2885 1105; x_wconf 91' lang='lat' dir='ltr'><strong>domina</strong></span> <span class='ocrx_word' id='word_1_471' title='bbox 2905 1048 3071 1102; x_wconf 88' lang='lat' dir='ltr'><strong>Maria</strong></span> <span class='ocrx_word' id='word_1_472' title='bbox 3086 1048 3152 1102; x_wconf 88' lang='lat' dir='ltr'><strong>de</strong></span> <span class='ocrx_word' id='word_1_473' title='bbox 3179 1046 3375 1116; x_wconf 83' lang='lat' dir='ltr'><strong>Hispa-</strong></span> 
     </span>
    </p>
   </div>
   <div class='ocr_carea' id='block_1_69' title="bbox 1784 1140 3383 1211">
    <p class='ocr_par' dir='ltr' id='par_1_69' title="bbox 1784 1140 3383 1211">
     <span class='ocr_line' id='line_1_69' title="bbox 1784 1140 3383 1211; baseline -0.006 -11"><span class='ocrx_word' id='word_1_474' title='bbox 1784 1145 1871 1200; x_wconf 91' lang='lat' dir='ltr'><strong>nia</strong></span> <span class='ocrx_word' id='word_1_475' title='bbox 1913 1144 2189 1200; x_wconf 88' lang='lat' dir='ltr'><strong>cornitissa</strong></span> <span class='ocrx_word' id='word_1_476' title='bbox 2218 1145 2284 1199; x_wconf 89' lang='lat' dir='ltr'><strong>de</strong></span> <span class='ocrx_word' id='word_1_477' title='bbox 2310 1144 2646 1210; x_wconf 79' lang='lat' dir='ltr'><strong>Allenconio.</strong></span> <span class='ocrx_word' id='word_1_478' title='bbox 2670 1142 2736 1198; x_wconf 90' lang='lat' dir='ltr'><strong>de</strong></span> <span class='ocrx_word' id='word_1_479' title='bbox 2763 1142 3021 1211; x_wconf 90' lang='lat' dir='ltr'><strong>Stampis,</strong></span> <span class='ocrx_word' id='word_1_480' title='bbox 3051 1140 3197 1194; x_wconf 87' lang='lat' dir='ltr'><strong>dedit</strong></span> <span class='ocrx_word' id='word_1_481' title='bbox 3228 1154 3383 1209; x_wconf 45' lang='lat' dir='ltr'><strong>prae-5</strong></span> 
     </span>
    </p>
   </div>
   <div class='ocr_carea' id='block_1_70' title="bbox 1783 1233 3371 1306">
    <p class='ocr_par' dir='ltr' id='par_1_70' title="bbox 1783 1233 3371 1306">
     <span class='ocr_line' id='line_1_70' title="bbox 1783 1233 3371 1306; baseline -0.008 -13"><span class='ocrx_word' id='word_1_482' title='bbox 1783 1238 1942 1293; x_wconf 90' lang='lat' dir='ltr'><strong>dictis</strong></span> <span class='ocrx_word' id='word_1_483' title='bbox 1974 1236 2238 1306; x_wconf 81' lang='lat' dir='ltr'><strong>religiosis</strong></span> <span class='ocrx_word' id='word_1_484' title='bbox 2288 1237 2612 1306; x_wconf 86' lang='lat' dir='ltr'><strong>quingentas</strong></span> <span class='ocrx_word' id='word_1_485' title='bbox 2663 1234 2830 1289; x_wconf 87' lang='lat' dir='ltr'><strong>libras</strong></span> <span class='ocrx_word' id='word_1_486' title='bbox 2876 1233 3219 1287; x_wconf 86' lang='lat' dir='ltr'><strong>Turonenses</strong></span> <span class='ocrx_word' id='word_1_487' title='bbox 3272 1244 3371 1306; x_wconf 77' lang='lat' dir='ltr'><strong>pro</strong></span> 
     </span>
    </p>
   </div>
   <div class='ocr_carea' id='block_1_71' title="bbox 1781 1298 3370 1397">
    <p class='ocr_par' dir='ltr' id='par_1_71' title="bbox 1781 1298 3370 1397">
     <span class='ocr_line' id='line_1_71' title="bbox 1781 1298 3370 1397; baseline -0.006 -15"><span class='ocrx_word' id='word_1_488' title='bbox 1781 1329 2025 1384; x_wconf 89' lang='lat' dir='ltr'><strong>emendis</strong></span> <span class='ocrx_word' id='word_1_489' title='bbox 2053 1328 2409 1397; x_wconf 79' lang='lat' dir='ltr'><strong>quadraginta</strong></span> <span class='ocrx_word' id='word_1_490' title='bbox 2468 1326 2621 1381; x_wconf 89' lang='lat' dir='ltr'><strong>libris</strong></span> <span class='ocrx_word' id='word_1_491' title='bbox 2648 1325 2912 1388; x_wconf 88' lang='lat' dir='ltr'><strong>redditus,</strong></span> <span class='ocrx_word' id='word_1_492' title='bbox 2938 1322 3215 1394; x_wconf 66' lang='lat' dir='ltr'><strong>praedictis</strong></span> <span class='ocrx_word' id='word_1_493' title='bbox 3240 1298 3370 1374; x_wconf 54' lang='lat' dir='ltr'><strong>reli:</strong></span> 
     </span>
    </p>
   </div>
   <div class='ocr_carea' id='block_1_72' title="bbox 1781 1413 3371 1494">
    <p class='ocr_par' dir='ltr' id='par_1_72' title="bbox 1781 1413 3371 1494">
     <span class='ocr_line' id='line_1_72' title="bbox 1781 1413 3371 1494; baseline -0.008 -19"><span class='ocrx_word' id='word_1_494' title='bbox 1781 1423 1948 1494; x_wconf 82' lang='lat' dir='ltr'><strong>giosis</strong></span> <span class='ocrx_word' id='word_1_495' title='bbox 1970 1420 2355 1476; x_wconf 86' lang='lat' dir='ltr'><strong>claustralibus</strong></span> <span class='ocrx_word' id='word_1_496' title='bbox 2381 1418 2787 1479; x_wconf 86' lang='lat' dir='ltr'><strong>distribuendis,</strong></span> <span class='ocrx_word' id='word_1_497' title='bbox 2818 1430 2916 1486; x_wconf 91' lang='lat' dir='ltr'><strong>per</strong></span> <span class='ocrx_word' id='word_1_498' title='bbox 2944 1428 3164 1468; x_wconf 91' lang='lat' dir='ltr'><strong>manum</strong></span> <span class='ocrx_word' id='word_1_499' title='bbox 3193 1413 3371 1482; x_wconf 84' lang='lat' dir='ltr'><strong>p&#39;tau-</strong></span> 
     </span>
    </p>
   </div>
   <div class='ocr_carea' id='block_1_73' title="bbox 1782 1501 3387 1582">
    <p class='ocr_par' dir='ltr' id='par_1_73' title="bbox 1782 1501 3387 1582">
     <span class='ocr_line' id='line_1_73' title="bbox 1782 1501 3387 1582; baseline -0.009 -14"><span class='ocrx_word' id='word_1_500' title='bbox 1782 1514 1956 1580; x_wconf 75' lang='lat' dir='ltr'><strong>eiar-ii,</strong></span> <span class='ocrx_word' id='word_1_501' title='bbox 1989 1522 2045 1566; x_wconf 91' lang='lat' dir='ltr'><strong>ut</strong></span> <span class='ocrx_word' id='word_1_502' title='bbox 2076 1512 2315 1582; x_wconf 86' lang='lat' dir='ltr'><strong>quolibet</strong></span> <span class='ocrx_word' id='word_1_503' title='bbox 2368 1510 2455 1566; x_wconf 90' lang='lat' dir='ltr'><strong>die</strong></span> <span class='ocrx_word' id='word_1_504' title='bbox 2505 1525 2601 1580; x_wconf 84' lang='lat' dir='ltr'><strong>per</strong></span> <span class='ocrx_word' id='word_1_505' title='bbox 2643 1508 2817 1563; x_wconf 84' lang='lat' dir='ltr'><strong>dictos</strong></span> <span class='ocrx_word' id='word_1_506' title='bbox 2878 1504 3157 1574; x_wconf 88' lang='lat' dir='ltr'><strong>religiosos</strong></span> <span class='ocrx_word' id='word_1_507' title='bbox 3204 1501 3387 1579; x_wconf 81' lang='lat' dir='ltr'><strong>missa</strong></span> 
     </span>
    </p>
   </div>
   <div class='ocr_carea' id='block_1_74' title="bbox 1782 1590 3368 1672">
    <p class='ocr_par' dir='ltr' id='par_1_74' title="bbox 1782 1590 3368 1672">
     <span class='ocr_line' id='line_1_74' title="bbox 1782 1590 3368 1672; baseline -0.005 -13"><span class='ocrx_word' id='word_1_508' title='bbox 1782 1590 2150 1659; x_wconf 85' lang='lat' dir='ltr'><strong>celebraretur</strong></span> <span class='ocrx_word' id='word_1_509' title='bbox 2180 1604 2232 1657; x_wconf 93' lang='lat' dir='ltr'><strong>in</strong></span> <span class='ocrx_word' id='word_1_510' title='bbox 2257 1601 2460 1672; x_wconf 89' lang='lat' dir='ltr'><strong>capella</strong></span> <span class='ocrx_word' id='word_1_511' title='bbox 2507 1601 2684 1654; x_wconf 81' lang='lat' dir='ltr'><strong>Deatae</strong></span> <span class='ocrx_word' id='word_1_512' title='bbox 2731 1597 2919 1652; x_wconf 68' lang='lat' dir='ltr'><strong>Maria:</strong></span> <span class='ocrx_word' id='word_1_513' title='bbox 2962 1597 3028 1651; x_wconf 92' lang='lat' dir='ltr'><strong>de</strong></span> <span class='ocrx_word' id='word_1_514' title='bbox 3084 1610 3222 1649; x_wconf 88' lang='lat' dir='ltr'><strong>novo</strong></span> <span class='ocrx_word' id='word_1_515' title='bbox 3244 1594 3368 1651; x_wconf 79' lang='lat' dir='ltr'><strong>fun-</strong></span> 
     </span>
    </p>
   </div>
   <div class='ocr_carea' id='block_1_75' title="bbox 1782 1687 3371 1765">
    <p class='ocr_par' dir='ltr' id='par_1_75' title="bbox 1782 1687 3371 1765">
     <span class='ocr_line' id='line_1_75' title="bbox 1782 1687 3371 1765; baseline -0.007 -13"><span class='ocrx_word' id='word_1_516' title='bbox 1782 1697 1937 1761; x_wconf 78' lang='lat' dir='ltr'><strong>data;</strong></span> <span class='ocrx_word' id='word_1_517' title='bbox 1977 1711 2097 1765; x_wconf 79' lang='lat' dir='ltr'><strong>quae</strong></span> <span class='ocrx_word' id='word_1_518' title='bbox 2141 1710 2354 1750; x_wconf 91' lang='lat' dir='ltr'><strong>summa</strong></span> <span class='ocrx_word' id='word_1_519' title='bbox 2406 1693 2600 1753; x_wconf 89' lang='lat' dir='ltr'><strong>tradita</strong></span> <span class='ocrx_word' id='word_1_520' title='bbox 2655 1690 2757 1745; x_wconf 81' lang='lat' dir='ltr'><strong>fuit</strong></span> <span class='ocrx_word' id='word_1_521' title='bbox 2801 1689 2967 1760; x_wconf 89' lang='lat' dir='ltr'><strong>priori</strong></span> <span class='ocrx_word' id='word_1_522' title='bbox 2990 1689 3055 1744; x_wconf 90' lang='lat' dir='ltr'><strong>de</strong></span> <span class='ocrx_word' id='word_1_523' title='bbox 3085 1687 3270 1754; x_wconf 87' lang='lat' dir='ltr'><strong>Prato,</strong></span> <span class='ocrx_word' id='word_1_524' title='bbox 3311 1696 3371 1741; x_wconf 89' lang='lat' dir='ltr'><strong>ut</strong></span> 
     </span>
    </p>
   </div>
   <div class='ocr_carea' id='block_1_76' title="bbox 1782 1764 3387 1856">
    <p class='ocr_par' dir='ltr' id='par_1_76' title="bbox 1782 1764 3387 1856">
     <span class='ocr_line' id='line_1_76' title="bbox 1782 1764 3387 1856; baseline -0.005 -14"><span class='ocrx_word' id='word_1_525' title='bbox 1782 1788 1941 1844; x_wconf 90' lang='lat' dir='ltr'><strong>dictis</strong></span> <span class='ocrx_word' id='word_1_526' title='bbox 1998 1764 2266 1856; x_wconf 83' lang='lat' dir='ltr'><strong>religiosis</strong></span> <span class='ocrx_word' id='word_1_527' title='bbox 2340 1784 2575 1841; x_wconf 87' lang='lat' dir='ltr'><strong>solveret</strong></span> <span class='ocrx_word' id='word_1_528' title='bbox 2625 1783 2945 1855; x_wconf 63' lang='lat' dir='ltr'><strong>praedictum</strong></span> <span class='ocrx_word' id='word_1_529' title='bbox 3005 1780 3273 1837; x_wconf 88' lang='lat' dir='ltr'><strong>redditum</strong></span> <span class='ocrx_word' id='word_1_530' title='bbox 3317 1764 3387 1835; x_wconf 49' lang='lat' dir='ltr'><strong>in&quot;</strong></span> 
     </span>
    </p>
   </div>
   <div class='ocr_carea' id='block_1_77' title="bbox 1780 1870 3383 1951">
    <p class='ocr_par' dir='ltr' id='par_1_77' title="bbox 1780 1870 3383 1951">
     <span class='ocr_line' id='line_1_77' title="bbox 1780 1870 3383 1951; baseline -0.005 -18"><span class='ocrx_word' id='word_1_531' title='bbox 1780 1890 2013 1951; x_wconf 89' lang='lat' dir='ltr'><strong>quatuor</strong></span> <span class='ocrx_word' id='word_1_532' title='bbox 2075 1877 2323 1935; x_wconf 85' lang='lat' dir='ltr'><strong>terminis</strong></span> <span class='ocrx_word' id='word_1_533' title='bbox 2374 1876 2558 1932; x_wconf 86' lang='lat' dir='ltr'><strong>Sancti</strong></span> <span class='ocrx_word' id='word_1_534' title='bbox 2610 1874 2836 1932; x_wconf 85' lang='lat' dir='ltr'><strong>Joannis</strong></span> <span class='ocrx_word' id='word_1_535' title='bbox 2882 1873 3154 1944; x_wconf 63' lang='lat' dir='ltr'><strong>Baptistae,</strong></span> <span class='ocrx_word' id='word_1_536' title='bbox 3187 1870 3383 1945; x_wconf 88' lang='lat' dir='ltr'><strong>Sancti</strong></span> 
     </span>
    </p>
   </div>
   <div class='ocr_carea' id='block_1_78' title="bbox 1780 1952 3385 2039">
    <p class='ocr_par' dir='ltr' id='par_1_78' title="bbox 1780 1952 3385 2039">
     <span class='ocr_line' id='line_1_78' title="bbox 1780 1952 3385 2039; baseline -0.008 -11"><span class='ocrx_word' id='word_1_537' title='bbox 1780 1972 2076 2038; x_wconf 85' lang='lat' dir='ltr'><strong>Michaelis,</strong></span> <span class='ocrx_word' id='word_1_538' title='bbox 2134 1970 2445 2029; x_wconf 87' lang='lat' dir='ltr'><strong>Nativitatis</strong></span> <span class='ocrx_word' id='word_1_539' title='bbox 2506 1967 2719 2025; x_wconf 89' lang='lat' dir='ltr'><strong>Domini</strong></span> <span class='ocrx_word' id='word_1_540' title='bbox 2754 1975 2809 2022; x_wconf 85' lang='lat' dir='ltr'><strong>et</strong></span> <span class='ocrx_word' id='word_1_541' title='bbox 2836 1965 3097 2029; x_wconf 84' lang='lat' dir='ltr'><strong>Paschae;</strong></span> <span class='ocrx_word' id='word_1_542' title='bbox 3131 1952 3385 2039; x_wconf 22' lang='lat' dir='ltr'><strong>quolibet-</strong></span> 
     </span>
    </p>
   </div>
   <div class='ocr_carea' id='block_1_79' title="bbox 1782 2052 3373 2130">
    <p class='ocr_par' dir='ltr' id='par_1_79' title="bbox 1782 2052 3373 2130">
     <span class='ocr_line' id='line_1_79' title="bbox 1782 2052 3373 2130; baseline -0.006 -11"><span class='ocrx_word' id='word_1_543' title='bbox 1782 2052 2013 2121; x_wconf 80' lang='lat' dir='ltr'><strong>termino</strong></span> <span class='ocrx_word' id='word_1_544' title='bbox 2053 2068 2260 2120; x_wconf 83' lang='lat' dir='ltr'><strong>decem.</strong></span> <span class='ocrx_word' id='word_1_545' title='bbox 2296 2063 2361 2117; x_wconf 87' lang='lat' dir='ltr'><strong>Et</strong></span> <span class='ocrx_word' id='word_1_546' title='bbox 2392 2062 2476 2117; x_wconf 87' lang='lat' dir='ltr'><strong>his</strong></span> <span class='ocrx_word' id='word_1_547' title='bbox 2501 2060 2832 2130; x_wconf 87' lang='lat' dir='ltr'><strong>temporibus</strong></span> <span class='ocrx_word' id='word_1_548' title='bbox 2869 2058 3055 2123; x_wconf 90' lang='lat' dir='ltr'><strong>missa,</strong></span> <span class='ocrx_word' id='word_1_549' title='bbox 3099 2071 3219 2126; x_wconf 82' lang='lat' dir='ltr'><strong>quae</strong></span> <span class='ocrx_word' id='word_1_550' title='bbox 3246 2070 3373 2127; x_wconf 85' lang='lat' dir='ltr'><strong>quo-</strong></span> 
     </span>
    </p>
   </div>
   <div class='ocr_carea' id='block_1_80' title="bbox 1782 2134 3385 2227">
    <p class='ocr_par' dir='ltr' id='par_1_80' title="bbox 1782 2134 3385 2227">
     <span class='ocr_line' id='line_1_80' title="bbox 1782 2134 3385 2227; baseline -0.009 -16"><span class='ocrx_word' id='word_1_551' title='bbox 1782 2157 1909 2211; x_wconf 87' lang='lat' dir='ltr'><strong>tidie</strong></span> <span class='ocrx_word' id='word_1_552' title='bbox 1938 2157 2244 2211; x_wconf 83' lang='lat' dir='ltr'><strong>celebratur</strong></span> <span class='ocrx_word' id='word_1_553' title='bbox 2259 2171 2358 2225; x_wconf 90' lang='lat' dir='ltr'><strong>pro</strong></span> <span class='ocrx_word' id='word_1_554' title='bbox 2374 2152 2813 2223; x_wconf 79' lang='lat' dir='ltr'><strong>congregatione,</strong></span> <span class='ocrx_word' id='word_1_555' title='bbox 2844 2150 2896 2205; x_wconf 93' lang='lat' dir='ltr'><strong>in</strong></span> <span class='ocrx_word' id='word_1_556' title='bbox 2921 2151 3186 2227; x_wconf 84' lang='lat' dir='ltr'><strong>honorem</strong></span> <span class='ocrx_word' id='word_1_557' title='bbox 3202 2134 3385 2200; x_wconf 38' lang='lat' dir='ltr'><strong>beatre&#39;</strong></span> 
     </span>
    </p>
   </div>
   <div class='ocr_carea' id='block_1_81' title="bbox 1778 2239 3370 2319">
    <p class='ocr_par' dir='ltr' id='par_1_81' title="bbox 1778 2239 3370 2319">
     <span class='ocr_line' id='line_1_81' title="bbox 1778 2239 3370 2319; baseline -0.01 -14"><span class='ocrx_word' id='word_1_558' title='bbox 1778 2250 2019 2319; x_wconf 69' lang='lat' dir='ltr'><strong>Virginis</strong></span> <span class='ocrx_word' id='word_1_559' title='bbox 2070 2250 2137 2304; x_wconf 89' lang='lat' dir='ltr'><strong>de</strong></span> <span class='ocrx_word' id='word_1_560' title='bbox 2172 2264 2349 2311; x_wconf 88' lang='lat' dir='ltr'><strong>mane,</strong></span> <span class='ocrx_word' id='word_1_561' title='bbox 2383 2246 2546 2316; x_wconf 71' lang='lat' dir='ltr'><strong>erepit</strong></span> <span class='ocrx_word' id='word_1_562' title='bbox 2586 2247 2786 2299; x_wconf 79' lang='lat' dir='ltr'><strong>habere</strong></span> <span class='ocrx_word' id='word_1_563' title='bbox 2817 2242 3073 2304; x_wconf 88' lang='lat' dir='ltr'><strong>initium;</strong></span> <span class='ocrx_word' id='word_1_564' title='bbox 3112 2239 3179 2293; x_wconf 88' lang='lat' dir='ltr'><strong>ad</strong></span> <span class='ocrx_word' id='word_1_565' title='bbox 3208 2250 3370 2307; x_wconf 85' lang='lat' dir='ltr'><strong>quam</strong></span> 
     </span>
    </p>
   </div>
   <div class='ocr_carea' id='block_1_82' title="bbox 1781 2320 3385 2404">
    <p class='ocr_par' dir='ltr' id='par_1_82' title="bbox 1781 2320 3385 2404">
     <span class='ocr_line' id='line_1_82' title="bbox 1781 2320 3385 2404; baseline -0.009 -8"><span class='ocrx_word' id='word_1_566' title='bbox 1781 2343 2004 2397; x_wconf 89' lang='lat' dir='ltr'><strong>missam</strong></span> <span class='ocrx_word' id='word_1_567' title='bbox 2047 2340 2425 2395; x_wconf 87' lang='lat' dir='ltr'><strong>accenduntur</strong></span> <span class='ocrx_word' id='word_1_568' title='bbox 2468 2334 2708 2404; x_wconf 88' lang='lat' dir='ltr'><strong>quotidie</strong></span> <span class='ocrx_word' id='word_1_569' title='bbox 2732 2331 2919 2401; x_wconf 79' lang='lat' dir='ltr'><strong>viginti</strong></span> <span class='ocrx_word' id='word_1_570' title='bbox 2964 2338 3197 2400; x_wconf 90' lang='lat' dir='ltr'><strong>quatuor</strong></span> <span class='ocrx_word' id='word_1_571' title='bbox 3225 2320 3385 2382; x_wconf 78' lang='lat' dir='ltr'><strong>cerei</strong></span> 
     </span>
    </p>
   </div>
   <div class='ocr_carea' id='block_1_83' title="bbox 1780 2422 3374 2504">
    <p class='ocr_par' dir='ltr' id='par_1_83' title="bbox 1780 2422 3374 2504">
     <span class='ocr_line' id='line_1_83' title="bbox 1780 2422 3374 2504; baseline -0.011 -16"><span class='ocrx_word' id='word_1_572' title='bbox 1780 2434 1847 2488; x_wconf 87' lang='lat' dir='ltr'><strong>de</strong></span> <span class='ocrx_word' id='word_1_573' title='bbox 1872 2433 2070 2504; x_wconf 91' lang='lat' dir='ltr'><strong>quibus</strong></span> <span class='ocrx_word' id='word_1_574' title='bbox 2098 2430 2347 2486; x_wconf 88' lang='lat' dir='ltr'><strong>dominrrs</strong></span> <span class='ocrx_word' id='word_1_575' title='bbox 2383 2428 2551 2482; x_wconf 83' lang='lat' dir='ltr'><strong>abbas</strong></span> <span class='ocrx_word' id='word_1_576' title='bbox 2580 2425 2742 2480; x_wconf 89' lang='lat' dir='ltr'><strong>debet</strong></span> <span class='ocrx_word' id='word_1_577' title='bbox 2794 2422 3005 2479; x_wconf 85' lang='lat' dir='ltr'><strong>solvere</strong></span> <span class='ocrx_word' id='word_1_578' title='bbox 3027 2428 3282 2492; x_wconf 89' lang='lat' dir='ltr'><strong>quatuor,</strong></span> <span class='ocrx_word' id='word_1_579' title='bbox 3317 2425 3374 2471; x_wconf 82' lang='lat' dir='ltr'><strong>et</strong></span> 
     </span>
    </p>
   </div>
   <div class='ocr_carea' id='block_1_84' title="bbox 1779 2509 3369 2590">
    <p class='ocr_par' dir='ltr' id='par_1_84' title="bbox 1779 2509 3369 2590">
     <span class='ocr_line' id='line_1_84' title="bbox 1779 2509 3369 2590; baseline -0.014 -9"><span class='ocrx_word' id='word_1_580' title='bbox 1779 2526 1868 2581; x_wconf 89' lang='lat' dir='ltr'><strong>alii</strong></span> <span class='ocrx_word' id='word_1_581' title='bbox 1900 2525 2086 2580; x_wconf 88' lang='lat' dir='ltr'><strong>decem</strong></span> <span class='ocrx_word' id='word_1_582' title='bbox 2116 2520 2382 2584; x_wconf 73' lang='lat' dir='ltr'><strong>oliiciarii,</strong></span> <span class='ocrx_word' id='word_1_583' title='bbox 2411 2518 2636 2590; x_wconf 89' lang='lat' dir='ltr'><strong>quilibet</strong></span> <span class='ocrx_word' id='word_1_584' title='bbox 2672 2518 2806 2573; x_wconf 90' lang='lat' dir='ltr'><strong>duos</strong></span> <span class='ocrx_word' id='word_1_585' title='bbox 2833 2532 2846 2580; x_wconf 89' lang='lat'><strong>;</strong></span> <span class='ocrx_word' id='word_1_586' title='bbox 2899 2522 2954 2570; x_wconf 91' lang='lat' dir='ltr'><strong>et</strong></span> <span class='ocrx_word' id='word_1_587' title='bbox 2977 2514 3044 2567; x_wconf 92' lang='lat' dir='ltr'><strong>ad</strong></span> <span class='ocrx_word' id='word_1_588' title='bbox 3088 2509 3369 2583; x_wconf 88' lang='lat' dir='ltr'><strong>populum,</strong></span> 
     </span>
    </p>
   </div>
   <div class='ocr_carea' id='block_1_85' title="bbox 1782 2598 3373 2685">
    <p class='ocr_par' dir='ltr' id='par_1_85' title="bbox 1782 2598 3373 2685">
     <span class='ocr_line' id='line_1_85' title="bbox 1782 2598 3373 2685; baseline -0.013 -13"><span class='ocrx_word' id='word_1_589' title='bbox 1782 2616 2087 2685; x_wconf 83' lang='lat' dir='ltr'><strong>fratresque</strong></span> <span class='ocrx_word' id='word_1_590' title='bbox 2109 2612 2449 2674; x_wconf 83' lang='lat' dir='ltr'><strong>excitandos,</strong></span> <span class='ocrx_word' id='word_1_591' title='bbox 2477 2607 2724 2680; x_wconf 87' lang='lat' dir='ltr'><strong>pulsatur</strong></span> <span class='ocrx_word' id='word_1_592' title='bbox 2758 2620 2882 2662; x_wconf 91' lang='lat' dir='ltr'><strong>cum</strong></span> <span class='ocrx_word' id='word_1_593' title='bbox 2913 2619 3019 2658; x_wconf 90' lang='lat' dir='ltr'><strong>una</strong></span> <span class='ocrx_word' id='word_1_594' title='bbox 3051 2602 3118 2658; x_wconf 90' lang='lat' dir='ltr'><strong>de</strong></span> <span class='ocrx_word' id='word_1_595' title='bbox 3147 2598 3373 2670; x_wconf 81' lang='lat' dir='ltr'><strong>majori-</strong></span> 
     </span>
    </p>
   </div>
   <div class='ocr_carea' id='block_1_86' title="bbox 1779 2704 2198 2773">
    <p class='ocr_par' dir='ltr' id='par_1_86' title="bbox 1779 2704 2198 2773">
     <span class='ocr_line' id='line_1_86' title="bbox 1779 2704 2198 2773; baseline -0.012 -11"><span class='ocrx_word' id='word_1_596' title='bbox 1779 2707 1880 2762; x_wconf 89' lang='lat' dir='ltr'><strong>bus</strong></span> <span class='ocrx_word' id='word_1_597' title='bbox 1900 2704 2198 2773; x_wconf 88' lang='lat' dir='ltr'><strong>campanis.</strong></span> 
     </span>
    </p>
   </div>
   <div class='ocr_carea' id='block_1_87' title="bbox 1852 2783 3371 2863">
    <p class='ocr_par' dir='ltr' id='par_1_87' title="bbox 1852 2783 3371 2863">
     <span class='ocr_line' id='line_1_87' title="bbox 1852 2783 3371 2863; baseline -0.01 -12"><span class='ocrx_word' id='word_1_598' title='bbox 1852 2796 1920 2852; x_wconf 92' lang='lat' dir='ltr'><strong>lis</strong></span> <span class='ocrx_word' id='word_1_599' title='bbox 1943 2796 2104 2850; x_wconf 85' lang='lat' dir='ltr'><strong>etiarn</strong></span> <span class='ocrx_word' id='word_1_600' title='bbox 2133 2791 2471 2863; x_wconf 88' lang='lat' dir='ltr'><strong>temporibus</strong></span> <span class='ocrx_word' id='word_1_601' title='bbox 2515 2789 2800 2860; x_wconf 84' lang='lat' dir='ltr'><strong>coeperunt</strong></span> <span class='ocrx_word' id='word_1_602' title='bbox 2845 2783 2975 2841; x_wconf 91' lang='lat' dir='ltr'><strong>oriri</strong></span> <span class='ocrx_word' id='word_1_603' title='bbox 3014 2790 3069 2837; x_wconf 89' lang='lat' dir='ltr'><strong>et</strong></span> <span class='ocrx_word' id='word_1_604' title='bbox 3090 2794 3371 2853; x_wconf 85' lang='lat' dir='ltr'><strong>emergere</strong></span> 
     </span>
    </p>
   </div>
   <div class='ocr_carea' id='block_1_88' title="bbox 1779 2869 3382 2954">
    <p class='ocr_par' dir='ltr' id='par_1_88' title="bbox 1779 2869 3382 2954">
     <span class='ocr_line' id='line_1_88' title="bbox 1779 2869 3382 2954; baseline -0.012 -11"><span class='ocrx_word' id='word_1_605' title='bbox 1779 2887 2001 2954; x_wconf 52' lang='lat' dir='ltr'><strong>bella:et</strong></span> <span class='ocrx_word' id='word_1_606' title='bbox 2031 2884 2313 2940; x_wconf 81' lang='lat' dir='ltr'><strong>discordiae</strong></span> <span class='ocrx_word' id='word_1_607' title='bbox 2347 2883 2487 2937; x_wconf 92' lang='lat' dir='ltr'><strong>inter</strong></span> <span class='ocrx_word' id='word_1_608' title='bbox 2522 2894 2675 2951; x_wconf 90' lang='lat' dir='ltr'><strong>reges</strong></span> <span class='ocrx_word' id='word_1_609' title='bbox 2704 2876 3066 2939; x_wconf 84' lang='lat' dir='ltr'><strong>Francorum,</strong></span> <span class='ocrx_word' id='word_1_610' title='bbox 3090 2880 3143 2927; x_wconf 90' lang='lat' dir='ltr'><strong>et</strong></span> <span class='ocrx_word' id='word_1_611' title='bbox 3172 2869 3382 2947; x_wconf 14' lang='lat' dir='ltr'><strong>Anglo-g</strong></span> 
     </span>
    </p>
   </div>
   <div class='ocr_carea' id='block_1_89' title="bbox 1780 2962 3381 3044">
    <p class='ocr_par' dir='ltr' id='par_1_89' title="bbox 1780 2962 3381 3044">
     <span class='ocr_line' id='line_1_89' title="bbox 1780 2962 3381 3044; baseline -0.012 -10"><span class='ocrx_word' id='word_1_612' title='bbox 1780 2994 1900 3034; x_wconf 89' lang='lat' dir='ltr'><strong>rum</strong></span> <span class='ocrx_word' id='word_1_613' title='bbox 1924 2988 1977 3032; x_wconf 92' lang='lat' dir='ltr'><strong>et</strong></span> <span class='ocrx_word' id='word_1_614' title='bbox 2000 2975 2276 3038; x_wconf 86' lang='lat' dir='ltr'><strong>Navarrae,</strong></span> <span class='ocrx_word' id='word_1_615' title='bbox 2326 2982 2549 3044; x_wconf 88' lang='lat' dir='ltr'><strong>propter</strong></span> <span class='ocrx_word' id='word_1_616' title='bbox 2605 2984 2861 3027; x_wconf 90' lang='lat' dir='ltr'><strong>coronam</strong></span> <span class='ocrx_word' id='word_1_617' title='bbox 2894 2965 3046 3037; x_wconf 83' lang='lat' dir='ltr'><strong>regni</strong></span> <span class='ocrx_word' id='word_1_618' title='bbox 3105 2962 3381 3037; x_wconf 60' lang='lat' dir='ltr'><strong>Francire,</strong></span> 
     </span>
    </p>
   </div>
   <div class='ocr_carea' id='block_1_90' title="bbox 1782 3051 3377 3139">
    <p class='ocr_par' dir='ltr' id='par_1_90' title="bbox 1782 3051 3377 3139">
     <span class='ocr_line' id='line_1_90' title="bbox 1782 3051 3377 3139; baseline -0.013 -14"><span class='ocrx_word' id='word_1_619' title='bbox 1782 3084 1942 3139; x_wconf 88' lang='lat' dir='ltr'><strong>quam</strong></span> <span class='ocrx_word' id='word_1_620' title='bbox 1974 3067 2075 3123; x_wconf 89' lang='lat' dir='ltr'><strong>sibi</strong></span> <span class='ocrx_word' id='word_1_621' title='bbox 2104 3066 2435 3128; x_wconf 87' lang='lat' dir='ltr'><strong>vindicabat,</strong></span> <span class='ocrx_word' id='word_1_622' title='bbox 2485 3071 2540 3119; x_wconf 88' lang='lat' dir='ltr'><strong>et</strong></span> <span class='ocrx_word' id='word_1_623' title='bbox 2579 3062 2795 3118; x_wconf 87' lang='lat' dir='ltr'><strong>dicebat</strong></span> <span class='ocrx_word' id='word_1_624' title='bbox 2826 3055 3112 3113; x_wconf 88' lang='lat' dir='ltr'><strong>Eduardus</strong></span> <span class='ocrx_word' id='word_1_625' title='bbox 3138 3068 3233 3109; x_wconf 78' lang='lat' dir='ltr'><strong>rex</strong></span> <span class='ocrx_word' id='word_1_626' title='bbox 3260 3051 3377 3106; x_wconf 63' lang='lat' dir='ltr'><strong>An-‘</strong></span> 
     </span>
    </p>
   </div>
   <div class='ocr_carea' id='block_1_91' title="bbox 1782 3146 3335 3233">
    <p class='ocr_par' dir='ltr' id='par_1_91' title="bbox 1782 3146 3335 3233">
     <span class='ocr_line' id='line_1_91' title="bbox 1782 3146 3335 3233; baseline -0.008 -19"><span class='ocrx_word' id='word_1_627' title='bbox 1782 3146 2127 3233; x_wconf 87' lang='lat' dir='ltr'><strong>glorumjure</strong></span> <span class='ocrx_word' id='word_1_628' title='bbox 2156 3156 2502 3214; x_wconf 71' lang='lat' dir='ltr'><strong>lrzereditario</strong></span> <span class='ocrx_word' id='word_1_629' title='bbox 2538 3154 2639 3209; x_wconf 86' lang='lat' dir='ltr'><strong>sibi</strong></span> <span class='ocrx_word' id='word_1_630' title='bbox 2671 3152 2853 3208; x_wconf 90' lang='lat' dir='ltr'><strong>licere.</strong></span> <span class='ocrx_word' id='word_1_631' title='bbox 3330 3150 3335 3153; x_wconf 81' lang='grc'><strong>’</strong></span> 
     </span>
    </p>
   </div>
   <div class='ocr_carea' id='block_1_92' title="bbox 1850 3239 3370 3309">
    <p class='ocr_par' dir='ltr' id='par_1_92' title="bbox 1850 3239 3370 3309">
     <span class='ocr_line' id='line_1_92' title="bbox 1850 3239 3370 3309; baseline -0.013 -1"><span class='ocrx_word' id='word_1_632' title='bbox 1850 3254 2008 3308; x_wconf 83' lang='lat' dir='ltr'><strong>Anno</strong></span> <span class='ocrx_word' id='word_1_633' title='bbox 2030 3250 2246 3307; x_wconf 87' lang='lat' dir='ltr'><strong>Domini</strong></span> <span class='ocrx_word' id='word_1_634' title='bbox 2280 3248 2566 3305; x_wconf 87' lang='lat' dir='ltr'><strong>millesimo</strong></span> <span class='ocrx_word' id='word_1_635' title='bbox 2609 3242 2991 3300; x_wconf 74' lang='lat' dir='ltr'><strong>trecentesimo</strong></span> <span class='ocrx_word' id='word_1_636' title='bbox 3032 3239 3370 3309; x_wconf 61' lang='lat' dir='ltr'><strong>quinquagco</strong></span> 
     </span>
    </p>
   </div>
   <div class='ocr_carea' id='block_1_93' title="bbox 1782 3324 3383 3406">
    <p class='ocr_par' dir='ltr' id='par_1_93' title="bbox 1782 3324 3383 3406">
     <span class='ocr_line' id='line_1_93' title="bbox 1782 3324 3383 3406; baseline -0.013 -7"><span class='ocrx_word' id='word_1_637' title='bbox 1782 3343 1940 3406; x_wconf 81' lang='lat' dir='ltr'><strong>simo,</strong></span> <span class='ocrx_word' id='word_1_638' title='bbox 1968 3342 2057 3397; x_wconf 90' lang='lat' dir='ltr'><strong>die</strong></span> <span class='ocrx_word' id='word_1_639' title='bbox 2081 3341 2289 3396; x_wconf 89' lang='lat' dir='ltr'><strong>decima</strong></span> <span class='ocrx_word' id='word_1_640' title='bbox 2318 3354 2456 3393; x_wconf 89' lang='lat' dir='ltr'><strong>nona</strong></span> <span class='ocrx_word' id='word_1_641' title='bbox 2489 3335 2692 3391; x_wconf 90' lang='lat' dir='ltr'><strong>mensis</strong></span> <span class='ocrx_word' id='word_1_642' title='bbox 2719 3330 3019 3393; x_wconf 85' lang='lat' dir='ltr'><strong>Februarii,</strong></span> <span class='ocrx_word' id='word_1_643' title='bbox 3047 3324 3383 3406; x_wconf 53' lang='lat' dir='ltr'><strong>obiitfelicis‘</strong></span> 
     </span>
    </p>
   </div>
   <div class='ocr_carea' id='block_1_94' title="bbox 1783 3404 3379 3499">
    <p class='ocr_par' dir='ltr' id='par_1_94' title="bbox 1783 3404 3379 3499">
     <span class='ocr_line' id='line_1_94' title="bbox 1783 3404 3379 3499; baseline -0.011 -11"><span class='ocrx_word' id='word_1_644' title='bbox 1783 3432 2062 3488; x_wconf 80' lang='lat' dir='ltr'><strong>memoriae</strong></span> <span class='ocrx_word' id='word_1_645' title='bbox 2093 3431 2343 3486; x_wconf 88' lang='lat' dir='ltr'><strong>dorninrrs</strong></span> <span class='ocrx_word' id='word_1_646' title='bbox 2388 3428 2624 3482; x_wconf 91' lang='lat' dir='ltr'><strong>Joannes</strong></span> <span class='ocrx_word' id='word_1_647' title='bbox 2674 3423 3034 3495; x_wconf 88' lang='lat' dir='ltr'><strong>supradictus,</strong></span> <span class='ocrx_word' id='word_1_648' title='bbox 3074 3404 3379 3499; x_wconf 73' lang='lat' dir='ltr'><strong>vigesimus</strong></span> 
     </span>
    </p>
   </div>
   <div class='ocr_carea' id='block_1_95' title="bbox 1779 3507 3364 3596">
    <p class='ocr_par' dir='ltr' id='par_1_95' title="bbox 1779 3507 3364 3596">
     <span class='ocr_line' id='line_1_95' title="bbox 1779 3507 3364 3596; baseline -0.011 -16"><span class='ocrx_word' id='word_1_649' title='bbox 1779 3524 2006 3596; x_wconf 90' lang='lat' dir='ltr'><strong>prirurrs,</strong></span> <span class='ocrx_word' id='word_1_650' title='bbox 2058 3520 2150 3592; x_wconf 90' lang='lat' dir='ltr'><strong>qui</strong></span> <span class='ocrx_word' id='word_1_651' title='bbox 2211 3518 2509 3576; x_wconf 87' lang='lat' dir='ltr'><strong>Ecclesiam</strong></span> <span class='ocrx_word' id='word_1_652' title='bbox 2558 3515 2810 3587; x_wconf 81' lang='lat' dir='ltr'><strong>religiose</strong></span> <span class='ocrx_word' id='word_1_653' title='bbox 2856 3511 3000 3596; x_wconf 75' lang='lat' dir='ltr'><strong>rexit</strong></span> <span class='ocrx_word' id='word_1_654' title='bbox 3049 3507 3364 3580; x_wconf 84' lang='lat' dir='ltr'><strong>quindecim</strong></span> 
     </span>
    </p>
   </div>
   <div class='ocr_carea' id='block_1_96' title="bbox 1781 3591 3367 3676">
    <p class='ocr_par' dir='ltr' id='par_1_96' title="bbox 1781 3591 3367 3676">
     <span class='ocr_line' id='line_1_96' title="bbox 1781 3591 3367 3676; baseline -0.014 -4"><span class='ocrx_word' id='word_1_655' title='bbox 1781 3591 1939 3672; x_wconf 77' lang='lat' dir='ltr'><strong>anuis</strong></span> <span class='ocrx_word' id='word_1_656' title='bbox 1995 3624 2050 3670; x_wconf 90' lang='lat' dir='ltr'><strong>et</strong></span> <span class='ocrx_word' id='word_1_657' title='bbox 2078 3591 2200 3669; x_wconf 83' lang='lat' dir='ltr'><strong>ceto</strong></span> <span class='ocrx_word' id='word_1_658' title='bbox 2230 3610 2529 3674; x_wconf 89' lang='lat' dir='ltr'><strong>mensibus,</strong></span> <span class='ocrx_word' id='word_1_659' title='bbox 2576 3617 2631 3663; x_wconf 90' lang='lat' dir='ltr'><strong>et</strong></span> <span class='ocrx_word' id='word_1_660' title='bbox 2678 3591 2921 3676; x_wconf 76' lang='lat' dir='ltr'><strong>sepultus</strong></span> <span class='ocrx_word' id='word_1_661' title='bbox 2951 3609 3035 3656; x_wconf 91' lang='lat' dir='ltr'><strong>est</strong></span> <span class='ocrx_word' id='word_1_662' title='bbox 3075 3600 3127 3654; x_wconf 91' lang='lat' dir='ltr'><strong>in</strong></span> <span class='ocrx_word' id='word_1_663' title='bbox 3164 3596 3367 3668; x_wconf 89' lang='lat' dir='ltr'><strong>capella</strong></span> 
     </span>
    </p>
   </div>
   <div class='ocr_carea' id='block_1_97' title="bbox 1780 3685 3373 3765">
    <p class='ocr_par' dir='ltr' id='par_1_97' title="bbox 1780 3685 3373 3765">
     <span class='ocr_line' id='line_1_97' title="bbox 1780 3685 3373 3765; baseline -0.014 -4"><span class='ocrx_word' id='word_1_664' title='bbox 1780 3706 1957 3760; x_wconf 61' lang='lat' dir='ltr'><strong>Beata:</strong></span> <span class='ocrx_word' id='word_1_665' title='bbox 1974 3703 2176 3765; x_wconf 69' lang='lat' dir='ltr'><strong>Mariae,</strong></span> <span class='ocrx_word' id='word_1_666' title='bbox 2208 3709 2354 3755; x_wconf 85' lang='lat' dir='ltr'><strong>retro</strong></span> <span class='ocrx_word' id='word_1_667' title='bbox 2380 3698 2629 3762; x_wconf 87' lang='lat' dir='ltr'><strong>chorrrm,</strong></span> <span class='ocrx_word' id='word_1_668' title='bbox 2652 3694 2808 3765; x_wconf 78' lang='lat' dir='ltr'><strong>juxta</strong></span> <span class='ocrx_word' id='word_1_669' title='bbox 2832 3691 3166 3763; x_wconf 78' lang='lat' dir='ltr'><strong>sepulturam</strong></span> <span class='ocrx_word' id='word_1_670' title='bbox 3195 3685 3373 3740; x_wconf 92' lang='lat' dir='ltr'><strong>domi-</strong></span> 
     </span>
    </p>
   </div>
   <div class='ocr_carea' id='block_1_98' title="bbox 1779 3774 3371 3855">
    <p class='ocr_par' dir='ltr' id='par_1_98' title="bbox 1779 3774 3371 3855">
     <span class='ocr_line' id='line_1_98' title="bbox 1779 3774 3371 3855; baseline -0.015 -2"><span class='ocrx_word' id='word_1_671' title='bbox 1779 3798 1834 3853; x_wconf 89' lang='lat' dir='ltr'><strong>ni</strong></span> <span class='ocrx_word' id='word_1_672' title='bbox 1870 3795 2095 3853; x_wconf 89' lang='lat' dir='ltr'><strong>Gilberti</strong></span> <span class='ocrx_word' id='word_1_673' title='bbox 2136 3792 2347 3849; x_wconf 88' lang='lat' dir='ltr'><strong>abbatis</strong></span> <span class='ocrx_word' id='word_1_674' title='bbox 2371 3791 2565 3850; x_wconf 88' lang='lat' dir='ltr'><strong>decimi</strong></span> <span class='ocrx_word' id='word_1_675' title='bbox 2592 3788 2740 3855; x_wconf 90' lang='lat' dir='ltr'><strong>noni,</strong></span> <span class='ocrx_word' id='word_1_676' title='bbox 2772 3794 2899 3841; x_wconf 90' lang='lat' dir='ltr'><strong>ante</strong></span> <span class='ocrx_word' id='word_1_677' title='bbox 2936 3782 3105 3836; x_wconf 78' lang='lat' dir='ltr'><strong>altare</strong></span> <span class='ocrx_word' id='word_1_678' title='bbox 3137 3774 3371 3849; x_wconf 81' lang='lat' dir='ltr'><strong>Virginis</strong></span> 
     </span>
    </p>
   </div>
   <div class='ocr_carea' id='block_1_99' title="bbox 1780 3870 3377 3945">
    <p class='ocr_par' dir='ltr' id='par_1_99' title="bbox 1780 3870 3377 3945">
     <span class='ocr_line' id='line_1_99' title="bbox 1780 3870 3377 3945; baseline -0.004 -2"><span class='ocrx_word' id='word_1_679' title='bbox 1780 3888 1981 3945; x_wconf 59' lang='lat' dir='ltr'><strong>Mariae.</strong></span> <span class='ocrx_word' id='word_1_680' title='bbox 3374 3870 3377 3871; x_wconf 33' lang='grc'><strong><em>⁷</em></strong></span> 
     </span>
    </p>
   </div>
   <div class='ocr_carea' id='block_1_100' title="bbox 2463 3984 2680 4025">
    <p class='ocr_par' dir='ltr' id='par_1_100' title="bbox 2463 3984 2680 4025">
     <span class='ocr_line' id='line_1_100' title="bbox 2463 3984 2680 4025; baseline 0.005 -2"><span class='ocrx_word' id='word_1_681' title='bbox 2463 3984 2680 4025; x_wconf 55' lang='grc' dir='ltr'><strong>νεικεῦς.</strong></span> 
     </span>
    </p>
   </div>
   <div class='ocr_carea' id='block_1_101' title="bbox 1993 4057 3192 4122">
    <p class='ocr_par' dir='ltr' id='par_1_101' title="bbox 1993 4057 3192 4122">
     <span class='ocr_line' id='line_1_101' title="bbox 1993 4057 3192 4122; baseline -0.012 0"><span class='ocrx_word' id='word_1_682' title='bbox 1993 4067 2227 4122; x_wconf 77' lang='lat' dir='ltr'><strong>Concilio</strong></span> <span class='ocrx_word' id='word_1_683' title='bbox 2252 4075 2373 4119; x_wconf 80' lang='lat' dir='ltr'><strong>nuto</strong></span> <span class='ocrx_word' id='word_1_684' title='bbox 2401 4062 2640 4118; x_wconf 82' lang='lat' dir='ltr'><strong>Genitrix</strong></span> <span class='ocrx_word' id='word_1_685' title='bbox 2670 4062 2807 4114; x_wconf 84' lang='lat' dir='ltr'><strong>hunc</strong></span> <span class='ocrx_word' id='word_1_686' title='bbox 2829 4064 2969 4111; x_wconf 83' lang='lat' dir='ltr'><strong>alma</strong></span> <span class='ocrx_word' id='word_1_687' title='bbox 3001 4057 3147 4110; x_wconf 85' lang='lat' dir='ltr'><strong>beato</strong></span> <span class='ocrx_word' id='word_1_688' title='bbox 3171 4067 3192 4108; x_wconf 86' lang='lat'><strong><em>:</em></strong></span> 
     </span>
    </p>
   </div>
   <div class='ocr_carea' id='block_1_102' title="bbox 1997 4147 3113 4226">
    <p class='ocr_par' dir='ltr' id='par_1_102' title="bbox 1997 4147 3113 4226">
     <span class='ocr_line' id='line_1_102' title="bbox 1997 4147 3113 4226; baseline -0.01 -14"><span class='ocrx_word' id='word_1_689' title='bbox 1997 4157 2237 4215; x_wconf 80' lang='lat' dir='ltr'><strong>Ponatur</strong></span> <span class='ocrx_word' id='word_1_690' title='bbox 2263 4156 2401 4210; x_wconf 72' lang='lat' dir='ltr'><strong>caelis</strong></span> <span class='ocrx_word' id='word_1_691' title='bbox 2427 4156 2512 4208; x_wconf 79' lang='lat' dir='ltr'><strong>hic</strong></span> <span class='ocrx_word' id='word_1_692' title='bbox 2535 4153 2625 4225; x_wconf 84' lang='lat' dir='ltr'><strong>qui</strong></span> <span class='ocrx_word' id='word_1_693' title='bbox 2649 4152 2747 4226; x_wconf 79' lang='lat' dir='ltr'><strong>fuit</strong></span> <span class='ocrx_word' id='word_1_694' title='bbox 2773 4150 2894 4203; x_wconf 83' lang='lat' dir='ltr'><strong>orbe</strong></span> <span class='ocrx_word' id='word_1_695' title='bbox 2923 4147 3113 4217; x_wconf 78' lang='lat' dir='ltr'><strong>ﬁdelis.</strong></span> 
     </span>
    </p>
   </div>
   <div class='ocr_carea' id='block_1_103' title="bbox 1851 4260 3365 4331">
    <p class='ocr_par' dir='ltr' id='par_1_103' title="bbox 1851 4260 3365 4331">
     <span class='ocr_line' id='line_1_103' title="bbox 1851 4260 3365 4331; baseline -0.007 -5"><span class='ocrx_word' id='word_1_696' title='bbox 1851 4270 1990 4326; x_wconf 90' lang='lat' dir='ltr'><strong>lluic</strong></span> <span class='ocrx_word' id='word_1_697' title='bbox 2016 4269 2311 4324; x_wconf 88' lang='lat' dir='ltr'><strong>venerabili</strong></span> <span class='ocrx_word' id='word_1_698' title='bbox 2341 4267 2489 4322; x_wconf 89' lang='lat' dir='ltr'><strong>Patri</strong></span> <span class='ocrx_word' id='word_1_699' title='bbox 2525 4264 2791 4321; x_wconf 91' lang='lat' dir='ltr'><strong>successit</strong></span> <span class='ocrx_word' id='word_1_700' title='bbox 2823 4264 2876 4319; x_wconf 92' lang='lat' dir='ltr'><strong>in</strong></span> <span class='ocrx_word' id='word_1_701' title='bbox 2906 4262 3147 4331; x_wconf 88' lang='lat' dir='ltr'><strong>regimen</strong></span> <span class='ocrx_word' id='word_1_702' title='bbox 3179 4260 3365 4315; x_wconf 71' lang='lat' dir='ltr'><strong>Eccle—</strong></span> 
     </span>
    </p>
   </div>
   <div class='ocr_carea' id='block_1_104' title="bbox 1780 4353 3371 4431">
    <p class='ocr_par' dir='ltr' id='par_1_104' title="bbox 1780 4353 3371 4431">
     <span class='ocr_line' id='line_1_104' title="bbox 1780 4353 3371 4431; baseline -0.008 -9"><span class='ocrx_word' id='word_1_703' title='bbox 1780 4366 1875 4422; x_wconf 69' lang='lat' dir='ltr'><strong>sire</strong></span> <span class='ocrx_word' id='word_1_704' title='bbox 1906 4363 2193 4419; x_wconf 87' lang='lat' dir='ltr'><strong>Beccensis</strong></span> <span class='ocrx_word' id='word_1_705' title='bbox 2241 4376 2451 4431; x_wconf 71' lang='lat' dir='ltr'><strong>magna:</strong></span> <span class='ocrx_word' id='word_1_706' title='bbox 2498 4359 2742 4415; x_wconf 67' lang='lat' dir='ltr'><strong>scientiae</strong></span> <span class='ocrx_word' id='word_1_707' title='bbox 2774 4357 2857 4411; x_wconf 87' lang='lat' dir='ltr'><strong>vir</strong></span> <span class='ocrx_word' id='word_1_708' title='bbox 2893 4356 3065 4410; x_wconf 81' lang='lat' dir='ltr'><strong>frater</strong></span> <span class='ocrx_word' id='word_1_709' title='bbox 3098 4353 3371 4409; x_wconf 76' lang='lat' dir='ltr'><strong>Robertus</strong></span> 
     </span>
    </p>
   </div>
   <div class='ocr_carea' id='block_1_105' title="bbox 1780 4446 3367 4537">
    <p class='ocr_par' dir='ltr' id='par_1_105' title="bbox 1780 4446 3367 4537">
     <span class='ocr_line' id='line_1_105' title="bbox 1780 4446 3367 4537; baseline -0.009 -22"><span class='ocrx_word' id='word_1_710' title='bbox 1780 4460 1847 4514; x_wconf 91' lang='lat' dir='ltr'><strong>de</strong></span> <span class='ocrx_word' id='word_1_711' title='bbox 1876 4458 2049 4520; x_wconf 84' lang='lat' dir='ltr'><strong>Rotis,</strong></span> <span class='ocrx_word' id='word_1_712' title='bbox 2093 4455 2228 4510; x_wconf 87' lang='lat' dir='ltr'><strong>alias</strong></span> <span class='ocrx_word' id='word_1_713' title='bbox 2256 4453 2521 4537; x_wconf 74' lang='lat' dir='ltr'><strong>Gouroye,</strong></span> <span class='ocrx_word' id='word_1_714' title='bbox 2546 4452 2886 4507; x_wconf 90' lang='lat' dir='ltr'><strong>decretorum</strong></span> <span class='ocrx_word' id='word_1_715' title='bbox 2914 4447 3122 4511; x_wconf 88' lang='lat' dir='ltr'><strong>doctor,</strong></span> <span class='ocrx_word' id='word_1_716' title='bbox 3162 4446 3367 4503; x_wconf 90' lang='lat' dir='ltr'><strong>electus</strong></span> 
     </span>
    </p>
   </div>
   <div class='ocr_carea' id='block_1_106' title="bbox 1704 4539 3368 4621">
    <p class='ocr_par' dir='ltr' id='par_1_106' title="bbox 1704 4539 3368 4621">
     <span class='ocr_line' id='line_1_106' title="bbox 1704 4539 3368 4621; baseline -0.008 -16"><span class='ocrx_word' id='word_1_717' title='bbox 1704 4562 1755 4621; x_wconf 80' lang='grc' dir='ltr'><strong>υ</strong></span> <span class='ocrx_word' id='word_1_718' title='bbox 1784 4551 1867 4604; x_wconf 90' lang='lat' dir='ltr'><strong>via</strong></span> <span class='ocrx_word' id='word_1_719' title='bbox 1895 4546 2162 4611; x_wconf 88' lang='lat' dir='ltr'><strong>scrutinii,</strong></span> <span class='ocrx_word' id='word_1_720' title='bbox 2196 4554 2254 4599; x_wconf 91' lang='lat' dir='ltr'><strong>ut</strong></span> <span class='ocrx_word' id='word_1_721' title='bbox 2282 4544 2453 4600; x_wconf 81' lang='lat' dir='ltr'><strong>forma</strong></span> <span class='ocrx_word' id='word_1_722' title='bbox 2492 4542 2609 4612; x_wconf 86' lang='lat' dir='ltr'><strong>ejus</strong></span> <span class='ocrx_word' id='word_1_723' title='bbox 2654 4540 2933 4596; x_wconf 91' lang='lat' dir='ltr'><strong>electionis</strong></span> <span class='ocrx_word' id='word_1_724' title='bbox 2967 4548 3221 4605; x_wconf 90' lang='lat' dir='ltr'><strong>testatur,</strong></span> <span class='ocrx_word' id='word_1_725' title='bbox 3274 4539 3368 4610; x_wconf 89' lang='lat' dir='ltr'><strong>qui</strong></span> 
     </span>
    </p>
   </div>
   <div class='ocr_carea' id='block_1_107' title="bbox 1781 4631 3370 4713">
    <p class='ocr_par' dir='ltr' id='par_1_107' title="bbox 1781 4631 3370 4713">
     <span class='ocr_line' id='line_1_107' title="bbox 1781 4631 3370 4713; baseline -0.006 -18"><span class='ocrx_word' id='word_1_726' title='bbox 1781 4642 1997 4713; x_wconf 86' lang='lat' dir='ltr'><strong>quidem</strong></span> <span class='ocrx_word' id='word_1_727' title='bbox 2027 4640 2338 4711; x_wconf 77' lang='lat' dir='ltr'><strong>przedictam</strong></span> <span class='ocrx_word' id='word_1_728' title='bbox 2362 4636 2659 4695; x_wconf 87' lang='lat' dir='ltr'><strong>Ecclesiam</strong></span> <span class='ocrx_word' id='word_1_729' title='bbox 2696 4634 2836 4689; x_wconf 78' lang='lat' dir='ltr'><strong>rexit</strong></span> <span class='ocrx_word' id='word_1_730' title='bbox 2862 4632 3110 4689; x_wconf 91' lang='lat' dir='ltr'><strong>undecim</strong></span> <span class='ocrx_word' id='word_1_731' title='bbox 3148 4631 3370 4687; x_wconf 88' lang='lat' dir='ltr'><strong>cirerter</strong></span> 
     </span>
    </p>
   </div>
   <div class='ocr_carea' id='block_1_108' title="bbox 1781 4736 1958 4796">
    <p class='ocr_par' dir='ltr' id='par_1_108' title="bbox 1781 4736 1958 4796">
     <span class='ocr_line' id='line_1_108' title="bbox 1781 4736 1958 4796; baseline 0.006 -8"><span class='ocrx_word' id='word_1_732' title='bbox 1781 4736 1958 4796; x_wconf 84' lang='lat' dir='ltr'><strong>armis.</strong></span> 
     </span>
    </p>
   </div>
   <div class='ocr_carea' id='block_1_109' title="bbox 1848 4816 3370 4899">
    <p class='ocr_par' dir='ltr' id='par_1_109' title="bbox 1848 4816 3370 4899">
     <span class='ocr_line' id='line_1_109' title="bbox 1848 4816 3370 4899; baseline -0.007 -19"><span class='ocrx_word' id='word_1_733' title='bbox 1848 4828 2005 4881; x_wconf 83' lang='lat' dir='ltr'><strong>Auno</strong></span> <span class='ocrx_word' id='word_1_734' title='bbox 2036 4824 2245 4883; x_wconf 88' lang='lat' dir='ltr'><strong>Domini</strong></span> <span class='ocrx_word' id='word_1_735' title='bbox 2276 4823 2563 4881; x_wconf 89' lang='lat' dir='ltr'><strong>millesimo</strong></span> <span class='ocrx_word' id='word_1_736' title='bbox 2628 4817 3010 4899; x_wconf 86' lang='lat' dir='ltr'><strong>trecentesimo</strong></span> <span class='ocrx_word' id='word_1_737' title='bbox 3031 4816 3370 4887; x_wconf 75' lang='lat' dir='ltr'><strong>quinquagc~</strong></span> 
     </span>
    </p>
   </div>
   <div class='ocr_carea' id='block_1_110' title="bbox 1780 4907 3366 4987">
    <p class='ocr_par' dir='ltr' id='par_1_110' title="bbox 1780 4907 3366 4987">
     <span class='ocr_line' id='line_1_110' title="bbox 1780 4907 3366 4987; baseline -0.009 -12"><span class='ocrx_word' id='word_1_738' title='bbox 1780 4920 1918 4975; x_wconf 89' lang='lat' dir='ltr'><strong>simo</strong></span> <span class='ocrx_word' id='word_1_739' title='bbox 1945 4927 2122 4982; x_wconf 79' lang='lat' dir='ltr'><strong>sexto,</strong></span> <span class='ocrx_word' id='word_1_740' title='bbox 2170 4927 2411 4987; x_wconf 90' lang='lat' dir='ltr'><strong>tempore</strong></span> <span class='ocrx_word' id='word_1_741' title='bbox 2442 4911 2683 4985; x_wconf 86' lang='lat' dir='ltr'><strong>praedicti</strong></span> <span class='ocrx_word' id='word_1_742' title='bbox 2721 4910 2966 4972; x_wconf 77' lang='lat' dir='ltr'><strong>Roberti,</strong></span> <span class='ocrx_word' id='word_1_743' title='bbox 3014 4917 3137 4979; x_wconf 88' lang='lat' dir='ltr'><strong>post</strong></span> <span class='ocrx_word' id='word_1_744' title='bbox 3166 4907 3366 4962; x_wconf 90' lang='lat' dir='ltr'><strong>bellrrur</strong></span> 
     </span>
    </p>
   </div>
   <div class='ocr_carea' id='block_1_111' title="bbox 1778 5000 3369 5078">
    <p class='ocr_par' dir='ltr' id='par_1_111' title="bbox 1778 5000 3369 5078">
     <span class='ocr_line' id='line_1_111' title="bbox 1778 5000 3369 5078; baseline -0.011 -10"><span class='ocrx_word' id='word_1_745' title='bbox 1778 5011 2120 5071; x_wconf 85' lang='lat' dir='ltr'><strong>Pictaveuse.</strong></span> <span class='ocrx_word' id='word_1_746' title='bbox 2150 5009 2203 5063; x_wconf 89' lang='lat' dir='ltr'><strong>in</strong></span> <span class='ocrx_word' id='word_1_747' title='bbox 2229 5023 2338 5078; x_wconf 87' lang='lat' dir='ltr'><strong>quo</strong></span> <span class='ocrx_word' id='word_1_748' title='bbox 2372 5023 2463 5063; x_wconf 84' lang='lat' dir='ltr'><strong>rex</strong></span> <span class='ocrx_word' id='word_1_749' title='bbox 2523 5005 2859 5061; x_wconf 89' lang='lat' dir='ltr'><strong>Francorum</strong></span> <span class='ocrx_word' id='word_1_750' title='bbox 2914 5000 3151 5055; x_wconf 89' lang='lat' dir='ltr'><strong>Joannes</strong></span> <span class='ocrx_word' id='word_1_751' title='bbox 3178 5006 3369 5067; x_wconf 87' lang='lat' dir='ltr'><strong>captus</strong></span> 
     </span>
    </p>
   </div>
   <div class='ocr_carea' id='block_1_112' title="bbox 1781 5088 3377 5172">
    <p class='ocr_par' dir='ltr' id='par_1_112' title="bbox 1781 5088 3377 5172">
     <span class='ocr_line' id='line_1_112' title="bbox 1781 5088 3377 5172; baseline -0.011 -14"><span class='ocrx_word' id='word_1_752' title='bbox 1781 5105 1881 5159; x_wconf 79' lang='lat' dir='ltr'><strong>fuit</strong></span> <span class='ocrx_word' id='word_1_753' title='bbox 1912 5105 1978 5159; x_wconf 90' lang='lat' dir='ltr'><strong>ab</strong></span> <span class='ocrx_word' id='word_1_754' title='bbox 1997 5101 2203 5172; x_wconf 86' lang='lat' dir='ltr'><strong>Anglis,</strong></span> <span class='ocrx_word' id='word_1_755' title='bbox 2228 5101 2495 5171; x_wconf 78' lang='lat' dir='ltr'><strong>praedictis</strong></span> <span class='ocrx_word' id='word_1_756' title='bbox 2526 5098 2738 5169; x_wconf 89' lang='lat' dir='ltr'><strong>guerris</strong></span> <span class='ocrx_word' id='word_1_757' title='bbox 2766 5096 2818 5151; x_wconf 91' lang='lat' dir='ltr'><strong>in</strong></span> <span class='ocrx_word' id='word_1_758' title='bbox 2846 5090 3240 5149; x_wconf 84' lang='lat' dir='ltr'><strong>Nortlrmannia</strong></span> <span class='ocrx_word' id='word_1_759' title='bbox 3283 5088 3377 5165; x_wconf 37' lang='lat' dir='ltr'><strong>vi:</strong></span> 
     </span>
    </p>
   </div>
   <div class='ocr_carea' id='block_1_113' title="bbox 1780 5178 3366 5266">
    <p class='ocr_par' dir='ltr' id='par_1_113' title="bbox 1780 5178 3366 5266">
     <span class='ocr_line' id='line_1_113' title="bbox 1780 5178 3366 5266; baseline -0.011 -17"><span class='ocrx_word' id='word_1_760' title='bbox 1780 5194 2030 5266; x_wconf 84' lang='lat' dir='ltr'><strong>gentibus</strong></span> <span class='ocrx_word' id='word_1_761' title='bbox 2083 5203 2138 5248; x_wconf 89' lang='lat' dir='ltr'><strong>et</strong></span> <span class='ocrx_word' id='word_1_762' title='bbox 2188 5193 2253 5247; x_wconf 90' lang='lat' dir='ltr'><strong>de</strong></span> <span class='ocrx_word' id='word_1_763' title='bbox 2303 5191 2389 5246; x_wconf 88' lang='lat' dir='ltr'><strong>die</strong></span> <span class='ocrx_word' id='word_1_764' title='bbox 2433 5191 2485 5245; x_wconf 91' lang='lat' dir='ltr'><strong>in</strong></span> <span class='ocrx_word' id='word_1_765' title='bbox 2535 5190 2679 5244; x_wconf 88' lang='lat' dir='ltr'><strong>diem</strong></span> <span class='ocrx_word' id='word_1_766' title='bbox 2707 5183 3115 5257; x_wconf 89' lang='lat' dir='ltr'><strong>prrllulantibus,</strong></span> <span class='ocrx_word' id='word_1_767' title='bbox 3145 5196 3209 5234; x_wconf 88' lang='lat' dir='ltr'><strong>ac</strong></span> <span class='ocrx_word' id='word_1_768' title='bbox 3237 5178 3366 5249; x_wconf 85' lang='lat' dir='ltr'><strong>ipsis</strong></span> 
     </span>
    </p>
   </div>
   <div class='ocr_carea' id='block_1_114' title="bbox 1778 5271 3366 5356">
    <p class='ocr_par' dir='ltr' id='par_1_114' title="bbox 1778 5271 3366 5356">
     <span class='ocr_line' id='line_1_114' title="bbox 1778 5271 3366 5356; baseline -0.009 -17"><span class='ocrx_word' id='word_1_769' title='bbox 1778 5286 1965 5356; x_wconf 81' lang='lat' dir='ltr'><strong>Anglis</strong></span> <span class='ocrx_word' id='word_1_770' title='bbox 1994 5284 2221 5354; x_wconf 90' lang='lat' dir='ltr'><strong>plurirrra</strong></span> <span class='ocrx_word' id='word_1_771' title='bbox 2247 5283 2386 5347; x_wconf 82' lang='lat' dir='ltr'><strong>loca,</strong></span> <span class='ocrx_word' id='word_1_772' title='bbox 2415 5282 2590 5343; x_wconf 86' lang='lat' dir='ltr'><strong>villas,</strong></span> <span class='ocrx_word' id='word_1_773' title='bbox 2614 5278 2857 5341; x_wconf 88' lang='lat' dir='ltr'><strong>castella,</strong></span> <span class='ocrx_word' id='word_1_774' title='bbox 2902 5272 3195 5344; x_wconf 88' lang='lat' dir='ltr'><strong>municipia</strong></span> <span class='ocrx_word' id='word_1_775' title='bbox 3223 5271 3366 5327; x_wconf 86' lang='lat' dir='ltr'><strong>obti-</strong></span> 
     </span>
    </p>
   </div>
   <div class='ocr_carea' id='block_1_115' title="bbox 1780 5364 3363 5437">
    <p class='ocr_par' dir='ltr' id='par_1_115' title="bbox 1780 5364 3363 5437">
     <span class='ocr_line' id='line_1_115' title="bbox 1780 5364 3363 5437; baseline -0.009 -6"><span class='ocrx_word' id='word_1_776' title='bbox 1780 5376 2056 5437; x_wconf 87' lang='lat' dir='ltr'><strong>nentibus,</strong></span> <span class='ocrx_word' id='word_1_777' title='bbox 2107 5374 2357 5430; x_wconf 87' lang='lat' dir='ltr'><strong>domirrrrs</strong></span> <span class='ocrx_word' id='word_1_778' title='bbox 2407 5371 2713 5426; x_wconf 82' lang='lat' dir='ltr'><strong>Ludovicus</strong></span> <span class='ocrx_word' id='word_1_779' title='bbox 2769 5369 2837 5423; x_wconf 87' lang='lat' dir='ltr'><strong>de</strong></span> <span class='ocrx_word' id='word_1_780' title='bbox 2888 5364 3191 5428; x_wconf 84' lang='lat' dir='ltr'><strong>Haricuria,</strong></span> <span class='ocrx_word' id='word_1_781' title='bbox 3238 5370 3363 5417; x_wconf 90' lang='lat' dir='ltr'><strong>trrnc</strong></span> 
     </span>
    </p>
   </div>
   <div class='ocr_carea' id='block_1_116' title="bbox 1781 5456 3364 5539">
    <p class='ocr_par' dir='ltr' id='par_1_116' title="bbox 1781 5456 3364 5539">
     <span class='ocr_line' id='line_1_116' title="bbox 1781 5456 3364 5539; baseline -0.008 -16"><span class='ocrx_word' id='word_1_782' title='bbox 1781 5469 2094 5539; x_wconf 87' lang='lat' dir='ltr'><strong>eapitaneus</strong></span> <span class='ocrx_word' id='word_1_783' title='bbox 2128 5476 2182 5521; x_wconf 89' lang='lat' dir='ltr'><strong>et</strong></span> <span class='ocrx_word' id='word_1_784' title='bbox 2210 5473 2388 5520; x_wconf 85' lang='lat' dir='ltr'><strong>rector</strong></span> <span class='ocrx_word' id='word_1_785' title='bbox 2408 5461 2675 5533; x_wconf 86' lang='lat' dir='ltr'><strong>generalis</strong></span> <span class='ocrx_word' id='word_1_786' title='bbox 2707 5457 3112 5514; x_wconf 66' lang='lat' dir='ltr'><strong>Nortlrruaunim</strong></span> <span class='ocrx_word' id='word_1_787' title='bbox 3146 5456 3364 5511; x_wconf 89' lang='lat' dir='ltr'><strong>nomine</strong></span> 
     </span>
    </p>
   </div>
   <div class='ocr_carea' id='block_1_117' title="bbox 1781 5548 3361 5630">
    <p class='ocr_par' dir='ltr' id='par_1_117' title="bbox 1781 5548 3361 5630">
     <span class='ocr_line' id='line_1_117' title="bbox 1781 5548 3361 5630; baseline -0.007 -15"><span class='ocrx_word' id='word_1_788' title='bbox 1781 5560 1925 5630; x_wconf 89' lang='lat' dir='ltr'><strong>regis</strong></span> <span class='ocrx_word' id='word_1_789' title='bbox 1972 5559 2254 5623; x_wconf 74' lang='lat' dir='ltr'><strong>Francizc,</strong></span> <span class='ocrx_word' id='word_1_790' title='bbox 2319 5556 2644 5611; x_wconf 89' lang='lat' dir='ltr'><strong>auctoritate</strong></span> <span class='ocrx_word' id='word_1_791' title='bbox 2705 5553 2854 5623; x_wconf 87' lang='lat' dir='ltr'><strong>regia</strong></span> <span class='ocrx_word' id='word_1_792' title='bbox 2907 5550 3160 5622; x_wconf 67' lang='lat' dir='ltr'><strong>prmcepit</strong></span> <span class='ocrx_word' id='word_1_793' title='bbox 3218 5548 3361 5621; x_wconf 88' lang='lat' dir='ltr'><strong>qrrod</strong></span> 
     </span>
    </p>
   </div>
   <div class='ocr_carea' id='block_1_118' title="bbox 1781 5642 3359 5719">
    <p class='ocr_par' dir='ltr' id='par_1_118' title="bbox 1781 5642 3359 5719">
     <span class='ocr_line' id='line_1_118' title="bbox 1781 5642 3359 5719; baseline -0.009 -12"><span class='ocrx_word' id='word_1_794' title='bbox 1781 5651 2012 5707; x_wconf 72' lang='lat' dir='ltr'><strong>ecclesia</strong></span> <span class='ocrx_word' id='word_1_795' title='bbox 2065 5649 2242 5712; x_wconf 84' lang='lat' dir='ltr'><strong>Becci,</strong></span> <span class='ocrx_word' id='word_1_796' title='bbox 2276 5664 2398 5719; x_wconf 69' lang='lat' dir='ltr'><strong>qua:</strong></span> <span class='ocrx_word' id='word_1_797' title='bbox 2453 5647 2518 5700; x_wconf 90' lang='lat' dir='ltr'><strong>de</strong></span> <span class='ocrx_word' id='word_1_798' title='bbox 2580 5661 2720 5700; x_wconf 83' lang='lat' dir='ltr'><strong>novo</strong></span> <span class='ocrx_word' id='word_1_799' title='bbox 2775 5658 2989 5714; x_wconf 88' lang='lat' dir='ltr'><strong>rrragrra,</strong></span> <span class='ocrx_word' id='word_1_800' title='bbox 3016 5652 3070 5695; x_wconf 91' lang='lat' dir='ltr'><strong>et</strong></span> <span class='ocrx_word' id='word_1_801' title='bbox 3096 5642 3359 5715; x_wconf 78' lang='lat' dir='ltr'><strong>spatiosa,</strong></span> 
     </span>
    </p>
   </div>
   <div class='ocr_carea' id='block_1_119' title="bbox 1782 5741 3360 5811">
    <p class='ocr_par' dir='ltr' id='par_1_119' title="bbox 1782 5741 3360 5811">
     <span class='ocr_line' id='line_1_119' title="bbox 1782 5741 3360 5811; baseline -0.009 -13"><span class='ocrx_word' id='word_1_802' title='bbox 1782 5744 1891 5799; x_wconf 90' lang='lat' dir='ltr'><strong>imo</strong></span> <span class='ocrx_word' id='word_1_803' title='bbox 1912 5741 2176 5811; x_wconf 85' lang='lat' dir='ltr'><strong>speciosa,</strong></span> <span class='ocrx_word' id='word_1_804' title='bbox 2200 5747 2317 5794; x_wconf 90' lang='lat' dir='ltr'><strong>erat</strong></span> <span class='ocrx_word' id='word_1_805' title='bbox 2337 5745 2666 5803; x_wconf 89' lang='lat' dir='ltr'><strong>constrrrcta,</strong></span> <span class='ocrx_word' id='word_1_806' title='bbox 2690 5745 2742 5792; x_wconf 88' lang='lat' dir='ltr'><strong>et</strong></span> <span class='ocrx_word' id='word_1_807' title='bbox 2765 5750 2937 5806; x_wconf 89' lang='lat' dir='ltr'><strong>nuper</strong></span> <span class='ocrx_word' id='word_1_808' title='bbox 2962 5742 3360 5796; x_wconf 85' lang='lat' dir='ltr'><strong>consummata,</strong></span> 
     </span>
    </p>
   </div>
   <div class='ocr_carea' id='block_1_120' title="bbox 1780 5822 3362 5900">
    <p class='ocr_par' dir='ltr' id='par_1_120' title="bbox 1780 5822 3362 5900">
     <span class='ocr_line' id='line_1_120' title="bbox 1780 5822 3362 5900; baseline -0.008 -12"><span class='ocrx_word' id='word_1_809' title='bbox 1780 5842 1837 5888; x_wconf 88' lang='lat' dir='ltr'><strong>et</strong></span> <span class='ocrx_word' id='word_1_810' title='bbox 1894 5831 2137 5895; x_wconf 84' lang='lat' dir='ltr'><strong>dedicata</strong></span> <span class='ocrx_word' id='word_1_811' title='bbox 2182 5828 2262 5899; x_wconf 92' lang='lat' dir='ltr'><strong>(ut</strong></span> <span class='ocrx_word' id='word_1_812' title='bbox 2314 5825 2682 5900; x_wconf 56' lang='lat' dir='ltr'><strong>praemittitur)</strong></span> <span class='ocrx_word' id='word_1_813' title='bbox 2750 5825 2943 5892; x_wconf 80' lang='lat' dir='ltr'><strong>fuerat,</strong></span> <span class='ocrx_word' id='word_1_814' title='bbox 3009 5822 3362 5881; x_wconf 84' lang='lat' dir='ltr'><strong>demoliretur</strong></span> 
     </span>
    </p>
   </div>
  </div>
