3886 6292
508 344 617 433 (τί

1488 337 1578 390 an
1615 335 1839 415 orcus
1877 333 1936 388 Β.
1977 331 2092 385 La:

2201 333 2366 387 ΛΜΗ
2412 331 2764 389 ΑΡΡΕΧυΙΧ.
3637 335 3714 390 672

501 438 675 526 usque
731 472 795 511 au
870 464 1223 531 uni-amenta,
1286 462 1340 509 et
1390 448 1795 507 fortiﬁcaretur'
1822 452 2081 513 turribus,
2119 465 2157 515 Α
2192 453 2459 508 nobilibus
2488 454 2770 529 religiosis,
2799 471 2933 529 quos
2959 457 3195 516 vestivit,
3220 455 3455 516 dotavit;
3484 454 3544 508 de
3563 457 3716 524 quibus

498 559 719 618 propter
743 545 1089 599 securi‘atem
1123 543 1335 613 patriae,
1360 551 1414 597 et
1444 558 1511 597 ne
1542 544 1609 596 ab
1632 542 1838 613 Anglis,
1858 558 1949 596 seu
1966 541 2086 594 aliis

498 636 761 695 hostibus.
800 645 925 689 tunc
956 635 1005 688 iu
1029 620 1206 705 patria
1229 634 1558 705 vigentibus,
1577 642 1881 702 caperetur.
1908 632 2099 698 Quare

497 729 747 799 Congruit
798 729 1031 784 consilio
1084 738 1137 783 et
1178 726 1389 782 auxilio
1434 727 1723 788 baronum,
1753 725 2007 789 militum,
2033 734 2089 779 et

494 822 757 878 nobilium
818 836 881 877 ac
943 821 1246 875 Vicinorum
1298 835 1417 874 eam
1473 817 1788 882 fortificare,
1827 834 1930 871 una
1965 833 2085 872 cum

495 914 735 983 capitulo
764 913 939 969 eidem
965 914 1362 967 consentiente.
1413 912 1476 965 Et
1527 912 1761 982 capellas
1785 911 1929 965 circa
1959 912 2088 965 cbo-

495 1002 644 1071 rum,
678 1007 731 1061 e't
756 1007 889 1060 alias
919 1016 1225 1076 aperturas,
1260 1005 1530 1075 lapidibus
1551 1007 1859 1068 obstruere,
1892 1006 2091 1075 ipsam-

496 1112 602 1168 que
627 1097 913 1151 ecclesiam
940 1106 994 1150 et
1020 1092 1376 1160 beuit'rednm,
1402 1112 1523 1149 cum
1553 1095 1795 1150 turribus
1823 1094 2085 1161 ecclesiae,

497 1184 905 1263 capitulumquc
967 1192 1186 1262 cingere
1239 1191 1660 1262 prepugnacnlis
1693 1233 1705 1252 .
1761 1208 1822 1244 ac
1873 1192 2090 1246 fossatis

495 1269 868 1346 circumdare;
900 1292 1121 1351 propter
1161 1283 1303 1351 quod
1336 1284 1574 1353 oportuit
1617 1282 1864 1336 demoliri
1925 1299 2086 1336 unam

494 1379 702 1441 partem
724 1371 1024 1425 dormitorii
1053 1371 1288 1439 capitulo
1316 1371 1685 1440 adjacentem,
1714 1383 1767 1425 et
1789 1372 1889 1425 tria
1920 1374 2087 1425 latera

495 1464 720 1519 claustri
750 1463 902 1533 juxta
936 1465 1243 1531 ecclesiam,
1277 1472 1329 1519 et
1354 1465 1515 1519 etiam
1562 1467 1850 1533 quamdam
1881 1476 2087 1539 partem

495 1556 725 1623 cellarii,
762 1560 983 1620 domos,
1018 1569 1071 1612 et
1106 1557 1282 1611 aulam
1317 1574 1435 1626 qua:
1483 1566 1709 1611 vocatur
1771 1554 2099 1626 Noviburgi,

490 1648 643 1719 juxta
670 1660 850 1704 turres
886 1651 1151 1716 ccclesizc,
1174 1652 1225 1705 in
1250 1652 1501 1704 damnum
1528 1653 1821 1704 maximum
1850 1652 2089 1721 ejusdem

497 1743 761 1823 ecclesiae.

569 1835 1001 1904 Oportuitetiam
1062 1838 1344 1908 r.-ligiosos
1394 1839 1668 1893 dimittere
1708 1840 2084 1893 dormitorium

497 1926 553 1982 et
582 1926 817 1982 dormire
846 1931 1133 1998 quamdam
1163 1943 1373 1999 partem
1419 1931 1655 2000 ipsormn
1717 1932 1858 1985 infra
1918 1932 2091 1987 cccle-

497 2018 634 2074 siam
663 2036 825 2090 super
859 2022 1205 2101 i'cstiarium;
1265 2031 1493 2077 caeteros
1541 2033 1719 2076 autem
1770 2023 2087 2089 olliciarios,

497 2118 556 2165 et
609 2098 1061 2181 seniores-jacere
1098 2115 1147 2168 in
1186 2116 1407 2184 capellis
1438 2115 1662 2170 chorum
1706 2098 2097 2171 circumdanti-l

497 2204 760 2270 bus;alia
800 2209 1045 2263 ecclesia:
1101 2210 1216 2265 loca
1269 2211 1320 2264 in
1378 2210 1629 2276 ecclesia,
1673 2221 1894 2282 propter
1951 2214 2089 2267 lunia

494 2296 740 2351 eccles’m
790 2300 1161 2354 censeri/unda
1193 2342 1207 2364 ,
1260 2301 1479 2355 fuerunt
1540 2312 1823 2371 occupata.
1892 2301 2091 2371 Sicque

496 2386 632 2441 nihil
672 2388 911 2457 planum,
940 2402 1134 2459 prmter
1164 2391 1317 2445 ebori
1350 2392 1636 2453 ambitum,
1666 2403 1718 2445 et
1747 2394 1889 2446 viam
1921 2393 2087 2457 circa,

496 2472 1121 2555 propterprocessioues
1174 2480 1299 2551 quia
1360 2490 1581 2551 propter
1612 2483 1834 2537 claustri
1871 2484 2092 2537 demoli-

496 2564 697 2622 tionem
731 2584 833 2622 uon
869 2580 1120 2637 poterant
1179 2570 1293 2625 ﬁeri
1343 2572 1395 2625 in
1445 2573 1709 2627 claustro.
1760 2572 1958 2627 Coacta
2008 2584 2093 2629 est

497 2657 725 2712 ecclesia
784 2660 1024 2714 redditus
1067 2670 1120 2714 et
1170 2674 1462 2730 proventus
1508 2664 1627 2732 ejus
1686 2663 1739 2717 iu
1806 2664 2090 2733 stipendiis

502 2759 837 2829 armatorum
862 2766 1157 2825 exponere,
1188 2767 1285 2821 pro
1307 2753 1551 2809 custodia
1575 2763 1629 2807 et
1666 2754 1772 2825 18
1801 2740 2093 2809 conserva;

497 2839 650 2921 tione
679 2841 837 2896 dicta'
876 2842 1187 2897 fortcricizc.
1218 2842 1300 2899 Ob
1321 2838 1439 2899 eam
1483 2848 1705 2901 causam
1748 2849 1987 2917 oportuit
2013 2849 2099 2911 in:

494 2932 716 2987 vadiare
748 2934 1011 2997 maneria,
1047 2942 1243 2998 terras,
1272 2935 1531 2998 decimas,
1558 2938 1622 2990 ad
1654 2936 1906 3007 pratdicta
1921 2954 2088 2991 onera

496 3020 884 3101 supportando,
922 3026 974 3078 in
1007 3028 1302 3080 maximum
1344 3027 1613 3081 damnum
1649 3028 1914 3086 ecclesia‘.
1945 3029 2008 3083 Et
2035 3031 2087 3084 in

2191 555 2373 613 postea
2434 544 2750 612 floruerunt,
2804 545 3115 601 Gauffridus
3163 546 3342 601 dictus
3370 544 3566 599 llareuc
3593 547 3717 603 abbas

2189 636 2585 693 Gemeticcnsis
2610 639 2940 710 (Jumiéges),
2980 640 3302 695 Vincentius
3328 638 3395 692 de
3417 638 3717 708 Rotbomago,

2190 728 2365 782 dictus
2397 730 2461 782 de
2500 729 2687 793 Lieno,
2721 732 2885 786 abbas
2915 731 3266 787 Pratellensis
3292 727 3538 797 (Preau);
3565 730 3717 785 Rober.

2180 814 2277 873 tus
2339 820 2405 874 de
2457 820 2816 891 Rotbomago,
2869 822 3001 875 alias
3051 821 3097 875 le
3148 822 3352 883 Telier,
3399 820 3553 874 abbas
3591 826 3720 875 saucii

2189 910 2390 965 Ebrulfi
2452 912 2536 982 (S.
2587 913 2871 977 Evroultl;
2934 914 3171 969 Joannes
3198 914 3265 968 de
3304 912 3545 983 Bouleya,
3598 912 3724 968 ablas

2192 1004 2530 1061 Cerasiensis
2559 1006 2813 1076 (Cerizy).

2741 1114 3068 1152 ΕΙἸΤΑΡΙΙΙῙΙΗ
3105 1112 3247 1150 ειυς.

2301 1185 2561 1258 Hicjacet
2585 1188 2636 1241 in
2672 1190 2850 1242 tumba
2899 1187 3122 1242 (liuutus
3171 1185 3522 1259 lCui/Iclmus]

3242 1278 3528 1351 [Benseque
3554 1279 3673 1342 tilla,

2310 1372 2481 1436 Rrrri,
2510 1375 2598 1443 qui
2630 1374 2804 1426 decem
2828 1373 2924 1436 bis,
2950 1384 2996 1426 et
3023 1390 3140 1427 cum
3162 1383 3383 1441 septem,
3415 1372 3621 1425 constitit

3533 1460 3676 1532 [anuis

2301 1558 2503 1621 Abbas;
2527 1575 2629 1628 quo
2664 1558 2838 1627 plures
2878 1559 3105 1621 resliret,
3140 1558 3286 1611 ocius
3314 1558 3433 1609 hinc
3464 1564 3558 1607 tres

2305 1647 2466 1702 Fiunt
2505 1652 2747 1713 abbatcs;
2775 1668 2837 1703 ac
2865 1651 3049 1703 lterum
3078 1648 3394 1702 Parisicusis

2304 1739 2450 1794 Unus
2487 1738 2830 1811 Gauffridus;
2872 1758 2898 1795 ε
2951 1758 3069 1794 eum
3100 1740 3190 1794 Jo.
3227 1739 3504 1811 [Joannes]

3044 1831 3131 1904 [de
3171 1830 3218 1883 11
3226 1848 3310 1883 ars
3344 1830 3675 1884 Cerneticeusis

2309 1924 2439 1978 Esse
2462 1925 2606 1988 sinit,
2636 1924 2845 1977 tandem
2871 1923 3024 1977 Βυτσὶ
3046 1924 3102 1992 ﬁt
3144 1933 3326 1991 pastor
3356 1921 3556 1983 ibidem,

2214 2008 2217 2011 λ
2301 2015 2510 2070 Electus
2533 2016 2751 2086 bis.jam
2775 2017 3323 2085 ﬁerijubet,lmucque
3347 2016 3592 2083 ﬁguram,

2300 2106 2567 2160 (Suillelmi
2604 2107 2713 2160 zelo
2744 2109 2882 2168 victi,
2922 2106 3021 2159 telo
3056 2108 3234 2169 vocis;
3272 2123 3411 2159 anno

2300 2196 2716 2268 Bisseplingeuto
2764 2197 2839 2266 (id
2870 2205 2952 2251 est
2981 2196 3134 2268 l588)
3161 2213 3174 2260 ;
3209 2197 3300 2250 sed
3336 2196 3414 2249 bis
3452 2212 3537 2250 sea:
3570 2197 3669 2250 hinc

3419 2285 3677 2358 [removete

2300 2379 2437 2432 Luce
2467 2378 2601 2432 Maii
2627 2380 2767 2441 trina,
2793 2381 2878 2432 cui
2905 2378 3078 2445 cazlos,
3108 2378 3334 2443 Christe,
3370 2381 3597 2448 propitia.

2264 2473 2421 2525 Auno
2453 2471 2663 2524 Domini
2716 2470 3004 2525 millesimo
3038 2472 3422 2526 trecentesimo
3457 2472 3735 2539 octogesimo

2193 2572 2403 2629 octavo,
2436 2574 2559 2633 post
2595 2564 2802 2617 obitum
2834 2564 3037 2617 domini
3080 2563 3361 2619 Guillermi
3399 2563 3600 2618 abbatis
3625 2566 3736 2632 rige-

2193 2657 2313 2710 simi
2348 2657 2493 2711 tertii
2521 2654 2689 2710 frater
2718 2654 3028 2710 Gaull‘ridus
3059 2657 3125 2710 de
3152 2654 3310 2711 Paris
3333 2655 3507 2710 dictus
3547 2654 3735 2717 Harenc,

2195 2755 2323 2799 tunc
2365 2746 2625 2813 temporis
2675 2746 2822 2815 prior
2848 2744 2913 2799 de
2968 2743 3294 2811 Conflantio,
3357 2744 3442 2799 vir
3490 2745 3735 2800 acutissimi

2194 2839 2419 2910 ingenii,
2439 2838 2797 2893 bacalaurens
2830 2836 2882 2891 in
2910 2838 3167 2901 decretis,
3196 2838 3407 2892 electus
3427 2835 3523 2890 fuit
3544 2837 3602 2889 ab
3623 2837 3735 2891 omni

2193 2934 2612 3004 congregatione
2661 2933 2711 2986 in
2760 2932 3013 2987 abbatem
3068 2941 3125 2988 et
3155 2918 3437 3003 pastorem
3470 2932 3622 3003 ipsius
3652 2946 3737 2984 tno~

2195 3026 2444 3080 nastcrii:
2479 3026 2569 3080 sed
2603 3025 2797 3080 electio
2824 3041 2931 3079 non
2982 3035 3067 3079 est
3110 3025 3301 3079 sortita
3332 3040 3488 3078 snmn
3511 3022 3735 3085 ell'cctum,

496 3108 737 3167 ecclesia
786 3114 949 3168 missa
998 3115 1177 3169 Beata:
1230 3114 1411 3171 Maria:
1464 3132 1584 3186 quae
1640 3133 1811 3187 nuper
1838 3119 2085 3174 ordinata
2118 3155 2157 3209 Ο
2194 3119 2448 3188 quoniam
2483 3119 2701 3189 quidam
2748 3118 3002 3179 Estodus,
3062 3116 3283 3171 nomine
3312 3114 3380 3171 de
3415 3114 3735 3177 Estoutevilla,

495 3203 675 3257 fuerat
731 3205 940 3258 cantari
1002 3208 1148 3260 retro
1202 3207 1463 3274 chorum,
1520 3210 1802 3265 coactione
1864 3220 2090 3280 urgente

497 3280 824 3352 entitaltaittr
849 3300 914 3352 ad
947 3299 1118 3375 tnajtts
1145 3300 1334 3355 altare.

514 3464 519 3469 ἡ
567 3390 725 3444 Anno
757 3390 965 3445 Domini
1002 3393 1287 3448 millesimo
1340 3396 1722 3449 trecentesimo
1752 3398 2093 3468 sexagesimo

496 3482 695 3557 primo,
752 3484 926 3549 prima
976 3484 1064 3538 die
1122 3485 1325 3538 mensis
1379 3484 1739 3554 Septembris,
1799 3487 2093 3558 praedictus

496 3570 661 3626 Pater
725 3574 991 3633 Robertus
1046 3580 1213 3635 abbas
1273 3580 1428 3637 Becvi
1478 3583 1774 3652 vigesimus
1822 3586 2094 3639 secundus

498 3665 749 3735 migravit
796 3684 825 3721 a
873 3672 1097 3732 saeculo,
1155 3673 1403 3743 rexitquc
1450 3677 1765 3745 praedictam
1805 3678 2093 3732 ecclesiam

499 3753 670 3825 ferme
694 3759 941 3833 undecim
976 3763 1156 3827 annis,
1196 3775 1250 3818 et
1290 3766 1530 3836 quinque
1583 3768 1893 3832 Iliensibus;
1924 3779 1976 3821 et
2006 3785 2093 3823 sc—

497 3847 683 3916 pultus
703 3860 785 3903 est
816 3852 865 3904 in
898 3855 1102 3922 capella
1138 3854 1317 3909 Beata:
1357 3857 1540 3912 Maria:
1572 3844 1718 3912 retro
1760 3860 2006 3923 chorum,
2040 3859 2093 3917 in

498 3938 723 3994 sinistra
754 3954 928 4011 parte,
978 3943 1133 4011 juxta
1185 3948 1516 4016 sepulturam
1573 3950 1774 4003 domini
1829 3950 2094 4006 Guilbcrti

500 4029 749 4117 abbatis;
784 4043 839 4087 et
875 4052 976 4089 non
1008 4047 1091 4091 cst
1117 4040 1322 4104 tumba,
1358 4056 1533 4108 neque
1556 4042 1914 4112 epitaphium.

570 4119 698 4177 Post
746 4123 861 4191 ejus
913 4128 1120 4205 obitum
1162 4144 1307 4185 anno
1363 4131 1653 4186 millesimo
1716 4134 2095 4189 trecentesimo

500 4215 841 4285 sexagesimo
865 4218 1059 4287 primo,
1092 4220 1299 4276 electus
1329 4221 1431 4275 luit
1482 4223 1550 4278 ab
1606 4224 1751 4277 omni
1798 4240 2097 4296 congrega-

500 4306 646 4361 tione
696 4309 781 4361 vir
836 4325 1048 4379 magum
1106 4313 1385 4383 religionis
1444 4314 1615 4369 frater
1666 4312 2097 4374 Guillelmus‘dc

499 4397 826 4463 Bcnsevilla,
860 4401 1032 4457 dictus
1084 4402 1361 4473 Popeline,
1392 4406 1443 4460 in
1474 4416 1742 4475 pastorem
1778 4409 1945 4477 ipsius
1984 4410 2098 4464 mo;

2194 3212 2343 3282 prius
2396 3211 2693 3265 monachus
2727 3208 3094 3272 Fiscanensis,
3124 3219 3179 3262 et
3223 3216 3353 3261 tunc
3384 3207 3548 3261 abbas
3588 3220 3738 3259 mona-

2195 3302 2347 3355 sterii
2372 3300 2601 3363 Cerasii,
2634 3301 2963 3354 auctoritate
3014 3298 3291 3368 pontiﬁcis
3324 3297 3567 3351 Romani.
3594 3305 3641 3350 et
3658 3311 3741 3349 om.

2197 3391 2346 3445 nium
2401 3390 2750 3460 przelatorum
2781 3392 2853 3453 vi,
2884 3400 2938 3445 et
2962 3390 3261 3444 amicorum
3290 3396 3345 3441 et
3370 3396 3638 3458 parentum
3665 3403 3735 3457 pa.

2198 3480 2385 3542 tentia,
2453 3479 2689 3535 obtinuit
2738 3481 2978 3549 praedicti
3029 3479 3349 3534 monasterii
3402 3479 3737 3548 principatum.

2197 3569 2300 3623 Istc
2328 3570 2535 3639 primus
2586 3570 2686 3625 fuit
2714 3571 3039 3641 alienigena,
3065 3570 3154 3639 qui
3196 3569 3471 3624 Ecclesia!
3504 3569 3741 3623 Bcccensis

2198 3661 2427 3716 Obtiauit
2456 3661 2717 3730 regimen,
2743 3661 2834 3730 qui
2880 3661 2946 3715 de
2991 3661 3198 3731 gremio
3223 3658 3465 3727 ejusdem
3491 3659 3698 3715 ecclesiae
3719 3675 3740 3710 τι

2200 3760 2443 3823 tempore
2498 3746 2831 3806 i‘nmlationis
2884 3768 2990 3806 non
3043 3752 3338 3814 existeret;
3372 3752 3573 3806 duobus
3620 3751 3741 3803 antiis

2200 3854 2253 3901 et
2286 3856 2412 3899 octo
2443 3844 2721 3897 mensibus
2748 3843 2889 3896 rexit
2916 3843 3117 3897 dictum
3155 3844 3567 3896 monasterium.
3624 3840 3741 3907 Quod

2201 3952 2372 4006 nuper
2416 3935 2629 4005 guerris
2659 3934 3001 3989 cessantibus
3058 3935 3449 4003 respiraverat,
3479 3932 3743 3988 occasione-

2200 4043 2303 4098 que.
2331 4028 2710 4099 prmdictarum
2742 4041 3080 4094 guerrarum.
3116 4026 3166 4079 in
3195 4026 3435 4080 maxima
3468 4024 3743 4079 necessitate

2202 4129 2342 4182 erat,
2383 4134 2445 4173 ac
2471 4119 2523 4171 in
2554 4118 2738 4171 multis
2787 4116 2982 4171 debitis
3030 4129 3157 4187 erga
3217 4115 3418 4171 multos
3471 4116 3741 4187 obligatum.

2200 4227 2299 4283 per
2330 4213 2538 4272 domos,
2577 4226 2678 4280 per
2732 4209 2995 4273 maneria,
3029 4208 3362 4271 molendina,
3388 4223 3511 4262 cum
3539 4208 3743 4262 ouinibus

2201 4302 2457 4365 ofﬁcinis,
2492 4302 2543 4354 in
2570 4302 2802 4353 maxima
2856 4300 3034 4362 ruina,
3068 4308 3131 4353 et
3191 4298 3509 4353 decadentia
3540 4306 3659 4352 erat.
3697 4294 3744 4347 Et

2204 4394 2256 4447 in
2279 4392 2394 4461 ejus
2426 4392 2682 4457 adventu,
2724 4390 2906 4443 omnia
2951 4398 3008 4446 et
3046 4389 3256 4460 singula
3286 4399 3414 4444 sunt
3442 4380 3743 4443 deteriorata.

498 4491 757 4555 nasterii;
802 4496 1145 4561 postmodum
1177 4497 1514 4553 benedictus.
1550 4498 1844 4565 Modestus,
1872 4511 1925 4554 et
1948 4503 2092 4556 mitis

2201 4485 2325 4555 quia
2354 4482 2470 4551 ejus
2498 4497 2628 4535 cura
2671 4490 2789 4534 erat
2846 4495 3012 4549 super
3062 4480 3310 4548 pecuniis
3356 4477 3743 4537 accumulandis,

499 4577 762 4635 fratribus
791 4592 938 4648 erat;
972 4594 1024 4639 et
1049 4596 1268 4639 s'renue
1301 4598 1354 4639 et
1375 4586 1713 4642 laudabiliter
1744 4592 1886 4643 rexit
1919 4591 2092 4659 ipsum

503 4664 920 4737 monasterium,
948 4675 1137 4746 viginti
1190 4687 1392 4746 septem
1450 4680 1645 4744 annis;
1677 4681 1888 4748 guerris
1914 4681 2096 4751 vigen-

501 4763 665 4825 tibus,
697 4774 802 4819 tam
835 4767 885 4821 in
914 4766 1302 4823 Nortbmannia
1328 4787 1487 4839 quam
1513 4771 1565 4824 in
1594 4770 1821 4825 Francia
1850 4781 1904 4826 et
1929 4772 2101 4841 Aqui-

503 4857 675 4921 tania,
726 4867 780 4913 et
840 4858 963 4914 licet
1029 4862 1347 4930 praedictum
1390 4862 1779 4917 monasterium
1839 4872 1986 4917 esset
2043 4865 2095 4918 in

504 4948 741 5003 maxima
800 4953 1154 5018 necessitate,
1202 4968 1296 5007 sna
1344 4953 1681 5023 benignitate
1714 4962 1768 5007 et
1812 4954 2096 5021 patientia,

504 5040 822 5105 praedictum
852 5043 1244 5095 monasterium
1276 5059 1303 5096 a
1359 5043 1542 5097 multis
1573 5043 1833 5105 adversis,
1888 5043 2099 5098 damnis

498 5141 555 5186 et
588 5134 840 5203 periculis
866 5137 1235 5205 przescrvavit.

574 5224 731 5277 Auno
760 5223 1048 5277 millesimo
1101 5224 1482 5277 trecentesimo
1512 5225 1845 5295 octogesimo
1876 5228 2097 5292 Octavo,

505 5316 744 5367 secunda
776 5315 862 5369 die
888 5314 1090 5368 tuensis
1136 5313 1281 5379 Maii,
1333 5315 1641 5385 migravita
1676 5317 1873 5371 srcculo
1926 5328 1979 5371 et
2021 5334 2097 5373 se-

503 5404 688 5472 pultus
719 5404 821 5458 fuit
872 5405 926 5457 in
986 5404 1340 5470 revestiario,
1390 5416 1515 5460 ante
1575 5406 1745 5460 altare
1788 5416 2099 5461 sanctorum

507 5492 713 5549 Nicolai
739 5504 794 5548 et
814 5493 1146 5561 (Zatbarinrc,
1203 5498 1291 5551 ubi
1328 5506 1458 5551 tunc
1511 5498 1767 5567 temporis
1807 5496 2100 5568 capitulum

512 5588 819 5650 tenebatur,
852 5587 977 5656 quia
1002 5590 1298 5659 capitulum
1355 5590 1688 5657 molendina,
1746 5589 1927 5658 furno,
1983 5606 2105 5661 gra-

511 5677 689 5741 nario,
718 5686 941 5745 propter
969 5695 1194 5749 guerras
1220 5682 1613 5750 occupabatur.

520 5790 523 5791 ν
585 5767 885 5826 Prmdictus
907 5772 1069 5828 etiam
1094 5773 1279 5842 Pater,
1301 5775 1636 5846 temporibus
1660 5775 1795 5840 suis,
1819 5772 2103 5829 ecclesiam

2200 4572 2678 4643 appropriavitque
2703 4570 2804 4625 sibi
2830 4569 3070 4624 oflicimn
3098 4571 3447 4633 tliesaurarii,
3478 4584 3663 4639 ponens
3685 4582 3746 4620 τρο

2201 4675 2474 4736 ceptorem
2517 4663 2855 4724 szemtlarem,
2890 4663 3034 4730 quod
3069 4676 3344 4730 mmquam
3393 4661 3568 4714 visum
3604 4669 3690 4714 est.

2272 4759 2537 4826 Expeusaa
2592 4756 2920 4826 quotidiana:
2978 4754 3391 4809 inaestimabiles
3422 4763 3528 4807 tam
3567 4767 3653 4821 pro
3674 4762 3748 4805 suo

2202 4851 2483 4906 excessive
2539 4857 2706 4911 statu,
2764 4855 2874 4899 tam
2925 4846 3214 4900 occasione
3272 4845 3503 4899 fratrum
3546 4858 3745 4900 suorum.

2203 4957 2435 5013 quorum
2494 4941 2659 5011 aliqui
2723 4946 2883 4992 erant
2932 4938 3243 5007 pontifices,
3293 4936 3382 4990 alii
3429 4936 3634 4997 milites,
3681 4932 3747 4985 alii

2204 5030 2594 5094 archidiaconi,
2664 5027 2993 5083 existebant.
3046 5026 3163 5096 lpse
3235 5027 3493 5095 expensis
3545 5023 3749 5080 ecclesia:

2204 5124 2519 5187 Becceusis,
2547 5120 2806 5193 singulari
2841 5119 3054 5189 fulgens
3076 5119 3397 5184 ambitione,
3425 5118 3702 5188 impetravit
3726 5130 3747 5164 ,ι

2202 5217 2334 5272 sede
2388 5214 2679 5284 apostolica
2730 5221 2789 5265 ut
2841 5212 3015 5265 solum
3062 5212 3171 5264 vita
3227 5212 3425 5266 comite
3472 5217 3642 5280 posset
3690 5204 3749 5258 uti

2204 5308 2387 5371 mitra,
2412 5314 2468 5359 et
2503 5303 2732 5365 annalis,
2764 5311 2817 5355 et
2836 5299 3086 5371 insigniis
3112 5300 3532 5369 pontiﬁcalibus.
3556 5300 3750 5352 Vocatus

2206 5397 2272 5451 ad
2304 5395 2545 5464 regimen
2574 5391 2835 5446 Ecclesia:
2869 5388 3243 5453 Fiscanensis,
3274 5389 3418 5443 unde
3446 5391 3589 5458 prius
3610 5386 3752 5440 fuerat

2206 5488 2530 5551 monachus,
2579 5486 2718 5540 bona
2765 5483 2996 5538 ecclesia
3045 5482 3336 5537 Bcccensis
3367 5482 3420 5536 in
3455 5491 3595 5537 tanta
3626 5477 3750 5547 copia

2208 5593 2318 5637 tam
2348 5582 2401 5636 in
2432 5580 2585 5634 libris
2626 5584 2790 5648 quam
2833 5576 3119 5647 jocalibus,
3152 5592 3309 5642 auro,
3356 5586 3577 5649 argento
3599 5587 3750 5630 secum

2209 5674 2462 5744 portarit,
2498 5672 2637 5741 quod
2663 5687 2690 5723 a
2734 5668 3049 5723 fundatione
3077 5682 3181 5720 non
3206 5677 3291 5722 est
3327 5669 3582 5727 memoria
3604 5664 3750 5723 cccleo

2210 5768 2346 5822 siam
2377 5773 2579 5825 tantum
2614 5762 2821 5816 ruinam
2852 5758 3019 5814 fuisse
3047 5773 3285 5829 passam.
