3864 6304
125 342 207 399 67$

1292 334 1692 394 CHRONICON
1724 333 2103 393 BECCENSE.

3258 302 3375 400 A674

180 456 529 514 Fundaverunt
560 453 721 509 frater
748 452 866 523 ejus
897 454 1181 526 episcopus
1220 455 1570 510 Lexoviensis
1601 465 1657 506 et
1690 455 1731 510 Α
1763 454 2062 507 centesimo
2090 454 2437 522 nonagesimo
2462 465 2675 520 octavo.
2709 457 2921 513 decima
2971 461 3131 516 tertia
3165 463 3373 519 mensis

123 554 213 620 ipse
232 547 469 603 Estoldus
499 547 780 616 collegium
836 546 1176 603 Lexoviense
1228 548 1472 602 Parisios
1508 546 1660 614 juxta

123 644 339 694 Sanctam
361 637 709 701 Genovefam,
742 645 797 692 et
825 638 1103 693 distribuit
1134 637 1387 692 Estoldus
1411 638 1579 690 libros
1612 645 1665 690 et

122 742 279 787 cuncta
300 746 411 801 qua)
451 731 520 784 ab
551 729 775 785 ecclesia
800 729 955 784 Becci
982 730 1297 796 abstulerat,
1327 732 1472 784 dicto
1502 730 1667 785 colle-

120 828 210 897 gio;
233 826 291 878 de
322 833 465 877 tanta
490 822 695 877 offensa
737 823 999 878 Dominus
1031 823 1309 889 indulgeat
1348 824 1418 878 ei.

175 914 265 984 19
291 913 412 968 Post
437 913 735 967 discessum
768 927 898 967 vero
931 912 1098 983 ipsius
1148 912 1374 979 Estoldi,
1435 912 1667 969 Gaufl'ri-

117 1007 196 1060 dus
219 1004 546 1068 Parisiensis,
578 1004 753 1057 dictus
784 1006 847 1057 de
877 1002 1107 1070 llareuc,
1156 1006 1244 1074 qui
1292 1004 1545 1059 violentia
1598 1006 1667 1059 ab

117 1095 269 1149 amicis
286 1094 405 1148 dicti
439 1093 663 1158 Estoldi,
697 1110 828 1164 papa
855 1096 1249 1161 consentiente,
1288 1095 1463 1150 fuerat
1490 1112 1666 1150 remo-

117 1196 198 1248 tus,
221 1200 417 1238 rursum
442 1192 531 1239 est
563 1184 769 1239 electus
793 1201 822 1238 a
855 1195 966 1239 tota
1004 1188 1428 1257 congregatione
1471 1188 1523 1241 in
1571 1187 1668 1242 ab-

116 1278 259 1329 batem
286 1285 337 1329 et
357 1285 631 1345 pastorem
660 1273 913 1329 ECCleSliP
935 1276 1245 1341 Beecensis,
1269 1286 1321 1332 et
1343 1278 1429 1333 die
1456 1279 1663 1332 decima

114 1377 266 1435 quarta
297 1368 495 1421 mensis
529 1368 729 1433 Martii,
760 1369 810 1422 id
841 1376 923 1424 est
960 1368 1096 1424 feria
1125 1370 1279 1424 tertia
1304 1379 1430 1425 ante
1465 1369 1666 1425 Baulos

114 1459 397 1524 l’almarum,
431 1477 575 1515 anno
602 1461 810 1516 Domini
844 1462 1129 1517 millesimo
1159 1464 1543 1518 trecentesimo
1572 1480 1666 1518 no-

113 1553 344 1621 nagesimo
374 1564 627 1622 receptus
649 1569 770 1608 cum
806 1555 1003 1621 gaudio
1028 1571 1250 1626 magno,
1309 1557 1528 1611 cunctis
1554 1556 1666 1611 cla-

113 1642 339 1696 ulantibus
364 1656 377 1695 :
405 1643 532 1697 Noel
557 1646 569 1697 !
603 1643 733 1698 Noel
758 1646 771 1699 l

164 1734 261 1801 Ipse
290 1737 336 1790 in
365 1738 540 1805 primo
565 1752 712 1791 anno
733 1738 814 1792 sui
848 1739 1116 1794 adventus
1140 1738 1267 1794 fecit
1296 1739 1413 1796 fieri
1438 1741 1665 1810 quadra-

1768 542 1919 609 Julii,
1951 544 2182 614 arripuit
2213 545 2316 600 iter
2344 547 2797 617 peregrinationis
2840 551 2979 606 ultra
3018 568 3188 615 mare,
3220 569 3372 609 asso-

1768 637 1941 691 ciatns
1963 639 2146 693 multis
2170 638 2439 695 nobilibus
2464 642 2592 695 viris
2605 642 2846 699 Francia:
2861 655 2914 699 et
2938 645 3368 713 Northmannim,

1770 728 1838 781 ad
1885 729 2208 783 visitandam
2262 742 2506 786 sanetam
2563 720 2761 787 terram
2819 736 3367 808 llierosolymitanam

1770 830 1823 873 et
1852 830 2097 876 sanctum
2120 810 2436 893 sepulcrum
2462 824 2698 888 Domini,
2732 834 2786 879 et
2818 828 2924 881 alia
2974 841 3163 884 sancta
3219 830 3362 897 loca,

1771 926 1869 965 nec
1904 927 2006 964 non
2041 913 2107 966 ad
2138 915 2393 967 Sanctam
2432 915 2807 979 Catharinam,
2830 904 2894 981 in
2955 932 3137 974 monte
3190 920 3364 975 Sinai.

1771 999 2111 1056 Revertendo
2142 1005 2337 1058 cecidit
2372 990 2425 1057 in
2461 1007 2750 1076 quamdam
2785 992 3098 1073 foveam,in
3125 1026 3227 1079 qua
3261 1011 3367 1066 fuit

1769 1105 1867 1159 per
1902 1099 2009 1144 tres
2036 1092 2151 1146 dies
2178 1094 2319 1162 quod
2350 1109 2456 1148 non
2493 1096 2667 1159 potuit
2697 1096 2950 1150 inveniri.
2981 1099 3054 1153 De
3075 1114 3180 1168 qua
3213 1113 3366 1169 pere-

1769 1182 2096 1251 grinatione,
2122 1183 2247 1237 dum
2278 1200 2372 1245 per
2402 1184 2618 1239 deserta
2657 1197 3023 1242 reverteretur
3050 1204 3171 1241 cum
3231 1190 3366 1253 suis,

1770 1274 2033 1343 contingit
2056 1275 2201 1328 illum
2233 1275 2520 1341 inﬁrmari,
2561 1279 2696 1333 adeo
2725 1290 2781 1334 ut
2815 1297 2920 1334 non
2955 1292 3170 1350 poterat
3218 1283 3365 1336 ince-

1768 1364 1897 1420 dere
1928 1382 2026 1420 nee
2056 1368 2211 1435 pede,
2264 1384 2362 1423 nec
2402 1384 2561 1439 equo,
2613 1381 2667 1426 et
2714 1358 2955 1440 oportuit
2995 1385 3051 1428 ut
3089 1375 3141 1427 in
3174 1373 3369 1429 lectica

1771 1468 1966 1521 magno
1995 1452 2179 1509 labore
2201 1458 2581 1526 deportaretur
2612 1476 2735 1514 cum
2774 1463 2908 1526 suis,
2948 1464 3038 1532 qui
3090 1464 3168 1518 sic
3213 1479 3366 1519 vene-

1773 1554 1897 1598 runt
1926 1561 2098 1616 usque
2131 1546 2182 1600 in
2214 1546 2423 1605 Italiam
2450 1550 2589 1619 apud
2611 1552 2901 1620 quamdam
2926 1552 3225 1617 civitatem,
3246 1569 3367 1623 qua:

1767 1645 1994 1689 vocatur
2019 1635 2222 1702 Padna,
2258 1638 2535 1692 etibidein
2583 1655 2705 1693 cum
2765 1655 2962 1712 magno
3006 1644 3192 1697 dolore
3243 1630 3364 1698 Suo-

1771 1741 1910 1791 rum,
1940 1726 2081 1780 diem
2138 1726 2332 1783 clausit
2376 1741 2713 1794 extremum,
2768 1733 2981 1788 decimo
3035 1733 3228 1804 quinto
3278 1736 3366 1789 die

111 1829 227 1896 ginta
252 1842 489 1881 cameras
524 1830 575 1882 in
627 1830 851 1901 antiquo
900 1832 1245 1897 dormitorio,
1300 1842 1356 1887 et
1410 1834 1481 1887 ibi
1533 1832 1651 1889 fecit

1767 1816 2141 1881 mensisJulii,
2172 1834 2315 1872 anno
2374 1821 2583 1873 Domini
2638 1822 2927 1879 millesimo
2980 1826 3364 1880 trecentesimo

110 1916 305 1970 dormire
328 1917 631 1988 religiosos,
662 1920 911 1993 quiante
952 1906 1296 1976 dormiebant
1316 1938 1480 1993 super
1510 1940 1663 1978 reve-

109 2005 334 2071 niat-ium,
365 2017 416 2062 et
439 2009 661 2064 vestivit
681 1992 868 2065 eodem
892 2027 1037 2067 anno
1057 2014 1330 2068 sexdecim
1365 2017 1660 2072 monachos

111 2097 257 2151 habitu
281 2099 553 2169 religionis
578 2118 594 2168 ;
623 2113 676 2157 et
704 2102 969 2159 mundare
1001 2104 1130 2160 fecit
1170 2122 1362 2161 omnes
1392 2108 1658 2173 ollicinas,

108 2188 404 2257 etdeponere
439 2192 672 2261 lapides,
701 2204 756 2247 et
777 2210 839 2249 ea
889 2194 1085 2264 quibus
1140 2196 1359 2265 capellae
1411 2198 1662 2253 obstrue-

110 2279 285 2344 bantur,
306 2291 356 2334 et
381 2284 648 2338 revitrare
697 2286 763 2339 de
804 2301 965 2355 novo,
1018 2297 1073 2340 et
1112 2289 1345 2343 maxime
1396 2291 1655 2359 capellam

110 2367 249 2424 Beata:
275 2372 466 2438 Mariae,
495 2374 549 2427 in
582 2374 738 2443 cujus
765 2378 945 2431 medio
976 2377 1152 2432 fuerat
1178 2395 1364 2434 murus
1388 2384 1657 2436 invasimus

109 2475 233 2527 quem
256 2462 375 2517 fecit
399 2465 607 2519 destrui
631 2483 645 2530 ;
675 2475 729 2521 et
754 2467 943 2533 missa,
972 2483 1091 2535 qnze
1137 2470 1379 2538 quotidie
1405 2472 1470 2527 de
1498 2489 1656 2528 mane

109 2551 281 2615 dicitur,
309 2555 590 2610 dicebatur
619 2566 743 2610 ante
767 2558 941 2626 majus
967 2560 1158 2625 altare,
1203 2562 1486 2632 reincccpit
1517 2566 1655 2619 cele-

108 2640 221 2695 brari
250 2644 295 2698 in
322 2646 454 2700 dicta
492 2647 721 2717 capella.
759 2647 909 2703 Fecit
948 2650 1113 2704 etiam
1143 2640 1407 2709 mundare
1446 2656 1655 2726 capitu-

111 2727 210 2797 lum,
228 2735 358 2803 quod
382 2735 560 2790 fuerat
594 2746 917 2805 occupatum
948 2740 1183 2808 quodam
1236 2742 1565 2809 molendino,
1599 2755 1654 2800 et

112 2818 251 2897 furno,
275 2829 496 2904 quodam
522 2830 804 2898 granario,
845 2845 908 2883 ac
931 2831 1143 2901 magnis
1188 2835 1392 2891 tonniis
1430 2820 1506 2892 ad
1556 2854 1654 2909 po-

108 2917 295 2971 nendam
320 2920 565 2974 siceram.
604 2919 672 2991 Et
702 2918 831 2975 fecit
858 2921 1064 2976 dictum
1100 2924 1397 2988 capitulum
1420 2940 1475 2983 et
1510 2930 1654 2985 refe~

109 3008 294 3061 ctorium
320 3009 609 3081 depingere
640 3019 695 3063 et
725 3026 1010 3077 renovare,
1035 3023 1089 3068 et
1119 3016 1187 3071 dc
1236 3019 1354 3089 ipso
1411 3022 1649 3090 capitulo

108 3102 247 3153 omnia
266 3102 491 3170 auferre,
521 3112 579 3157 et
603 3104 1075 3174 reparavitomnia
1106 3123 1227 3177 qua:
1263 3113 1486 3167 fuerunt
1506 3114 1645 3169 facta
1677 3148 1717 3203 ε

110 3198 301 3260 tempore
319 3211 542 3266 gucrrtn.

162 3282 610 3353 Reparavitetiam
639 3288 951 3354 ecclesiam,
980 3300 1034 3345 et
1060 3290 1306 3348 ofﬁcinas
1356 3295 1485 3351 dicti
1534 3313 1647 3351 mo.

108 3376 284 3429 nasterii
306 3378 365 3431 de
394 3391 744 3448 coopertum,
776 3382 901 3451 quia
923 3381 979 3435 in
1006 3383 1239 3438 adventu
1291 3400 1391 3440 suo
1449 3386 1648 3457 ubique

108 3464 296 3531 pluebat.
328 3469 513 3525 Omnia
540 3473 787 3527 maneria
814 3482 870 3527 et
901 3473 1239 3541 molendina,
1267 3492 1390 3547 qua:
1439 3478 1651 3543 invenit

108 3553 147 3624 in
171 3572 337 3627 magna
360 3561 679 3616 decadentia
722 3572 777 3616 et
814 3563 994 3628 ruina,
1054 3565 1297 3619 Studiose
1355 3546 1645 3639 reparavit,

107 3643 342 3702 ecclesiam
389 3652 688 3721 acquitavit
736 3655 801 3706 de
845 3653 1030 3708 multis
1098 3655 1294 3709 debitis
1355 3658 1646 3729 obligatam

108 3739 301 3802 tempore
327 3740 522 3795 Estoldi
561 3743 976 3812 praedecessoris
1002 3746 1107 3812 sui,
1138 3755 1192 3800 et
1227 3746 1458 3802 aliorum
1501 3765 1644 3820 prm-e

106 3821 392 3885 decesserunt
421 3850 668 3889 suorum.

116 3952 117 3955 η
157 3916 264 3973 flent
286 3926 598 3980 exoneravit
631 3928 918 3983 ecclesiam
944 3930 1010 3985 de
1055 3939 1272 3985 centum
1317 3931 1471 3987 libris
1525 3935 1647 3989 red-

106 4006 215 4063 ditus
242 4013 298 4065 ad
317 4014 497 4082 vitam,
523 4034 659 4087 quas
686 4020 905 4087 quidam
935 4029 1160 4074 vocatus
1196 4021 1391 4077 Petrus
1414 4022 1463 4078 le
1490 4022 1645 4077 Veul-

105 4094 179 4163 les,
206 4102 323 4155 alias
342 4104 583 4173 Pontrel,
614 4109 846 4164 habebat
876 4109 942 4163 ad
974 4112 1137 4165 vitam
1169 4127 1324 4168 suam
1356 4129 1521 4185 super
1548 4115 1642 4170 de-

105 4189 236 4248 cimas
259 4206 306 4250 et
333 4207 501 4255 terras
523 4211 739 4255 nostras
760 4202 825 4256 de
849 4202 1055 4257 Caleto.
1632 4258 1635 4263 ,

156 4281 263 4338 ltetn
284 4293 563 4346 exornavit
588 4295 913 4359 Inanerium,
942 4304 1173 4357 terram,
1225 4304 1279 4349 et
1314 4298 1557 4352 redditus
1579 4298 1644 4353 de

106 4369 319 4449 Quevilly,
341 4398 456 4451 quae
480 4384 753 4438 invadiata
784 4395 940 4439 erant
988 4386 1249 4442 Gervasio
1278 4390 1343 4441 de
1372 4390 1536 4449 Saux,
1590 4400 1644 4444 et

1766 1909 2119 1978 nonagesimo
2151 1927 2323 1977 nono;
2384 1921 2440 1966 et
2474 1912 2675 1967 ibidem
2732 1914 2783 1967 in
2843 1910 3079 1984 quadam
3129 1916 3363 1971 ecclesia

1764 2000 2008 2067 sepultus
2057 1998 2177 2053 fuit.
2222 2000 2285 2053 Et
2335 2002 2484 2057 missi
2537 2011 2661 2055 sunt
2711 2003 2929 2073 quidam
2968 2004 3035 2058 de
3096 2004 3364 2075 religiosis

1762 2089 1942 2154 Becci,
1974 2091 2064 2160 qui
2101 2091 2300 2145 ibidem
2330 2094 2637 2162 sumptibus
2667 2093 2915 2149 ecclesim
2960 2096 3208 2152 fecerunt
3243 2097 3359 2152 fieri

1762 2181 2043 2235 servitium
2069 2190 2122 2235 et
2154 2181 2487 2251 sepulturam
2520 2184 2572 2237 in
2600 2186 2917 2239 memoriam
2952 2188 3089 2256 ejus.

1835 2270 1970 2326 Nota
1998 2273 2337 2341 privilegium
2373 2291 2693 2329 concessum
2748 2277 3035 2332 abbatibus
3068 2279 3247 2343 Becci,
3282 2280 3359 2333 fa-

1758 2377 1887 2418 vore
1932 2362 2191 2417 Gaufl‘ridi
2247 2362 2479 2429 llarenc,
2534 2375 2659 2420 tunc
2693 2371 2952 2433 temporis
2979 2368 3211 2424 abbatis.

1835 2472 1852 2505 ι
1885 2453 2134 2509 CLquNs
2163 2454 2471 2524 episcopus,
2498 2471 2691 2511 servus
2717 2472 2998 2512 servorum
3060 2458 3179 2528 Dei,
3220 2461 3355 2517 dile-

1757 2543 1863 2598 etis
1892 2543 2015 2598 filiis
2042 2543 2354 2598 Gwrrntoo
2383 2544 2589 2610 abbati,
2620 2557 2672 2601 et
2706 2549 2997 2603 conventui
3035 2552 3354 2607 monasterii

1757 2635 1822 2709 de
1852 2635 2022 2690 Becco
2051 2635 2308 2702 llelluioi,
2337 2635 2547 2692 ordinis
2569 2637 2745 2693 sancti
2776 2636 3078 2706 Benedicti,
3138 2638 3351 2694 Rotho.

1757 2728 2032 2797 magensis
2064 2727 2337 2792 dimcesis,
2372 2728 2601 2782 salutem
2628 2738 2681 2783 et
2730 2729 3083 2799 apostolicam
3130 2735 3358 2788 benedi-

1754 2818 2010 2872 ctionem.
2042 2816 2300 2888 Exposcit
2342 2827 2535 2873 vestrae
2581 2819 2885 2875 devotionis
2922 2821 3248 2891 sinceritas,
3296 2833 3354 2897 et

1754 2910 2035 2979 religionis
2079 2921 2420 2979 promeretur
2450 2912 2709 2967 honestas
2759 2922 2817 2967 ut
2866 2899 2972 2969 tam
3023 2933 3159 2983 vos,
3214 2935 3353 2988 quos

1752 3001 1972 3072 speciali
2008 3001 2309 3058 devotionis
2339 3002 2531 3058 affectu
2587 3009 2992 3076 prosequimur,
3046 3025 3209 3078 quam
3240 3028 3355 3081 ιιιοτ-

1753 3093 2051 3147 nasterium
2081 3103 2351 3158 vestrum,
2408 3112 2534 3149 cum
2569 3097 2745 3167 dign-is
2798 3101 3093 3155 honoribus
3145 3104 3356 3159 attolla-

1753 3202 1903 3252 mus;
1940 3186 2143 3241 dudum
2176 3187 2444 3258 siquidem
2472 3190 2685 3244 cuidam
2716 3191 2938 3247 Estoldo
2985 3194 3165 3249 abbati
3223 3197 3354 3251 dicti

1752 3277 2093 3345 monasterii,
2128 3288 2183 3332 et
2222 3279 2377 3334 vobis
2405 3279 2533 3335 filiis
2564 3284 2879 3349 conventui,
2912 3294 2970 3337 ut
2997 3285 3141 3339 idem
3168 3286 3350 3343 Estol-

1752 3372 1852 3425 dus
1876 3373 2065 3437 abbas,
2097 3381 2153 3426 et
2176 3387 2524 3429 successores
2568 3375 2651 3429 sui
2706 3376 2935 3432 abbates
2992 3378 3124 3449 dicti
3163 3395 3353 3434 mona-

1751 3463 1925 3527 sterii,
1978 3464 2067 3532 qui
2120 3479 2217 3533 pro
2280 3474 2522 3534 tempore
2570 3464 2769 3531 forent,
2798 3467 2996 3532 mitra,
3030 3469 3253 3533 annulo,
3296 3478 3351 3535 et

1751 3552 1873 3608 aliis
1900 3554 2298 3623 pontificalibus
2329 3556 2597 3625 insigniis,
2640 3555 2812 3610 libere
2849 3567 3068 3625 possent
3115 3559 3211 3623 uti,
3251 3574 3351 3612 nec

1751 3662 1856 3700 non
1893 3646 2035 3716 quod
2066 3647 2117 3700 in
2152 3647 2300 3700 dicto
2329 3647 2681 3710 monasterio,
2723 3655 2777 3700 et
2813 3648 3144 3716 prioratibns
3172 3649 3349 3703 cidem

1751 3740 2083 3794 monasterio
2111 3740 2393 3810 subjectis,
2427 3756 2490 3795 ac
2520 3739 2926 3809 parocliialibus
2973 3749 3027 3794 et
3059 3740 3183 3794 aliis
3241 3740 3343 3817 Ece

1750 3831 1957 3897 clesiis,
1982 3833 2047 3887 ad
2074 3818 2246 3901 ipsum
2280 3832 2526 3885 abbatem
2560 3841 2615 3886 et
2658 3846 2753 3886 vos
2798 3832 2964 3897 filios,
3012 3831 3344 3902 conjunctitn

1749 3926 2132 3989 communiter,
2179 3923 2260 3978 vel
2322 3912 2574 3989 divisum,
2627 3924 3047 3993 pertinentibus,
3099 3927 3346 3994 quamvis

1749 4006 1871 4080 Sibi,
1900 4026 1956 4071 et
1986 4017 2142 4070 vobis
2172 4004 2331 4085 pleno
2348 4016 2472 4084 jure
2514 4031 2620 4069 non
2653 4016 2963 4083 subessent,
3012 4017 3345 4072 benedictio-

1750 4124 1871 4162 nem
1901 4107 2194 4161 solemnem
2225 4122 2387 4177 super
2413 4107 2689 4177 p0pulum,
2725 4118 2850 4177 post
2881 4096 3167 4161 missarum
3187 4148 3201 4171 ,
3252 4124 3344 4162 ve-

1748 4190 2052 4268 Spcrarum,
2084 4208 2139 4255 et
2168 4201 2560 4252 matutinorum
2607 4199 2870 4253 solemnia
2932 4200 3246 4277 (dummodo
3286 4200 3341 4255 in

1749 4276 2477 4358 benedictioneliujnsmodi,
2532 4291 2730 4360 aliquis
2772 4291 3018 4353 antistes,
3073 4276 3153 4344 vel
3193 4292 3343 4361 sedis

1749 4382 2057 4452 apostolica:
2088 4382 2294 4452 legatus
2326 4397 2563 4450 praesens
2591 4397 2694 4434 non
2722 4379 2882 4451 foret)
2917 4380 3131 4451 elargiri
3158 4397 3339 4453 posse,

104 4465 224 4516 uxori
249 4482 348 4524 sua:
370 4470 449 4526 ad
478 4473 643 4526 vitam
676 4490 856 4540 suam;
908 4484 959 4530 et
990 4478 1149 4532 solvit
1201 4480 1536 4548 octingentas
1584 4482 1648 4535 li-
1681 4493 1727 4547 ι)
1754 4473 2439 4543 duximusindulgendum.
2478 4472 2586 4527 Nos
2608 4473 2773 4551 igitur
2829 4472 3072 4551 volentes
3122 4489 3220 4528 vos
3260 4482 3342 4527 at-

106 4547 220 4620 bras,
241 4558 297 4612 de
325 4561 473 4619 bonis
497 4566 670 4635 patris
697 4575 751 4620 et
783 4568 971 4622 matris
995 4584 1125 4635 suae,
1156 4585 1278 4639 qua:
1333 4586 1505 4640 nuper
1547 4574 1646 4628 ha.

105 4641 255 4704 buerat
279 4668 338 4708 ex
365 4657 514 4713 obitu
548 4675 757 4715 eorum.
844 4650 847 4653 ’
1024 4708 1027 4709 ν

157 4739 264 4798 Item
287 4751 348 4805 ad
377 4755 657 4809 tuitionem
690 4754 960 4811 libertatis
988 4765 1187 4811 nostra:
1239 4755 1305 4810 de
1333 4756 1642 4813 venditione

106 4833 310 4906 Piscium,
364 4844 574 4901 fortiter
632 4847 901 4903 laboravit
944 4859 1131 4905 contra
1182 4858 1513 4905 mercatores
1550 4852 1641 4920 qui

106 4928 376 4988 recusabant
400 4934 596 4991 afferre
616 4938 794 5006 pisces
823 4952 949 4992 suos
978 4938 1200 4994 venales
1231 4940 1299 4994 ad
1350 4940 1643 5008 coquinam,

106 5011 238 5080 ipsius
261 5028 586 5091 monasterii,
614 5038 901 5098 antequam
928 5040 1266 5098 exponerent
1289 5046 1383 5085 eos
1410 5031 1477 5084 ad
1505 5046 1639 5091 vene

105 5102 311 5177 deadum,
360 5128 418 5170 ut
446 5119 612 5172 moris
642 5132 743 5173 est.
786 5118 1099 5189 lmpetravit
1145 5136 1175 5174 a
1219 5120 1464 5175 Romano
1506 5136 1639 5191 pon-

109 5195 215 5283 taicc
233 5204 358 5283 quod
383 5214 486 5260 tam
511 5208 625 5277 ipse
677 5224 838 5277 quam
885 5224 1232 5277 successores
1282 5211 1364 5265 sui
1416 5212 1640 5267 abbates

105 5276 248 5351 “Mi.
266 5280 334 5347 Ide
361 5308 554 5353 caetero
578 5309 801 5369 possent
830 5302 906 5354 uti
932 5300 1091 5354 mitra
1117 5309 1171 5356 et
1219 5301 1340 5357 aliis
1391 5303 1637 5373 insigniis

107 5377 450 5441 pontiﬁcalibus
473 5390 745 5459 perpetuis
770 5391 1125 5460 temporibus.

161 5463 343 5542 lncmpit
364 5478 662 5535 clausuram
689 5498 966 5537 murorum
992 5493 1047 5537 et
1075 5484 1302 5538 turrium
1326 5484 1469 5538 circa
1517 5499 1635 5538 mo-

110 5563 464 5633 nasteriumme
483 5574 547 5627 de
574 5560 772 5631 cancro
822 5577 1053 5632 ecclesia
1117 5578 1524 5647 opprimeretur
1582 5587 1638 5633 et

109 5656 405 5739 Qﬁuparetur
430 5674 666 5735 tempore
689 5658 1033 5739 guerrarum,
1070 5654 1211 5723 sicut
1241 5679 1399 5723 antea
1434 5670 1630 5725 fuerat.

168 5736 360 5803 Etanno
386 5736 1124 5819 Dominica:incarnationis
1176 5757 1467 5815 millesimo
1520 5770 1630 5817 tre-

1751 4568 1863 4623 tolli
1897 4565 2148 4635 ampliori
2180 4565 2557 4636 praerogativa
2611 4563 2859 4631 honoris,
2908 4565 3105 4620 vestris
3154 4565 3206 4619 in
3240 4566 3342 4621 hac

1746 4636 1899 4735 parte
1921 4657 2405 4729 supplicationibus
2436 4656 2699 4722 inclinati,
2725 4665 2785 4711 ut
2813 4665 2867 4709 tu
2924 4656 2999 4711 fili
3052 4656 3243 4726 abbas,
3286 4667 3341 4714 et

1744 4766 2095 4807 successores
2160 4750 2234 4804 tui
2280 4749 2525 4819 ejusdem
2575 4748 2888 4821 monasterii
2948 4748 3194 4813 abbates,
3247 4748 3340 4818 qui

1743 4858 1842 4913 pro
1875 4851 2116 4914 tempore
2141 4842 2364 4907 fuerint,
2400 4842 2582 4906 mitra,
2613 4843 2835 4907 annulo,
2859 4852 2913 4896 et
2944 4842 3196 4911 insigniis
3242 4844 3341 4897 hu-

1735 4933 1998 5007 jusmodi.
2034 4935 2198 4989 etiam
2222 4935 2276 4988 in
2307 4934 2527 5005 synodis
2549 4942 2603 4987 et
2628 4933 2763 4988 locis
2789 4933 3082 5005 provinciae
3133 4932 3341 4988 Rotho—

1743 5028 2041 5098 magensis,
2067 5035 2124 5082 et.
2162 5027 2219 5081 in
2263 5024 2635 5096 quarumlibet
2682 5040 3063 5095 personarum,
3120 5025 3338 5079 etiamsi

1742 5118 2034 5188 pontificali
2057 5132 2153 5172 seu
2182 5115 2346 5191 regali
2374 5115 2684 5191 praefulgeat
2711 5116 2995 5187 dignitate,
3022 5116 3334 5186 praesentia,

1742 5208 2032 5263 diunmodo
2058 5208 2113 5262 in
2147 5205 2385 5279 synodis,
2414 5216 2467 5261 et
2490 5206 2623 5260 locis
2651 5206 2925 5281 praedictis
2969 5204 3337 5274 archiepisco-

1738 5318 1840 5372 pus
1872 5282 2329 5370 Rothomagensis
2359 5312 2457 5370 pro
2491 5306 2733 5368 tempore
2762 5298 3021 5360 existens,
3069 5296 3153 5349 vel
3178 5296 3336 5367 dicit!

1740 5395 1881 5449 sedis
1908 5393 2141 5464 legatus,
2175 5404 2268 5447 aut
2300 5393 2544 5454 nuntius,
2572 5404 2812 5460 praesens
2840 5404 2947 5442 non
2995 5388 3179 5463 fuerit,
3231 5402 3333 5459 nec

1739 5502 1843 5541 non
1868 5484 2193 5563 corporalia,
2223 5486 2442 5548 calices,
2467 5494 2523 5539 et
2550 5484 2657 5537 alia
2716 5491 3034 5537 ornamenta
3081 5482 3145 5536 ad
3196 5482 3340 5536 divi-

1737 5597 1866 5635 num
1900 5581 2124 5645 cultum,
2167 5582 2218 5634 in
2248 5580 2583 5635 monasterio
2638 5578 2936 5653 prioratus,
2981 5585 3037 5632 et
3083 5577 3338 5633 ecclesiis

1737 5674 2031 5738 prwdictis,
2059 5688 2123 5726 ac
2144 5672 2253 5741 20
2279 5671 2429 5738 locis,
2457 5679 2513 5725 et
2547 5670 2691 5749 aliis,
2727 5670 2795 5725 ab
2825 5669 3016 5725 eodem
3051 5679 3327 5724 monaste-

1740 5765 1820 5820 rio
1846 5764 2301 5835 dependentibus,
2327 5760 2632 5819 necessaria
2671 5754 3016 5827 benedicere,
3075 5758 3175 5818 nee
3220 5776 3328 5816 non
