3886 6292
468 230 585 291 .675

1439 215 1528 271 AD
1567 213 1794 271 OPEllA
1833 212 1892 269 Β.
1935 202 2326 271 IANFRANCI
2366 198 2731 275 APPENDIX.

3632 206 3719 271 βτσ

480 349 536 395 et
598 335 886 400 monachis
932 330 1062 389 dicti
1120 329 1440 387 monasterii
1497 308 1779 384 tonsuram
1828 325 2078 381 conferre
2108 325 2327 395 Aoperi
2355 325 2641 381 fortericite
2673 302 2770 395 per
2794 322 3108 396 prmdietum
3145 322 3364 379 Harenc
3413 321 3724 394 incoepta,“

464 420 811 487 'clericalem,
846 416 1040 487 libere,
1076 429 1133 475 et
1158 409 1305 476 licite
1328 419 1571 490 possitis,
1619 416 1790 473 felicis
1819 417 2077 471 recorda-

481 518 643 572 tionis
669 514 965 571 Alexandri
1005 527 1159 583 papae
1185 513 1389 582 quarti,
1420 509 1835 582 praedecessoris
1885 507 2076 572 nostri,

477 622 599 675 quae.
627 604 819 674 incipit
847 621 860 657 :
887 602 1138 667 Abbalcs,
1163 612 1218 655 et
1245 602 1364 657 aliis
1407 602 1822 671 quibuscunque
1878 598 2079 653 consti-

480 695 776 751 tutionibus
789 694 1099 765 apostolicis
1126 693 1178 749 in
1194 692 1719 756 eontrarinmeditis,
1742 705 2078 760 nequaquam

474 787 820 840 obstantibus
835 784 1009 850 vobis,
1021 785 1288 840 eteisdem
1302 782 1729 846 successoribus,
1756 781 2080 836 auctoritate

476 876 768 945 apostolica
795 918 809 942 ,
859 876 926 930 de
969 874 1190 945 speciali
1245 874 1418 943 gratia
1452 914 1466 939 ,
1511 880 1697 928 tenore
1734 871 2078 942 praesentium

477 966 839 1039 indulgemus.
874 964 1013 1021 Nulli
1042 982 1171 1037 ergo
1216 966 1491 1021 hominum
1534 964 1692 1019 liceat
1720 962 1881 1026 hanc,
1921 980 1939 1014 ι
1972 972 2076 1017 etc.

550 1057 658 1113 Pro
697 1059 828 1113 sede
873 1058 1136 1127 capienda
1181 1058 1233 1110 in
1278 1055 1486 1127 synodo
1529 1054 1923 1124 archiepisc0pi
1975 1052 2080 1107 Ro-

478 1136 1012 1221 thomageusis,fuit
1042 1147 1109 1203 lis
1141 1158 1284 1203 mota
1344 1148 1485 1201 inter
1516 1143 1767 1201 abbatem
1819 1145 1976 1199 Becci
2028 1154 2082 1199 et

478 1240 915 1297 Gemeticensem
946 1282 962 1307 ,
1012 1250 1251 1309 tempore
1301 1240 1456 1294 istius
1506 1236 1764 1293 Gauﬂ‘ridi
1825 1236 2076 1300 Harenc,

478 1336 569 1403 qui
595 1334 809 1388 dicebat
836 1333 935 1388 sibi
961 1331 1260 1389 secundum
1284 1331 1459 1386 locum
1487 1329 1783 1400 pertinere,
1812 1327 1918 1382 alio
1948 1336 2078 1382 con-

483 1424 712 1478 trarium
742 1432 1040 1479 asserente.

551 1514 819 1585 Tempore
863 1514 1019 1569 istius
1045 1508 1303 1569 Gaulfridi
1332 1509 1566 1571 Harene.
1598 1507 1897 1581 presbyteri
1935 1506 2078 1561 soliti

481 1622 641 1668 erant
687 1629 783 1683 pro
806 1604 1090 1683 stipendiis
1114 1611 1225 1666 suis
1256 1609 1537 1680 percipere
1578 1604 1857 1661 annuatim
1892 1605 2077 1659 decem

2181 416 2495 487 prtedictnm
2528 431 2663 484 opus
2689 416 2755 471 ad
2808 425 3012 472 tantam
3070 415 3461 486 perfectionem
3510 417 3723 486 perduxit

2184 514 2243 560 ut
2271 506 2656 577 aspicientibus
2685 516 2925 562 castrum
2964 504 3384 577 inexpugnabile
3407 504 3723 574 judicaretur.

2253 596 2518 668 Tempore
2540 598 2668 662 isto,
2697 606 2917 669 regente
2933 597 3228 653 Ecclesiam
3253 598 3599 652 universatem
3615 616 3724 673 papa

2170 684 2511 749 Alexandro,
2543 687 2762 757 quidam
2794 687 3109 751 cardinalis,
3136 684 3447 743 Ludovicus
3497 688 3558 743 de
3582 688 3723 748 Flisco

2182 779 2476 847 vulgariter
2508 786 2877 848 nuncupatus,
2922 776 3059 833 tituli
3104 777 3293 834 Sancti
3324 776 3543 833 Adriani
3584 784 3725 837 cartil-

2184 867 2341 931 nalis,
2374 868 2681 938 impetravit
2702 868 2974 938 prioratus
3003 868 3068 922 de
3093 865 3431 922 Bellomonte
3484 877 3535 922 et
3575 867 3724 925 Sancti

2186 954 2500 1021 Ymerii;et
2527 973 2625 1027 per
2664 958 2977 1027 episcopum
3029 956 3404 1011 Placentinum
3460 962 3727 1025 procurat-it

2183 1050 2396 1105 decerni
2426 1050 2596 1104 dictos
2628 1049 2902 1119 prioratus
2932 1049 3000 1102 ad
3026 1048 3199 1119 ipsum
3225 1048 3503 1119 pertinere
3545 1058 3595 1102 et
3633 1066 3727 1118 ste-

2182 1152 2350 1206 ctare,
2396 1151 2451 1197 et
2481 1141 2759 1196 mandavit
2803 1140 3029 1212 singulis
3087 1140 3380 1197 abbatibus
3411 1149 3466 1196 et
3494 1145 3727 1201 conventi-

2184 1236 2304 1299 bus,
2339 1235 2440 1288 sub
2466 1235 2641 1303 paaais
2672 1234 2945 1288 contentis
2973 1240 3028 1287 et
3060 1232 3363 1287 fulminatis
3405 1233 3457 1288 in
3487 1242 3724 1301 processu,

2184 1332 2243 1377 ut
2272 1324 2647 1394 permitterent
2674 1322 2877 1378 dictum
2903 1322 3259 1389 cardinalem,
3298 1333 3395 1377 aut
3416 1324 3529 1394 ejus
3571 1340 3730 1395 procu-

2184 1425 2417 1470 ratorem
2466 1429 2562 1485 pro
2608 1430 2671 1469 eo
2722 1415 2961 1470 nancisci
3013 1424 3069 1469 et
3102 1413 3327 1485 adipisci
3376 1415 3729 1484 possessionem

2183 1507 2518 1577 prioratuum
2548 1506 2959 1574 praedictorum;
3020 1506 3074 1560 in
3099 1520 3203 1573 qua
3244 1506 3583 1575 possessione
3611 1508 3728 1575 prio-

2186 1609 2335 1653 ratus
2382 1598 2449 1652 de
2502 1596 2857 1662 Bellomonte,
2906 1606 3034 1652 tunc
3064 1604 3182 1651 erat
3218 1596 3396 1651 frater
3438 1593 3729 1653 Guillermus

476 1700 769 1759 francoset
803 1701 1032 1774 juvenes
1076 1716 1184 1755 non
1228 1698 1527 1770 presbyteri
1556 1706 1698 1760 octo,
1728 1705 1782 1750 et
1806 1684 2079 1760 diminuit,
2112 1690 2156 1747 Β
2186 1689 2250 1743 de
2277 1687 2505 1742 Fiscano
2539 1687 2823 1758 religiosus
2859 1687 2926 1741 de
2945 1686 3138 1751 Becco,
3163 1695 3215 1739 et
3239 1686 3411 1740 frater
3467 1684 3730 1774 Richardus

484 1804 705 1864 propter
751 1793 1079 1848 fortericiam
1104 1790 1611 1861 (propugnaculum,
1635 1786 1753 1843 Gal.
1783 1789 2082 1858 forteresse)

484 1883 929 1946 construendam,
958 1881 1098 1950 quod
1125 1879 1425 1951 presbyteri
1455 1878 2084 1943 solumoctolrancos,et

480 1971 710 2042 juvenes
730 1988 824 2027 sex
858 1969 1072 2026 {raucos
1110 1972 1472 2041 perciperent.
1503 1977 1558 2023 et
1580 1966 1793 2023 duravit
1819 1983 1989 2037 usque
2016 1969 2082 2022 ad

487 2071 730 2134 tempora
756 2062 959 2119 domini
984 2061 1249 2117 Willermi
1282 2061 1347 2115 de
1379 2059 1551 2125 Valle,
1579 2060 1791 2114 abbatis
1839 2056 2081 2135 vigesimi

490 2155 732 2225 septimi.

480 2244 483 2247 ’
558 2245 941 2304 Postea,anno
965 2242 1176 2297 Domini
1220 2241 1504 2298 millesimo
1551 2237 1934 2296 trecentesimo
1983 2255 2083 2309 nos

488 2335 769 2406 nagesimo
802 2349 965 2397 nono,
999 2332 1084 2387 die
1111 2333 1321 2387 decima
1360 2333 1590 2402 septima
1614 2330 1763 2394 Julii,
1817 2338 1938 2402 post
1981 2331 2082 2385 ob-

484 2423 623 2479 itum
655 2424 832 2478 felicis
867 2420 1258 2478 recordationis
1289 2421 1528 2491 praedicti
1577 2418 1839 2477 Gaulfridi
1871 2419 2086 2474 Harcnc

496 2515 714 2569 abbatis
744 2513 899 2568 Becci
933 2512 1177 2581 vigesimi
1210 2511 1405 2580 quinti,
1440 2526 1709 2566 consensu
1766 2511 1932 2565 totius
1963 2524 2086 2565 con-

489 2605 826 2676 gregationis
856 2613 910 2657 et
945 2604 1187 2657 omnium
1214 2602 1477 2672 priorum,
1533 2600 1599 2655 ad
1632 2599 1949 2655 electionem
1996 2599 2089 2654 de-

484 2696 599 2751 bite
627 2706 970 2758 vocatorum,
1000 2708 1096 2763 per
1127 2692 1271 2746 vium
1320 2692 1494 2745 sancti
1532 2690 1790 2761 Spiritus,
1836 2689 2087 2745 onmibus

489 2785 973 2847 concordantibus,
1016 2782 1299 2853 religiosus
1329 2788 1383 2835 et
1420 2789 1680 2834 honestus
1730 2779 1815 2835 vir
1867 2777 2087 2833 Guillel-

489 2895 613 2934 tuus
647 2879 712 2932 de
742 2873 1156 2939 Annullaribns,
1193 2873 1371 2927 dictus
1415 2872 1481 2927 de
1535 2870 1712 2937 Valle,
1766 2880 1893 2926 tunc
1940 2872 2089 2942 prior

491 2967 797 3023 rlaustralis
822 2966 996 3027 Becci,
1021 2965 1204 3019 divina
1251 2963 1653 3033 dispensatione
1708 2962 1809 3018 fuit
1861 2963 2084 3028 electus,

490 3070 547 3115 et
583 3069 770 3130 postea
792 3076 821 3111 a
852 3056 1150 3112 reverendo
1190 3056 1244 3110 in
1287 3055 1507 3110 Christo
1539 3056 1699 3111 Patre
1725 3055 2085 3112 dominoWil-
2115 3039 2158 3094 (ἶ

493 3156 666 3209 lermo
710 3152 775 3208 de
829 3150 1035 3205 Vienne
1065 3148 1491 3219 Rothomagensi
1546 3147 1976 3219 archiepiscopo,
2033 3148 2087 3201 in

495 3245 580 3299 die
603 3243 1002 3299 Translationis
1028 3240 1201 3296 sancti
1221 3239 1861 3310 Stephanl,benedictus.
1887 3238 2090 3296 Deinde

495 3338 553 3390 in
583 3336 668 3392 die
708 3334 852 3390 beati
906 3333 1284 3388 Bartbolomaei
1343 3332 1610 3402 sequenti,
1662 3332 1802 3402 apud
1858 3332 2089 3388 Beccum

495 3440 720 3487 ovanter
774 3440 1021 3502 receptus
1068 3431 1129 3507 in
1183 3439 1501 3502 pastorem:
1553 3431 1805 3486 omnibus
1852 3431 1999 3486 mitis
2037 3438 2093 3487 et

498 3521 755 3589 affabilis,
783 3522 1025 3577 omnium
1058 3537 1271 3576 morum
1318 3522 1589 3591 probitate
1634 3522 1964 3587 adornatus;
1999 3520 2091 3590 qui

495 3614 814 3684 praedictum
863 3613 1251 3667 monasterium
1280 3620 1501 3668 strenue
1528 3612 1828 3667 octodecim
1855 3612 2010 3667 annis
2040 3619 2093 3667 et

496 3704 737 3775 quinque
766 3702 1043 3757 mensibus
1068 3703 1206 3757 rexit
1232 3712 1286 3757 et
1310 3703 1651 3774 gubernavit.

569 3794 666 3847 llic
695 3803 934 3863 tempore
970 3809 1067 3847 suo
1098 3791 1308 3847 feodum
1341 3794 1408 3848 de
1436 3793 1748 3864 Fengerito,
1793 3801 1850 3847 et
1879 3792 2091 3847 feodum

499 3887 564 3941 de
584 3885 838 3957 Bouleyo,
871 3886 1010 3955 apud
1041 3886 1300 3940 Sanctum
1333 3885 1625 3940 Martinum
1663 3886 1730 3941 de
1753 3885 1926 3939 Pareo
1952 3885 2092 3951 sitis,

498 3977 817 4047 acquisivit;
855 3976 1109 4032 similiter
1161 3984 1328 4030 totum
1360 3974 1577 4030 feodum
1621 3974 1689 4029 de
1743 3974 2097 4029 Calvomonte

497 4083 566 4125 ex
599 4070 826 4140 integro,
854 4069 993 4138 apud
1019 4068 1243 4122 Pontem
1264 4066 1486 4121 Antonii
1510 4076 1565 4122 et
1589 4067 1728 4137 apud
1748 4067 2092 4131 Russeriam;

500 4163 713 4218 feodum
739 4162 804 4216 de
832 4160 1048 4215 Mellino
1084 4159 1389 4223 Joscelinii,
1440 4166 1495 4213 et
1543 4158 1685 4228 apud
1738 4157 2094 4213 Servavillam

499 4253 714 4307 feodum
743 4250 1003 4309 Grandia.
1034 4258 1088 4302 et
1127 4248 1343 4303 feodum
1372 4248 1437 4301 de
1490 4248 1662 4303 Bosco
1713 4250 1854 4316 apud
1906 4247 2098 4302 Pome—

499 4343 680 4406 riaux,
711 4341 925 4394 feodum
958 4337 1179 4392 llenrici
1204 4338 1270 4391 de
1323 4336 1548 4406 Grongi.
1607 4337 1741 4392 ltem
1801 4337 2096 4405 acquitavit

501 4434 690 4505 viginti
719 4433 881 4487 libras
914 4432 1179 4496 redditus,
1210 4447 1347 4501 quas
1402 4430 1683 4485 domicclla
1735 4428 1939 4484 Joanna
1991 4430 2095 4485 La-

499 4526 723 4581 beneste
742 4524 1076 4595 percipiebat
1107 4524 1386 4576 annuatim
1417 4537 1579 4591 super
1606 4520 1821 4577 feodum
1848 4534 2093 4577 nostrum

502 4616 569 4671 de
597 4615 749 4686 Muys
784 4615 925 4684 apud
953 4613 1314 4667 Marbodium.
1354 4612 1485 4666 ltem
1538 4614 1825 4684 acquisivit
1875 4615 2092 4670 domum

503 4714 745 4762 nostram
779 4704 1045 4767 Parisius,
1077 4704 1132 4757 in
1164 4718 1359 4773 magno
1399 4703 1519 4758 vico
1547 4704 1735 4760 Sancti
1783 4704 1994 4771 Jacobi,
2039 4716 2095 4762 et

504 4798 845 4853 amortisavit
882 4805 935 4850 et
958 4796 1279 4850 exoneravit
1301 4796 1582 4851 ecclesiam
1604 4797 1671 4852 de
1696 4812 1914 4855 centum
1941 4800 2094 4856 libris

504 4888 767 4951 t-edditus,
792 4885 881 4954 qui
909 4884 1243 4939 debebantur
1286 4886 1718 4943 carturieniebus
1768 4887 2094 4955 Parisiensi-

507 4981 629 5041 tius,
655 4986 710 5031 et
736 4974 966 5045 collegio
995 4972 1062 5028 de
1093 4975 1428 5043 Dormanno,
1483 4981 1756 5036 mediante
1799 4990 2096 5051 apponcta-

509 5078 695 5122 mento
728 5069 871 5121 inter
908 5081 1008 5120 nos
1046 5074 1101 5121 et
1127 5067 1273 5137 ipsos
1302 5067 1467 5126 facto.
1500 5071 1636 5127 ltem
1672 5072 1902 5127 ducenta
1941 5081 2094 5127 scuta

507 5162 625 5217 auri
652 5160 843 5215 Joanni
883 5160 948 5214 de
978 5161 1136 5216 Vadis
1164 5165 1429 5233 restituit;
1474 5167 1565 5237 qui
1594 5167 1833 5222 Joannes
1884 5180 2097 5221 accom-

509 5255 824 5309 modavcrat
868 5254 1122 5321 pratdieto
1158 5256 1433 5313 Gaull'rido
1475 5258 1708 5324 llarenc,
1742 5268 1799 5313 et
1836 5258 2095 5327 magistro

511 5346 716 5401 militia:
738 5346 802 5400 de
850 5345 1091 5415 Rhodes,
1153 5338 1547 5420 quadringenta
1598 5359 1751 5405 scuta
1802 5351 1921 5405 auri
1977 5365 2095 5419 quae

513 5442 629 5509 ipse
668 5440 1171 5497 accommodaverat
1219 5441 1479 5511 praedicto
1529 5441 1806 5498 Gauﬂ‘rido
1862 5441 2090 5505 llareuc,

513 5532 566 5586 in
616 5533 1049 5603 peregrinatione
1104 5549 1219 5595 sua,
1279 5543 1333 5587 et
1391 5533 1556 5588 multa
1611 5533 1978 5603 haereditagia,
2031 5533 2095 5586 de

512 5625 706 5697 quibus
737 5640 833 5695 per
859 5632 1015 5694 pacta
1047 5632 1222 5693 potest
1248 5640 1528 5696 apparere.
1554 5626 1672 5699 Ipse
1696 5626 1859 5682 etiam
1896 5623 2093 5679 institit

2128 4383 2173 4438 D

2185 1782 2249 1835 de
2281 1779 2547 1834 Malavilla
2586 1777 2814 1848 professi
2844 1777 2910 1831 de
2931 1777 3123 1842 Becco,
3152 1784 3209 1832 et
3230 1776 3297 1831 ab
3331 1775 3437 1830 isto
3480 1774 3629 1828 nobili
3646 1773 3731 1829 Pas

2186 1887 2269 1931 tre
2309 1874 2610 1933 Guillcrmo
2650 1873 2750 1927 fuit
2779 1870 3069 1942 appellatio
3114 1868 3436 1938 interposita
3491 1875 3544 1921 et
3577 1868 3731 1922 sortita

2185 1977 2266 2022 est
2298 1982 2452 2021 suum
2482 1964 2754 2020 cliectum.
2796 1963 3037 2018 Feodum
3067 1961 3133 2017 de
3188 1961 3509 2031 Fertgueray
3542 1961 3734 2029 aequisi-

2183 2059 2263 2114 vit
2309 2075 2337 2111 a
2370 2058 2586 2111 domino
2621 2054 2917 2111 Guillcrmo
2944 2052 3135 2116 milite,
3160 2068 3259 2122 pro
3303 2067 3515 2106 summa
3545 2052 3732 2104 duorum

2186 2150 2331 2205 mille
2355 2150 2601 2204 ditcentis
2635 2158 2694 2203 et
2718 2147 3114 2219 quinquaginta
3145 2146 3301 2201 libris
3342 2142 3730 2197 Turonensibus.

2194 2242 2232 2298 ’ἃ
2261 2242 2480 2296 domino
2503 2240 2712 2295 Joanne
2764 2240 2830 2294 de
2879 2238 3101 2293 Boulaio
3142 2238 3317 2292 milite
3366 2236 3510 2291 aliud
3557 2235 3732 2291 feodum

2194 2334 2501 2403 :ontiguum
2550 2332 2751 2385 dictum
2802 2331 2869 2386 de
2914 2329 3118 2401 Boulay
3170 2344 3269 2400 pro
3329 2343 3537 2384 sunma
3580 2341 3733 2385 novem

2186 2436 2403 2482 centum
2434 2425 2717 2480 librarum.

2188 2522 2191 2523 ⁷
2257 2516 2395 2573 Nota
2428 2519 2572 2587 quod
2595 2516 2779 2571 muros
2805 2516 3091 2572 fortericiae
3137 2514 3353 2571 curavit
3381 2515 3493 2571 fieri
3546 2508 3737 2570 Gauffri~

2186 2610 2287 2664 dus
2311 2607 2545 2673 Harenc,
2570 2610 2816 2662 maxima:
2848 2608 3167 2675 latitudinis,
3191 2607 3449 2661 videlicet
3470 2606 3735 2677 quindecim

2190 2701 2416 2769 pedum,
2447 2698 2530 2752 vel
2553 2698 2698 2752 circa
2723 2698 2777 2751 in
2814 2698 2999 2763 basso,
3028 2707 3083 2752 et
3116 2698 3310 2753 in‘alto
3341 2698 3524 2753 decem
3551 2698 3736 2768 pedum,

2188 2790 2491 2845 altitudinis
2526 2787 2749 2857 majoris
2780 2798 2942 2859 quam
2977 2790 3088 2843 sint
3110 2789 3250 2843 muri
3281 2789 3519 2843 civitatis
3545 2789 3737 2842 Avente

2190 2878 2397 2942 nensis,
2428 2886 2481 2930 et
2506 2874 2644 2931 infra
2677 2875 2853 2931 dictos
2913 2890 3099 2939 muros
3148 2876 3430 2931 inchoavit
3473 2877 3737 2946 quindecim

2192 2974 2371 3020 turres
2395 2981 2639 3037 magnas.
2685 2965 2791 3021 Iste
2822 2964 3122 3020 Willelmus
3154 2965 3346 3020 habuit
3398 2982 3431 3019 a
3484 2982 3600 3037 rege
3634 2982 3739 3036 pra:-

2193 3068 2407 3129 ceptum
2436 3070 2496 3113 ut
2517 3058 2724 3113 dictum
2757 3073 2893 3128 opus
2942 3058 3310 3113 continuaret.
3356 3059 3425 3113 Et
3470 3059 3567 3113 fuit
3607 3062 3739 3113 turris

2191 3150 2413 3221 majoris
2458 3149 2761 3204 altitudinis
2805 3158 2863 3204 et
2909 3148 3215 3206 latitudinis
3269 3166 3434 3220 quam
3492 3153 3559 3206 sit
3594 3151 3738 3221 aliqua

2194 3242 2362 3296 turris
2385 3242 2437 3294 in
2466 3240 2735 3306 Marsilia;
2778 3249 2835 3295 et
2881 3240 3174 3311 complevit
3226 3242 3281 3296 in
3332 3243 3508 3313 spatio
3540 3241 3740 3313 quinque

2192 3346 2479 3395 annorum,
2512 3345 2609 3401 pro
2638 3330 2879 3400 quolibet
2900 3346 3043 3385 anno
3067 3346 3367 3401 exponens,
3394 3334 3449 3388 in
3477 3333 3739 3402 huiusmodi

2195 3424 2494 3487 fortericia,
2516 3425 2755 3494 quinque
2792 3423 2936 3477 mille
2967 3423 3131 3479 libras
3163 3424 3204 3477 Τ
3210 3439 3529 3479 uronenses.

2267 3518 2368 3573 iste
2397 3517 2725 3573 Guillernms
2747 3515 3038 3587 acquisivit
3085 3516 3301 3571 feodum
3342 3517 3411 3571 de
3443 3515 3649 3570 Meslino
3666 3514 3738 3570 Jo-

2194 3610 2529 3677 eelin,»anno
2551 3609 2766 3665 Domini
2793 3610 3078 3665 millesimo
3119 3609 3643 3682 quadringentesimo
3666 3610 3740 3662 de-

2197 3703 2336 3759 cimo
2366 3704 2575 3773 quinto,
2600 3719 2629 3756 a
2660 3703 2878 3758 domino
2905 3703 3178 3768 Dobeaux,
3208 3712 3265 3759 et
3288 3702 3603 3759 solvitmille
3619 3703 3743 3773 quin-

2196 3805 2390 3868 gentas
2419 3796 2602 3860 libras,
2630 3804 2688 3848 ut
2714 3804 2861 3866 patet
2888 3810 2984 3864 per
3012 3796 3389 3865 quittanciam.

2272 3888 2410 3943 Nota
2441 3890 2775 3959 etiamquod
2831 3904 2931 3944 suo
2978 3898 3220 3960 tempore
3264 3890 3510 3960 quidam,
3564 3888 3742 3944 nomine

2198 3976 2356 4032 Joan.
2382 3978 2450 4032 de
2474 3978 2523 4032 la
2556 3977 2738 4032 Lande
2767 3978 2832 4032 de
2854 3977 3034 4045 Tillia,
3066 3989 3287 4050 propter
3336 3996 3635 4050 processum
3653 3995 3743 4035 mo-

2200 4076 2311 4124 tum
2340 4068 2479 4124 inter
2501 4083 2598 4123 nos
2626 4075 2682 4124 et
2724 4084 2866 4131 eum,
2916 4070 3207 4125 associavit
3249 4066 3350 4126 sibi
3381 4072 3469 4126 duc
3488 4070 3644 4126 decim
3669 4071 3742 4125 ho-

2200 4159 2391 4223 mines,
2416 4158 2506 4228 qui
2533 4159 2774 4228 quotidie
2823 4161 3015 4214 armati
3058 4160 3364 4215 circuibant
3407 4163 3662 4218 abbatiam
3700 4167 3741 4215 et

2200 4251 2474 4320 prioratus
2501 4260 2734 4317 nostros,
2762 4262 2819 4306 ut
2844 4253 2887 4307 si
2938 4253 3184 4307 invenire
3227 4264 3456 4323 possent
3503 4271 3652 4309 unum
3690 4254 3740 4307 de

2202 4342 2400 4396 nostris
2448 4341 2563 4395 sive
2594 4340 2927 4410 religiosum,
2971 4343 3085 4397 sive
3114 4343 3217 4412 21
3258 4343 3741 4409 servitorem,muti-

2199 4435 2391 4499 larent,
2419 4442 2515 4489 aut
2538 4434 2868 4499 occiderent,
2893 4442 2946 4489 et
2979 4439 3379 4491 mandaverunt
3405 4438 3650 4508 praedicto
3668 4434 3739 4489 ab-

2194 4527 2308 4581 bati
2331 4540 2426 4596 per
2446 4526 2733 4597 quamdam
2762 4526 3008 4581 cedulam
3058 4528 3327 4598 signatam
3376 4544 3564 4583 eorum
3611 4526 3740 4597 signis

2197 4617 2340 4687 quod
2374 4630 2499 4670 eum
2519 4616 2850 4681 occiderent,
2901 4618 2946 4670 si
2967 4632 3091 4671 eum
3122 4618 3273 4671 exire
3314 4617 3677 4688 contingeret;
3703 4626 3741 4668 et

2198 4710 2242 4763 si
2268 4724 2374 4763 non
2406 4709 2603 4773 exiret,
2636 4718 2802 4763 totam
2821 4708 3038 4763 domum
3065 4709 3433 4765 incenderent.
3466 4710 3532 4765 Et
3552 4713 3614 4766 de
3632 4710 3740 4763 facto

2197 4798 2376 4868 plures
2401 4795 2688 4868 religiosos
2705 4807 2896 4852 euntes
2919 4799 2984 4851 ad
3012 4796 3223 4869 negotia
3251 4815 3347 4854 sua
3376 4800 3737 4859 mutilavertmt,

2197 4896 2251 4941 et
2273 4887 2413 4957 apud
2437 4887 2695 4942 Sanctum
2728 4887 3080 4943 Philibertunt
3106 4901 3271 4942 unum
3333 4891 3660 4952 occiderunt,
3701 4896 3741 4941 et

2197 4979 2244 5034 ei
2271 4980 2461 5049 pedem
2484 4988 2920 5050 amputaverunt,
2948 4988 3001 5034 et
3026 4979 3193 5035 alium
3214 4981 3613 5035 mutilaverunt.
3634 4979 3740 5034 Con-

2197 5070 2372 5124 victus
2402 5068 2469 5124 de
2506 5069 2757 5124 omnibus
2779 5069 3055 5124 maleficiis
3084 5070 3377 5139 praedictis,
3435 5080 3491 5126 et
3517 5073 3665 5127 etiam
3692 5071 3740 5121 de

2200 5159 2341 5218 furto
2366 5177 2646 5218 nemorum
2680 5172 3015 5229 nostrorum,
3066 5176 3296 5233 quorum
3362 5167 3600 5221 custodia
3643 5171 3740 5217 ante

2197 5266 2315 5310 erat
2337 5257 2437 5312 sibi
2470 5257 2783 5322 commissa,
2817 5258 3060 5311 Parisius
3093 5257 3191 5311 fuit
3213 5257 3493 5323 bannitus,
3539 5268 3593 5313 ut
3624 5260 3741 5327 patet

2196 5366 2293 5420 per
2317 5366 2624 5420 processura
2650 5367 2830 5413 suum,
2859 5350 2949 5418 qni
2976 5359 3058 5404 est
3088 5351 3139 5404 in
3177 5350 3529 5405 chartulario.

2268 5440 2561 5511 Postquam
2612 5451 2792 5495 autem
2838 5440 2941 5495 fuit
2996 5441 3048 5494 in
3100 5440 3338 5495 Ecclesia
3397 5458 3494 5512 per
3544 5436 3739 5510 spatium

2197 5533 2434 5601 quinque
2457 5547 2744 5599 annorum,
2773 5548 2913 5588 anno
2939 5532 3224 5588 millesimo
3246 5529 3739 5605 quadringentesimo

2197 5632 2415 5692 quarto,
2444 5633 2725 5694 postquam
2776 5626 3083 5682 obcdientia
3133 5625 3232 5682 fuit
3280 5626 3486 5683 reddita
3517 5625 3658 5681 Petro
3684 5619 3738 5673 de
