3864 6304
105 304 191 363 im
880 268 888 273 ’
1098 300 1117 311 “
1262 298 1660 358 cuaostcou
1707 298 2080 358 esseesse.

3196 271 3205 279 ’
3235 304 3343 363 ars

104 424 252 487 Luna,
298 423 442 478 dicto
485 418 808 489 Benedicto,
855 436 975 492 qua:
1022 420 1123 477 sibi
1172 431 1329 475 antea
1376 426 1650 475 suotracta
1684 427 1728 479 Α
1755 419 1822 472 ad
1860 416 2079 472 ﬂuvium
2112 415 2289 482 ltisle,
2330 417 2561 486 excepto
2600 425 2787 473 monte
2813 415 3002 473 Sancti
3038 418 3342 477 Michaelis.

102 519 292 581 fuerat,
345 517 631 572 occasione
683 516 994 572 sebismatis
1050 515 1193 585 quod
1248 521 1377 569 tunc
1431 521 1554 569 erat
1601 514 1654 567 in

102 610 330 670 Ecclesia,
363 608 584 677 quidam
616 606 924 662 Ludovicus
951 606 1130 661 dictus
1173 605 1239 660 de
1261 604 1654 667 Cbantemelle,

103 701 243 756 abbas
285 700 351 754 de
378 698 649 762 Troarno,
682 699 1015 767 procurabat
1052 697 1193 768 apud
1224 697 1506 766 prastatum
1552 713 1655 767 pa-

101 809 202 863 pam
230 791 433 845 institui
476 791 531 845 in
560 790 819 860 praedicto
856 791 1188 846 monasterio
1209 788 1490 853 Deccensi,
1529 790 1653 858 quia

102 884 242 939 abbas
256 881 547 936 Bcccensis
575 882 809 935 nondum
841 882 1061 937 miserat
1089 882 1156 935 ad
1185 881 1415 946 curiam,
1440 897 1540 935 nec
1564 897 1658 935 va~

101 984 284 1029 cantem
308 971 569 1035 solverat,
588 972 875 1026 occasione
900 972 1175 1041 praedictae
1204 971 1649 1035 substractionis;

100 1063 273 1116 idcirco
306 1062 543 1131 arripuit
571 1062 673 1119 iter
704 1064 771 1116 ad
803 1061 1114 1125 Massiliam,
1146 1061 1236 1116 ubi
1278 1071 1409 1116 tunc
1448 1072 1655 1132 tempo-

100 1155 160 1206 ris
200 1152 483 1221 pmdictus
531 1150 857 1206 Benedictus
898 1151 1149 1222 degebat,
1198 1152 1323 1227 qui,
1355 1166 1420 1206 eo
1456 1151 1574 1207 viso
1600 1161 1656 1205 et

100 1242 225 1311 gravi
259 1240 374 1310 ejus
411 1241 722 1295 constantia
766 1241 1108 1296 considerata
1151 1251 1205 1295 et
1242 1241 1506 1296 electione
1538 1240 1655 1309 ejus

99 1333 304 1395 visitata,
355 1332 475 1403 ipse
526 1347 646 1387 eam
693 1332 1056 1397 conﬁrmavit,
1099 1341 1156 1386 et
1189 1332 1408 1388 licentia
1452 1347 1483 1386 a
1525 1334 1654 1387 sede

100 1422 363 1489 apostolica
423 1430 651 1492 accepta
703 1422 771 1477 ad
826 1422 1215 1477 monasterium
1273 1423 1477 1488 rediit';
1534 1438 1655 1493 quae

100 1512 436 1567 controversia
489 1512 647 1567 valde
703 1514 952 1583 gravavit
997 1512 1296 1568 Ecclesiam
1321 1555 1336 1582 ,
1396 1522 1505 1569 tam
1554 1529 1655 1584 pro

98 1604 316 1673 expensis
342 1620 511 1673 quam
540 1619 638 1672 pro
666 1614 898 1659 vacante
928 1604 1211 1660 solvenda.

152 1695 274 1751 Nota
311 1697 455 1765 quod
495 1711 643 1751 anno
669 1695 881 1751 Domini
912 1696 1200 1752 millesimo
1225 1698 1652 1770 quadringente-

1760 508 1829 563 Et
1870 508 2035 564 etiam
2082 505 2316 562 obtinuit
2355 506 2788 563 Cenomanorum
2838 509 3181 578 comitatum,
3218 526 3343 566 cum

1758 597 2028 665 adjacenti
2067 598 2308 669 regione.
3336 599 3343 605 ’

1830 690 1900 743 Et
1949 689 2040 744 illo
2090 697 2332 758 tempore
2365 702 2557 743 omnes
2601 686 2716 743 t‘ere
2754 688 3063 747 habitantes
3099 702 3156 749 et
3194 706 3347 747 com-

1759 787 2039 833 morantes
2069 778 2214 832 circa
2246 777 2510 842 Beccum,
2544 787 2654 832 tam
2695 778 2902 833 nobiles
2937 796 3099 851 quam
3128 782 3342 845 incolae.

1760 876 2107 923 retraxerunt
2148 884 2208 923 se
2258 884 2381 923 cum
2430 869 2588 923 bonis
2627 868 2742 923 suis
2782 870 2835 923 in
2883 868 3159 925 fortericia
3208 870 3342 927 dicti

1760 960 2092 1025 monasterii,
2121 960 2173 1013 in
2207 962 2685 1029 tanta'quantitate
2710 962 2853 1030 quod
2883 963 3119 1032 oportuit
3146 963 3343 1019 dictam

1758 1050 2111 1107 lortericiam'
2131 1054 2381 1123 gentibus
2420 1062 2476 1107 et
2508 1053 2855 1119 victualibus,
2884 1054 3139 1123 expensis
3170 1055 3347 1109 eccle-

1758 1147 1872 1211 siae,
1923 1147 2157 1202 munire.
2218 1146 2470 1217 Oportnit
2519 1150 2684 1202 etiam
2743 1148 2972 1204 consilio
3036 1148 3343 1219 aliquorum

1756 1237 2041 1293 destruere
2067 1245 2123 1293 et
2146 1238 2393 1293 demoliri
2422 1240 2602 1293 omnia
2629 1238 2857 1294 aedilicia
2889 1240 3017 1294 dicti
3065 1249 3345 1294 inunaste-

1758 1330 1846 1393 rii,
1892 1340 2046 1383 extra
2088 1330 2397 1385 clausuram
2445 1329 2740 1385 fortericiae
2778 1331 3091 1397 existentia,
3136 1332 3346 1386 scilicet

1757 1422 1934 1477 aulam
1962 1423 2163 1478 dictam
2196 1423 2244 1477 la
2273 1423 2616 1488 Malmaison,
2650 1424 2839 1479 domos
2870 1433 2998 1479 ante
3042 1424 3346 1493 eleeiuosy—

1758 1529 1899 1576 nam,
1932 1513 2153 1569 domum
2195 1512 2503 1579 fabrorum,
2532 1514 2721 1568 domos
2750 1513 3043 1583 hospitum,
3074 1514 3341 1584 capellam

1758 1604 1941 1661 Sancti
1967 1605 2231 1668 Herluini,
2261 1620 2383 1662 cum
2413 1605 2532 1659 aliis
2560 1605 2746 1659 multis
2770 1605 3018 1660 domibus
3036 1615 3091 1661 et
3115 1604 3344 1661 ollicmis

1755 1698 1902 1752 circa
1931 1697 2320 1768 adjacentibus.
2348 1696 2599 1767 Oportuit
2627 1697 2791 1750 etiam
2826 1704 3015 1750 taxare
3039 1695 3257 1751 bladum
3288 1697 3341 1749 in

98 1788 210 1841 simu
239 1788 447 1857 quinto,
496 1798 759 1858 regnante
793 1788 987 1843 Carolo
1031 1803 1157 1860 rege
1193 1788 1552 1854 Francorum,
1594 1791 1648 1846 in
1681 1767 1728 1825 Β
1759 1791 2046 1846 refectorio
2076 1801 2130 1845 et
2158 1789 2343 1844 fenum
2374 1790 2428 1843 in
2462 1788 2719 1858 capitulo,
2763 1788 2815 1842 in
2844 1788 3082 1843 maxima
3115 1787 3341 1842 tribula-

99 1896 216 1935 anno
246 1883 395 1951 regni
441 1883 531 1936 sui
571 1882 833 1951 vigesimo
869 1891 1087 1952 quarto,
1124 1881 1229 1937 fuit
1263 1884 1472 1938 reddita
1516 1884 1651 1939 obe-

98 1970 266 2023 dientia
295 1971 524 2024 domino
551 1984 722 2039 papae,
752 1986 849 2039 per
878 1986 1047 2039 quant
1068 1980 1229 2026 antea
1256 1982 1416 2027 erant
1445 1972 1651 2027 beneﬁ—

100 2062 163 2116 cia
185 2062 231 2116 in
255 2063 611 2132 dispositione
656 2062 1055 2118 ordinariorum
1103 2062 1457 2130 conferenda,
1485 2074 1541 2120 ct
1563 2081 1653 2119 or-

99 2152 199 2206 dine
234 2153 366 2222 juris
408 2154 710 2209 electioucs
758 2153 1213 2221 celebrabantur;
1265 2166 1320 2211 et
1362 2165 1484 2226 post
1528 2158 1654 2212 obe-

99 2242 320 2297 dientiam
348 2244 622 2300 redditam
653 2245 707 2299 iu
735 2260 895 2299 manu
920 2260 1093 2315 papae,
1118 2246 1286 2302 voluit
1308 2262 1446 2317 papa
1470 2247 1653 2303 levare

94 2336 367 2391 .vacantiam
405 2337 803 2392 beneﬁciorum
841 2346 949 2391 tam
995 2338 1323 2409 regular-ium
1353 2354 1519 2409 quam
1551 2355 1654 2393 sar-

98 2424 349 2491 cularium,
400 2444 530 2498 quae
572 2439 893 2483 vacaverunt
941 2438 1067 2482 ante
1112 2430 1470 2485 redditionem
1520 2432 1653 2485 obe-

101 2516 303 2573 dientia.
354 2518 518 2585 Quod
547 2535 652 2574 non
683 2520 858 2588 potuit
903 2521 1171 2585 obtinere,
1204 2536 1329 2593 rege
1377 2522 1653 2577 contradi-

100 2617 244 2662 cente.
265 2609 325 2663 Et
354 2611 656 2664 declaravit
686 2611 1040 2664 intentionem
1071 2626 1245 2675 suam,
1275 2621 1329 2666 et
1355 2612 1653 2682 praedicare

102 2697 205 2752 fecit
229 2698 277 2752 in
305 2699 542 2754 ecclesia
574 2709 777 2754 nostra:
804 2700 1046 2754 Domina:
1070 2700 1341 2766 l’arisius;
1374 2703 1517 2770 quod
1544 2717 1652 2756 non

101 2791 243 2858 potuit
267 2792 541 2857 obtinere,
568 2808 696 2862 rege
724 2793 1151 2847 contradicente.

157 2883 289 2936 Anno
313 2883 530 2938 Domini
562 2884 844 2938 millesimo
876 2884 1411 2954 quadringentesimo
1442 2884 1655 2940 decimo

99 2967 273 3041 quinto,
315 2992 507 3033 mense
535 2978 786 3047 Augusti,
826 2978 879 3031 in
919 2977 1100 3048 vigilia
1148 2978 1321 3033 sancti
1353 2978 1651 3043 Laurentii,

103 3079 218 3120 anno
262 3067 546 3136 regituinis
587 3066 832 3136 praedicti
881 3066 1162 3122 Guillcrmi
1207 3068 1417 3121 decimo
1464 3077 1650 3130 sexto,

102 3154 328 3211 llcnricus
360 3174 453 3212 rex
502 3158 801 3228 Anglorum
841 3159 1062 3228 quintus
1115 3157 1372 3227 applicuit
1411 3158 1465 3212 in
1517 3156 1653 3209 Nor-

104 3248 424 3314 thiuanniam,
449 3265 579 3304 cum
605 3264 802 3318 magno
829 3248 1091 3314 exercitu,
1119 3259 1171 3303 et
1196 3249 1411 3302 navium
1435 3249 1650 3319 copiosa

102 3337 427 3405 multitudine,
463 3348 526 3395 et
557 3340 797 3404 obsedit,
832 3352 897 3393 ac
934 3339 991 3393 in
1026 3337 1178 3393 brevi
1208 3339 1442 3393 obtinuit
1470 3339 1650 3393 villam

102 3424 155 3479 de
175 3425 427 3481 Harelloto
452 3426 644 3500 [vulgo
675 3425 975 3498 Harﬂeur],
1009 3436 1063 3481 et
1088 3442 1209 3481 eam
1244 3428 1472 3481 munivit
1493 3438 1652 3497 gente

103 3531 198 3581 sua,
237 3520 466 3589 expulsis
517 3519 747 3573 civibus.
803 3519 995 3573 Postea
1040 3519 1273 3589 arripuit
1318 3519 1422 3573 iter
1457 3535 1650 3575 versus

103 3607 349 3675 Calcatum,
378 3626 478 3682 per
510 3626 706 3681 pagum
733 3609 1099 3675 Caleteusein,
1135 3618 1190 3664 et
1218 3624 1313 3680 per
1334 3610 1649 3665 comitatum

103 3702 155 3753 de
178 3700 477 3769 Poutumal;
519 3713 572 3757 ct
600 3717 722 3757 cum
752 3702 988 3757 venisset
1035 3703 1090 3756 in
1120 3718 1316 3772 pagum
1344 3703 1653 3757 'l‘arvancn-

100 3802 193 3843 sem
218 3830 232 3857 ,
275 3794 327 3846 in
374 3793 557 3847 locum
606 3792 705 3861 qui
738 3791 939 3865 dicitur
979 3790 1242 3862 Agincort
1290 3790 1647 3863 (Azincourt),

105 3878 259 3936 habuit
299 3885 547 3952 praelium
590 3897 712 3937 cum
758 3884 1000 3937 exercitu
1055 3881 1390 3936 Francorum
1450 3883 1505 3937 in
1562 3884 1650 3937 die

102 3984 373 4029 sanctorum
421 3976 661 4044 Crispini
715 3983 771 4029 et
815 3973 1165 4044 Crispiniani.
1214 3974 1273 4028 In
1313 3989 1422 4045 quo
1465 3975 1649 4044 praelii)

102 4064 185 4121 fuit
223 4086 401 4142 magna
450 4072 633 4127 cades
677 4069 1044 4136 Francorum,
1093 4077 1150 4124 et
1200 4069 1271 4123 ibi
1328 4079 1649 4125 corruerunt

105 4164 249 4229 multi,
275 4176 377 4219 tam
401 4168 572 4221 duces
605 4180 767 4234 quam
794 4165 1022 4219 comites
1060 4173 1113 4218 et
1142 4166 1402 4229 barones,
1434 4179 1644 4219 necnon

103 4262 147 4305 ct
171 4258 304 4309 inulti
334 4259 567 4318 nobiles,
604 4270 659 4309 et
689 4271 876 4310 eorum
926 4256 1079 4309 multi
1120 4256 1288 4324 capti,
1326 4265 1380 4309 et
1411 4257 1554 4311 ducti
1593 4257 1645 4310 in

104 4345 314 4415 Angliam
378 4348 614 4403 vinculis
675 4348 966 4417 mancipati
1020 4348 1275 4413 fuerunt,
1330 4356 1387 4401 et
1437 4349 1527 4401 alii
1580 4350 1647 4403 de

104 4439 309 4493 exercitu
348 4439 689 4493 Francorum
734 4438 1006 4509 fugerunt.
1066 4439 1413 4494 Postmodum
1454 4440 1646 4510 praedi-
1677 4450 1727 4510 ι)

104 4538 201 4583 ctus
231 4546 314 4584 rex
360 4532 731 4586 transfretavit
770 4530 825 4584 in
850 4530 1123 4601 Angliam,
1150 4545 1271 4583 cum
1305 4530 1485 4599 praeda
1534 4546 1647 4585 ma-

105 4626 221 4679 xima
246 4637 455 4699 accepta
480 4629 534 4681 in
568 4627 771 4697 praelia.
813 4665 819 4670 -

161 4718 214 4772 Et
238 4733 472 4792 tempore
500 4722 750 4783 durante,
797 4718 1186 4774 monasterium
1214 4719 1487 4773 Beccensc
1534 4734 1650 4772 ma-

105 4818 233 4869 gnam
268 4825 480 4877 passum
509 4819 593 4865 est
620 4810 856 4872 ruinam,
886 4818 1105 4878 totaque
1144 4808 1290 4877 regio
1335 4824 1363 4861 a
1400 4807 1644 4873 Francis,

107 4897 177 4962 qui
233 4900 483 4956 insultum
537 4901 808 4955 faciebant
855 4909 1043 4955 contra
1098 4915 1280 4971 regem
1326 4900 1643 4968 Anglorum,

107 4992 410 5060 oportuitque
449 4992 805 5046 munitionem
851 4992 1052 5045 habere
1085 4992 1137 5045 in
1170 4992 1444 5046 fortericia
1479 4992 1646 5061 ipsius

108 5084 381 5136 monasterii
428 5084 684 5152 expensis
718 5082 982 5147 ecclesiae,
1018 5094 1240 5153 propter
1284 5084 1563 5138 cursioues
1592 5093 1646 5138 et

108 5164 376 5228 invasiones
400 5173 727 5242 Anglorum,
762 5174 816 5228 in
847 5175 1101 5229 damnum
1140 5184 1192 5227 et
1220 5176 1644 5230 destructionem

109 5254 248 5324 ipsius
276 5265 532 5320 ecclesiuz.

166 5349 222 5403 Et
259 5369 394 5409 anno
427 5358 636 5411 Domini
679 5355 965 5410 millesimo
994 5356 1532 5428 quadringentesimo
1561 5360 1648 5414 de-

109 5441 226 5497 cimo
251 5450 490 5516 septimo,
521 5449 697 5519 prima
725 5450 812 5503 die
839 5449 1041 5503 mensis
1062 5450 1308 5519 Augusti,
1354 5452 1647 5520 praedictus

110 5530 338 5593 Henricus
382 5557 478 5595 rex
518 5540 810 5611 Anglorum
872 5541 1067 5594 iterum
1124 5542 1383 5611 applicuit
1429 5544 1481 5596 iu
1515 5544 1647 5597 Nor-

111 5623 432 5699 tlimanniam,
456 5633 594 5703 apud
610 5631 824 5687 Tolcam
849 5631 1139 5702 (Touque);
1174 5642 1227 5685 et
1253 5633 1303 5685 in
1329 5646 1422 5686 Sex
1449 5636 1648 5689 mensi-

110 5714 193 5773 bus
207 5722 421 5781 obtinuit
444 5735 607 5782 totam
647 5724 957 5781 inferiorem
977 5723 1449 5794 Nortlunanniam,
1474 5742 1646 5798 usque

1755 1885 1898 1940 tione
1922 1893 1976 1939 et
1999 1883 2182 1938 dolore
2208 1882 2447 1936 omnium
2474 1881 2913 1935 domesticorum.
2946 1879 3012 1933 Et
3040 1889 3161 1950 post
3191 1887 3340 1934 tanta

1755 1976 2095 2032 incommoda
2136 1974 2425 2045 pnedictus
2457 1973 2785 2028 reverendus
2823 1970 2990 2027 Pater
3022 1972 3343 2027 Guillelmus

1754 2070 1947 2133 abbas,
2008 2068 2316 2137 liujusmodi
2373 2068 2733 2122 incommodis
2786 2066 2982 2121 anxius
3033 2075 3088 2120 et
3146 2066 3337 2128 tristis,

1752 2161 2036 2232 mgrotavit
2064 2160 2180 2215 fere
2212 2174 2312 2229 per
2338 2168 2571 2228 quatuor
2611 2172 2846 2212 menses.
2880 2157 2995 2224 Qua
3030 2155 3343 2210 inﬁrmitate

1756 2254 2211 2322 ingravescente.
2273 2250 2507 2305 decessit
2558 2249 2713 2302 tertia
2772 2248 2860 2303 die
2918 2247 3159 2302 Januarii
3215 2246 3343 2301 θυιιί

1738 2334 1999 2416 praedicti
2026 2342 2297 2397 millesimi
2327 2340 2852 2412 quadringentesimi
2878 2341 3073 2395 decimi
3101 2340 3340 2411 septimi,

1753 2437 1998 2508 sepultus
2035 2436 2087 2489 in
2134 2433 2312 2488 medio
2360 2432 2511 2488 chori
2546 2440 2673 2487 ante
2703 2431 3027 2503 pedaneum,
3076 2433 3164 2487 ubi
3205 2431 3344 2486 solet

1754 2526 1925 2598 accipi
1953 2525 2282 2581 benedictio.
2307 2523 2473 2592 Cujus
2503 2524 2684 2577 anima
2717 2523 3025 2591 requiescat
3067 2523 3119 2577 in
3154 2538 3305 2593 pace.

1826 2621 1964 2677 Nota
2003 2620 2145 2691 quod
2183 2620 2252 2673 ad
2289 2617 2624 2673 lortericiam
2656 2617 2813 2672 Becci
2861 2616 3200 2682 faciendam,
3243 2615 3346 2669 lto-

1758 2714 1931 2769 mines
1963 2721 2207 2767 tenentes
2234 2712 2298 2765 de
2334 2709 2564 2765 ecclesia
2595 2709 2783 2776 Becci,
2820 2706 3083 2778 compulsi
3124 2718 3248 2761 sunt
3278 2708 3345 2761 al

1758 2803 2205 2858 contribuendum
2238 2815 2335 2871 pro
2362 2798 2605 2870 qualibet
2635 2814 2760 2854 acra
2798 2808 2975 2863 terrae,
3023 2812 3185 2867 quam
3221 2796 3346 2851 inde

1760 2895 2035 2959 tenebant,
2060 2894 2268 2948 solvere
2289 2892 2571 2947 dimidium
2593 2891 2855 2948 ﬂorenum
2884 2892 3024 2946 auri.
3052 2890 3119 2945 Et
3146 2890 3343 2945 iterum

1756 2998 2077 3039 concessum
2109 2983 2268 3038 nobis
2292 2993 2377 3037 est
2405 2999 2435 3037 a
2466 2982 2604 3037 duce
2630 2981 3061 3045 Northmanniae,
3088 2992 3147 3035 ut
3168 2980 3346 3035 levare

1759 3088 2042 3148 possemus
2094 3092 2189 3146 per
2250 3080 2468 3130 modum
2526 3076 2780 3138 subsidii,
2841 3075 2907 3129 ab
2964 3089 3074 3129 uno
3130 3088 3346 3144 quoque

1760 3171 1794 3222 Ιι
1835 3168 2037 3221 minum
2063 3177 2395 3232 nostrorum,
2428 3182 2526 3236 pro
2555 3165 2795 3236 quolibet
2826 3179 3029 3226 mense.
3062 3164 3345 3220 duodeci.u

1755 3259 2031 3324 denarios,
2076 3273 2177 3328 pro
2213 3257 2375 3313 simili
2409 3272 2571 3312 causa
2621 3255 2947 3322 fortericim,
2982 3263 3043 3310 ut
3089 3264 3238 3325 patet
3290 3254 3344 3308 in

1758 3350 2057 3420 repertorio
2087 3364 2249 3415 novo,
2290 3349 2341 3403 in
2372 3349 2533 3404 titulo
2568 3348 2988 3403 fortiticationis.

1825 3443 1962 3499 Nata
2002 3442 2144 3511 quod
2184 3440 2421 3497 Joannes
2474 3442 2540 3495 de
2575 3441 2882 3508 Cbambray
2927 3438 3059 3493 fecit
3103 3438 3344 3493 tumbam

1755 3535 1959 3591 domini
2001 3534 2272 3589 Guillelmi
2325 3534 2558 3599 abbatis,
2591 3542 2647 3588 et
2692 3533 2869 3587 soluta
2901 3531 3007 3600 22
3037 3538 3164 3585 sunt
3214 3545 3343 3599 qua.

1755 3630 2005 3700 draginta
2034 3638 2211 3691 scuta,
2240 3636 2299 3682 ut
2330 3636 2477 3698 patet
2507 3628 2561 3682 in
2599 3626 2935 3682 cltartulariu
2978 3641 3075 3697 per
3103 3628 3343 3695 quittan-

1752 3722 1919 3787 ciam,
1951 3722 2003 3776 iu
2046 3719 2274 3776 fardello
2312 3722 2525 3790 signato
2566 3734 2776 3792 per.....
2808 3727 2863 3774 et
2892 3726 3018 3773 nota
3048 3717 3190 3787 quod
3232 3722 3344 3787 ipsc
3420 3730 3427 3735 '

1755 3817 2037 3871 tenebatur
2060 3828 2292 3869 camerae
2313 3813 2620 3884 apostolicae
2646 3813 2698 3867 in
2719 3812 2865 3867 mille
2893 3811 3115 3867 lloreuis
3140 3826 3343 3866 annua-

1754 3915 1871 3980 tint,
1901 3922 1960 3969 ut
1989 3920 2138 3984 patet
2165 3928 2261 3985 per
2281 3911 2629 3982 quittancias,
2663 3912 2718 3966 in
2748 3925 2875 3967 arca
2898 3907 3345 3982 quittmciarum.

2373 4019 2725 4059 ενιτΑΡιιιυκ.

1859 4095 1961 4150 llic
1987 4097 2134 4166 jacet
2162 4093 2452 4164 exemplum
2486 4094 2751 4156 bonitatis,
2784 4105 2967 4163 regula
2995 4107 3225 4153 morum,

1858 4188 2088 4242 Justitiw
2118 4188 2389 4257 templum,
2422 4187 2549 4255 ﬁdei
2583 4204 2691 4250 vos,
2732 4185 2826 4239 lux
2851 4184 3252 4249 monac/torum,

1857 4278 2398 4347 Guillermus,,fi'ater
2422 4282 2685 4346 quondam
2720 4277 2785 4329 de
2822 4275 2969 4329 Valle
2999 4284 3234 4337 vocatus,

1858 4373 2191 4444 Cmnobiique
2216 4372 2377 4426 Pater
2402 4371 2696 4437 Beccensis,
2731 4373 2932 4442 origine
2964 4383 3119 4427 natus

1868 4465 1949 4520 Ea:
1971 4463 2359 4527 Emullaribus,
2390 4464 2624 4517 diacesis
2648 4462 2999 4517 Lexoriensis.

1858 4555 2030 4611 Abbas
2062 4555 2335 4625 rigesimus
2360 4565 2571 4618 sextus;
2607 4571 2757 4626 quem
2788 4554 2975 4626 ﬂebilis
3006 4554 3144 4609 ensis

1862 4646 2089 4700 Funeris
2119 4645 2396 4713 exhausit,
2431 4646 2612 4701 vitalia
2642 4647 2835 4718 ﬁlaque
2869 4648 3018 4700 rasit.
3140 4635 3147 4640 ’

1766 4770 1769 4773 -
1862 4733 2004 4789 Nam
2036 4735 2188 4789 nixus
2217 4733 2447 4803 Christo,
2474 4738 2670 4791 mundo
2702 4739 2941 4809 migravit
2971 4738 3034 4793 ab
3071 4738 3194 4805 ista,

1859 4828 2009 4881 Auno
2042 4826 2254 4881 milleno
2286 4840 2492 4883 centum
2521 4841 2730 4899 quater,
2759 4831 2995 4901 addeque
3027 4834 3160 4886 dena

1858 4916 2081 4987 Septem,
2114 4928 2239 4973 tunc
2268 4930 2417 4972 terna
2440 4919 2667 4988 jamjam
2697 4919 2900 4975 lucente
2934 4921 3168 4977 lucerna.

1871 5005 2015 5061 Vica!
2040 5020 2341 5062 sanctorum
2366 5025 2577 5063 consors
2604 5026 2760 5081 super
2783 5022 2929 5066 astra
2952 5012 3213 5082 polorum.

1966 5102 2158 5156 Amen.

1821 5190 1977 5245 Anno
2002 5192 2211 5246 Domini
2254 5193 2538 5250 millesimo
2570 5196 3099 5267 quadringentesimo
3124 5194 3335 5253 decimo

1751 5281 2001 5350 septimo,
2043 5296 2205 5352 supra
2253 5294 2556 5339 memorato
2613 5286 2700 5340 die
2726 5285 2909 5350 Lunm,
2967 5297 3096 5341 ante
3147 5302 3335 5344 sacros

1751 5373 1995 5439 Cineres,
2040 5385 2191 5429 sexta
2248 5377 2333 5431 die
2380 5378 2582 5432 mensis
2607 5378 2908 5444 Februarii,
2959 5388 3080 5448 post
3126 5379 3333 5435 obitum

1750 5466 2042 5534 supradicti
2087 5468 2414 5523 venerabilis
2441 5469 2722 5525 Guillcrmi
2772 5470 3016 5540 vigesimi
3064 5473 3200 5528 sexti
3240 5472 3336 5527 ab-

1749 5555 1911 5621 batis,
1940 5560 2260 5613 venerandae
2288 5559 2655 5626 discretionis,
2685 5576 2749 5616 ac
2779 5564 3067 5621 eminentis
3096 5565 3335 5621 scientia:

1752 5646 1835 5700 vir
1866 5645 2120 5704 dominus
2148 5649 2418 5706 Robertus
2450 5654 2515 5706 de
2543 5651 2740 5723 Becco,
2770 5654 2947 5712 dictus
2987 5653 3202 5725 Vallée,
3233 5658 3332 5713 de-

1751 5746 2028 5796 cretorum
2075 5740 2268 5799 doctor
2312 5744 2565 5808 eximius,
2600 5744 2665 5801 de
2695 5745 3007 5805 villa'Becci
3050 5750 3331 5817 oriundus,
