3886 6292
524 283 630 338 679

1503 274 1590 329 AD
1630 270 1862 331 OPERA
1900 271 1962 325 Β.
2004 268 2401 327 LANFltANCl
2440 266 2805 328 APPENDIX.
3666 280 3748 335 680

522 406 651 451 tunc
674 392 821 461 prior
847 389 912 445 de
939 388 1104 443 Prato
1132 386 1288 456 juxta
1316 386 1747 458 Bothomagum,
1780 387 1833 441 in
1864 384 2098 456 capitulo
2132 393 2174 449 Α
2203 385 2570 441 obedientiam
2602 386 2771 456 ipsius
2792 402 2957 459 regis,
2984 398 3038 442 et
3063 387 3419 444 nihilominus
3445 390 3749 451 solvebantur

520 484 799 547 Becccnsi,
829 481 1060 536 fratrum
1102 480 1341 534 unanimi
1366 496 1613 544 assensu,
1642 496 1737 550 per
1758 480 1899 534 viam
1932 479 2075 549 Spiri
2095 508 2107 518 -

519 566 606 629 ius
637 574 830 638 sancti,
865 574 917 627 in
950 571 1197 627 abbatem
1224 581 1279 627 et
1301 582 1572 642 pastorem
1597 572 1764 641 ipsius
1792 571 2108 627 monasterii

520 674 609 721 est
632 666 870 728 electus;
918 674 973 719 et
1017 664 1363 735 postmodum
1409 666 1666 719 mandato
1712 664 2108 733 archiepiscopi

518 768 607 811 est
646 756 985 811 benedictus.
1025 757 1091 809 Et
1129 765 1348 827 propter
1395 771 1718 827 guerrarum
1766 757 2107 821 discrimina,

521 858 575 901 et
609 847 961 902 occursioncs
984 858 1038 902 et
1074 846 1385 901 invasiones
1411 847 1727 918 Anglorum,
1764 861 1885 917 quae
1912 847 2111 917 saepius

520 937 723 992 ﬁebant
761 938 829 992 ab
872 938 1037 1008 ipsis,
1086 938 1259 1001 uoluit
1297 938 1483 999 venire
1526 938 1668 1008 apud
1705 937 1974 1003 Beecum,
2013 941 2111 992 sed

519 1028 745 1100 secessit
785 1024 836 1082 in
869 1029 1115 1097 partibus
1147 1028 1391 1082 Francia:
1421 1028 1564 1097 apud
1594 1027 1860 1092 Parisios,
1887 1034 1942 1081 et
1972 1026 2110 1097 apud

518 1118 891 1181 Pontisaram;
945 1126 1003 1173 et
1052 1119 1125 1172 ibi
1182 1119 1402 1182 mansit,
1464 1132 1636 1189 usque
1686 1118 1811 1171 dum
1858 1116 2109 1186 sequenti

520 1223 671 1263 anno.
701 1207 892 1263 civitas
919 1208 1390 1278 [tothomagensis,
1422 1222 1545 1263 cum
1586 1207 1764 1275 patria
1803 1207 2110 1277 adjacente,

519 1298 733 1355 reddita
766 1298 868 1359 fuit
891 1300 1150 1367 praedicto
1184 1299 1296 1369 regi
1325 1298 1647 1369 Anglorum.

530 1432 535 1435 t
592 1388 661 1442 Et
690 1404 811 1443 cum
852 1389 924 1443 ibi
957 1397 1220 1453 maneret,
1254 1388 1505 1442 videlicet
1542 1389 1594 1442 in
1631 1388 1841 1443 octavis
1866 1388 2112 1452 Paschw,

522 1494 663 1537 anno
706 1479 1015 1551 millesimo
1042 1481 1581 1551 quadringentesimo
1628 1481 1841 1538 decimo
1885 1490 2109 1545 octavo,

524 1568 760 1627 Thomas
802 1573 907 1627 dux
949 1572 1239 1628 Clarentia:
1285 1572 1607 1645 [Clarence]
1657 1572 1827 1629 frater
1871 1574 2111 1644 prmdicti

524 1663 669 1731 regis
710 1664 1037 1733 Anglorum,
1085 1680 1149 1721 ac
1203 1666 1642 1721 constabularius
1687 1666 1825 1733 ejus,
1880 1666 2113 1722 obtinuit

2213 476 2481 544 stipendia
2513 478 2820 548 armigeris,
2852 479 2906 533 in
2936 480 3077 534 dicta
3108 479 3385 536 fortericia
3416 482 3749 554 existentibus;

2216 574 2269 622 et
2296 567 2368 622 ob
2395 568 2500 624 hoc
2525 570 2699 625 coacti
2744 568 2944 625 fuimus
2979 572 3217 628 vendere
3258 575 3443 629 omnia
3479 576 3624 632 blada
3655 596 3751 649 qua:

2206 669 2369 733 ‘rraut
2409 662 2461 716 in
2511 662 2752 733 grangiis
2785 664 3016 730 nostris,
3058 666 3417 735 undequaque
3450 666 3689 738 religiosis
3711 674 3751 728 in

2215 761 2363 807 tanta
2409 754 2756 810 tribulatione
2796 756 3186 821 existentibus,
3240 773 3477 813 maxume
3520 774 3672 830 usque
3700 767 3752 818 ad

2215 858 2459 899 mensem
2490 845 2670 900 Martii
2722 846 2845 902 inde
2887 848 3187 918 sequentis.
3239 849 3360 916 Quo
3413 860 3636 920 tempore
3675 856 3755 910 du-

2214 946 2402 1002 rante,
2458 937 2750 1007 praedictus
2792 954 2886 993 rex
2939 937 3203 1009 Henricus
3258 940 3492 995 obtinuit
3527 942 3753 1002 civitatem

2213 1031 2724 1101 Rothomagensem,
2759 1032 3084 1105 Vernonem,
3113 1033 3344 1103 Rippam
3375 1034 3628 1090 Guidouis
3650 1037 3754 1108 (Ro.

2213 1125 2491 1196 cheguion)
2517 1125 2825 1182 llledontam
2845 1127 3121 1199 (Manta),
3154 1140 3209 1183 et
3232 1144 3452 1185 onmem
3480 1145 3656 1201 pagum
3676 1134 3757 1187 Ca-

2214 1214 2503 1272 lctensem.

2286 1304 2501 1371 Postea,
2531 1322 2673 1362 anno
2701 1308 2913 1365 Domini
2943 1310 3233 1366 millesimo
3266 1311 3758 1383 quadringentesimo

2214 1399 2429 1455 decimo
2484 1410 2723 1468 octavo,
2779 1403 3059 1460 Dominica
3110 1407 3285 1475 prima
3348 1405 3758 1478 Sep'uagesiina,

2216 1493 2507 1560 praedictus
2559 1493 2835 1550 Robertus
2888 1496 3077 1558 abbas,
3127 1497 3219 1566 qui
3282 1513 3555 1568 nunquam
3595 1498 3759 1556 fecerat

2217 1581 2529 1647 fidelitatem
2560 1587 2626 1640 de
2668 1584 2909 1651 abbatia,
2954 1588 3099 1643 venit
3126 1588 3544 1661 Rothoznagum,
3571 1594 3757 1663 et,ips1

2219 1676 2523 1745 Dominica,
2556 1681 2909 1747 prmsentavit
2953 1695 3011 1736 se
3061 1682 3264 1751 praedic
3291 1698 3326 1738 ο
3384 1684 3495 1753 regi
3552 1683 3761 1751 llrnrico,

528 1762 766 1807 castrum
796 1755 1124 1818 Harieurize,
1155 1758 1350 1812 deinde
1385 1774 1507 1813 cum
1557 1760 1801 1814 exercitu
1832 1776 1932 1815 suo
1963 1760 2113 1815 venit
2144 1746 2185 1804 Β
2214 1767 2262 1820 ei
2298 1746 2653 1836 supplicando
2681 1777 2741 1823 ut
2769 1780 3021 1839 parceret
3057 1746 3105 1826 ei
3136 1774 3389 1828 de‘mora
3426 1789 3523 1828 sua
3552 1777 3759 1830 veniendi

529 1842 670 1910 apud
698 1841 953 1910 Bcccum,
997 1853 1050 1899 et
1081 1846 1292 1901 obsedit
1343 1848 1676 1904 fortcriciam
1719 1850 1849 1906 dicti
1899 1851 2027 1914 loci,
2055 1863 2112 1906 et

524 1949 644 1990 eam
679 1937 905 1997 diversis
942 1948 995 1994 et
1028 1938 1493 2009 frequentissimis
1538 1944 1854 2008 assultibus,
1887 1945 1974 1999 die
2014 1960 2111 2000 no—

525 2037 720 2096 cteque
764 2029 1119 2093 incessanter,
1150 2046 1249 2099 per
1279 2033 1512 2102 spatium
1560 2033 1677 2091 fere
1713 2034 1873 2093 unius
1912 2035 2112 2091 mensis

524 2121 904 2190 expugnando,
934 2131 988 2195 et
1019 2122 1072 2177 in
1102 2138 1202 2177 suo
1240 2124 1499 2186 adventu,
1532 2126 1766 2180 maxima
1799 2143 1926 2195 pars
1953 2127 2127 2192 villae,

524 2212 778 2267 videlicet
818 2229 987 2283 usque
1030 2214 1098 2271 ad
1139 2215 1428 2273 ecclesiam
1467 2218 1652 2273 Sancti
1685 2217 1931 2283 Andreae,
1965 2234 2115 2273 com-

525 2300 699 2379 busta
730 2302 832 2357 fuit
872 2304 939 2357 ab
986 2304 1066 2361 eis
1107 2306 1199 2374 qui
1255 2306 1394 2361 infra
1446 2317 1604 2363 erant
1656 2306 2014 2372 fortericiam,
2059 2310 2113 2385 in

526 2406 781 2460 magnum
828 2392 1083 2461 damnum
1128 2394 1374 2451 ecclesiae
1417 2406 1473 2452 et
1512 2397 1871 2453 habitantium
1921 2400 1974 2454 in
2016 2415 2108 2464 ea;

526 2486 811 2544 deficiente
847 2499 1027 2544 autem
1059 2492 1331 2561 adiutorio
1360 2494 1483 2549 illos
1523 2496 1613 2564 qui
1651 2506 1810 2552 erant
1856 2497 1909 2551 in
1941 2480 2113 2553 forte-

527 2578 683 2643 ricia,
728 2581 820 2649 qui
869 2583 1167 2650 sperabant
1213 2598 1243 2635 a
1284 2599 1409 2651 rege
1435 2585 1769 2641 Francorum
1820 2586 2114 2652 sublevari,

525 2669 767 2737 oportuit
794 2685 918 2731 eam
953 2673 1101 2741 tradi,
1127 2673 1178 2727 in
1206 2689 1400 2728 manus
1436 2676 1682 2744 [medieti
1716 2678 1870 2733 ducis
1892 2677 2117 2733 Claran-

526 2758 645 2823 tiae,
668 2769 721 2813 et
756 2761 804 2813 ei
838 2762 1045 2816 reddita
1076 2762 1178 2817 fuit
1206 2763 1256 2817 in
1278 2764 1467 2834 vigilia
1489 2766 1843 2835 Ascensionis
1871 2771 2118 2839 proxime

527 2852 827 2920 sequentis,
878 2853 948 2907 Et
991 2869 1121 2907 cum
1164 2855 1458 2923 intrasset,
1509 2858 1748 2927 pratdata
1802 2871 1857 2915 et
1905 2862 2116 2918 sublata

525 2937 747 2993 fuerunt
796 2943 975 3009 omnia
1025 2944 1187 3007 bona,
1235 2961 1356 3015 qua:
1398 2947 1472 3003 ibi
1512 2958 1672 3004 erant
1717 2952 1976 3020 reposita,
2008 2963 2115 3009 tam

529 3028 701 3097 ipsius
748 3049 908 3101 quam
962 3034 1214 3100 aliorum,
1273 3047 1326 3091 et
1362 3037 1479 3095 fere
1521 3042 1703 3098 omnia
1744 3044 1884 3099 bona
1927 3046 2116 3116 patria:

532 3117 732 3173 ibidem
762 3132 921 3185 erant
952 3126 1206 3193 reposita.
1262 3128 1498 3198 Populus
1528 3133 1727 3189 ibidem
1758 3147 2118 3208 congregatus

531 3212 787 3280 expulsus
820 3228 926 3281 est,
958 3233 1059 3273 nec
1091 3230 1307 3287 portare
1337 3224 1384 3278 ei
1413 3224 1709 3281 discedenti
1760 3231 2117 3297 permittebat-

537 3311 646 3365 tur,
675 3307 1027 3373 praetervilia
1071 3311 1417 3379 vestimenta,
1448 3317 1646 3385 quibus
1676 3320 1857 3374 vestiti
1901 3331 2079 3376 erant.
2106 3368 2109 3371 .

602 3392 743 3447 Nota
770 3396 910 3463 quod
936 3413 1095 3481 anno
1130 3400 1339 3456 Domini
1377 3405 1665 3462 millesimo
1691 3410 2118 3481 quadringente-

529 3482 669 3538 simo
697 3485 1038 3553 duodecimo,
1071 3490 1173 3553 fuit
1206 3493 1377 3547 levata
1406 3494 1618 3555 decima
1651 3498 1703 3552 in
1740 3515 1905 3570 regno
1936 3501 2116 3555 Fran-

529 3576 646 3639 ciae,
684 3570 1009 3633 auctoritate
1045 3580 1274 3639 Romani
1324 3587 1619 3656 pontiﬁcis,
1669 3592 1719 3644 in
1759 3593 2120 3661 supportatio~

527 3682 655 3741 nem
688 3684 914 3724 onerum
945 3674 1105 3741 quasi
1134 3674 1556 3745 importabiliuru
1590 3683 1735 3751 regis
1765 3693 1819 3737 et
1847 3686 2032 3755 regni;
2064 3696 2122 3742 et

530 3757 633 3827 fuit
666 3761 926 3835 terminus
949 3762 1210 3820 limitatus
1236 3769 1300 3821 ad
1332 3771 1751 3841 recolligcndam
1787 3778 2119 3834 taxationem

530 3845 756 3935 decima;
802 3852 1504 3935 prtedictm..l-Vibilomiuus
1555 3877 1647 3916 rex
1689 3861 1952 3931 Francize,
2004 3867 2119 3937 suis

532 3936 893 3995 familiaribus
936 3942 1155 4023 litteris
1184 3950 1461 4005 mandavit
1515 3953 1698 4008 abbati
1733 3955 1800 4010 de
1830 3956 2023 4024 Becco,
2061 3936 2121 4015 ut

534 4028 601 4083 de
632 4032 800 4087 tribus
839 4046 1054 4091 centum
1094 4038 1247 4095 libris
1288 4044 1335 4096 ci
1376 4044 1734 4102 incontineuti
1776 4046 1915 4120 {sine
1944 4053 2115 4126 mora]

533 4124 885 4215 subveniret,
940 4144 1059 4198 qua:
1108 4147 1318 4187 summa
1368 4136 1470 4189 fuit
1513 4137 1755 4194 Parisius
1801 4142 1974 4197 soluta
2006 4124 2120 4213 ,per

536 4214 811 4301 dominum
852 4219 1187 4301 Gauﬂ'ridum
1235 4225 1301 4281 de
1344 4227 1577 4284 Fiscano
1625 4233 1807 4301 priore
1852 4235 1917 4288 de
1940 4234 2116 4292 Bello-

535 4318 747 4371 tuonte,
788 4318 843 4363 ct
885 4314 1089 4367 taxatio
1125 4314 1384 4383 decium,
1423 4333 1523 4389 pro
1558 4331 1744 4390 parte,
1784 4331 1838 4395 et
1869 4326 2119 4393 portione

2215 1857 2280 1909 ad
2319 1873 2474 1912 suam
2505 1858 2893 1925 obedientiam,
2924 1869 2977 1914 et
3004 1875 3144 1923 eam,
3176 1865 3220 1915 si
3255 1864 3513 1932 placeret,
3555 1863 3762 1935 dignare-

2217 1958 2305 2003 tur
2332 1952 2609 2021 recipere;
2641 1967 2803 2021 quam
2828 1953 3005 2007 dictus
3033 1954 3389 2031 rex‘benigne
3417 1955 3659 2023 suscepit.

2285 2046 2391 2117 23
2445 2047 2561 2113 Qua
2616 2048 2871 2102 tidelitate
2926 2047 3103 2112 facta,
3158 2056 3214 2103 et
3262 2048 3641 2118 temporalibus
3680 2065 3764 2104 suae

2216 2140 2495 2206 ecclesiae,
2538 2141 2809 2210 impeditis
2849 2151 3073 2211 propter
3120 2142 3467 2203 absentiam,
3505 2142 3762 2210 expelitis;

2216 2233 2363 2285 venit
2392 2231 2621 2287 Beccum
2651 2232 2703 2286 in
2727 2234 2974 2287 crastino
3005 2248 3287 2287 sacrorum
3316 2233 3599 2298 Cinerum,
3623 2248 3767 2288 susre~

2217 2328 2337 2392 plus
2372 2338 2495 2378 cum
2526 2337 2720 2393 magno
2754 2324 2951 2393 gaudio
2981 2340 3011 2379 a
3039 2340 3138 2380 suo
3170 2335 3441 2381 conventu
3461 2367 3475 2391 ,
3508 2335 3561 2381 et
3587 2327 3767 2382 instab-

2219 2422 2306 2469 tus
2328 2414 2380 2468 in
2408 2414 2626 2470 sedibus
2655 2415 2786 2480 suis,
2814 2423 2874 2469 ut
2901 2416 3069 2472 moris
3100 2425 3205 2473 est.

2290 2529 2357 2584 Et
2403 2528 2688 2600 armigeri,
2737 2530 2831 2599 qui
2883 2538 3010 2586 tunc
3058 2532 3129 2586 ibi
3167 2542 3327 2587 erant
3376 2531 3430 2586 in
3468 2528 3764 2597 munitione,

2220 2625 2602 2684 recesserunt,
2646 2627 2701 2673 et
2754 2618 2971 2673 fuerunt
3006 2619 3123 2674 loco
3168 2635 3357 2675 eorum
3401 2620 3455 2674 in
3510 2620 3766 2674 munitione

2220 2720 2409 2777 gentes
2437 2709 2589 2763 ducis
2627 2707 2947 2776 Clarentize,
2979 2708 3033 2764 in
3071 2726 3300 2766 numero
3330 2710 3527 2765 minori
3551 2717 3603 2765 et
3630 2711 3771 2764 mino-

2220 2800 2372 2855 ribus
2408 2802 2683 2871 oxpensis.
2725 2806 2749 2832 "

2291 2908 2390 2977 Qui
2419 2910 2711 2980 przedictus
2736 2908 2902 2965 abbas
2921 2951 2935 2975 ,
2961 2910 3089 2980 jura
3115 2919 3171 2965 et
3202 2910 3488 2966 libertates
3513 2910 3589 2965 sui
3615 2925 3767 2965 mona-

2221 2997 2394 3063 sterii,
2424 3012 2522 3068 pro
2553 3013 2711 3067 posse
2732 3039 2746 3063 ,
2788 3000 3089 3053 secundum
3116 2999 3527 3069 dispositionem
3558 3000 3772 3069 temporis

2146 3088 2190 3149 C
2225 3082 2428 3149 utiliter
2460 3092 2834 3162 procurando,
2865 3102 3090 3146 strenue
3128 3091 3272 3146 rexit
3303 3093 3506 3147 dictum
3548 3103 3771 3146 ltiOilaSIC-

2226 3185 2365 3237 rium
2388 3224 2402 3248 ,
2439 3200 2535 3254 per
2568 3184 2805 3253 spatium
2838 3183 3122 3240 duodecim
3168 3199 3437 3239 annorum
3468 3184 3654 3240 fratres
3677 3185 3773 3238 eba-

2224 3275 2440 3331 ritativc
2473 3274 2780 3331 tractando.
3448 3274 3451 3275 ⁷

2292 3389 2413 3461 Ipse
2455 3405 2553 3449 suo
2596 3390 3158 3460 temporetacquisivit
3195 3390 3473 3459 quoddam
3525 3388 3770 3459 hospitium

2224 3482 2279 3536 in
2320 3481 2497 3541 medio
2544 3481 2779 3537 civitatis
2821 3482 3275 3552 Rothomagensis
3321 3482 3487 3535 situm
3506 3520 3528 3545 ν,
3564 3490 3772 3539 vomitum

2223 3572 2420 3629 l’Ilélel
2475 3574 2565 3627 des
2613 3572 2941 3636 Fonlaines,
3015 3588 3181 3643 prope
3234 3574 3414 3627 vicum
3470 3573 3771 3647 Judmorum,

2222 3675 2508 3725 oneratum
2563 3674 2746 3740 tamen.
2795 3667 2861 3720 de
2906 3665 3266 3736 quadraginta
3318 3666 3475 3725 libris
3528 3666 3769 3726 redditus,

2222 3758 2395 3813 donec
2434 3766 2655 3826 possent
2685 3758 3031 3828 reacquitari.
3064 3758 3220 3824 Quod
3260 3760 3551 3828 hospitium
3582 3758 3769 3811 multum

2222 3848 2428 3919 profuit
2470 3858 2711 3919 tempore
2751 3863 3105 3920 guerrarum;
3137 3852 3257 3919 ipse
3289 3860 3530 3920 tempore
3561 3866 3686 3913 suo,
3720 3851 3772 3903 ob

2221 3958 2443 3997 causam
2484 3959 2801 4013 guerrarum
2838 3943 2891 3997 in
2934 3942 3330 3998 Northntaunia
3382 3945 3700 4014 vigentium,
3732 3952 3773 3997 rt

2222 4044 2441 4105 propter
2466 4034 2797 4091 fortericiam
2826 4034 2990 4091 inulta
3017 4051 3206 4104 passus
3231 4044 3331 4094 est,
3363 4045 3575 4104 totaque
3596 4035 3771 4096 domus,

2222 4136 2276 4195 et
2303 4127 2535 4191 maxime
2560 4127 2687 4196 quia
2718 4142 2860 4180 anno
2886 4126 3096 4181 Domini
3127 4126 3419 4181 millesimo
3450 4127 3770 4195 quadringen-

2224 4217 2414 4269 tesimo
2459 4215 2727 4285 vigesimo
2765 4216 2971 4284 primo,
3026 4216 3112 4271 die
3156 4216 3366 4270 decima
3419 4218 3570 4271 tertia
3610 4217 3772 4271 mensis

2220 4307 2382 4371 Julii,
2422 4308 2541 4377 ipsa
2588 4307 2863 4362 fortericia
2915 4306 3103 4361 fraude
3144 4319 3303 4377 capta
3338 4306 3441 4362 fuit
3487 4325 3515 4360 a
3550 4308 3770 4371 Francis,

531 4408 739 4464 nostra,
768 4402 818 4454 in
842 4402 1073 4458 diversis
1096 4400 1436 4483 dioecesibus.
1468 4414 1716 4467 ascendit
1751 4415 1817 4468 ad
1850 4432 2114 4472 summam

2228 4401 2403 4455 medio
2435 4399 2810 4455 Molendiuarii
2854 4399 2982 4454 dicti
3030 4399 3163 4462 loci,
3211 4399 3409 4453 abbate
3448 4400 3772 4469 religios'spie

534 4499 833 4575 trecentum
897 4484 1180 4561 librarum,
1214 4486 1292 4553 ἰιι
1338 4511 1486 4577 patet
1529 4519 1628 4572 per
1678 4506 2015 4579 mandatum,
2065 4518 2120 4564 et

531 4582 887 4652 quittanciam
920 4588 1175 4643 mandato
1209 4604 1476 4645 annexam
1510 4593 1562 4646 in
1595 4594 1949 4652 chartulario.
1991 4597 2121 4656 Post

530 4686 735 4740 paucos
765 4674 909 4740 dies,
944 4686 1228 4745 postquam
1273 4679 1372 4732 l'uit
1402 4666 1631 4757 Spoliata
1673 4685 1786 4755 ipsa
1819 4686 2114 4756 fortericia,

529 4758 690 4814 venit’
719 4778 811 4816 rex
841 4762 1106 4819 Henricus
1138 4756 1437 4833 praedictus
1475 4772 1615 4840 apud
1645 4773 1904 4842 Beccum,
1949 4789 2005 4835 et
2044 4780 2115 4835 ibi

530 4853 813 4906 constituit
846 4855 913 4907 de
948 4866 1108 4922 gente
1147 4850 1243 4911 Sua
1280 4859 1469 4929 viginti
1506 4848 1763 4922 homines
1815 4845 2115 4940 armorum,

533 4958 656 4997 cum
686 4942 1046 5013 quadraginta
1084 4948 1401 5020 sagittariis,
1431 4959 1683 5025 expensis
1721 4940 1988 5027 ecclesire,
2024 4965 2117 5033 qui

532 5045 865 5103 acceperunt
901 5053 1092 5092 omnes
1116 5042 1450 5109 provisiones
1490 5048 1655 5118 ipsius
1685 5054 2027 5118 monasterii,
2062 5057 2117 5109 in

532 5128 742 5213 granis,
772 5128 915 5193 vino,
956 5129 1167 5197 sicera;
1202 5134 1266 5188 de
1300 5136 1491 5201 bobus,
1517 5150 1571 5194 et
1596 5143 1661 5194 de
1686 5144 1901 5197 cauet-is
1940 5145 2116 5211 bonis,

534 5216 733 5271 ibidem
774 5222 1042 5295 repositis,
1093 5216 1227 5281 nihil
1279 5228 1646 5300 relinquentes
1695 5234 1980 5305 religiosis,
2018 5252 2119 5293 nec

534 5302 753 5363 familia:
783 5326 991 5381 eorum,
1029 5319 1169 5372 unde
1209 5306 1431 5395 possent
1473 5326 1787 5390 sustentari,
1818 5326 1992 5381 solum
2034 5330 2119 5383 vi-

533 5408 722 5485 ventes
755 5403 820 5456 de
858 5406 1037 5461 mollis
1074 5398 1826 5481 (moumre)molendinorum
1873 5432 2116 5487 suorum,

535 5489 669 5543 nihil
689 5495 1045 5580 percipientes
1070 5500 1137 5555 de
1162 5503 1461 5558 redditibus
1488 5505 1622 5570 suis,
1647 5508 1770 5575 quia
1804 5512 2117 5580 temporalia

534 5578 846 5643 monasterii
864 5600 1018 5644 erant
1039 5603 1305 5647 arrestata
1331 5611 1428 5664 per
1449 5597 1648 5651 dictum
1672 5615 1871 5669 regem,
1900 5578 2117 5672 propter

534 5679 833 5735 absentiam
858 5674 1041 5752 ipsius
1076 5686 1325 5753 abbatis,
1373 5689 1465 5755 qui
1504 5691 1741 5746 nomium
1786 5705 2008 5749 venerat
2048 5696 2115 5757 ad

2225 4490 2612 4553 inscientibus,
2646 4499 2700 4545 et
2731 4503 2922 4543 omnes
2962 4488 3206 4543 ofﬁcinas
3238 4489 3406 4543 totius
3438 4490 3623 4543 domus
3665 4487 3772 4541 obti-

2225 4587 2489 4642 nuerunt,
2520 4564 2715 4648 prseter
2747 4579 3041 4631 maximam
3076 4578 3266 4630 turrim
3298 4587 3500 4631 nostrre
3544 4576 3771 4637 Domine,

2224 4672 2276 4727 in
2309 4687 2414 4741 qua
2444 4686 2632 4725 omnes
2671 4670 2878 4740 Anglici
2911 4685 2969 4724 se
3004 4678 3354 4724 retraxerant
3398 4670 3453 4723 in
3483 4669 3769 4739 prmsitlium.

2224 4762 2289 4815 Et
2343 4760 2487 4815 facto
2545 4760 2811 4827 foramine
2863 4761 2914 4812 in
2971 4759 3232 4829 prmdicra
3287 4760 3464 4823 turri,
3520 4760 3773 4815 emiserunt

2223 4833 2486 4925 quosdam
2524 4853 2593 4907 de
2636 4853 2789 4916 suis,
2830 4849 3032 4905 factum
3078 4860 3265 4905 notum
3312 4850 3497 4905 facere
3534 4848 3769 4920 Anglicis.

2222 4946 2313 5015 qui
2362 4953 2517 4999 erant
2556 4944 2697 5015 apud
2732 4944 3022 4999 Bernaium
3046 4984 3061 5010 ,
3114 4944 3492 5009 liaricnriam,
3527 4956 3578 4998 et
3615 4942 3772 5009 ubiq::e

2223 5037 2472 5107 dispersi.

2294 5149 2357 5202 Et
2388 5148 2715 5204 intrantibus
2752 5147 3016 5211 Francis,
3057 5147 3145 5202 illa
3175 5147 3263 5203 die
3308 5164 3418 5215 qua
3462 5144 3655 5211 Anglici
3689 5141 3772 5196 mi.

2220 5249 2415 5294 serunt
2454 5255 2582 5294 suos
2616 5240 2804 5312 Anglis
2844 5242 3132 5308 nuntiare,
3175 5250 3237 5295 ut
3281 5242 3488 5296 dictum
3519 5251 3629 5303 est,
3653 5238 3771 5291 circa

2222 5348 2501 5401 vesperam
2556 5334 2609 5387 in
2655 5334 2797 5387 dicta
2847 5335 2980 5388 turri
3035 5348 3134 5405 per
3185 5334 3330 5389 idem
3375 5332 3647 5395 foramen,
3687 5342 3773 5398 quo

2218 5426 2431 5497 Anglici
2460 5413 2730 5490 exierunt,
2754 5423 3001 5479 fecerunt
3027 5426 3153 5480 hinc
3179 5426 3307 5480 inde
3334 5440 3578 5496 magnam
3601 5423 3769 5478 easdem

2223 5519 2533 5585 hominum,
2576 5527 2631 5573 et
2676 5518 2894 5572 fuerunt
2921 5519 3129 5588 Anglici
3165 5520 3228 5572 de
3259 5520 3516 5588 prazdicta
3548 5515 3673 5571 turri
3697 5528 3771 5569 ex-

2222 5609 2390 5679 pulsi,
2422 5618 2477 5663 et
2502 5611 2843 5665 intraverunt
2870 5609 3156 5664 ecclesiam
3190 5610 3268 5664 sic
3298 5610 3482 5665 furore
3509 5605 3735 5665 commoti
3754 5644 3767 5667 ν

2222 5700 2479 5771 estractis
2508 5698 2731 5769 gladiis,
2760 5699 3073 5755 occiderunt
3101 5700 3235 5753 duos
3269 5701 3565 5756 monachos
3589 5697 3772 5767 religio-
