  <div class='ocr_page' id='page_1' title='image "/cluster/home/n/w/nwhite01/storage/ocr_20150623/150/hvd.32044015473788/344.png"; bbox 0 0 3864 6304; ppageno 0'>
   <div class='ocr_carea' id='block_1_1' title="bbox 78 368 2049 431">
    <p class='ocr_par' dir='ltr' id='par_1_1' title="bbox 78 368 2049 431">
     <span class='ocr_line' id='line_1_1' title="bbox 78 368 2049 431; baseline -0.004 0"><span class='ocrx_word' id='word_1_1' title='bbox 78 376 160 431; x_wconf 75' lang='lat'><strong>681</strong></span> <span class='ocrx_word' id='word_1_2' title='bbox 1235 368 1624 429; x_wconf 72' lang='lat' dir='ltr'><strong>CllBONlCON</strong></span> <span class='ocrx_word' id='word_1_3' title='bbox 1669 368 2049 425; x_wconf 65' lang='lat' dir='ltr'><strong>BECCENSE.</strong></span> 
     </span>
    </p>
   </div>
   <div class='ocr_carea' id='block_1_2' title="bbox 3217 374 3328 435">
    <p class='ocr_par' dir='ltr' id='par_1_2' title="bbox 3217 374 3328 435">
     <span class='ocr_line' id='line_1_2' title="bbox 3217 374 3328 435; baseline -0.045 0"><span class='ocrx_word' id='word_1_4' title='bbox 3217 374 3328 435; x_wconf 69' lang='grc' dir='ltr'><strong>ἆΒὶ</strong></span> 
     </span>
    </p>
   </div>
   <div class='ocr_carea' id='block_1_3' title="bbox 78 483 3343 558">
    <p class='ocr_par' dir='ltr' id='par_1_3' title="bbox 78 483 3343 558">
     <span class='ocr_line' id='line_1_3' title="bbox 78 483 3343 558; baseline -0 -14"><span class='ocrx_word' id='word_1_5' title='bbox 78 489 326 553; x_wconf 85' lang='lat' dir='ltr'><strong>sissimos,</strong></span> <span class='ocrx_word' id='word_1_6' title='bbox 352 496 409 553; x_wconf 87' lang='lat' dir='ltr'><strong>et</strong></span> <span class='ocrx_word' id='word_1_7' title='bbox 434 487 692 543; x_wconf 86' lang='lat' dir='ltr'><strong>honestos</strong></span> <span class='ocrx_word' id='word_1_8' title='bbox 719 487 892 551; x_wconf 89' lang='lat' dir='ltr'><strong>viros,</strong></span> <span class='ocrx_word' id='word_1_9' title='bbox 924 494 978 540; x_wconf 90' lang='lat' dir='ltr'><strong>et</strong></span> <span class='ocrx_word' id='word_1_10' title='bbox 1004 484 1138 540; x_wconf 87' lang='lat' dir='ltr'><strong>alios</strong></span> <span class='ocrx_word' id='word_1_11' title='bbox 1180 485 1624 551; x_wconf 76' lang='lat' dir='ltr'><strong>vulneraverunt,</strong></span> <span class='ocrx_word' id='word_1_12' title='bbox 1659 489 1700 545; x_wconf 85' lang='grc' dir='ltr'><strong>Λ</strong></span> <span class='ocrx_word' id='word_1_13' title='bbox 1734 483 1892 539; x_wconf 87' lang='lat' dir='ltr'><strong>nibus</strong></span> <span class='ocrx_word' id='word_1_14' title='bbox 1914 496 2205 553; x_wconf 89' lang='lat' dir='ltr'><strong>oppressus</strong></span> <span class='ocrx_word' id='word_1_15' title='bbox 2230 492 2285 540; x_wconf 88' lang='lat' dir='ltr'><strong>et</strong></span> <span class='ocrx_word' id='word_1_16' title='bbox 2326 484 2608 556; x_wconf 78' lang='lat' dir='ltr'><strong>angustiis,</strong></span> <span class='ocrx_word' id='word_1_17' title='bbox 2637 486 2888 558; x_wconf 73' lang='lat' dir='ltr'><strong>migravit</strong></span> <span class='ocrx_word' id='word_1_18' title='bbox 2907 487 2977 545; x_wconf 85' lang='lat' dir='ltr'><strong>ab</strong></span> <span class='ocrx_word' id='word_1_19' title='bbox 2996 488 3104 545; x_wconf 82' lang='lat' dir='ltr'><strong>hoc</strong></span> <span class='ocrx_word' id='word_1_20' title='bbox 3132 486 3343 543; x_wconf 58' lang='lat' dir='ltr'><strong>seculo</strong></span> 
     </span>
    </p>
   </div>
   <div class='ocr_carea' id='block_1_4' title="bbox 60 577 1201 652">
    <p class='ocr_par' dir='ltr' id='par_1_4' title="bbox 60 577 1201 652">
     <span class='ocr_line' id='line_1_4' title="bbox 60 577 1201 652; baseline -0.004 -19"><span class='ocrx_word' id='word_1_21' title='bbox 60 580 336 652; x_wconf 58' lang='lat' dir='ltr'><strong>&#39;polluendo</strong></span> <span class='ocrx_word' id='word_1_22' title='bbox 365 587 608 633; x_wconf 82' lang='lat' dir='ltr'><strong>sanctam</strong></span> <span class='ocrx_word' id='word_1_23' title='bbox 642 587 868 632; x_wconf 90' lang='lat' dir='ltr'><strong>matrem</strong></span> <span class='ocrx_word' id='word_1_24' title='bbox 895 577 1201 632; x_wconf 84' lang='lat' dir='ltr'><strong>ecclesiam.</strong></span> 
     </span>
    </p>
   </div>
   <div class='ocr_carea' id='block_1_5' title="bbox 135 667 1628 741">
    <p class='ocr_par' dir='ltr' id='par_1_5' title="bbox 135 667 1628 741">
     <span class='ocr_line' id='line_1_5' title="bbox 135 667 1628 741; baseline -0.003 -16"><span class='ocrx_word' id='word_1_25' title='bbox 135 676 345 741; x_wconf 91' lang='lat' dir='ltr'><strong>lnsuper</strong></span> <span class='ocrx_word' id='word_1_26' title='bbox 377 668 746 737; x_wconf 82' lang='lat' dir='ltr'><strong>spoiiaverunt</strong></span> <span class='ocrx_word' id='word_1_27' title='bbox 794 667 920 722; x_wconf 81' lang='lat' dir='ltr'><strong>dicti</strong></span> <span class='ocrx_word' id='word_1_28' title='bbox 952 667 1159 738; x_wconf 82' lang='lat' dir='ltr'><strong>Anglici</strong></span> <span class='ocrx_word' id='word_1_29' title='bbox 1206 669 1586 723; x_wconf 83' lang='lat' dir='ltr'><strong>monasterium</strong></span> <span class='ocrx_word' id='word_1_30' title='bbox 1612 707 1628 733; x_wconf 93' lang='lat'><strong>,</strong></span> 
     </span>
    </p>
   </div>
   <div class='ocr_carea' id='block_1_6' title="bbox 74 757 1632 828">
    <p class='ocr_par' dir='ltr' id='par_1_6' title="bbox 74 757 1632 828">
     <span class='ocr_line' id='line_1_6' title="bbox 74 757 1632 828; baseline -0.002 -12"><span class='ocrx_word' id='word_1_31' title='bbox 74 773 119 816; x_wconf 86' lang='lat' dir='ltr'><strong>et</strong></span> <span class='ocrx_word' id='word_1_32' title='bbox 144 777 319 815; x_wconf 84' lang='lat' dir='ltr'><strong>omnes</strong></span> <span class='ocrx_word' id='word_1_33' title='bbox 364 757 642 821; x_wconf 80' lang='lat' dir='ltr'><strong>oﬂiciuas,</strong></span> <span class='ocrx_word' id='word_1_34' title='bbox 687 759 1046 828; x_wconf 68' lang='lat' dir='ltr'><strong>deprmdando</strong></span> <span class='ocrx_word' id='word_1_35' title='bbox 1093 757 1349 828; x_wconf 81' lang='lat' dir='ltr'><strong>quidquid</strong></span> <span class='ocrx_word' id='word_1_36' title='bbox 1393 759 1632 813; x_wconf 84' lang='lat' dir='ltr'><strong>invenire</strong></span> 
     </span>
    </p>
   </div>
   <div class='ocr_carea' id='block_1_7' title="bbox 75 834 1634 921">
    <p class='ocr_par' dir='ltr' id='par_1_7' title="bbox 75 834 1634 921">
     <span class='ocr_line' id='line_1_7' title="bbox 75 834 1634 921; baseline -0.001 -18"><span class='ocrx_word' id='word_1_37' title='bbox 75 834 368 921; x_wconf 77' lang='lat' dir='ltr'><strong>potuerunt;</strong></span> <span class='ocrx_word' id='word_1_38' title='bbox 413 850 593 903; x_wconf 86' lang='lat' dir='ltr'><strong>omnia</strong></span> <span class='ocrx_word' id='word_1_39' title='bbox 625 857 943 903; x_wconf 87' lang='lat' dir='ltr'><strong>ornamenta</strong></span> <span class='ocrx_word' id='word_1_40' title='bbox 987 847 1226 903; x_wconf 79' lang='lat' dir='ltr'><strong>ecclesiae</strong></span> <span class='ocrx_word' id='word_1_41' title='bbox 1249 888 1262 911; x_wconf 87' lang='lat'><strong>,</strong></span> <span class='ocrx_word' id='word_1_42' title='bbox 1300 846 1497 903; x_wconf 84' lang='lat' dir='ltr'><strong>calices</strong></span> <span class='ocrx_word' id='word_1_43' title='bbox 1522 888 1536 912; x_wconf 93' lang='lat'><strong>,</strong></span> <span class='ocrx_word' id='word_1_44' title='bbox 1580 855 1634 901; x_wconf 88' lang='lat' dir='ltr'><strong>et</strong></span> 
     </span>
    </p>
   </div>
   <div class='ocr_carea' id='block_1_8' title="bbox 74 932 1633 1014">
    <p class='ocr_par' dir='ltr' id='par_1_8' title="bbox 74 932 1633 1014">
     <span class='ocr_line' id='line_1_8' title="bbox 74 932 1633 1014; baseline -0.001 -17"><span class='ocrx_word' id='word_1_45' title='bbox 74 958 268 1014; x_wconf 84' lang='lat' dir='ltr'><strong>capsam</strong></span> <span class='ocrx_word' id='word_1_46' title='bbox 310 942 399 996; x_wconf 91' lang='lat' dir='ltr'><strong>ubi</strong></span> <span class='ocrx_word' id='word_1_47' title='bbox 438 942 776 1013; x_wconf 86' lang='lat' dir='ltr'><strong>reconditum</strong></span> <span class='ocrx_word' id='word_1_48' title='bbox 816 949 935 995; x_wconf 87' lang='lat' dir='ltr'><strong>erat</strong></span> <span class='ocrx_word' id='word_1_49' title='bbox 977 932 1388 996; x_wconf 80' lang='lat' dir='ltr'><strong>sacresanctum</strong></span> <span class='ocrx_word' id='word_1_50' title='bbox 1436 956 1633 1011; x_wconf 90' lang='lat' dir='ltr'><strong>corpus</strong></span> 
     </span>
    </p>
   </div>
   <div class='ocr_carea' id='block_1_9' title="bbox 75 1030 1635 1102">
    <p class='ocr_par' dir='ltr' id='par_1_9' title="bbox 75 1030 1635 1102">
     <span class='ocr_line' id='line_1_9' title="bbox 75 1030 1635 1102; baseline -0.004 -12"><span class='ocrx_word' id='word_1_51' title='bbox 75 1034 259 1090; x_wconf 85' lang='lat' dir='ltr'><strong>Domini</strong></span> <span class='ocrx_word' id='word_1_52' title='bbox 290 1047 460 1102; x_wconf 80' lang='lat' dir='ltr'><strong>super</strong></span> <span class='ocrx_word' id='word_1_53' title='bbox 490 1031 686 1096; x_wconf 88' lang='lat' dir='ltr'><strong>altare,</strong></span> <span class='ocrx_word' id='word_1_54' title='bbox 717 1031 1017 1101; x_wconf 81' lang='lat' dir='ltr'><strong>corporalia</strong></span> <span class='ocrx_word' id='word_1_55' title='bbox 1045 1030 1209 1086; x_wconf 90' lang='lat' dir='ltr'><strong>etiam</strong></span> <span class='ocrx_word' id='word_1_56' title='bbox 1237 1030 1553 1100; x_wconf 78' lang='lat' dir='ltr'><strong>spolianda,</strong></span> <span class='ocrx_word' id='word_1_57' title='bbox 1580 1040 1635 1085; x_wconf 92' lang='lat' dir='ltr'><strong>et</strong></span> 
     </span>
    </p>
   </div>
   <div class='ocr_carea' id='block_1_10' title="bbox 74 1122 1630 1191">
    <p class='ocr_par' dir='ltr' id='par_1_10' title="bbox 74 1122 1630 1191">
     <span class='ocr_line' id='line_1_10' title="bbox 74 1122 1630 1191; baseline -0.004 -9"><span class='ocrx_word' id='word_1_58' title='bbox 74 1126 371 1183; x_wconf 81' lang='lat' dir='ltr'><strong>denudanda</strong></span> <span class='ocrx_word' id='word_1_59' title='bbox 397 1124 661 1179; x_wconf 88' lang='lat' dir='ltr'><strong>tumulum</strong></span> <span class='ocrx_word' id='word_1_60' title='bbox 684 1124 917 1179; x_wconf 69' lang='lat' dir='ltr'><strong>domina:</strong></span> <span class='ocrx_word' id='word_1_61' title='bbox 942 1122 1216 1177; x_wconf 84' lang='lat' dir='ltr'><strong>Mathildis</strong></span> <span class='ocrx_word' id='word_1_62' title='bbox 1241 1122 1630 1191; x_wconf 87' lang='lat' dir='ltr'><strong>imperatricis,</strong></span> 
     </span>
    </p>
   </div>
   <div class='ocr_carea' id='block_1_11' title="bbox 75 1212 1633 1287">
    <p class='ocr_par' dir='ltr' id='par_1_11' title="bbox 75 1212 1633 1287">
     <span class='ocr_line' id='line_1_11' title="bbox 75 1212 1633 1287; baseline 0 -20"><span class='ocrx_word' id='word_1_63' title='bbox 75 1220 149 1287; x_wconf 85' lang='lat' dir='ltr'><strong>qui</strong></span> <span class='ocrx_word' id='word_1_64' title='bbox 186 1226 264 1272; x_wconf 84' lang='lat' dir='ltr'><strong>est</strong></span> <span class='ocrx_word' id='word_1_65' title='bbox 304 1217 359 1270; x_wconf 88' lang='lat' dir='ltr'><strong>in</strong></span> <span class='ocrx_word' id='word_1_66' title='bbox 409 1216 590 1270; x_wconf 87' lang='lat' dir='ltr'><strong>medio</strong></span> <span class='ocrx_word' id='word_1_67' title='bbox 633 1214 824 1280; x_wconf 89' lang='lat' dir='ltr'><strong>chori,</strong></span> <span class='ocrx_word' id='word_1_68' title='bbox 868 1212 1002 1268; x_wconf 85' lang='lat' dir='ltr'><strong>nihil</strong></span> <span class='ocrx_word' id='word_1_69' title='bbox 1049 1214 1115 1269; x_wconf 92' lang='lat' dir='ltr'><strong>de</strong></span> <span class='ocrx_word' id='word_1_70' title='bbox 1165 1213 1418 1283; x_wconf 75' lang='lat' dir='ltr'><strong>pretiosrs</strong></span> <span class='ocrx_word' id='word_1_71' title='bbox 1464 1213 1633 1267; x_wconf 88' lang='lat' dir='ltr'><strong>relin-</strong></span> 
     </span>
    </p>
   </div>
   <div class='ocr_carea' id='block_1_12' title="bbox 73 1309 277 1380">
    <p class='ocr_par' dir='ltr' id='par_1_12' title="bbox 73 1309 277 1380">
     <span class='ocr_line' id='line_1_12' title="bbox 73 1309 277 1380; baseline -0.01 -18"><span class='ocrx_word' id='word_1_72' title='bbox 73 1309 277 1380; x_wconf 74' lang='lat' dir='ltr'><strong>quendo.</strong></span> 
     </span>
    </p>
   </div>
   <div class='ocr_carea' id='block_1_13' title="bbox 132 1396 1638 1464">
    <p class='ocr_par' dir='ltr' id='par_1_13' title="bbox 132 1396 1638 1464">
     <span class='ocr_line' id='line_1_13' title="bbox 132 1396 1638 1464; baseline -0.003 -10"><span class='ocrx_word' id='word_1_73' title='bbox 132 1401 401 1455; x_wconf 81' lang='lat' dir='ltr'><strong>Eleorum</strong></span> <span class='ocrx_word' id='word_1_74' title='bbox 448 1397 654 1451; x_wconf 86' lang='lat' dir='ltr'><strong>malitia</strong></span> <span class='ocrx_word' id='word_1_75' title='bbox 698 1404 977 1451; x_wconf 84' lang='lat' dir='ltr'><strong>crescente</strong></span> <span class='ocrx_word' id='word_1_76' title='bbox 1020 1396 1326 1464; x_wconf 85' lang='lat' dir='ltr'><strong>ligaverunt</strong></span> <span class='ocrx_word' id='word_1_77' title='bbox 1355 1404 1411 1449; x_wconf 91' lang='lat' dir='ltr'><strong>et</strong></span> <span class='ocrx_word' id='word_1_78' title='bbox 1452 1404 1638 1449; x_wconf 85' lang='lat' dir='ltr'><strong>tenue-</strong></span> 
     </span>
    </p>
   </div>
   <div class='ocr_carea' id='block_1_14' title="bbox 76 1485 1638 1554">
    <p class='ocr_par' dir='ltr' id='par_1_14' title="bbox 76 1485 1638 1554">
     <span class='ocr_line' id='line_1_14' title="bbox 76 1485 1638 1554; baseline -0.005 -9"><span class='ocrx_word' id='word_1_79' title='bbox 76 1500 183 1545; x_wconf 83' lang='lat' dir='ltr'><strong>mnt</strong></span> <span class='ocrx_word' id='word_1_80' title='bbox 209 1491 488 1549; x_wconf 84' lang='lat' dir='ltr'><strong>dominum</strong></span> <span class='ocrx_word' id='word_1_81' title='bbox 524 1487 774 1543; x_wconf 75' lang='lat' dir='ltr'><strong>abbatem</strong></span> <span class='ocrx_word' id='word_1_82' title='bbox 817 1485 1111 1541; x_wconf 84' lang='lat' dir='ltr'><strong>Robertnm</strong></span> <span class='ocrx_word' id='word_1_83' title='bbox 1161 1494 1418 1554; x_wconf 89' lang='lat' dir='ltr'><strong>tanquam</strong></span> <span class='ocrx_word' id='word_1_84' title='bbox 1465 1486 1638 1554; x_wconf 86' lang='lat' dir='ltr'><strong>priso-</strong></span> 
     </span>
    </p>
   </div>
   <div class='ocr_carea' id='block_1_15' title="bbox 78 1576 1640 1650">
    <p class='ocr_par' dir='ltr' id='par_1_15' title="bbox 78 1576 1640 1650">
     <span class='ocr_line' id='line_1_15' title="bbox 78 1576 1640 1650; baseline -0.004 -14"><span class='ocrx_word' id='word_1_85' title='bbox 78 1585 285 1648; x_wconf 85' lang='lat' dir='ltr'><strong>uarium,</strong></span> <span class='ocrx_word' id='word_1_86' title='bbox 315 1597 479 1636; x_wconf 89' lang='lat' dir='ltr'><strong>enses</strong></span> <span class='ocrx_word' id='word_1_87' title='bbox 507 1594 673 1650; x_wconf 83' lang='lat' dir='ltr'><strong>super</strong></span> <span class='ocrx_word' id='word_1_88' title='bbox 700 1595 822 1635; x_wconf 90' lang='lat' dir='ltr'><strong>eum</strong></span> <span class='ocrx_word' id='word_1_89' title='bbox 856 1579 1118 1642; x_wconf 83' lang='lat' dir='ltr'><strong>levantes,</strong></span> <span class='ocrx_word' id='word_1_90' title='bbox 1144 1586 1199 1632; x_wconf 90' lang='lat' dir='ltr'><strong>et</strong></span> <span class='ocrx_word' id='word_1_91' title='bbox 1220 1592 1344 1632; x_wconf 91' lang='lat' dir='ltr'><strong>eum</strong></span> <span class='ocrx_word' id='word_1_92' title='bbox 1371 1576 1640 1632; x_wconf 81' lang='lat' dir='ltr'><strong>decollare</strong></span> 
     </span>
    </p>
   </div>
   <div class='ocr_carea' id='block_1_16' title="bbox 75 1672 1637 1737">
    <p class='ocr_par' dir='ltr' id='par_1_16' title="bbox 75 1672 1637 1737">
     <span class='ocr_line' id='line_1_16' title="bbox 75 1672 1637 1737; baseline -0.004 -6"><span class='ocrx_word' id='word_1_93' title='bbox 75 1688 119 1731; x_wconf 90' lang='lat' dir='ltr'><strong>ct</strong></span> <span class='ocrx_word' id='word_1_94' title='bbox 146 1677 382 1731; x_wconf 83' lang='lat' dir='ltr'><strong>occidere</strong></span> <span class='ocrx_word' id='word_1_95' title='bbox 415 1675 663 1730; x_wconf 89' lang='lat' dir='ltr'><strong>volentes</strong></span> <span class='ocrx_word' id='word_1_96' title='bbox 687 1691 700 1737; x_wconf 90' lang='lat'>;</span> <span class='ocrx_word' id='word_1_97' title='bbox 735 1682 791 1727; x_wconf 91' lang='lat' dir='ltr'><strong>et</strong></span> <span class='ocrx_word' id='word_1_98' title='bbox 820 1688 942 1727; x_wconf 91' lang='lat' dir='ltr'><strong>eum</strong></span> <span class='ocrx_word' id='word_1_99' title='bbox 975 1672 1053 1726; x_wconf 82' lang='lat' dir='ltr'><strong>sic</strong></span> <span class='ocrx_word' id='word_1_100' title='bbox 1079 1673 1349 1737; x_wconf 89' lang='lat' dir='ltr'><strong>vinctum,</strong></span> <span class='ocrx_word' id='word_1_101' title='bbox 1378 1688 1484 1726; x_wconf 90' lang='lat' dir='ltr'><strong>una</strong></span> <span class='ocrx_word' id='word_1_102' title='bbox 1513 1687 1637 1727; x_wconf 89' lang='lat' dir='ltr'><strong>cum</strong></span> 
     </span>
    </p>
   </div>
   <div class='ocr_carea' id='block_1_17' title="bbox 76 1762 1641 1836">
    <p class='ocr_par' dir='ltr' id='par_1_17' title="bbox 76 1762 1641 1836">
     <span class='ocr_line' id='line_1_17' title="bbox 76 1762 1641 1836; baseline -0.003 -16"><span class='ocrx_word' id='word_1_103' title='bbox 76 1768 390 1836; x_wconf 79' lang='lat' dir='ltr'><strong>guernetario</strong></span> <span class='ocrx_word' id='word_1_104' title='bbox 420 1766 554 1821; x_wconf 88' lang='lat' dir='ltr'><strong>dicti</strong></span> <span class='ocrx_word' id='word_1_105' title='bbox 587 1765 715 1827; x_wconf 89' lang='lat' dir='ltr'><strong>loci,</strong></span> <span class='ocrx_word' id='word_1_106' title='bbox 747 1764 1019 1818; x_wconf 88' lang='lat' dir='ltr'><strong>duxerunt</strong></span> <span class='ocrx_word' id='word_1_107' title='bbox 1048 1762 1446 1834; x_wconf 80' lang='lat' dir='ltr'><strong>Rothomagum</strong></span> <span class='ocrx_word' id='word_1_108' title='bbox 1471 1802 1486 1827; x_wconf 88' lang='lat'><strong>,</strong></span> <span class='ocrx_word' id='word_1_109' title='bbox 1515 1778 1641 1817; x_wconf 81' lang='lat' dir='ltr'><strong>cun-</strong></span> 
     </span>
    </p>
   </div>
   <div class='ocr_carea' id='block_1_18' title="bbox 77 1853 1640 1927">
    <p class='ocr_par' dir='ltr' id='par_1_18' title="bbox 77 1853 1640 1927">
     <span class='ocr_line' id='line_1_18' title="bbox 77 1853 1640 1927; baseline -0.003 -16"><span class='ocrx_word' id='word_1_110' title='bbox 77 1858 162 1911; x_wconf 83' lang='lat' dir='ltr'><strong>ctis</strong></span> <span class='ocrx_word' id='word_1_111' title='bbox 204 1856 464 1911; x_wconf 81' lang='lat' dir='ltr'><strong>fratribus</strong></span> <span class='ocrx_word' id='word_1_112' title='bbox 518 1855 754 1927; x_wconf 79' lang='lat' dir='ltr'><strong>expulsis</strong></span> <span class='ocrx_word' id='word_1_113' title='bbox 791 1855 858 1910; x_wconf 90' lang='lat' dir='ltr'><strong>de</strong></span> <span class='ocrx_word' id='word_1_114' title='bbox 901 1856 1043 1910; x_wconf 90' lang='lat' dir='ltr'><strong>dicto</strong></span> <span class='ocrx_word' id='word_1_115' title='bbox 1094 1853 1426 1910; x_wconf 77' lang='lat' dir='ltr'><strong>monasterio</strong></span> <span class='ocrx_word' id='word_1_116' title='bbox 1452 1894 1468 1920; x_wconf 91' lang='lat'><strong>,</strong></span> <span class='ocrx_word' id='word_1_117' title='bbox 1510 1853 1640 1909; x_wconf 89' lang='lat' dir='ltr'><strong>solis</strong></span> 
     </span>
    </p>
   </div>
   <div class='ocr_carea' id='block_1_19' title="bbox 77 1947 1641 2019">
    <p class='ocr_par' dir='ltr' id='par_1_19' title="bbox 77 1947 1641 2019">
     <span class='ocr_line' id='line_1_19' title="bbox 77 1947 1641 2019; baseline -0.001 -15"><span class='ocrx_word' id='word_1_118' title='bbox 77 1950 458 2005; x_wconf 87' lang='lat' dir='ltr'><strong>remanentibus</strong></span> <span class='ocrx_word' id='word_1_119' title='bbox 492 1950 673 2019; x_wconf 87' lang='lat' dir='ltr'><strong>priore</strong></span> <span class='ocrx_word' id='word_1_120' title='bbox 709 1966 830 2004; x_wconf 88' lang='lat' dir='ltr'><strong>cum</strong></span> <span class='ocrx_word' id='word_1_121' title='bbox 864 1948 1001 2010; x_wconf 86' lang='lat' dir='ltr'><strong>alio,</strong></span> <span class='ocrx_word' id='word_1_122' title='bbox 1037 1949 1128 2018; x_wconf 85' lang='lat' dir='ltr'><strong>qui</strong></span> <span class='ocrx_word' id='word_1_123' title='bbox 1173 1947 1641 2015; x_wconf 84' lang='lat' dir='ltr'><strong>eratjustitiarius</strong></span> 
     </span>
    </p>
   </div>
   <div class='ocr_carea' id='block_1_20' title="bbox 78 2031 1641 2110">
    <p class='ocr_par' dir='ltr' id='par_1_20' title="bbox 78 2031 1641 2110">
     <span class='ocr_line' id='line_1_20' title="bbox 78 2031 1641 2110; baseline 0.001 -17"><span class='ocrx_word' id='word_1_124' title='bbox 78 2041 181 2094; x_wconf 93' lang='lat' dir='ltr'><strong>dicti</strong></span> <span class='ocrx_word' id='word_1_125' title='bbox 208 2042 525 2096; x_wconf 90' lang='lat' dir='ltr'><strong>monasteri.</strong></span> <span class='ocrx_word' id='word_1_126' title='bbox 558 2042 693 2110; x_wconf 89' lang='lat' dir='ltr'><strong>Ipsis</strong></span> <span class='ocrx_word' id='word_1_127' title='bbox 722 2042 799 2095; x_wconf 93' lang='lat' dir='ltr'><strong>sic</strong></span> <span class='ocrx_word' id='word_1_128' title='bbox 830 2040 1071 2109; x_wconf 80' lang='lat' dir='ltr'><strong>expulsis</strong></span> <span class='ocrx_word' id='word_1_129' title='bbox 1096 2081 1110 2103; x_wconf 94' lang='lat'><strong>,</strong></span> <span class='ocrx_word' id='word_1_130' title='bbox 1142 2031 1361 2109; x_wconf 80' lang='lat' dir='ltr'><strong>quidam</strong></span> <span class='ocrx_word' id='word_1_131' title='bbox 1392 2040 1641 2094; x_wconf 87' lang='lat' dir='ltr'><strong>abierunt</strong></span> 
     </span>
    </p>
   </div>
   <div class='ocr_carea' id='block_1_21' title="bbox 76 2131 1642 2202">
    <p class='ocr_par' dir='ltr' id='par_1_21' title="bbox 76 2131 1642 2202">
     <span class='ocr_line' id='line_1_21' title="bbox 76 2131 1642 2202; baseline 0.001 -18"><span class='ocrx_word' id='word_1_132' title='bbox 76 2134 191 2201; x_wconf 80' lang='lat' dir='ltr'><strong>apud</strong></span> <span class='ocrx_word' id='word_1_133' title='bbox 223 2133 482 2188; x_wconf 90' lang='lat' dir='ltr'><strong>Sanctum</strong></span> <span class='ocrx_word' id='word_1_134' title='bbox 517 2133 904 2197; x_wconf 78' lang='lat' dir='ltr'><strong>Philibertnm,</strong></span> <span class='ocrx_word' id='word_1_135' title='bbox 949 2131 1037 2186; x_wconf 88' lang='lat' dir='ltr'><strong>alii</strong></span> <span class='ocrx_word' id='word_1_136' title='bbox 1095 2131 1235 2202; x_wconf 88' lang='lat' dir='ltr'><strong>apud</strong></span> <span class='ocrx_word' id='word_1_137' title='bbox 1287 2132 1642 2186; x_wconf 86' lang='lat' dir='ltr'><strong>Bellummon-</strong></span> 
     </span>
    </p>
   </div>
   <div class='ocr_carea' id='block_1_22' title="bbox 78 2206 1641 2294">
    <p class='ocr_par' dir='ltr' id='par_1_22' title="bbox 78 2206 1641 2294">
     <span class='ocr_line' id='line_1_22' title="bbox 78 2206 1641 2294; baseline 0.003 -18"><span class='ocrx_word' id='word_1_138' title='bbox 78 2234 192 2288; x_wconf 77' lang='lat' dir='ltr'><strong>tem,</strong></span> <span class='ocrx_word' id='word_1_139' title='bbox 220 2242 385 2294; x_wconf 89' lang='lat' dir='ltr'><strong>usque</strong></span> <span class='ocrx_word' id='word_1_140' title='bbox 417 2206 488 2279; x_wconf 77' lang='lat' dir='ltr'><strong>ad</strong></span> <span class='ocrx_word' id='word_1_141' title='bbox 520 2226 719 2280; x_wconf 82' lang='lat' dir='ltr'><strong>festum</strong></span> <span class='ocrx_word' id='word_1_142' title='bbox 746 2226 1000 2281; x_wconf 88' lang='lat' dir='ltr'><strong>Omnium</strong></span> <span class='ocrx_word' id='word_1_143' title='bbox 1031 2224 1377 2291; x_wconf 89' lang='lat' dir='ltr'><strong>Sanctorum,</strong></span> <span class='ocrx_word' id='word_1_144' title='bbox 1406 2231 1463 2280; x_wconf 86' lang='lat' dir='ltr'><strong>in</strong></span> <span class='ocrx_word' id='word_1_145' title='bbox 1495 2226 1641 2281; x_wconf 87' lang='lat' dir='ltr'><strong>dam-</strong></span> 
     </span>
    </p>
   </div>
   <div class='ocr_carea' id='block_1_23' title="bbox 79 2316 1143 2386">
    <p class='ocr_par' dir='ltr' id='par_1_23' title="bbox 79 2316 1143 2386">
     <span class='ocr_line' id='line_1_23' title="bbox 79 2316 1143 2386; baseline 0.006 -20"><span class='ocrx_word' id='word_1_146' title='bbox 79 2332 180 2367; x_wconf 87' lang='lat' dir='ltr'><strong>num</strong></span> <span class='ocrx_word' id='word_1_147' title='bbox 209 2316 645 2371; x_wconf 76' lang='lat' dir='ltr'><strong>inaexistimabile</strong></span> <span class='ocrx_word' id='word_1_148' title='bbox 675 2317 842 2386; x_wconf 90' lang='lat' dir='ltr'><strong>ipsius</strong></span> <span class='ocrx_word' id='word_1_149' title='bbox 877 2317 1143 2372; x_wconf 58' lang='lat' dir='ltr'><strong>ecclesiae.</strong></span> 
     </span>
    </p>
   </div>
   <div class='ocr_carea' id='block_1_24' title="bbox 131 2406 1637 2482">
    <p class='ocr_par' dir='ltr' id='par_1_24' title="bbox 131 2406 1637 2482">
     <span class='ocr_line' id='line_1_24' title="bbox 131 2406 1637 2482; baseline 0.001 -19"><span class='ocrx_word' id='word_1_150' title='bbox 131 2406 307 2465; x_wconf 85' lang='lat' dir='ltr'><strong>Comes</strong></span> <span class='ocrx_word' id='word_1_151' title='bbox 337 2420 524 2465; x_wconf 89' lang='lat' dir='ltr'><strong>autem</strong></span> <span class='ocrx_word' id='word_1_152' title='bbox 568 2409 947 2464; x_wconf 77' lang='lat' dir='ltr'><strong>Sabbarieusis</strong></span> <span class='ocrx_word' id='word_1_153' title='bbox 990 2410 1108 2482; x_wconf 81' lang='lat' dir='ltr'><strong>[al.,</strong></span> <span class='ocrx_word' id='word_1_154' title='bbox 1138 2408 1593 2480; x_wconf 82' lang='lat' dir='ltr'><strong>Saresberiensis]</strong></span> <span class='ocrx_word' id='word_1_155' title='bbox 1620 2450 1637 2476; x_wconf 92' lang='lat'><strong>,</strong></span> 
     </span>
    </p>
   </div>
   <div class='ocr_carea' id='block_1_25' title="bbox 79 2502 1637 2572">
    <p class='ocr_par' dir='ltr' id='par_1_25' title="bbox 79 2502 1637 2572">
     <span class='ocr_line' id='line_1_25' title="bbox 79 2502 1637 2572; baseline 0.002 -19"><span class='ocrx_word' id='word_1_156' title='bbox 79 2502 150 2569; x_wconf 87' lang='lat' dir='ltr'><strong>qui</strong></span> <span class='ocrx_word' id='word_1_157' title='bbox 180 2503 365 2557; x_wconf 86' lang='lat' dir='ltr'><strong>ibidem</strong></span> <span class='ocrx_word' id='word_1_158' title='bbox 395 2506 718 2568; x_wconf 78' lang='lat' dir='ltr'><strong>advenerat,</strong></span> <span class='ocrx_word' id='word_1_159' title='bbox 747 2511 799 2557; x_wconf 92' lang='lat' dir='ltr'><strong>et</strong></span> <span class='ocrx_word' id='word_1_160' title='bbox 830 2517 1011 2558; x_wconf 91' lang='lat' dir='ltr'><strong>secum</strong></span> <span class='ocrx_word' id='word_1_161' title='bbox 1039 2503 1355 2572; x_wconf 85' lang='lat' dir='ltr'><strong>praedictum</strong></span> <span class='ocrx_word' id='word_1_162' title='bbox 1386 2504 1637 2557; x_wconf 86' lang='lat' dir='ltr'><strong>abbatem</strong></span> 
     </span>
    </p>
   </div>
   <div class='ocr_carea' id='block_1_26' title="bbox 80 2593 1635 2663">
    <p class='ocr_par' dir='ltr' id='par_1_26' title="bbox 80 2593 1635 2663">
     <span class='ocr_line' id='line_1_26' title="bbox 80 2593 1635 2663; baseline 0.001 -20"><span class='ocrx_word' id='word_1_163' title='bbox 80 2593 194 2661; x_wconf 84' lang='lat' dir='ltr'><strong>apud</strong></span> <span class='ocrx_word' id='word_1_164' title='bbox 216 2594 618 2663; x_wconf 76' lang='lat' dir='ltr'><strong>Rothomagum</strong></span> <span class='ocrx_word' id='word_1_165' title='bbox 649 2594 965 2657; x_wconf 85' lang='lat' dir='ltr'><strong>adduxerat,</strong></span> <span class='ocrx_word' id='word_1_166' title='bbox 993 2594 1167 2663; x_wconf 85' lang='lat' dir='ltr'><strong>posuit</strong></span> <span class='ocrx_word' id='word_1_167' title='bbox 1195 2607 1319 2646; x_wconf 89' lang='lat' dir='ltr'><strong>eum</strong></span> <span class='ocrx_word' id='word_1_168' title='bbox 1348 2593 1401 2646; x_wconf 90' lang='lat' dir='ltr'><strong>in</strong></span> <span class='ocrx_word' id='word_1_169' title='bbox 1430 2603 1635 2647; x_wconf 87' lang='lat' dir='ltr'><strong>arctam</strong></span> 
     </span>
    </p>
   </div>
   <div class='ocr_carea' id='block_1_27' title="bbox 83 2683 1638 2754">
    <p class='ocr_par' dir='ltr' id='par_1_27' title="bbox 83 2683 1638 2754">
     <span class='ocr_line' id='line_1_27' title="bbox 83 2683 1638 2754; baseline 0.001 -21"><span class='ocrx_word' id='word_1_170' title='bbox 83 2686 383 2749; x_wconf 77' lang='lat' dir='ltr'><strong>custodiam,</strong></span> <span class='ocrx_word' id='word_1_171' title='bbox 424 2699 713 2754; x_wconf 87' lang='lat' dir='ltr'><strong>usqueqno</strong></span> <span class='ocrx_word' id='word_1_172' title='bbox 759 2684 1070 2739; x_wconf 82' lang='lat' dir='ltr'><strong>tradidisset</strong></span> <span class='ocrx_word' id='word_1_173' title='bbox 1117 2683 1495 2753; x_wconf 89' lang='lat' dir='ltr'><strong>fidejnssores,</strong></span> <span class='ocrx_word' id='word_1_174' title='bbox 1538 2700 1638 2754; x_wconf 88' lang='lat' dir='ltr'><strong>pro</strong></span> 
     </span>
    </p>
   </div>
   <div class='ocr_carea' id='block_1_28' title="bbox 80 2772 1634 2845">
    <p class='ocr_par' dir='ltr' id='par_1_28' title="bbox 80 2772 1634 2845">
     <span class='ocr_line' id='line_1_28' title="bbox 80 2772 1634 2845; baseline 0.003 -21"><span class='ocrx_word' id='word_1_175' title='bbox 80 2785 156 2824; x_wconf 83' lang='lat' dir='ltr'><strong>sua</strong></span> <span class='ocrx_word' id='word_1_176' title='bbox 185 2772 453 2839; x_wconf 88' lang='lat' dir='ltr'><strong>fidelitate,</strong></span> <span class='ocrx_word' id='word_1_177' title='bbox 490 2777 637 2845; x_wconf 71' lang='lat' dir='ltr'><strong>quod</strong></span> <span class='ocrx_word' id='word_1_178' title='bbox 677 2791 945 2844; x_wconf 79' lang='lat' dir='ltr'><strong>nunquam</strong></span> <span class='ocrx_word' id='word_1_179' title='bbox 979 2775 1093 2844; x_wconf 87' lang='lat' dir='ltr'><strong>ipse</strong></span> <span class='ocrx_word' id='word_1_180' title='bbox 1122 2789 1221 2829; x_wconf 84' lang='lat' dir='ltr'><strong>nec</strong></span> <span class='ocrx_word' id='word_1_181' title='bbox 1259 2775 1342 2829; x_wconf 89' lang='lat' dir='ltr'><strong>sui</strong></span> <span class='ocrx_word' id='word_1_182' title='bbox 1383 2776 1634 2829; x_wconf 82' lang='lat' dir='ltr'><strong>monachi</strong></span> 
     </span>
    </p>
   </div>
   <div class='ocr_carea' id='block_1_29' title="bbox 83 2860 1637 2938">
    <p class='ocr_par' dir='ltr' id='par_1_29' title="bbox 83 2860 1637 2938">
     <span class='ocr_line' id='line_1_29' title="bbox 83 2860 1637 2938; baseline 0.003 -21"><span class='ocrx_word' id='word_1_183' title='bbox 83 2860 278 2919; x_wconf 73' lang='lat' dir='ltr'><strong>fuissent</strong></span> <span class='ocrx_word' id='word_1_184' title='bbox 298 2868 500 2936; x_wconf 88' lang='lat' dir='ltr'><strong>quovis</strong></span> <span class='ocrx_word' id='word_1_185' title='bbox 534 2867 694 2921; x_wconf 87' lang='lat' dir='ltr'><strong>modo</strong></span> <span class='ocrx_word' id='word_1_186' title='bbox 723 2866 1018 2937; x_wconf 88' lang='lat' dir='ltr'><strong>culpabiles</strong></span> <span class='ocrx_word' id='word_1_187' title='bbox 1047 2867 1114 2923; x_wconf 92' lang='lat' dir='ltr'><strong>de</strong></span> <span class='ocrx_word' id='word_1_188' title='bbox 1146 2868 1437 2924; x_wconf 89' lang='lat' dir='ltr'><strong>traditione</strong></span> <span class='ocrx_word' id='word_1_189' title='bbox 1470 2867 1637 2938; x_wconf 88' lang='lat' dir='ltr'><strong>ipsius</strong></span> 
     </span>
    </p>
   </div>
   <div class='ocr_carea' id='block_1_30' title="bbox 85 2950 1637 3028">
    <p class='ocr_par' dir='ltr' id='par_1_30' title="bbox 85 2950 1637 3028">
     <span class='ocr_line' id='line_1_30' title="bbox 85 2950 1637 3028; baseline 0.008 -26"><span class='ocrx_word' id='word_1_190' title='bbox 85 2950 354 3011; x_wconf 70' lang='lat' dir='ltr'><strong>fortericize.</strong></span> <span class='ocrx_word' id='word_1_191' title='bbox 400 2957 561 3025; x_wconf 84' lang='lat' dir='ltr'><strong>Quod</strong></span> <span class='ocrx_word' id='word_1_192' title='bbox 597 2957 668 3011; x_wconf 89' lang='lat' dir='ltr'><strong>ita</strong></span> <span class='ocrx_word' id='word_1_193' title='bbox 697 2958 980 3028; x_wconf 88' lang='lat' dir='ltr'><strong>probatum</strong></span> <span class='ocrx_word' id='word_1_194' title='bbox 1007 2965 1128 3023; x_wconf 87' lang='lat' dir='ltr'><strong>est,</strong></span> <span class='ocrx_word' id='word_1_195' title='bbox 1175 2959 1300 3028; x_wconf 86' lang='lat' dir='ltr'><strong>quia</strong></span> <span class='ocrx_word' id='word_1_196' title='bbox 1346 2960 1637 3014; x_wconf 88' lang='lat' dir='ltr'><strong>traditores</strong></span> 
     </span>
    </p>
   </div>
   <div class='ocr_carea' id='block_1_31' title="bbox 87 3043 1633 3121">
    <p class='ocr_par' dir='ltr' id='par_1_31' title="bbox 87 3043 1633 3121">
     <span class='ocr_line' id='line_1_31' title="bbox 87 3043 1633 3121; baseline 0.005 -26"><span class='ocrx_word' id='word_1_197' title='bbox 87 3043 142 3097; x_wconf 90' lang='lat' dir='ltr'><strong>illi</strong></span> <span class='ocrx_word' id='word_1_198' title='bbox 168 3048 293 3115; x_wconf 84' lang='lat' dir='ltr'><strong>capti</strong></span> <span class='ocrx_word' id='word_1_199' title='bbox 323 3059 454 3103; x_wconf 86' lang='lat' dir='ltr'><strong>sunt</strong></span> <span class='ocrx_word' id='word_1_200' title='bbox 483 3058 541 3103; x_wconf 89' lang='lat' dir='ltr'><strong>et</strong></span> <span class='ocrx_word' id='word_1_201' title='bbox 564 3049 741 3118; x_wconf 53' lang='lat' dir='ltr'><strong>capite</strong></span> <span class='ocrx_word' id='word_1_202' title='bbox 782 3049 1012 3104; x_wconf 85' lang='lat' dir='ltr'><strong>truncati</strong></span> <span class='ocrx_word' id='word_1_203' title='bbox 1042 3050 1179 3120; x_wconf 89' lang='lat' dir='ltr'><strong>apud</strong></span> <span class='ocrx_word' id='word_1_204' title='bbox 1212 3050 1633 3121; x_wconf 78' lang='lat' dir='ltr'><strong>Rothomagum,</strong></span> 
     </span>
    </p>
   </div>
   <div class='ocr_carea' id='block_1_32' title="bbox 86 3138 1717 3237">
    <p class='ocr_par' dir='ltr' id='par_1_32' title="bbox 86 3138 1717 3237">
     <span class='ocr_line' id='line_1_32' title="bbox 86 3138 1717 3237; baseline 0.005 -47"><span class='ocrx_word' id='word_1_205' title='bbox 86 3138 157 3206; x_wconf 83' lang='lat' dir='ltr'><strong>qui</strong></span> <span class='ocrx_word' id='word_1_206' title='bbox 179 3141 384 3195; x_wconf 87' lang='lat' dir='ltr'><strong>omnino</strong></span> <span class='ocrx_word' id='word_1_207' title='bbox 412 3148 893 3211; x_wconf 75' lang='lat' dir='ltr'><strong>exoccupaverunt</strong></span> <span class='ocrx_word' id='word_1_208' title='bbox 923 3143 1236 3211; x_wconf 71' lang='lat' dir='ltr'><strong>pmdictum</strong></span> <span class='ocrx_word' id='word_1_209' title='bbox 1267 3144 1516 3199; x_wconf 85' lang='lat' dir='ltr'><strong>abbatem</strong></span> <span class='ocrx_word' id='word_1_210' title='bbox 1535 3184 1548 3205; x_wconf 87' lang='lat'><strong>,</strong></span> <span class='ocrx_word' id='word_1_211' title='bbox 1581 3154 1636 3198; x_wconf 90' lang='lat' dir='ltr'><strong>et</strong></span> <span class='ocrx_word' id='word_1_212' title='bbox 1670 3173 1717 3237; x_wconf 67' lang='grc' dir='ltr'>ο</span> 
     </span>
    </p>
   </div>
   <div class='ocr_carea' id='block_1_33' title="bbox 87 3232 1648 3297">
    <p class='ocr_par' dir='ltr' id='par_1_33' title="bbox 87 3232 1648 3297">
     <span class='ocr_line' id='line_1_33' title="bbox 87 3232 1648 3297; baseline 0.006 -17"><span class='ocrx_word' id='word_1_213' title='bbox 87 3232 372 3296; x_wconf 85' lang='lat' dir='ltr'><strong>monachos,</strong></span> <span class='ocrx_word' id='word_1_214' title='bbox 412 3242 469 3287; x_wconf 88' lang='lat' dir='ltr'><strong>et</strong></span> <span class='ocrx_word' id='word_1_215' title='bbox 498 3246 693 3287; x_wconf 85' lang='lat' dir='ltr'><strong>omnes</strong></span> <span class='ocrx_word' id='word_1_216' title='bbox 717 3232 785 3286; x_wconf 87' lang='lat' dir='ltr'><strong>de</strong></span> <span class='ocrx_word' id='word_1_217' title='bbox 827 3232 1072 3297; x_wconf 80' lang='lat' dir='ltr'><strong>familia;</strong></span> <span class='ocrx_word' id='word_1_218' title='bbox 1116 3242 1173 3287; x_wconf 91' lang='lat' dir='ltr'><strong>et</strong></span> <span class='ocrx_word' id='word_1_219' title='bbox 1201 3248 1387 3288; x_wconf 88' lang='lat' dir='ltr'><strong>eorum</strong></span> <span class='ocrx_word' id='word_1_220' title='bbox 1432 3235 1648 3289; x_wconf 88' lang='lat' dir='ltr'><strong>confes-</strong></span> 
     </span>
    </p>
   </div>
   <div class='ocr_carea' id='block_1_34' title="bbox 88 3315 1645 3395">
    <p class='ocr_par' dir='ltr' id='par_1_34' title="bbox 88 3315 1645 3395">
     <span class='ocr_line' id='line_1_34' title="bbox 88 3315 1645 3395; baseline 0.007 -27"><span class='ocrx_word' id='word_1_221' title='bbox 88 3315 212 3372; x_wconf 86' lang='lat' dir='ltr'><strong>sione</strong></span> <span class='ocrx_word' id='word_1_222' title='bbox 239 3322 447 3388; x_wconf 88' lang='lat' dir='ltr'><strong>audita,</strong></span> <span class='ocrx_word' id='word_1_223' title='bbox 505 3331 612 3375; x_wconf 92' lang='lat' dir='ltr'><strong>tam</strong></span> <span class='ocrx_word' id='word_1_224' title='bbox 663 3320 831 3376; x_wconf 89' lang='lat' dir='ltr'><strong>abbas</strong></span> <span class='ocrx_word' id='word_1_225' title='bbox 877 3323 1169 3391; x_wconf 78' lang='lat' dir='ltr'><strong>praedictus</strong></span> <span class='ocrx_word' id='word_1_226' title='bbox 1214 3338 1375 3392; x_wconf 90' lang='lat' dir='ltr'><strong>quam</strong></span> <span class='ocrx_word' id='word_1_227' title='bbox 1418 3338 1645 3395; x_wconf 40' lang='lat' dir='ltr'><strong>guernea</strong></span> 
     </span>
    </p>
   </div>
   <div class='ocr_carea' id='block_1_35' title="bbox 91 3406 1644 3485">
    <p class='ocr_par' dir='ltr' id='par_1_35' title="bbox 91 3406 1644 3485">
     <span class='ocr_line' id='line_1_35' title="bbox 91 3406 1644 3485; baseline 0.01 -30"><span class='ocrx_word' id='word_1_228' title='bbox 91 3406 264 3474; x_wconf 77' lang='lat' dir='ltr'><strong>larius,</strong></span> <span class='ocrx_word' id='word_1_229' title='bbox 307 3411 393 3464; x_wconf 86' lang='lat' dir='ltr'><strong>illa</strong></span> <span class='ocrx_word' id='word_1_230' title='bbox 433 3412 801 3482; x_wconf 81' lang='lat' dir='ltr'><strong>oceupatione</strong></span> <span class='ocrx_word' id='word_1_231' title='bbox 842 3414 1078 3478; x_wconf 79' lang='lat' dir='ltr'><strong>detenti,</strong></span> <span class='ocrx_word' id='word_1_232' title='bbox 1112 3413 1224 3469; x_wconf 88' lang='lat' dir='ltr'><strong>fere</strong></span> <span class='ocrx_word' id='word_1_233' title='bbox 1262 3430 1358 3484; x_wconf 85' lang='lat' dir='ltr'><strong>per</strong></span> <span class='ocrx_word' id='word_1_234' title='bbox 1404 3418 1644 3485; x_wconf 83' lang='lat' dir='ltr'><strong>quinque</strong></span> 
     </span>
    </p>
   </div>
   <div class='ocr_carea' id='block_1_36' title="bbox 93 3502 1643 3574">
    <p class='ocr_par' dir='ltr' id='par_1_36' title="bbox 93 3502 1643 3574">
     <span class='ocr_line' id='line_1_36' title="bbox 93 3502 1643 3574; baseline 0.008 -28"><span class='ocrx_word' id='word_1_235' title='bbox 93 3511 268 3554; x_wconf 72' lang='lat' dir='ltr'><strong>tlt‘llSCS</strong></span> <span class='ocrx_word' id='word_1_236' title='bbox 311 3502 531 3559; x_wconf 80' lang='lat' dir='ltr'><strong>liberati</strong></span> <span class='ocrx_word' id='word_1_237' title='bbox 577 3512 737 3568; x_wconf 87' lang='lat' dir='ltr'><strong>sunt,</strong></span> <span class='ocrx_word' id='word_1_238' title='bbox 783 3514 838 3559; x_wconf 90' lang='lat' dir='ltr'><strong>et</strong></span> <span class='ocrx_word' id='word_1_239' title='bbox 887 3505 1138 3574; x_wconf 89' lang='lat' dir='ltr'><strong>sequenti</strong></span> <span class='ocrx_word' id='word_1_240' title='bbox 1186 3504 1326 3559; x_wconf 91' lang='lat' dir='ltr'><strong>festo</strong></span> <span class='ocrx_word' id='word_1_241' title='bbox 1372 3505 1643 3561; x_wconf 78' lang='lat' dir='ltr'><strong>Omniium</strong></span> 
     </span>
    </p>
   </div>
   <div class='ocr_carea' id='block_1_37' title="bbox 93 3586 1643 3667">
    <p class='ocr_par' dir='ltr' id='par_1_37' title="bbox 93 3586 1643 3667">
     <span class='ocr_line' id='line_1_37' title="bbox 93 3586 1643 3667; baseline 0.008 -27"><span class='ocrx_word' id='word_1_242' title='bbox 93 3586 404 3660; x_wconf 86' lang='lat' dir='ltr'><strong>Sanctorum,</strong></span> <span class='ocrx_word' id='word_1_243' title='bbox 434 3595 729 3653; x_wconf 88' lang='lat' dir='ltr'><strong>ecclesiam</strong></span> <span class='ocrx_word' id='word_1_244' title='bbox 776 3596 947 3667; x_wconf 89' lang='lat' dir='ltr'><strong>ipsam</strong></span> <span class='ocrx_word' id='word_1_245' title='bbox 974 3636 990 3663; x_wconf 90' lang='lat'><strong>,</strong></span> <span class='ocrx_word' id='word_1_246' title='bbox 1022 3612 1142 3666; x_wconf 74' lang='lat' dir='ltr'><strong>qua:</strong></span> <span class='ocrx_word' id='word_1_247' title='bbox 1169 3597 1374 3667; x_wconf 88' lang='lat' dir='ltr'><strong>polluta</strong></span> <span class='ocrx_word' id='word_1_248' title='bbox 1422 3596 1600 3653; x_wconf 81' lang='lat' dir='ltr'><strong>fuerat</strong></span> <span class='ocrx_word' id='word_1_249' title='bbox 1628 3639 1643 3661; x_wconf 90' lang='lat'><strong>,</strong></span> 
     </span>
    </p>
   </div>
   <div class='ocr_carea' id='block_1_38' title="bbox 94 3686 1645 3755">
    <p class='ocr_par' dir='ltr' id='par_1_38' title="bbox 94 3686 1645 3755">
     <span class='ocr_line' id='line_1_38' title="bbox 94 3686 1645 3755; baseline 0.008 -23"><span class='ocrx_word' id='word_1_250' title='bbox 94 3686 395 3741; x_wconf 70' lang='lat' dir='ltr'><strong>reconciliata</strong></span> <span class='ocrx_word' id='word_1_251' title='bbox 433 3687 576 3753; x_wconf 88' lang='lat' dir='ltr'><strong>fuit;</strong></span> <span class='ocrx_word' id='word_1_252' title='bbox 608 3700 660 3742; x_wconf 90' lang='lat' dir='ltr'><strong>et</strong></span> <span class='ocrx_word' id='word_1_253' title='bbox 702 3689 891 3745; x_wconf 88' lang='lat' dir='ltr'><strong>eodem</strong></span> <span class='ocrx_word' id='word_1_254' title='bbox 924 3689 1011 3745; x_wconf 87' lang='lat' dir='ltr'><strong>die</strong></span> <span class='ocrx_word' id='word_1_255' title='bbox 1044 3704 1233 3746; x_wconf 87' lang='lat' dir='ltr'><strong>omnes</strong></span> <span class='ocrx_word' id='word_1_256' title='bbox 1256 3689 1538 3755; x_wconf 87' lang='lat' dir='ltr'><strong>monachi,</strong></span> <span class='ocrx_word' id='word_1_257' title='bbox 1565 3691 1645 3745; x_wconf 85' lang='lat' dir='ltr'><strong>sic</strong></span> 
     </span>
    </p>
   </div>
   <div class='ocr_carea' id='block_1_39' title="bbox 95 3770 1644 3851">
    <p class='ocr_par' dir='ltr' id='par_1_39' title="bbox 95 3770 1644 3851">
     <span class='ocr_line' id='line_1_39' title="bbox 95 3770 1644 3851; baseline 0.006 -24"><span class='ocrx_word' id='word_1_258' title='bbox 95 3770 282 3842; x_wconf 76' lang='lat' dir='ltr'><strong>dispersi</strong></span> <span class='ocrx_word' id='word_1_259' title='bbox 309 3794 403 3847; x_wconf 88' lang='lat' dir='ltr'><strong>per</strong></span> <span class='ocrx_word' id='word_1_260' title='bbox 450 3779 731 3850; x_wconf 86' lang='lat' dir='ltr'><strong>prioratus</strong></span> <span class='ocrx_word' id='word_1_261' title='bbox 776 3781 1064 3836; x_wconf 88' lang='lat' dir='ltr'><strong>occasione</strong></span> <span class='ocrx_word' id='word_1_262' title='bbox 1094 3796 1447 3851; x_wconf 76' lang='lat' dir='ltr'><strong>guerrarnm,</strong></span> <span class='ocrx_word' id='word_1_263' title='bbox 1479 3782 1644 3836; x_wconf 87' lang='lat' dir='ltr'><strong>intra-</strong></span> 
     </span>
    </p>
   </div>
   <div class='ocr_carea' id='block_1_40' title="bbox 95 3872 1546 3943">
    <p class='ocr_par' dir='ltr' id='par_1_40' title="bbox 95 3872 1546 3943">
     <span class='ocr_line' id='line_1_40' title="bbox 95 3872 1546 3943; baseline 0.003 -22"><span class='ocrx_word' id='word_1_264' title='bbox 95 3880 255 3924; x_wconf 68' lang='lat' dir='ltr'><strong>verunt</strong></span> <span class='ocrx_word' id='word_1_265' title='bbox 275 3874 564 3929; x_wconf 78' lang='lat' dir='ltr'><strong>ecclesiam</strong></span> <span class='ocrx_word' id='word_1_266' title='bbox 596 3872 924 3927; x_wconf 78' lang='lat' dir='ltr'><strong>Beecensem</strong></span> <span class='ocrx_word' id='word_1_267' title='bbox 955 3888 1078 3928; x_wconf 89' lang='lat' dir='ltr'><strong>cum</strong></span> <span class='ocrx_word' id='word_1_268' title='bbox 1104 3873 1301 3943; x_wconf 76' lang='lat' dir='ltr'><strong>gaudio</strong></span> <span class='ocrx_word' id='word_1_269' title='bbox 1329 3889 1546 3942; x_wconf 78' lang='lat' dir='ltr'><strong>magno.</strong></span> 
     </span>
    </p>
   </div>
   <div class='ocr_carea' id='block_1_41' title="bbox 149 3960 1641 4035">
    <p class='ocr_par' dir='ltr' id='par_1_41' title="bbox 149 3960 1641 4035">
     <span class='ocr_line' id='line_1_41' title="bbox 149 3960 1641 4035; baseline 0.007 -23"><span class='ocrx_word' id='word_1_270' title='bbox 149 3960 202 4014; x_wconf 83' lang='lat' dir='ltr'><strong>Et</strong></span> <span class='ocrx_word' id='word_1_271' title='bbox 226 3964 365 4019; x_wconf 91' lang='lat' dir='ltr'><strong>dedit</strong></span> <span class='ocrx_word' id='word_1_272' title='bbox 392 3982 489 4019; x_wconf 84' lang='lat' dir='ltr'><strong>rex</strong></span> <span class='ocrx_word' id='word_1_273' title='bbox 514 4005 527 4028; x_wconf 93' lang='lat'><strong>,</strong></span> <span class='ocrx_word' id='word_1_274' title='bbox 557 3974 770 4019; x_wconf 88' lang='lat' dir='ltr'><strong>attento</strong></span> <span class='ocrx_word' id='word_1_275' title='bbox 796 3966 941 4034; x_wconf 88' lang='lat' dir='ltr'><strong>quod</strong></span> <span class='ocrx_word' id='word_1_276' title='bbox 986 3973 1097 4018; x_wconf 89' lang='lat' dir='ltr'><strong>tam</strong></span> <span class='ocrx_word' id='word_1_277' title='bbox 1128 3964 1298 4021; x_wconf 82' lang='lat' dir='ltr'><strong>abbas</strong></span> <span class='ocrx_word' id='word_1_278' title='bbox 1326 3981 1488 4035; x_wconf 89' lang='lat' dir='ltr'><strong>quam</strong></span> <span class='ocrx_word' id='word_1_279' title='bbox 1527 3968 1641 4022; x_wconf 72' lang='lat' dir='ltr'><strong>blo-</strong></span> 
     </span>
    </p>
   </div>
   <div class='ocr_carea' id='block_1_42' title="bbox 98 4052 1639 4129">
    <p class='ocr_par' dir='ltr' id='par_1_42' title="bbox 98 4052 1639 4129">
     <span class='ocr_line' id='line_1_42' title="bbox 98 4052 1639 4129; baseline 0.008 -28"><span class='ocrx_word' id='word_1_280' title='bbox 98 4052 225 4105; x_wconf 82' lang='lat' dir='ltr'><strong>uachi</strong></span> <span class='ocrx_word' id='word_1_281' title='bbox 253 4066 401 4109; x_wconf 89' lang='lat' dir='ltr'><strong>erant</strong></span> <span class='ocrx_word' id='word_1_282' title='bbox 434 4057 711 4110; x_wconf 88' lang='lat' dir='ltr'><strong>immunes</strong></span> <span class='ocrx_word' id='word_1_283' title='bbox 739 4072 768 4109; x_wconf 91' lang='lat' dir='ltr'><strong>a</strong></span> <span class='ocrx_word' id='word_1_284' title='bbox 800 4056 1111 4117; x_wconf 87' lang='lat' dir='ltr'><strong>traditione,</strong></span> <span class='ocrx_word' id='word_1_285' title='bbox 1140 4056 1349 4113; x_wconf 86' lang='lat' dir='ltr'><strong>litteras</strong></span> <span class='ocrx_word' id='word_1_286' title='bbox 1376 4066 1639 4129; x_wconf 87' lang='lat' dir='ltr'><strong>patentes,</strong></span> 
     </span>
    </p>
   </div>
   <div class='ocr_carea' id='block_1_43' title="bbox 100 4145 1641 4213">
    <p class='ocr_par' dir='ltr' id='par_1_43' title="bbox 100 4145 1641 4213">
     <span class='ocr_line' id='line_1_43' title="bbox 100 4145 1641 4213; baseline 0.009 -26"><span class='ocrx_word' id='word_1_287' title='bbox 100 4149 141 4189; x_wconf 90' lang='lat' dir='ltr'><strong>ut</strong></span> <span class='ocrx_word' id='word_1_288' title='bbox 184 4146 460 4213; x_wconf 85' lang='lat' dir='ltr'><strong>temporale</strong></span> <span class='ocrx_word' id='word_1_289' title='bbox 519 4145 798 4200; x_wconf 90' lang='lat' dir='ltr'><strong>detentum</strong></span> <span class='ocrx_word' id='word_1_290' title='bbox 855 4147 1259 4211; x_wconf 86' lang='lat' dir='ltr'><strong>restitueretur,</strong></span> <span class='ocrx_word' id='word_1_291' title='bbox 1317 4156 1371 4201; x_wconf 89' lang='lat' dir='ltr'><strong>ct</strong></span> <span class='ocrx_word' id='word_1_292' title='bbox 1425 4148 1641 4203; x_wconf 76' lang='lat' dir='ltr'><strong>monilia</strong></span> 
     </span>
    </p>
   </div>
   <div class='ocr_carea' id='block_1_44' title="bbox 100 4234 1640 4310">
    <p class='ocr_par' dir='ltr' id='par_1_44' title="bbox 100 4234 1640 4310">
     <span class='ocr_line' id='line_1_44' title="bbox 100 4234 1640 4310; baseline 0.008 -30"><span class='ocrx_word' id='word_1_293' title='bbox 100 4234 410 4306; x_wconf 87' lang='lat' dir='ltr'><strong>nndequaqne</strong></span> <span class='ocrx_word' id='word_1_294' title='bbox 462 4248 691 4309; x_wconf 90' lang='lat' dir='ltr'><strong>possent</strong></span> <span class='ocrx_word' id='word_1_295' title='bbox 752 4239 1016 4309; x_wconf 85' lang='lat' dir='ltr'><strong>reperiri;</strong></span> <span class='ocrx_word' id='word_1_296' title='bbox 1075 4239 1141 4294; x_wconf 92' lang='lat' dir='ltr'><strong>de</strong></span> <span class='ocrx_word' id='word_1_297' title='bbox 1196 4238 1392 4310; x_wconf 87' lang='lat' dir='ltr'><strong>quibus</strong></span> <span class='ocrx_word' id='word_1_298' title='bbox 1442 4240 1640 4303; x_wconf 89' lang='lat' dir='ltr'><strong>bonis,</strong></span> 
     </span>
    </p>
   </div>
   <div class='ocr_carea' id='block_1_45' title="bbox 100 4323 1643 4399">
    <p class='ocr_par' dir='ltr' id='par_1_45' title="bbox 100 4323 1643 4399">
     <span class='ocr_line' id='line_1_45' title="bbox 100 4323 1643 4399; baseline 0.009 -31"><span class='ocrx_word' id='word_1_299' title='bbox 100 4323 292 4379; x_wconf 76' lang='lat' dir='ltr'><strong>maxime</strong></span> <span class='ocrx_word' id='word_1_300' title='bbox 322 4326 374 4381; x_wconf 91' lang='lat' dir='ltr'><strong>in</strong></span> <span class='ocrx_word' id='word_1_301' title='bbox 422 4327 583 4383; x_wconf 89' lang='lat' dir='ltr'><strong>libris</strong></span> <span class='ocrx_word' id='word_1_302' title='bbox 622 4336 676 4383; x_wconf 91' lang='lat' dir='ltr'><strong>et</strong></span> <span class='ocrx_word' id='word_1_303' title='bbox 704 4329 1040 4383; x_wconf 86' lang='lat' dir='ltr'><strong>ornamentis</strong></span> <span class='ocrx_word' id='word_1_304' title='bbox 1063 4368 1079 4393; x_wconf 90' lang='lat'><strong>,</strong></span> <span class='ocrx_word' id='word_1_305' title='bbox 1112 4344 1208 4399; x_wconf 91' lang='lat' dir='ltr'><strong>pro</strong></span> <span class='ocrx_word' id='word_1_306' title='bbox 1255 4329 1446 4398; x_wconf 82' lang='lat' dir='ltr'><strong>majori</strong></span> <span class='ocrx_word' id='word_1_307' title='bbox 1491 4338 1643 4398; x_wconf 89' lang='lat' dir='ltr'><strong>parte</strong></span> 
     </span>
    </p>
   </div>
   <div class='ocr_carea' id='block_1_46' title="bbox 102 4418 1643 4488">
    <p class='ocr_par' dir='ltr' id='par_1_46' title="bbox 102 4418 1643 4488">
     <span class='ocr_line' id='line_1_46' title="bbox 102 4418 1643 4488; baseline 0.008 -27"><span class='ocrx_word' id='word_1_308' title='bbox 102 4425 370 4483; x_wconf 83' lang='lat' dir='ltr'><strong>recuperata</strong></span> <span class='ocrx_word' id='word_1_309' title='bbox 422 4428 595 4484; x_wconf 88' lang='lat' dir='ltr'><strong>sunt;</strong></span> <span class='ocrx_word' id='word_1_310' title='bbox 646 4427 700 4473; x_wconf 92' lang='lat' dir='ltr'><strong>et</strong></span> <span class='ocrx_word' id='word_1_311' title='bbox 744 4418 1018 4473; x_wconf 87' lang='lat' dir='ltr'><strong>ordinavit</strong></span> <span class='ocrx_word' id='word_1_312' title='bbox 1061 4419 1351 4488; x_wconf 65' lang='lat' dir='ltr'><strong>prtedictus</strong></span> <span class='ocrx_word' id='word_1_313' title='bbox 1404 4433 1537 4483; x_wconf 89' lang='lat' dir='ltr'><strong>rex,</strong></span> <span class='ocrx_word' id='word_1_314' title='bbox 1589 4427 1643 4473; x_wconf 89' lang='lat' dir='ltr'><strong>ct</strong></span> 
     </span>
    </p>
   </div>
   <div class='ocr_carea' id='block_1_47' title="bbox 1734 572 3331 649">
    <p class='ocr_par' dir='ltr' id='par_1_47' title="bbox 1734 572 3331 649">
     <span class='ocr_line' id='line_1_47' title="bbox 1734 572 3331 649; baseline 0.004 -23"><span class='ocrx_word' id='word_1_315' title='bbox 1734 574 1874 642; x_wconf 88' lang='lat' dir='ltr'><strong>apud</strong></span> <span class='ocrx_word' id='word_1_316' title='bbox 1900 572 2294 644; x_wconf 75' lang='lat' dir='ltr'><strong>Rotbomagum</strong></span> <span class='ocrx_word' id='word_1_317' title='bbox 2321 575 2373 629; x_wconf 89' lang='lat' dir='ltr'><strong>in</strong></span> <span class='ocrx_word' id='word_1_318' title='bbox 2400 577 2560 629; x_wconf 89' lang='lat' dir='ltr'><strong>domo</strong></span> <span class='ocrx_word' id='word_1_319' title='bbox 2589 592 2687 647; x_wconf 88' lang='lat' dir='ltr'><strong>per</strong></span> <span class='ocrx_word' id='word_1_320' title='bbox 2712 593 2835 632; x_wconf 92' lang='lat' dir='ltr'><strong>eum</strong></span> <span class='ocrx_word' id='word_1_321' title='bbox 2862 580 3151 649; x_wconf 82' lang='lat' dir='ltr'><strong>acquisita,</strong></span> <span class='ocrx_word' id='word_1_322' title='bbox 3189 592 3331 633; x_wconf 89' lang='lat' dir='ltr'><strong>anno</strong></span> 
     </span>
    </p>
   </div>
   <div class='ocr_carea' id='block_1_48' title="bbox 1733 661 3338 739">
    <p class='ocr_par' dir='ltr' id='par_1_48' title="bbox 1733 661 3338 739">
     <span class='ocr_line' id='line_1_48' title="bbox 1733 661 3338 739; baseline 0.008 -23"><span class='ocrx_word' id='word_1_323' title='bbox 1733 661 1946 717; x_wconf 88' lang='lat' dir='ltr'><strong>Domini</strong></span> <span class='ocrx_word' id='word_1_324' title='bbox 1985 665 2273 721; x_wconf 90' lang='lat' dir='ltr'><strong>millesimo</strong></span> <span class='ocrx_word' id='word_1_325' title='bbox 2313 667 2849 737; x_wconf 79' lang='lat' dir='ltr'><strong>quadringentesimo</strong></span> <span class='ocrx_word' id='word_1_326' title='bbox 2894 671 3217 739; x_wconf 70' lang='lat' dir='ltr'><strong>trigesimo,</strong></span> <span class='ocrx_word' id='word_1_327' title='bbox 3285 685 3338 729; x_wconf 91' lang='lat' dir='ltr'><strong>et</strong></span> 
     </span>
    </p>
   </div>
   <div class='ocr_carea' id='block_1_49' title="bbox 1734 755 3337 828">
    <p class='ocr_par' dir='ltr' id='par_1_49' title="bbox 1734 755 3337 828">
     <span class='ocr_line' id='line_1_49' title="bbox 1734 755 3337 828; baseline 0.006 -21"><span class='ocrx_word' id='word_1_328' title='bbox 1734 755 1874 825; x_wconf 78' lang='lat' dir='ltr'><strong>apud</strong></span> <span class='ocrx_word' id='word_1_329' title='bbox 1900 755 2126 811; x_wconf 87' lang='lat' dir='ltr'><strong>Bcccum</strong></span> <span class='ocrx_word' id='word_1_330' title='bbox 2154 772 2350 827; x_wconf 91' lang='lat' dir='ltr'><strong>corpus</strong></span> <span class='ocrx_word' id='word_1_331' title='bbox 2371 755 2505 825; x_wconf 83' lang='lat' dir='ltr'><strong>ejus,</strong></span> <span class='ocrx_word' id='word_1_332' title='bbox 2538 767 2594 812; x_wconf 92' lang='lat' dir='ltr'><strong>ut</strong></span> <span class='ocrx_word' id='word_1_333' title='bbox 2621 759 2830 825; x_wconf 87' lang='lat' dir='ltr'><strong>decuit,</strong></span> <span class='ocrx_word' id='word_1_334' title='bbox 2862 760 3096 815; x_wconf 88' lang='lat' dir='ltr'><strong>delatum</strong></span> <span class='ocrx_word' id='word_1_335' title='bbox 3119 770 3225 828; x_wconf 90' lang='lat' dir='ltr'><strong>est,</strong></span> <span class='ocrx_word' id='word_1_336' title='bbox 3277 771 3337 818; x_wconf 92' lang='lat' dir='ltr'><strong>et</strong></span> 
     </span>
    </p>
   </div>
   <div class='ocr_carea' id='block_1_50' title="bbox 1734 846 3317 918">
    <p class='ocr_par' dir='ltr' id='par_1_50' title="bbox 1734 846 3317 918">
     <span class='ocr_line' id='line_1_50' title="bbox 1734 846 3317 918; baseline 0.004 -19"><span class='ocrx_word' id='word_1_337' title='bbox 1734 846 2003 914; x_wconf 90' lang='lat' dir='ltr'><strong>sepultum</strong></span> <span class='ocrx_word' id='word_1_338' title='bbox 2046 846 2185 902; x_wconf 86' lang='lat' dir='ltr'><strong>infra</strong></span> <span class='ocrx_word' id='word_1_339' title='bbox 2215 849 2437 904; x_wconf 88' lang='lat' dir='ltr'><strong>chorum</strong></span> <span class='ocrx_word' id='word_1_340' title='bbox 2461 849 2617 918; x_wconf 78' lang='lat' dir='ltr'><strong>juxta</strong></span> <span class='ocrx_word' id='word_1_341' title='bbox 2650 851 2914 906; x_wconf 90' lang='lat' dir='ltr'><strong>tumulum</strong></span> <span class='ocrx_word' id='word_1_342' title='bbox 2958 849 3162 907; x_wconf 87' lang='lat' dir='ltr'><strong>domini</strong></span> <span class='ocrx_word' id='word_1_343' title='bbox 3208 851 3317 906; x_wconf 87' lang='lat' dir='ltr'><strong>Wil</strong></span> 
     </span>
    </p>
   </div>
   <div class='ocr_carea' id='block_1_51' title="bbox 1737 936 3337 1009">
    <p class='ocr_par' dir='ltr' id='par_1_51' title="bbox 1737 936 3337 1009">
     <span class='ocr_line' id='line_1_51' title="bbox 1737 936 3337 1009; baseline 0.005 -19"><span class='ocrx_word' id='word_1_344' title='bbox 1737 936 1886 991; x_wconf 87' lang='lat' dir='ltr'><strong>lermi</strong></span> <span class='ocrx_word' id='word_1_345' title='bbox 1936 940 2358 1009; x_wconf 54' lang='lat' dir='ltr'><strong>prwlecessoris</strong></span> <span class='ocrx_word' id='word_1_346' title='bbox 2416 950 2469 996; x_wconf 89' lang='lat' dir='ltr'><strong>et</strong></span> <span class='ocrx_word' id='word_1_347' title='bbox 2520 942 2770 997; x_wconf 83' lang='lat' dir='ltr'><strong>avunculi</strong></span> <span class='ocrx_word' id='word_1_348' title='bbox 2832 944 2958 1009; x_wconf 90' lang='lat' dir='ltr'><strong>sui,</strong></span> <span class='ocrx_word' id='word_1_349' title='bbox 3006 945 3061 999; x_wconf 91' lang='lat' dir='ltr'><strong>in</strong></span> <span class='ocrx_word' id='word_1_350' title='bbox 3101 943 3337 1000; x_wconf 80' lang='lat' dir='ltr'><strong>sinistra</strong></span> 
     </span>
    </p>
   </div>
   <div class='ocr_carea' id='block_1_52' title="bbox 1735 1030 3088 1104">
    <p class='ocr_par' dir='ltr' id='par_1_52' title="bbox 1735 1030 3088 1104">
     <span class='ocr_line' id='line_1_52' title="bbox 1735 1030 3088 1104; baseline 0.008 -22"><span class='ocrx_word' id='word_1_351' title='bbox 1735 1039 1911 1100; x_wconf 88' lang='lat' dir='ltr'><strong>parte.</strong></span> <span class='ocrx_word' id='word_1_352' title='bbox 1942 1030 2110 1102; x_wconf 87' lang='lat' dir='ltr'><strong>Cujus</strong></span> <span class='ocrx_word' id='word_1_353' title='bbox 2136 1033 2330 1089; x_wconf 76' lang='lat' dir='ltr'><strong>animae</strong></span> <span class='ocrx_word' id='word_1_354' title='bbox 2354 1035 2678 1104; x_wconf 89' lang='lat' dir='ltr'><strong>propitietur</strong></span> <span class='ocrx_word' id='word_1_355' title='bbox 2705 1037 2865 1091; x_wconf 85' lang='lat' dir='ltr'><strong>Deus.</strong></span> <span class='ocrx_word' id='word_1_356' title='bbox 2898 1038 3088 1093; x_wconf 85' lang='lat' dir='ltr'><strong>Amen.</strong></span> 
     </span>
    </p>
   </div>
   <div class='ocr_carea' id='block_1_53' title="bbox 2349 1141 2698 1182">
    <p class='ocr_par' dir='ltr' id='par_1_53' title="bbox 2349 1141 2698 1182">
     <span class='ocr_line' id='line_1_53' title="bbox 2349 1141 2698 1182; baseline 0 -2"><span class='ocrx_word' id='word_1_357' title='bbox 2349 1141 2698 1182; x_wconf 66' lang='grc' dir='ltr'><strong>ΕΡΙΤΛΡΗΙΠΜ.</strong></span> 
     </span>
    </p>
   </div>
   <div class='ocr_carea' id='block_1_54' title="bbox 1810 1211 3121 1289">
    <p class='ocr_par' dir='ltr' id='par_1_54' title="bbox 1810 1211 3121 1289">
     <span class='ocr_line' id='line_1_54' title="bbox 1810 1211 3121 1289; baseline 0.008 -25"><span class='ocrx_word' id='word_1_358' title='bbox 1810 1211 1913 1266; x_wconf 82' lang='lat' dir='ltr'><strong>llic</strong></span> <span class='ocrx_word' id='word_1_359' title='bbox 1934 1214 2077 1283; x_wconf 77' lang='lat' dir='ltr'><strong>jacet</strong></span> <span class='ocrx_word' id='word_1_360' title='bbox 2107 1215 2161 1269; x_wconf 89' lang='lat' dir='ltr'><strong>iu</strong></span> <span class='ocrx_word' id='word_1_361' title='bbox 2186 1215 2357 1272; x_wconf 86' lang='lat' dir='ltr'><strong>loculo</strong></span> <span class='ocrx_word' id='word_1_362' title='bbox 2388 1219 2691 1273; x_wconf 80' lang='lat' dir='ltr'><strong>venerabilis</strong></span> <span class='ocrx_word' id='word_1_363' title='bbox 2717 1229 2872 1289; x_wconf 85' lang='lat' dir='ltr'><strong>atque</strong></span> <span class='ocrx_word' id='word_1_364' title='bbox 2896 1221 3121 1275; x_wconf 75' lang='lat' dir='ltr'><strong>disertus</strong></span> 
     </span>
    </p>
   </div>
   <div class='ocr_carea' id='block_1_55' title="bbox 1810 1304 3086 1381">
    <p class='ocr_par' dir='ltr' id='par_1_55' title="bbox 1810 1304 3086 1381">
     <span class='ocr_line' id='line_1_55' title="bbox 1810 1304 3086 1381; baseline 0.008 -25"><span class='ocrx_word' id='word_1_365' title='bbox 1810 1304 2002 1369; x_wconf 80' lang='lat' dir='ltr'><strong>Abbas,</strong></span> <span class='ocrx_word' id='word_1_366' title='bbox 2030 1308 2280 1361; x_wconf 77' lang='lat' dir='ltr'><strong>vocabulo</strong></span> <span class='ocrx_word' id='word_1_367' title='bbox 2311 1310 2397 1363; x_wconf 85' lang='lat' dir='ltr'><strong>cui</strong></span> <span class='ocrx_word' id='word_1_368' title='bbox 2430 1309 2577 1363; x_wconf 73' lang='lat' dir='ltr'><strong>callis</strong></span> <span class='ocrx_word' id='word_1_369' title='bbox 2606 1312 2782 1381; x_wconf 73' lang='lat' dir='ltr'><strong>sicque</strong></span> <span class='ocrx_word' id='word_1_370' title='bbox 2808 1312 3086 1366; x_wconf 79' lang='lat' dir='ltr'><strong>Robertus.</strong></span> 
     </span>
    </p>
   </div>
   <div class='ocr_carea' id='block_1_56' title="bbox 1809 1393 3198 1468">
    <p class='ocr_par' dir='ltr' id='par_1_56' title="bbox 1809 1393 3198 1468">
     <span class='ocr_line' id='line_1_56' title="bbox 1809 1393 3198 1468; baseline 0.006 -20"><span class='ocrx_word' id='word_1_371' title='bbox 1809 1393 1920 1466; x_wconf 66' lang='grc'><strong>24</strong></span> <span class='ocrx_word' id='word_1_372' title='bbox 1949 1394 2006 1449; x_wconf 87' lang='lat' dir='ltr'><strong>Is</strong></span> <span class='ocrx_word' id='word_1_373' title='bbox 2036 1395 2463 1468; x_wconf 81' lang='lat' dir='ltr'><strong>decretorumque</strong></span> <span class='ocrx_word' id='word_1_374' title='bbox 2493 1399 2595 1467; x_wconf 79' lang='lat' dir='ltr'><strong>fuit</strong></span> <span class='ocrx_word' id='word_1_375' title='bbox 2622 1394 2827 1468; x_wconf 84' lang='lat' dir='ltr'><strong>doctar,</strong></span> <span class='ocrx_word' id='word_1_376' title='bbox 2854 1404 2939 1455; x_wconf 85' lang='lat' dir='ltr'><strong>via</strong></span> <span class='ocrx_word' id='word_1_377' title='bbox 2974 1420 3198 1457; x_wconf 81' lang='lat' dir='ltr'><strong>mantnt.</strong></span> 
     </span>
    </p>
   </div>
   <div class='ocr_carea' id='block_1_57' title="bbox 1811 1484 3003 1557">
    <p class='ocr_par' dir='ltr' id='par_1_57' title="bbox 1811 1484 3003 1557">
     <span class='ocr_line' id='line_1_57' title="bbox 1811 1484 3003 1557; baseline 0.009 -22"><span class='ocrx_word' id='word_1_378' title='bbox 1811 1484 2115 1540; x_wconf 73' lang='lat' dir='ltr'><strong>Auxiliante</strong></span> <span class='ocrx_word' id='word_1_379' title='bbox 2144 1485 2251 1541; x_wconf 81' lang='lat' dir='ltr'><strong>Deo</strong></span> <span class='ocrx_word' id='word_1_380' title='bbox 2281 1487 2473 1557; x_wconf 80' lang='lat' dir='ltr'><strong>fratres</strong></span> <span class='ocrx_word' id='word_1_381' title='bbox 2499 1491 2827 1546; x_wconf 81' lang='lat' dir='ltr'><strong>concorditer</strong></span> <span class='ocrx_word' id='word_1_382' title='bbox 2853 1492 3003 1546; x_wconf 84' lang='lat' dir='ltr'><strong>illum</strong></span> 
     </span>
    </p>
   </div>
   <div class='ocr_carea' id='block_1_58' title="bbox 1813 1574 2966 1649">
    <p class='ocr_par' dir='ltr' id='par_1_58' title="bbox 1813 1574 2966 1649">
     <span class='ocr_line' id='line_1_58' title="bbox 1813 1574 2966 1649; baseline 0.01 -22"><span class='ocrx_word' id='word_1_383' title='bbox 1813 1574 2068 1641; x_wconf 75' lang='lat' dir='ltr'><strong>Eliciam,</strong></span> <span class='ocrx_word' id='word_1_384' title='bbox 2095 1578 2149 1630; x_wconf 91' lang='lat' dir='ltr'><strong>in</strong></span> <span class='ocrx_word' id='word_1_385' title='bbox 2175 1596 2235 1633; x_wconf 88' lang='lat' dir='ltr'><strong>eo</strong></span> <span class='ocrx_word' id='word_1_386' title='bbox 2260 1590 2510 1649; x_wconf 79' lang='lat' dir='ltr'><strong>ponentes</strong></span> <span class='ocrx_word' id='word_1_387' title='bbox 2538 1585 2723 1637; x_wconf 85' lang='lat' dir='ltr'><strong>mentis</strong></span> <span class='ocrx_word' id='word_1_388' title='bbox 2754 1584 2966 1639; x_wconf 77' lang='lat' dir='ltr'><strong>asilum.</strong></span> 
     </span>
    </p>
   </div>
   <div class='ocr_carea' id='block_1_59' title="bbox 1816 1664 3128 1733">
    <p class='ocr_par' dir='ltr' id='par_1_59' title="bbox 1816 1664 3128 1733">
     <span class='ocr_line' id='line_1_59' title="bbox 1816 1664 3128 1733; baseline 0.011 -15"><span class='ocrx_word' id='word_1_389' title='bbox 1816 1664 1964 1720; x_wconf 84' lang='lat' dir='ltr'><strong>Unde</strong></span> <span class='ocrx_word' id='word_1_390' title='bbox 1994 1668 2092 1733; x_wconf 80' lang='lat' dir='ltr'><strong>fuit</strong></span> <span class='ocrx_word' id='word_1_391' title='bbox 2122 1681 2294 1733; x_wconf 85' lang='lat' dir='ltr'><strong>natus,</strong></span> <span class='ocrx_word' id='word_1_392' title='bbox 2327 1671 2494 1727; x_wconf 85' lang='lat' dir='ltr'><strong>Becco</strong></span> <span class='ocrx_word' id='word_1_393' title='bbox 2524 1684 2668 1728; x_wconf 75' lang='lat' dir='ltr'><strong>stans</strong></span> <span class='ocrx_word' id='word_1_394' title='bbox 2693 1676 2777 1729; x_wconf 81' lang='lat' dir='ltr'><strong>hic</strong></span> <span class='ocrx_word' id='word_1_395' title='bbox 2804 1677 3128 1732; x_wconf 80' lang='lat' dir='ltr'><strong>inhumatus.</strong></span> 
     </span>
    </p>
   </div>
   <div class='ocr_carea' id='block_1_60' title="bbox 1813 1756 3083 1836">
    <p class='ocr_par' dir='ltr' id='par_1_60' title="bbox 1813 1756 3083 1836">
     <span class='ocr_line' id='line_1_60' title="bbox 1813 1756 3083 1836; baseline 0.009 -27"><span class='ocrx_word' id='word_1_396' title='bbox 1813 1756 1963 1811; x_wconf 80' lang='lat' dir='ltr'><strong>Anno</strong></span> <span class='ocrx_word' id='word_1_397' title='bbox 1996 1758 2206 1814; x_wconf 85' lang='lat' dir='ltr'><strong>milleuo</strong></span> <span class='ocrx_word' id='word_1_398' title='bbox 2234 1772 2440 1816; x_wconf 81' lang='lat' dir='ltr'><strong>centum</strong></span> <span class='ocrx_word' id='word_1_399' title='bbox 2463 1774 2649 1831; x_wconf 85' lang='lat' dir='ltr'><strong>quater</strong></span> <span class='ocrx_word' id='word_1_400' title='bbox 2677 1774 2831 1829; x_wconf 84' lang='lat' dir='ltr'><strong>atque</strong></span> <span class='ocrx_word' id='word_1_401' title='bbox 2859 1767 3083 1836; x_wconf 68' lang='lat' dir='ltr'><strong>trigono,</strong></span> 
     </span>
    </p>
   </div>
   <div class='ocr_carea' id='block_1_61' title="bbox 1815 1846 3327 1921">
    <p class='ocr_par' dir='ltr' id='par_1_61' title="bbox 1815 1846 3327 1921">
     <span class='ocr_line' id='line_1_61' title="bbox 1815 1846 3327 1921; baseline 0.008 -20"><span class='ocrx_word' id='word_1_402' title='bbox 1815 1846 1882 1901; x_wconf 84' lang='lat' dir='ltr'><strong>In</strong></span> <span class='ocrx_word' id='word_1_403' title='bbox 1911 1847 2045 1902; x_wconf 77' lang='lat' dir='ltr'><strong>Maii</strong></span> <span class='ocrx_word' id='word_1_404' title='bbox 2072 1866 2245 1904; x_wconf 86' lang='lat' dir='ltr'><strong>mense</strong></span> <span class='ocrx_word' id='word_1_405' title='bbox 2269 1863 2482 1921; x_wconf 84' lang='lat' dir='ltr'><strong>quarto,</strong></span> <span class='ocrx_word' id='word_1_406' title='bbox 2510 1856 2692 1909; x_wconf 77' lang='lat' dir='ltr'><strong>mortis</strong></span> <span class='ocrx_word' id='word_1_407' title='bbox 2720 1868 2824 1909; x_wconf 77' lang='lat' dir='ltr'><strong>ruit</strong></span> <span class='ocrx_word' id='word_1_408' title='bbox 2854 1874 2994 1911; x_wconf 77' lang='lat' dir='ltr'><strong>ense.</strong></span> <span class='ocrx_word' id='word_1_409' title='bbox 3324 1902 3327 1905; x_wconf 59' lang='grc' dir='ltr'><strong>ς</strong></span> 
     </span>
    </p>
   </div>
   <div class='ocr_carea' id='block_1_62' title="bbox 1816 1938 3332 2015">
    <p class='ocr_par' dir='ltr' id='par_1_62' title="bbox 1816 1938 3332 2015">
     <span class='ocr_line' id='line_1_62' title="bbox 1816 1938 3332 2015; baseline 0.007 -21"><span class='ocrx_word' id='word_1_410' title='bbox 1816 1938 2048 2010; x_wconf 77' lang='lat' dir='ltr'><strong>Quisque</strong></span> <span class='ocrx_word' id='word_1_411' title='bbox 2080 1953 2217 2011; x_wconf 86' lang='lat' dir='ltr'><strong>roget</strong></span> <span class='ocrx_word' id='word_1_412' title='bbox 2250 1941 2514 1998; x_wconf 76' lang='lat' dir='ltr'><strong>Christum</strong></span> <span class='ocrx_word' id='word_1_413' title='bbox 2541 1946 2680 2015; x_wconf 85' lang='lat' dir='ltr'><strong>quod</strong></span> <span class='ocrx_word' id='word_1_414' title='bbox 2708 1945 2833 2000; x_wconf 79' lang='lat' dir='ltr'><strong>cmlo</strong></span> <span class='ocrx_word' id='word_1_415' title='bbox 2895 1947 3112 2002; x_wconf 71' lang='lat' dir='ltr'><strong>collocat</strong></span> <span class='ocrx_word' id='word_1_416' title='bbox 3140 1950 3332 2005; x_wconf 81' lang='lat' dir='ltr'><strong>istum:</strong></span> 
     </span>
    </p>
   </div>
   <div class='ocr_carea' id='block_1_63' title="bbox 1815 2031 3041 2091">
    <p class='ocr_par' dir='ltr' id='par_1_63' title="bbox 1815 2031 3041 2091">
     <span class='ocr_line' id='line_1_63' title="bbox 1815 2031 3041 2091; baseline 0.008 -10"><span class='ocrx_word' id='word_1_417' title='bbox 1815 2031 1887 2083; x_wconf 83' lang='lat' dir='ltr'><strong>Ac</strong></span> <span class='ocrx_word' id='word_1_418' title='bbox 1919 2031 1988 2083; x_wconf 85' lang='lat' dir='ltr'><strong>ibi</strong></span> <span class='ocrx_word' id='word_1_419' title='bbox 2020 2032 2251 2086; x_wconf 79' lang='lat' dir='ltr'><strong>solamen</strong></span> <span class='ocrx_word' id='word_1_420' title='bbox 2281 2043 2583 2087; x_wconf 84' lang='lat' dir='ltr'><strong>sanctorum</strong></span> <span class='ocrx_word' id='word_1_421' title='bbox 2612 2037 2821 2089; x_wconf 79' lang='lat' dir='ltr'><strong>sentiat.</strong></span> <span class='ocrx_word' id='word_1_422' title='bbox 2856 2037 3041 2091; x_wconf 80' lang='lat' dir='ltr'><strong>Amen.</strong></span> 
     </span>
    </p>
   </div>
   <div class='ocr_carea' id='block_1_64' title="bbox 1813 2120 3335 2184">
    <p class='ocr_par' dir='ltr' id='par_1_64' title="bbox 1813 2120 3335 2184">
     <span class='ocr_line' id='line_1_64' title="bbox 1813 2120 3335 2184; baseline 0.003 -10"><span class='ocrx_word' id='word_1_423' title='bbox 1813 2120 1941 2176; x_wconf 85' lang='lat' dir='ltr'><strong>Post</strong></span> <span class='ocrx_word' id='word_1_424' title='bbox 1979 2122 2186 2176; x_wconf 84' lang='lat' dir='ltr'><strong>obitum</strong></span> <span class='ocrx_word' id='word_1_425' title='bbox 2219 2133 2400 2178; x_wconf 89' lang='lat' dir='ltr'><strong>autem</strong></span> <span class='ocrx_word' id='word_1_426' title='bbox 2433 2123 2812 2181; x_wconf 86' lang='lat' dir='ltr'><strong>litteratissimi</strong></span> <span class='ocrx_word' id='word_1_427' title='bbox 2860 2128 2959 2181; x_wconf 88' lang='lat' dir='ltr'><strong>viri</strong></span> <span class='ocrx_word' id='word_1_428' title='bbox 2998 2129 3202 2184; x_wconf 91' lang='lat' dir='ltr'><strong>domini</strong></span> <span class='ocrx_word' id='word_1_429' title='bbox 3235 2130 3335 2183; x_wconf 72' lang='lat' dir='ltr'><strong>Rn-</strong></span> 
     </span>
    </p>
   </div>
   <div class='ocr_carea' id='block_1_65' title="bbox 1740 2210 3337 2291">
    <p class='ocr_par' dir='ltr' id='par_1_65' title="bbox 1740 2210 3337 2291">
     <span class='ocr_line' id='line_1_65' title="bbox 1740 2210 3337 2291; baseline 0.008 -26"><span class='ocrx_word' id='word_1_430' title='bbox 1740 2210 1881 2267; x_wconf 90' lang='lat' dir='ltr'><strong>berti</strong></span> <span class='ocrx_word' id='word_1_431' title='bbox 1912 2212 2144 2277; x_wconf 89' lang='lat' dir='ltr'><strong>abbatis,</strong></span> <span class='ocrx_word' id='word_1_432' title='bbox 2182 2216 2503 2270; x_wconf 80' lang='lat' dir='ltr'><strong>venerabilis</strong></span> <span class='ocrx_word' id='word_1_433' title='bbox 2528 2233 2591 2271; x_wconf 88' lang='lat' dir='ltr'><strong>ac</strong></span> <span class='ocrx_word' id='word_1_434' title='bbox 2616 2218 2892 2275; x_wconf 86' lang='lat' dir='ltr'><strong>discretus</strong></span> <span class='ocrx_word' id='word_1_435' title='bbox 2923 2221 3024 2283; x_wconf 86' lang='lat' dir='ltr'><strong>vir,</strong></span> <span class='ocrx_word' id='word_1_436' title='bbox 3048 2231 3103 2275; x_wconf 94' lang='lat' dir='ltr'><strong>et</strong></span> <span class='ocrx_word' id='word_1_437' title='bbox 3129 2238 3337 2291; x_wconf 71' lang='lat' dir='ltr'><strong>magna:</strong></span> 
     </span>
    </p>
   </div>
   <div class='ocr_carea' id='block_1_66' title="bbox 1742 2302 3335 2381">
    <p class='ocr_par' dir='ltr' id='par_1_66' title="bbox 1742 2302 3335 2381">
     <span class='ocr_line' id='line_1_66' title="bbox 1742 2302 3335 2381; baseline 0.006 -25"><span class='ocrx_word' id='word_1_438' title='bbox 1742 2302 2017 2370; x_wconf 75' lang='lat' dir='ltr'><strong>religionis</strong></span> <span class='ocrx_word' id='word_1_439' title='bbox 2048 2303 2302 2359; x_wconf 87' lang='lat' dir='ltr'><strong>dominus</strong></span> <span class='ocrx_word' id='word_1_440' title='bbox 2333 2304 2572 2361; x_wconf 86' lang='lat' dir='ltr'><strong>Thomas</strong></span> <span class='ocrx_word' id='word_1_441' title='bbox 2604 2308 2670 2363; x_wconf 90' lang='lat' dir='ltr'><strong>de</strong></span> <span class='ocrx_word' id='word_1_442' title='bbox 2700 2308 2875 2365; x_wconf 82' lang='lat' dir='ltr'><strong>Becco</strong></span> <span class='ocrx_word' id='word_1_443' title='bbox 2904 2311 3080 2366; x_wconf 88' lang='lat' dir='ltr'><strong>dictus</strong></span> <span class='ocrx_word' id='word_1_444' title='bbox 3112 2313 3335 2381; x_wconf 78' lang='lat' dir='ltr'><strong>Frtquc,</strong></span> 
     </span>
    </p>
   </div>
   <div class='ocr_carea' id='block_1_67' title="bbox 1742 2393 3336 2469">
    <p class='ocr_par' dir='ltr' id='par_1_67' title="bbox 1742 2393 3336 2469">
     <span class='ocr_line' id='line_1_67' title="bbox 1742 2393 3336 2469; baseline 0.007 -20"><span class='ocrx_word' id='word_1_445' title='bbox 1742 2403 1870 2449; x_wconf 91' lang='lat' dir='ltr'><strong>tunc</strong></span> <span class='ocrx_word' id='word_1_446' title='bbox 1922 2394 2070 2464; x_wconf 90' lang='lat' dir='ltr'><strong>prior</strong></span> <span class='ocrx_word' id='word_1_447' title='bbox 2114 2393 2422 2450; x_wconf 86' lang='lat' dir='ltr'><strong>claustralis</strong></span> <span class='ocrx_word' id='word_1_448' title='bbox 2469 2397 2597 2452; x_wconf 89' lang='lat' dir='ltr'><strong>dicti</strong></span> <span class='ocrx_word' id='word_1_449' title='bbox 2646 2402 2955 2455; x_wconf 85' lang='lat' dir='ltr'><strong>monasterii</strong></span> <span class='ocrx_word' id='word_1_450' title='bbox 3006 2404 3336 2469; x_wconf 82' lang='lat' dir='ltr'><strong>Beccensts,</strong></span> 
     </span>
    </p>
   </div>
   <div class='ocr_carea' id='block_1_68' title="bbox 1740 2482 3339 2561">
    <p class='ocr_par' dir='ltr' id='par_1_68' title="bbox 1740 2482 3339 2561">
     <span class='ocr_line' id='line_1_68' title="bbox 1740 2482 3339 2561; baseline 0.008 -23"><span class='ocrx_word' id='word_1_451' title='bbox 1740 2482 1972 2539; x_wconf 82' lang='lat' dir='ltr'><strong>fratrum</strong></span> <span class='ocrx_word' id='word_1_452' title='bbox 2004 2486 2246 2539; x_wconf 89' lang='lat' dir='ltr'><strong>unanimi</strong></span> <span class='ocrx_word' id='word_1_453' title='bbox 2278 2501 2579 2554; x_wconf 91' lang='lat' dir='ltr'><strong>consensu,</strong></span> <span class='ocrx_word' id='word_1_454' title='bbox 2617 2490 2703 2544; x_wconf 86' lang='lat' dir='ltr'><strong>via</strong></span> <span class='ocrx_word' id='word_1_455' title='bbox 2732 2490 2969 2560; x_wconf 79' lang='lat' dir='ltr'><strong>Spiritus</strong></span> <span class='ocrx_word' id='word_1_456' title='bbox 2996 2496 3202 2561; x_wconf 88' lang='lat' dir='ltr'><strong>sancti,</strong></span> <span class='ocrx_word' id='word_1_457' title='bbox 3239 2498 3339 2550; x_wconf 87' lang='lat' dir='ltr'><strong>fuit</strong></span> 
     </span>
    </p>
   </div>
   <div class='ocr_carea' id='block_1_69' title="bbox 1740 2572 3336 2650">
    <p class='ocr_par' dir='ltr' id='par_1_69' title="bbox 1740 2572 3336 2650">
     <span class='ocr_line' id='line_1_69' title="bbox 1740 2572 3336 2650; baseline 0.008 -24"><span class='ocrx_word' id='word_1_458' title='bbox 1740 2572 1809 2627; x_wconf 90' lang='lat' dir='ltr'><strong>ab</strong></span> <span class='ocrx_word' id='word_1_459' title='bbox 1837 2573 2089 2628; x_wconf 89' lang='lat' dir='ltr'><strong>omnibus</strong></span> <span class='ocrx_word' id='word_1_460' title='bbox 2126 2574 2329 2630; x_wconf 88' lang='lat' dir='ltr'><strong>electus</strong></span> <span class='ocrx_word' id='word_1_461' title='bbox 2371 2576 2425 2630; x_wconf 91' lang='lat' dir='ltr'><strong>in</strong></span> <span class='ocrx_word' id='word_1_462' title='bbox 2457 2587 2729 2647; x_wconf 86' lang='lat' dir='ltr'><strong>pastorem</strong></span> <span class='ocrx_word' id='word_1_463' title='bbox 2763 2580 2933 2650; x_wconf 88' lang='lat' dir='ltr'><strong>ipsius</strong></span> <span class='ocrx_word' id='word_1_464' title='bbox 2979 2587 3291 2640; x_wconf 89' lang='lat' dir='ltr'><strong>monasterii</strong></span> <span class='ocrx_word' id='word_1_465' title='bbox 3319 2626 3336 2649; x_wconf 91' lang='lat'><strong>,</strong></span> 
     </span>
    </p>
   </div>
   <div class='ocr_carea' id='block_1_70' title="bbox 1742 2662 3328 2735">
    <p class='ocr_par' dir='ltr' id='par_1_70' title="bbox 1742 2662 3328 2735">
     <span class='ocr_line' id='line_1_70' title="bbox 1742 2662 3328 2735; baseline 0.011 -21"><span class='ocrx_word' id='word_1_466' title='bbox 1742 2662 1877 2716; x_wconf 86' lang='lat' dir='ltr'><strong>feria</strong></span> <span class='ocrx_word' id='word_1_467' title='bbox 1911 2663 2101 2735; x_wconf 87' lang='lat' dir='ltr'><strong>quinta</strong></span> <span class='ocrx_word' id='word_1_468' title='bbox 2141 2664 2280 2719; x_wconf 87' lang='lat' dir='ltr'><strong>infra</strong></span> <span class='ocrx_word' id='word_1_469' title='bbox 2320 2674 2541 2722; x_wconf 88' lang='lat' dir='ltr'><strong>octavas</strong></span> <span class='ocrx_word' id='word_1_470' title='bbox 2585 2667 2934 2727; x_wconf 79' lang='lat' dir='ltr'><strong>l‘entecostes</strong></span> <span class='ocrx_word' id='word_1_471' title='bbox 2976 2683 3031 2729; x_wconf 91' lang='lat' dir='ltr'><strong>et</strong></span> <span class='ocrx_word' id='word_1_472' title='bbox 3068 2675 3328 2731; x_wconf 83' lang='lat' dir='ltr'><strong>dienoua</strong></span> 
     </span>
    </p>
   </div>
   <div class='ocr_carea' id='block_1_71' title="bbox 1739 2752 3340 2837">
    <p class='ocr_par' dir='ltr' id='par_1_71' title="bbox 1739 2752 3340 2837">
     <span class='ocr_line' id='line_1_71' title="bbox 1739 2752 3340 2837; baseline 0.011 -31"><span class='ocrx_word' id='word_1_473' title='bbox 1739 2755 1946 2809; x_wconf 90' lang='lat' dir='ltr'><strong>mensis</strong></span> <span class='ocrx_word' id='word_1_474' title='bbox 1975 2752 2149 2809; x_wconf 82' lang='lat' dir='ltr'><strong>Junii.</strong></span> <span class='ocrx_word' id='word_1_475' title='bbox 2186 2755 2315 2824; x_wconf 70' lang='lat' dir='ltr'><strong>Quae</strong></span> <span class='ocrx_word' id='word_1_476' title='bbox 2342 2757 2534 2813; x_wconf 88' lang='lat' dir='ltr'><strong>electio</strong></span> <span class='ocrx_word' id='word_1_477' title='bbox 2559 2800 2573 2825; x_wconf 90' lang='lat'><strong>,</strong></span> <span class='ocrx_word' id='word_1_478' title='bbox 2604 2761 2908 2833; x_wconf 82' lang='lat' dir='ltr'><strong>vigentibus</strong></span> <span class='ocrx_word' id='word_1_479' title='bbox 2957 2769 3167 2837; x_wconf 82' lang='lat' dir='ltr'><strong>guerris</strong></span> <span class='ocrx_word' id='word_1_480' title='bbox 3190 2810 3203 2833; x_wconf 96' lang='lat'><strong>,</strong></span> <span class='ocrx_word' id='word_1_481' title='bbox 3238 2769 3340 2824; x_wconf 89' lang='lat' dir='ltr'><strong>fuit</strong></span> 
     </span>
    </p>
   </div>
   <div class='ocr_carea' id='block_1_72' title="bbox 1741 2846 3335 2922">
    <p class='ocr_par' dir='ltr' id='par_1_72' title="bbox 1741 2846 3335 2922">
     <span class='ocr_line' id='line_1_72' title="bbox 1741 2846 3335 2922; baseline 0.01 -22"><span class='ocrx_word' id='word_1_482' title='bbox 1741 2846 2016 2902; x_wconf 89' lang='lat' dir='ltr'><strong>celebrata</strong></span> <span class='ocrx_word' id='word_1_483' title='bbox 2060 2850 2200 2918; x_wconf 89' lang='lat' dir='ltr'><strong>apud</strong></span> <span class='ocrx_word' id='word_1_484' title='bbox 2250 2848 2650 2922; x_wconf 81' lang='lat' dir='ltr'><strong>Rothomagum</strong></span> <span class='ocrx_word' id='word_1_485' title='bbox 2690 2855 2742 2908; x_wconf 92' lang='lat' dir='ltr'><strong>in</strong></span> <span class='ocrx_word' id='word_1_486' title='bbox 2770 2856 2931 2913; x_wconf 92' lang='lat' dir='ltr'><strong>domo</strong></span> <span class='ocrx_word' id='word_1_487' title='bbox 2974 2870 3159 2915; x_wconf 84' lang='lat' dir='ltr'><strong>nostra</strong></span> <span class='ocrx_word' id='word_1_488' title='bbox 3190 2863 3257 2916; x_wconf 91' lang='lat' dir='ltr'><strong>de</strong></span> <span class='ocrx_word' id='word_1_489' title='bbox 3287 2863 3335 2916; x_wconf 86' lang='lat' dir='ltr'><strong>la</strong></span> 
     </span>
    </p>
   </div>
   <div class='ocr_carea' id='block_1_73' title="bbox 1737 2940 3340 3018">
    <p class='ocr_par' dir='ltr' id='par_1_73' title="bbox 1737 2940 3340 3018">
     <span class='ocr_line' id='line_1_73' title="bbox 1737 2940 3340 3018; baseline 0.008 -24"><span class='ocrx_word' id='word_1_490' title='bbox 1737 2940 2007 2996; x_wconf 87' lang='lat' dir='ltr'><strong>Fontaine</strong></span> <span class='ocrx_word' id='word_1_491' title='bbox 2026 2982 2042 3006; x_wconf 92' lang='lat'><strong>,</strong></span> <span class='ocrx_word' id='word_1_492' title='bbox 2072 2942 2337 3013; x_wconf 87' lang='lat' dir='ltr'><strong>acquisita</strong></span> <span class='ocrx_word' id='word_1_493' title='bbox 2368 2959 2465 3013; x_wconf 88' lang='lat' dir='ltr'><strong>per</strong></span> <span class='ocrx_word' id='word_1_494' title='bbox 2493 2961 2647 3000; x_wconf 89' lang='lat' dir='ltr'><strong>suum</strong></span> <span class='ocrx_word' id='word_1_495' title='bbox 2678 2951 3133 3017; x_wconf 62' lang='lat' dir='ltr'><strong>praedecessorem</strong></span> <span class='ocrx_word' id='word_1_496' title='bbox 3165 2956 3340 3018; x_wconf 82' lang='lat' dir='ltr'><strong>domi-</strong></span> 
     </span>
    </p>
   </div>
   <div class='ocr_carea' id='block_1_74' title="bbox 1739 3033 3335 3115">
    <p class='ocr_par' dir='ltr' id='par_1_74' title="bbox 1739 3033 3335 3115">
     <span class='ocr_line' id='line_1_74' title="bbox 1739 3033 3335 3115; baseline 0.01 -31"><span class='ocrx_word' id='word_1_497' title='bbox 1739 3047 1867 3085; x_wconf 91' lang='lat' dir='ltr'><strong>num</strong></span> <span class='ocrx_word' id='word_1_498' title='bbox 1903 3033 1945 3085; x_wconf 72' lang='grc' dir='ltr'><strong>Β</strong></span> <span class='ocrx_word' id='word_1_499' title='bbox 1960 3033 2208 3088; x_wconf 86' lang='lat' dir='ltr'><strong>obertnm</strong></span> <span class='ocrx_word' id='word_1_500' title='bbox 2233 3076 2248 3098; x_wconf 92' lang='lat'><strong>,</strong></span> <span class='ocrx_word' id='word_1_501' title='bbox 2282 3051 2405 3089; x_wconf 89' lang='lat' dir='ltr'><strong>cum</strong></span> <span class='ocrx_word' id='word_1_502' title='bbox 2437 3036 2617 3092; x_wconf 90' lang='lat' dir='ltr'><strong>nullus</strong></span> <span class='ocrx_word' id='word_1_503' title='bbox 2648 3040 2872 3095; x_wconf 86' lang='lat' dir='ltr'><strong>auderet</strong></span> <span class='ocrx_word' id='word_1_504' title='bbox 2915 3057 3077 3111; x_wconf 83' lang='lat' dir='ltr'><strong>super</strong></span> <span class='ocrx_word' id='word_1_505' title='bbox 3106 3048 3335 3115; x_wconf 86' lang='lat' dir='ltr'><strong>patriam</strong></span> 
     </span>
    </p>
   </div>
   <div class='ocr_carea' id='block_1_75' title="bbox 1748 3125 3336 3197">
    <p class='ocr_par' dir='ltr' id='par_1_75' title="bbox 1748 3125 3336 3197">
     <span class='ocr_line' id='line_1_75' title="bbox 1748 3125 3336 3197; baseline 0.009 -19"><span class='ocrx_word' id='word_1_506' title='bbox 1748 3125 2012 3187; x_wconf 90' lang='lat' dir='ltr'><strong>residere,</strong></span> <span class='ocrx_word' id='word_1_507' title='bbox 2041 3126 2143 3179; x_wconf 90' lang='lat' dir='ltr'><strong>nisi</strong></span> <span class='ocrx_word' id='word_1_508' title='bbox 2184 3126 2267 3180; x_wconf 90' lang='lat' dir='ltr'><strong>vel</strong></span> <span class='ocrx_word' id='word_1_509' title='bbox 2300 3127 2352 3181; x_wconf 91' lang='lat' dir='ltr'><strong>in</strong></span> <span class='ocrx_word' id='word_1_510' title='bbox 2384 3140 2597 3192; x_wconf 88' lang='lat' dir='ltr'><strong>castro,</strong></span> <span class='ocrx_word' id='word_1_511' title='bbox 2629 3128 2710 3184; x_wconf 84' lang='lat' dir='ltr'><strong>vel</strong></span> <span class='ocrx_word' id='word_1_512' title='bbox 2752 3131 2803 3184; x_wconf 89' lang='lat' dir='ltr'><strong>in</strong></span> <span class='ocrx_word' id='word_1_513' title='bbox 2834 3129 3109 3188; x_wconf 85' lang='lat' dir='ltr'><strong>fortencia</strong></span> <span class='ocrx_word' id='word_1_514' title='bbox 3139 3179 3152 3197; x_wconf 90' lang='lat'><strong>,</strong></span> <span class='ocrx_word' id='word_1_515' title='bbox 3192 3147 3244 3190; x_wconf 88' lang='lat' dir='ltr'><strong>et</strong></span> <span class='ocrx_word' id='word_1_516' title='bbox 3270 3140 3336 3192; x_wconf 83' lang='lat' dir='ltr'><strong>de</strong></span> 
     </span>
    </p>
   </div>
   <div class='ocr_carea' id='block_1_76' title="bbox 1748 3213 3334 3289">
    <p class='ocr_par' dir='ltr' id='par_1_76' title="bbox 1748 3213 3334 3289">
     <span class='ocr_line' id='line_1_76' title="bbox 1748 3213 3334 3289; baseline 0.009 -22"><span class='ocrx_word' id='word_1_517' title='bbox 1748 3213 2041 3279; x_wconf 74' lang='lat' dir='ltr'><strong>fratribus,</strong></span> <span class='ocrx_word' id='word_1_518' title='bbox 2080 3216 2170 3285; x_wconf 88' lang='lat' dir='ltr'><strong>qui</strong></span> <span class='ocrx_word' id='word_1_519' title='bbox 2216 3218 2575 3285; x_wconf 86' lang='lat' dir='ltr'><strong>personaliter</strong></span> <span class='ocrx_word' id='word_1_520' title='bbox 2619 3235 2723 3275; x_wconf 88' lang='lat' dir='ltr'><strong>non</strong></span> <span class='ocrx_word' id='word_1_521' title='bbox 2770 3220 2997 3277; x_wconf 90' lang='lat' dir='ltr'><strong>aderant</strong></span> <span class='ocrx_word' id='word_1_522' title='bbox 3042 3224 3334 3289; x_wconf 70' lang='lat' dir='ltr'><strong>elecuoni,</strong></span> 
     </span>
    </p>
   </div>
   <div class='ocr_carea' id='block_1_77' title="bbox 1746 3312 3336 3385">
    <p class='ocr_par' dir='ltr' id='par_1_77' title="bbox 1746 3312 3336 3385">
     <span class='ocr_line' id='line_1_77' title="bbox 1746 3312 3336 3385; baseline 0.009 -22"><span class='ocrx_word' id='word_1_523' title='bbox 1746 3312 2184 3379; x_wconf 86' lang='lat' dir='ltr'><strong>procurationem</strong></span> <span class='ocrx_word' id='word_1_524' title='bbox 2215 3329 2378 3384; x_wconf 88' lang='lat' dir='ltr'><strong>super</strong></span> <span class='ocrx_word' id='word_1_525' title='bbox 2406 3317 2623 3385; x_wconf 80' lang='lat' dir='ltr'><strong>negotio</strong></span> <span class='ocrx_word' id='word_1_526' title='bbox 2651 3316 2954 3384; x_wconf 83' lang='lat' dir='ltr'><strong>faciebant;</strong></span> <span class='ocrx_word' id='word_1_527' title='bbox 2984 3329 3038 3375; x_wconf 91' lang='lat' dir='ltr'><strong>et</strong></span> <span class='ocrx_word' id='word_1_528' title='bbox 3069 3336 3133 3376; x_wconf 88' lang='lat' dir='ltr'><strong>eo</strong></span> <span class='ocrx_word' id='word_1_529' title='bbox 3162 3324 3336 3378; x_wconf 76' lang='lat' dir='ltr'><strong>electo</strong></span> 
     </span>
    </p>
   </div>
   <div class='ocr_carea' id='block_1_78' title="bbox 1747 3402 3337 3480">
    <p class='ocr_par' dir='ltr' id='par_1_78' title="bbox 1747 3402 3337 3480">
     <span class='ocr_line' id='line_1_78' title="bbox 1747 3402 3337 3480; baseline 0.009 -27"><span class='ocrx_word' id='word_1_530' title='bbox 1747 3402 1849 3453; x_wconf 88' lang='lat' dir='ltr'><strong>fuit</strong></span> <span class='ocrx_word' id='word_1_531' title='bbox 1874 3402 2192 3458; x_wconf 79' lang='lat' dir='ltr'><strong>benedictus</strong></span> <span class='ocrx_word' id='word_1_532' title='bbox 2218 3404 2269 3458; x_wconf 91' lang='lat' dir='ltr'><strong>in</strong></span> <span class='ocrx_word' id='word_1_533' title='bbox 2296 3405 2526 3460; x_wconf 77' lang='lat' dir='ltr'><strong>ecclesia</strong></span> <span class='ocrx_word' id='word_1_534' title='bbox 2555 3406 3009 3480; x_wconf 80' lang='lat' dir='ltr'><strong>Rothomagensi,</strong></span> <span class='ocrx_word' id='word_1_535' title='bbox 3040 3420 3093 3465; x_wconf 90' lang='lat' dir='ltr'><strong>et</strong></span> <span class='ocrx_word' id='word_1_536' title='bbox 3122 3414 3174 3466; x_wconf 91' lang='lat' dir='ltr'><strong>in</strong></span> <span class='ocrx_word' id='word_1_537' title='bbox 3200 3414 3337 3469; x_wconf 88' lang='lat' dir='ltr'><strong>civi-</strong></span> 
     </span>
    </p>
   </div>
   <div class='ocr_carea' id='block_1_79' title="bbox 1750 3491 3334 3572">
    <p class='ocr_par' dir='ltr' id='par_1_79' title="bbox 1750 3491 3334 3572">
     <span class='ocr_line' id='line_1_79' title="bbox 1750 3491 3334 3572; baseline 0.008 -29"><span class='ocrx_word' id='word_1_538' title='bbox 1750 3500 1858 3545; x_wconf 86' lang='lat' dir='ltr'><strong>tate</strong></span> <span class='ocrx_word' id='word_1_539' title='bbox 1887 3491 2332 3564; x_wconf 77' lang='lat' dir='ltr'><strong>Rotbomagensi,</strong></span> <span class='ocrx_word' id='word_1_540' title='bbox 2368 3496 2581 3565; x_wconf 74' lang='lat' dir='ltr'><strong>guerris</strong></span> <span class='ocrx_word' id='word_1_541' title='bbox 2611 3499 2689 3552; x_wconf 91' lang='lat' dir='ltr'><strong>sic</strong></span> <span class='ocrx_word' id='word_1_542' title='bbox 2720 3500 2773 3553; x_wconf 90' lang='lat' dir='ltr'><strong>in</strong></span> <span class='ocrx_word' id='word_1_543' title='bbox 2800 3502 2973 3569; x_wconf 83' lang='lat' dir='ltr'><strong>patria</strong></span> <span class='ocrx_word' id='word_1_544' title='bbox 3003 3504 3334 3572; x_wconf 82' lang='lat' dir='ltr'><strong>vigentibus,</strong></span> 
     </span>
    </p>
   </div>
   <div class='ocr_carea' id='block_1_80' title="bbox 1746 3583 3335 3659">
    <p class='ocr_par' dir='ltr' id='par_1_80' title="bbox 1746 3583 3335 3659">
     <span class='ocr_line' id='line_1_80' title="bbox 1746 3583 3335 3659; baseline 0.009 -23"><span class='ocrx_word' id='word_1_545' title='bbox 1746 3583 1966 3647; x_wconf 88' lang='lat' dir='ltr'><strong>resedit,</strong></span> <span class='ocrx_word' id='word_1_546' title='bbox 1994 3584 2117 3654; x_wconf 77' lang='lat' dir='ltr'><strong>quia</strong></span> <span class='ocrx_word' id='word_1_547' title='bbox 2148 3585 2263 3639; x_wconf 90' lang='lat' dir='ltr'><strong>sine</strong></span> <span class='ocrx_word' id='word_1_548' title='bbox 2294 3602 2489 3654; x_wconf 71' lang='lat' dir='ltr'><strong>magno</strong></span> <span class='ocrx_word' id='word_1_549' title='bbox 2516 3589 2759 3655; x_wconf 84' lang='lat' dir='ltr'><strong>periculo</strong></span> <span class='ocrx_word' id='word_1_550' title='bbox 2789 3592 3053 3659; x_wconf 75' lang='lat' dir='ltr'><strong>potuisset</strong></span> <span class='ocrx_word' id='word_1_551' title='bbox 3080 3595 3129 3647; x_wconf 90' lang='lat' dir='ltr'><strong>in</strong></span> <span class='ocrx_word' id='word_1_552' title='bbox 3159 3595 3335 3651; x_wconf 86' lang='lat' dir='ltr'><strong>eccle-</strong></span> 
     </span>
    </p>
   </div>
   <div class='ocr_carea' id='block_1_81' title="bbox 1747 3668 3332 3758">
    <p class='ocr_par' dir='ltr' id='par_1_81' title="bbox 1747 3668 3332 3758">
     <span class='ocr_line' id='line_1_81' title="bbox 1747 3668 3332 3758; baseline 0.008 -29"><span class='ocrx_word' id='word_1_553' title='bbox 1747 3677 1824 3729; x_wconf 87' lang='lat' dir='ltr'><strong>sia</strong></span> <span class='ocrx_word' id='word_1_554' title='bbox 1875 3676 2029 3732; x_wconf 90' lang='lat' dir='ltr'><strong>Becci</strong></span> <span class='ocrx_word' id='word_1_555' title='bbox 2086 3680 2341 3733; x_wconf 84' lang='lat' dir='ltr'><strong>residere.</strong></span> <span class='ocrx_word' id='word_1_556' title='bbox 2396 3679 2460 3733; x_wconf 84' lang='lat' dir='ltr'><strong>Et</strong></span> <span class='ocrx_word' id='word_1_557' title='bbox 2508 3697 2573 3735; x_wconf 92' lang='lat' dir='ltr'><strong>eo</strong></span> <span class='ocrx_word' id='word_1_558' title='bbox 2618 3682 2697 3735; x_wconf 85' lang='lat' dir='ltr'><strong>sic.</strong></span> <span class='ocrx_word' id='word_1_559' title='bbox 2749 3668 2889 3751; x_wconf 73' lang='lat' dir='ltr'><strong>apud</strong></span> <span class='ocrx_word' id='word_1_560' title='bbox 2938 3683 3332 3758; x_wconf 80' lang='lat' dir='ltr'><strong>Ilothomagnm</strong></span> 
     </span>
    </p>
   </div>
   <div class='ocr_carea' id='block_1_82' title="bbox 1746 3770 3330 3849">
    <p class='ocr_par' dir='ltr' id='par_1_82' title="bbox 1746 3770 3330 3849">
     <span class='ocr_line' id='line_1_82' title="bbox 1746 3770 3330 3849; baseline 0.009 -29"><span class='ocrx_word' id='word_1_561' title='bbox 1746 3770 1971 3825; x_wconf 87' lang='lat' dir='ltr'><strong>absente</strong></span> <span class='ocrx_word' id='word_1_562' title='bbox 2005 3771 2210 3840; x_wconf 87' lang='lat' dir='ltr'><strong>pluries</strong></span> <span class='ocrx_word' id='word_1_563' title='bbox 2241 3770 2339 3826; x_wconf 87' lang='lat' dir='ltr'><strong>fuit</strong></span> <span class='ocrx_word' id='word_1_564' title='bbox 2371 3772 2513 3828; x_wconf 89' lang='lat' dir='ltr'><strong>dicta</strong></span> <span class='ocrx_word' id='word_1_565' title='bbox 2547 3772 2775 3849; x_wconf 85' lang='lat' dir='ltr'><strong>ecclesia</strong></span> <span class='ocrx_word' id='word_1_566' title='bbox 2813 3776 2966 3830; x_wconf 84' lang='lat' dir='ltr'><strong>Becci</strong></span> <span class='ocrx_word' id='word_1_567' title='bbox 3002 3772 3330 3845; x_wconf 71' lang='lat' dir='ltr'><strong>tleprtedata.</strong></span> 
     </span>
    </p>
   </div>
   <div class='ocr_carea' id='block_1_83' title="bbox 1746 3856 3335 3938">
    <p class='ocr_par' dir='ltr' id='par_1_83' title="bbox 1746 3856 3335 3938">
     <span class='ocr_line' id='line_1_83' title="bbox 1746 3856 3335 3938; baseline 0.008 -24"><span class='ocrx_word' id='word_1_568' title='bbox 1746 3859 1813 3914; x_wconf 88' lang='lat' dir='ltr'><strong>Et</strong></span> <span class='ocrx_word' id='word_1_569' title='bbox 1843 3862 1885 3916; x_wconf 92' lang='lat' dir='ltr'><strong>si</strong></span> <span class='ocrx_word' id='word_1_570' title='bbox 1924 3862 2049 3931; x_wconf 89' lang='lat' dir='ltr'><strong>quis</strong></span> <span class='ocrx_word' id='word_1_571' title='bbox 2083 3863 2365 3918; x_wconf 89' lang='lat' dir='ltr'><strong>videretur</strong></span> <span class='ocrx_word' id='word_1_572' title='bbox 2398 3864 2538 3919; x_wconf 91' lang='lat' dir='ltr'><strong>unde</strong></span> <span class='ocrx_word' id='word_1_573' title='bbox 2564 3858 2904 3921; x_wconf 85' lang='lat' dir='ltr'><strong>commodum</strong></span> <span class='ocrx_word' id='word_1_574' title='bbox 2944 3856 3211 3938; x_wconf 85' lang='lat' dir='ltr'><strong>potuisset</strong></span> <span class='ocrx_word' id='word_1_575' title='bbox 3240 3872 3335 3926; x_wconf 87' lang='lat' dir='ltr'><strong>ha-</strong></span> 
     </span>
    </p>
   </div>
   <div class='ocr_carea' id='block_1_84' title="bbox 1745 3951 3334 4026">
    <p class='ocr_par' dir='ltr' id='par_1_84' title="bbox 1745 3951 3334 4026">
     <span class='ocr_line' id='line_1_84' title="bbox 1745 3951 3334 4026; baseline 0.008 -21"><span class='ocrx_word' id='word_1_576' title='bbox 1745 3951 1882 4015; x_wconf 91' lang='lat' dir='ltr'><strong>heri,</strong></span> <span class='ocrx_word' id='word_1_577' title='bbox 1916 3953 2029 4006; x_wconf 89' lang='lat' dir='ltr'><strong>sive</strong></span> <span class='ocrx_word' id='word_1_578' title='bbox 2060 3952 2247 4014; x_wconf 86' lang='lat' dir='ltr'><strong>abbas,</strong></span> <span class='ocrx_word' id='word_1_579' title='bbox 2282 3954 2394 4009; x_wconf 84' lang='lat' dir='ltr'><strong>sive</strong></span> <span class='ocrx_word' id='word_1_580' title='bbox 2423 3956 2593 4025; x_wconf 90' lang='lat' dir='ltr'><strong>prior,</strong></span> <span class='ocrx_word' id='word_1_581' title='bbox 2633 3957 2747 4011; x_wconf 84' lang='lat' dir='ltr'><strong>sive</strong></span> <span class='ocrx_word' id='word_1_582' title='bbox 2778 3958 3032 4026; x_wconf 74' lang='lat' dir='ltr'><strong>clericus,</strong></span> <span class='ocrx_word' id='word_1_583' title='bbox 3064 3963 3179 4018; x_wconf 90' lang='lat' dir='ltr'><strong>sive</strong></span> <span class='ocrx_word' id='word_1_584' title='bbox 3211 3978 3334 4018; x_wconf 86' lang='lat' dir='ltr'><strong>mu-</strong></span> 
     </span>
    </p>
   </div>
   <div class='ocr_carea' id='block_1_85' title="bbox 1746 4043 3335 4122">
    <p class='ocr_par' dir='ltr' id='par_1_85' title="bbox 1746 4043 3335 4122">
     <span class='ocr_line' id='line_1_85' title="bbox 1746 4043 3335 4122; baseline 0.009 -27"><span class='ocrx_word' id='word_1_585' title='bbox 1746 4043 1865 4110; x_wconf 90' lang='lat' dir='ltr'><strong>lier,</strong></span> <span class='ocrx_word' id='word_1_586' title='bbox 1890 4052 1981 4098; x_wconf 90' lang='lat' dir='ltr'><strong>aut</strong></span> <span class='ocrx_word' id='word_1_587' title='bbox 2003 4059 2338 4116; x_wconf 58' lang='lat' dir='ltr'><strong>quaecunque</strong></span> <span class='ocrx_word' id='word_1_588' title='bbox 2355 4062 2611 4116; x_wconf 89' lang='lat' dir='ltr'><strong>persona,</strong></span> <span class='ocrx_word' id='word_1_589' title='bbox 2635 4050 2970 4117; x_wconf 89' lang='lat' dir='ltr'><strong>capiebatur,</strong></span> <span class='ocrx_word' id='word_1_590' title='bbox 2989 4059 3044 4105; x_wconf 89' lang='lat' dir='ltr'><strong>et</strong></span> <span class='ocrx_word' id='word_1_591' title='bbox 3058 4053 3335 4122; x_wconf 78' lang='lat' dir='ltr'><strong>suppliciis</strong></span> 
     </span>
    </p>
   </div>
   <div class='ocr_carea' id='block_1_86' title="bbox 1747 4134 3333 4211">
    <p class='ocr_par' dir='ltr' id='par_1_86' title="bbox 1747 4134 3333 4211">
     <span class='ocr_line' id='line_1_86' title="bbox 1747 4134 3333 4211; baseline 0.008 -25"><span class='ocrx_word' id='word_1_592' title='bbox 1747 4134 2055 4190; x_wconf 84' lang='lat' dir='ltr'><strong>vexabatur</strong></span> <span class='ocrx_word' id='word_1_593' title='bbox 2086 4152 2257 4206; x_wconf 89' lang='lat' dir='ltr'><strong>usque</strong></span> <span class='ocrx_word' id='word_1_594' title='bbox 2298 4139 2364 4192; x_wconf 91' lang='lat' dir='ltr'><strong>ad</strong></span> <span class='ocrx_word' id='word_1_595' title='bbox 2404 4139 2729 4194; x_wconf 85' lang='lat' dir='ltr'><strong>solutionem</strong></span> <span class='ocrx_word' id='word_1_596' title='bbox 2770 4142 3154 4211; x_wconf 83' lang='lat' dir='ltr'><strong>redemptionis</strong></span> <span class='ocrx_word' id='word_1_597' title='bbox 3200 4160 3333 4199; x_wconf 73' lang='lat' dir='ltr'><strong>sure.</strong></span> 
     </span>
    </p>
   </div>
   <div class='ocr_carea' id='block_1_87' title="bbox 1747 4227 3334 4297">
    <p class='ocr_par' dir='ltr' id='par_1_87' title="bbox 1747 4227 3334 4297">
     <span class='ocr_line' id='line_1_87' title="bbox 1747 4227 3334 4297; baseline 0.006 -16"><span class='ocrx_word' id='word_1_598' title='bbox 1747 4227 1813 4281; x_wconf 80' lang='lat' dir='ltr'><strong>Et</strong></span> <span class='ocrx_word' id='word_1_599' title='bbox 1849 4228 2093 4297; x_wconf 88' lang='lat' dir='ltr'><strong>pluribus</strong></span> <span class='ocrx_word' id='word_1_600' title='bbox 2124 4230 2435 4284; x_wconf 88' lang='lat' dir='ltr'><strong>incursibus</strong></span> <span class='ocrx_word' id='word_1_601' title='bbox 2468 4232 2703 4286; x_wconf 89' lang='lat' dir='ltr'><strong>hostium</strong></span> <span class='ocrx_word' id='word_1_602' title='bbox 2735 4232 2832 4286; x_wconf 90' lang='lat' dir='ltr'><strong>fuit</strong></span> <span class='ocrx_word' id='word_1_603' title='bbox 2860 4234 3088 4288; x_wconf 89' lang='lat' dir='ltr'><strong>ecclesia</strong></span> <span class='ocrx_word' id='word_1_604' title='bbox 3120 4236 3334 4291; x_wconf 88' lang='lat' dir='ltr'><strong>cunctis</strong></span> 
     </span>
    </p>
   </div>
   <div class='ocr_carea' id='block_1_88' title="bbox 1745 4319 3335 4395">
    <p class='ocr_par' dir='ltr' id='par_1_88' title="bbox 1745 4319 3335 4395">
     <span class='ocr_line' id='line_1_88' title="bbox 1745 4319 3335 4395; baseline 0.007 -23"><span class='ocrx_word' id='word_1_605' title='bbox 1745 4319 1902 4373; x_wconf 91' lang='lat' dir='ltr'><strong>bonis</strong></span> <span class='ocrx_word' id='word_1_606' title='bbox 1929 4321 2153 4389; x_wconf 79' lang='lat' dir='ltr'><strong>Spoliata</strong></span> <span class='ocrx_word' id='word_1_607' title='bbox 2172 4362 2186 4383; x_wconf 92' lang='lat'><strong>,</strong></span> <span class='ocrx_word' id='word_1_608' title='bbox 2230 4330 2287 4376; x_wconf 91' lang='lat' dir='ltr'><strong>et</strong></span> <span class='ocrx_word' id='word_1_609' title='bbox 2314 4332 2609 4392; x_wconf 82' lang='lat' dir='ltr'><strong>proventus</strong></span> <span class='ocrx_word' id='word_1_610' title='bbox 2637 4324 2883 4379; x_wconf 63' lang='lat' dir='ltr'><strong>ecclesiae</strong></span> <span class='ocrx_word' id='word_1_611' title='bbox 2912 4326 3066 4395; x_wconf 90' lang='lat' dir='ltr'><strong>quasi</strong></span> <span class='ocrx_word' id='word_1_612' title='bbox 3094 4328 3160 4381; x_wconf 89' lang='lat' dir='ltr'><strong>ad</strong></span> <span class='ocrx_word' id='word_1_613' title='bbox 3192 4329 3335 4383; x_wconf 81' lang='lat' dir='ltr'><strong>nihi-</strong></span> 
     </span>
    </p>
   </div>
   <div class='ocr_carea' id='block_1_89' title="bbox 1747 4409 3333 4478">
    <p class='ocr_par' dir='ltr' id='par_1_89' title="bbox 1747 4409 3333 4478">
     <span class='ocr_line' id='line_1_89' title="bbox 1747 4409 3333 4478; baseline 0.008 -16"><span class='ocrx_word' id='word_1_614' title='bbox 1747 4409 1859 4463; x_wconf 90' lang='lat' dir='ltr'><strong>lum</strong></span> <span class='ocrx_word' id='word_1_615' title='bbox 1890 4410 2125 4475; x_wconf 88' lang='lat' dir='ltr'><strong>redacti,</strong></span> <span class='ocrx_word' id='word_1_616' title='bbox 2154 4427 2275 4466; x_wconf 91' lang='lat' dir='ltr'><strong>cum</strong></span> <span class='ocrx_word' id='word_1_617' title='bbox 2337 4412 2515 4465; x_wconf 75' lang='lat' dir='ltr'><strong>mullus</strong></span> <span class='ocrx_word' id='word_1_618' title='bbox 2548 4422 2818 4478; x_wconf 87' lang='lat' dir='ltr'><strong>maneret,</strong></span> <span class='ocrx_word' id='word_1_619' title='bbox 2851 4425 2945 4470; x_wconf 89' lang='lat' dir='ltr'><strong>aut</strong></span> <span class='ocrx_word' id='word_1_620' title='bbox 2984 4418 3245 4474; x_wconf 81' lang='lat' dir='ltr'><strong>resideret</strong></span> <span class='ocrx_word' id='word_1_621' title='bbox 3280 4420 3333 4475; x_wconf 90' lang='lat' dir='ltr'><strong>in</strong></span> 
     </span>
    </p>
   </div>
   <div class='ocr_carea' id='block_1_90' title="bbox 101 4503 3334 4580">
    <p class='ocr_par' dir='ltr' id='par_1_90' title="bbox 101 4503 3334 4580">
     <span class='ocr_line' id='line_1_90' title="bbox 101 4503 3334 4580; baseline 0.005 -29"><span class='ocrx_word' id='word_1_622' title='bbox 101 4513 312 4567; x_wconf 75' lang='lat' dir='ltr'><strong>expresse</strong></span> <span class='ocrx_word' id='word_1_623' title='bbox 340 4508 620 4580; x_wconf 74' lang='lat' dir='ltr'><strong>prmcepit,</strong></span> <span class='ocrx_word' id='word_1_624' title='bbox 650 4508 795 4577; x_wconf 89' lang='lat' dir='ltr'><strong>quod</strong></span> <span class='ocrx_word' id='word_1_625' title='bbox 825 4508 935 4577; x_wconf 77' lang='lat' dir='ltr'><strong>ipsa</strong></span> <span class='ocrx_word' id='word_1_626' title='bbox 967 4505 1242 4562; x_wconf 86' lang='lat' dir='ltr'><strong>fortericia</strong></span> <span class='ocrx_word' id='word_1_627' title='bbox 1270 4506 1638 4571; x_wconf 88' lang='lat' dir='ltr'><strong>demolirctnr,</strong></span> <span class='ocrx_word' id='word_1_628' title='bbox 1670 4513 1723 4575; x_wconf 80' lang='grc' dir='ltr'><strong>Ῑ)</strong></span> <span class='ocrx_word' id='word_1_629' title='bbox 1749 4503 2090 4573; x_wconf 89' lang='lat' dir='ltr'><strong>possessione</strong></span> <span class='ocrx_word' id='word_1_630' title='bbox 2120 4520 2215 4558; x_wconf 89' lang='lat' dir='ltr'><strong>sua</strong></span> <span class='ocrx_word' id='word_1_631' title='bbox 2236 4546 2250 4568; x_wconf 84' lang='lat'><strong>,</strong></span> <span class='ocrx_word' id='word_1_632' title='bbox 2284 4519 2383 4559; x_wconf 87' lang='lat' dir='ltr'><strong>nec</strong></span> <span class='ocrx_word' id='word_1_633' title='bbox 2416 4512 2593 4558; x_wconf 87' lang='lat' dir='ltr'><strong>terras</strong></span> <span class='ocrx_word' id='word_1_634' title='bbox 2631 4520 2759 4560; x_wconf 89' lang='lat' dir='ltr'><strong>suas</strong></span> <span class='ocrx_word' id='word_1_635' title='bbox 2784 4507 3016 4567; x_wconf 82' lang='lat' dir='ltr'><strong>coleret.</strong></span> <span class='ocrx_word' id='word_1_636' title='bbox 3053 4511 3152 4564; x_wconf 89' lang='lat' dir='ltr'><strong>nisi</strong></span> <span class='ocrx_word' id='word_1_637' title='bbox 3183 4513 3334 4580; x_wconf 89' lang='lat' dir='ltr'><strong>prius</strong></span> 
     </span>
    </p>
   </div>
   <div class='ocr_carea' id='block_1_91' title="bbox 104 4593 1640 4667">
    <p class='ocr_par' dir='ltr' id='par_1_91' title="bbox 104 4593 1640 4667">
     <span class='ocr_line' id='line_1_91' title="bbox 104 4593 1640 4667; baseline 0.007 -27"><span class='ocrx_word' id='word_1_638' title='bbox 104 4600 144 4641; x_wconf 85' lang='lat' dir='ltr'><strong>et</strong></span> <span class='ocrx_word' id='word_1_639' title='bbox 172 4593 521 4651; x_wconf 83' lang='lat' dir='ltr'><strong>destrueretur</strong></span> <span class='ocrx_word' id='word_1_640' title='bbox 556 4598 812 4666; x_wconf 81' lang='lat' dir='ltr'><strong>expensis</strong></span> <span class='ocrx_word' id='word_1_641' title='bbox 848 4598 1129 4664; x_wconf 71' lang='lat' dir='ltr'><strong>ecclesiae;</strong></span> <span class='ocrx_word' id='word_1_642' title='bbox 1162 4598 1303 4667; x_wconf 88' lang='lat' dir='ltr'><strong>quod</strong></span> <span class='ocrx_word' id='word_1_643' title='bbox 1337 4598 1406 4652; x_wconf 90' lang='lat' dir='ltr'><strong>ita</strong></span> <span class='ocrx_word' id='word_1_644' title='bbox 1440 4597 1640 4652; x_wconf 89' lang='lat' dir='ltr'><strong>factum</strong></span> 
     </span>
    </p>
   </div>
   <div class='ocr_carea' id='block_1_92' title="bbox 106 4689 1643 4758">
    <p class='ocr_par' dir='ltr' id='par_1_92' title="bbox 106 4689 1643 4758">
     <span class='ocr_line' id='line_1_92' title="bbox 106 4689 1643 4758; baseline 0.005 -21"><span class='ocrx_word' id='word_1_645' title='bbox 106 4689 200 4745; x_wconf 53' lang='lat' dir='ltr'><strong>est;</strong></span> <span class='ocrx_word' id='word_1_646' title='bbox 229 4695 401 4741; x_wconf 86' lang='lat' dir='ltr'><strong>etnon</strong></span> <span class='ocrx_word' id='word_1_647' title='bbox 432 4689 608 4743; x_wconf 86' lang='lat' dir='ltr'><strong>solum</strong></span> <span class='ocrx_word' id='word_1_648' title='bbox 639 4689 750 4758; x_wconf 83' lang='lat' dir='ltr'><strong>ipsa</strong></span> <span class='ocrx_word' id='word_1_649' title='bbox 783 4690 1059 4745; x_wconf 85' lang='lat' dir='ltr'><strong>forterieia</strong></span> <span class='ocrx_word' id='word_1_650' title='bbox 1090 4691 1360 4745; x_wconf 87' lang='lat' dir='ltr'><strong>destructa</strong></span> <span class='ocrx_word' id='word_1_651' title='bbox 1391 4690 1521 4757; x_wconf 91' lang='lat' dir='ltr'><strong>fuit,</strong></span> <span class='ocrx_word' id='word_1_652' title='bbox 1549 4689 1643 4746; x_wconf 88' lang='lat' dir='ltr'><strong>sed</strong></span> 
     </span>
    </p>
   </div>
   <div class='ocr_carea' id='block_1_93' title="bbox 106 4778 1645 4851">
    <p class='ocr_par' dir='ltr' id='par_1_93' title="bbox 106 4778 1645 4851">
     <span class='ocr_line' id='line_1_93' title="bbox 106 4778 1645 4851; baseline 0.014 -36"><span class='ocrx_word' id='word_1_653' title='bbox 106 4782 259 4829; x_wconf 81' lang='lat' dir='ltr'><strong>omnes</strong></span> <span class='ocrx_word' id='word_1_654' title='bbox 285 4778 471 4833; x_wconf 86' lang='lat' dir='ltr'><strong>domus</strong></span> <span class='ocrx_word' id='word_1_655' title='bbox 503 4780 1022 4851; x_wconf 84' lang='lat' dir='ltr'><strong>circumadjaceutes</strong></span> <span class='ocrx_word' id='word_1_656' title='bbox 1056 4781 1293 4851; x_wconf 89' lang='lat' dir='ltr'><strong>oportuit</strong></span> <span class='ocrx_word' id='word_1_657' title='bbox 1340 4781 1491 4837; x_wconf 87' lang='lat' dir='ltr'><strong>evelli</strong></span> <span class='ocrx_word' id='word_1_658' title='bbox 1524 4783 1645 4837; x_wconf 84' lang='lat' dir='ltr'><strong>fun-</strong></span> 
     </span>
    </p>
   </div>
   <div class='ocr_carea' id='block_1_94' title="bbox 109 4857 235 4914">
    <p class='ocr_par' dir='ltr' id='par_1_94' title="bbox 109 4857 235 4914">
     <span class='ocr_line' id='line_1_94' title="bbox 109 4857 235 4914; baseline 0.032 -4"><span class='ocrx_word' id='word_1_659' title='bbox 109 4857 235 4914; x_wconf 84' lang='lat' dir='ltr'><strong>ditus.</strong></span> 
     </span>
    </p>
   </div>
   <div class='ocr_carea' id='block_1_95' title="bbox 162 4949 1646 5029">
    <p class='ocr_par' dir='ltr' id='par_1_95' title="bbox 162 4949 1646 5029">
     <span class='ocr_line' id='line_1_95' title="bbox 162 4949 1646 5029; baseline 0.009 -24"><span class='ocrx_word' id='word_1_660' title='bbox 162 4949 217 5005; x_wconf 82' lang='lat' dir='ltr'><strong>Et</strong></span> <span class='ocrx_word' id='word_1_661' title='bbox 250 4968 361 5024; x_wconf 85' lang='lat' dir='ltr'><strong>post</strong></span> <span class='ocrx_word' id='word_1_662' title='bbox 393 4959 705 5028; x_wconf 80' lang='lat' dir='ltr'><strong>praedictam</strong></span> <span class='ocrx_word' id='word_1_663' title='bbox 751 4959 918 5029; x_wconf 91' lang='lat' dir='ltr'><strong>ipsius</strong></span> <span class='ocrx_word' id='word_1_664' title='bbox 962 4959 1209 5017; x_wconf 85' lang='lat' dir='ltr'><strong>ecclesiae</strong></span> <span class='ocrx_word' id='word_1_665' title='bbox 1253 4962 1646 5019; x_wconf 82' lang='lat' dir='ltr'><strong>reconciliatio-</strong></span> 
     </span>
    </p>
   </div>
   <div class='ocr_carea' id='block_1_96' title="bbox 111 5048 1645 5120">
    <p class='ocr_par' dir='ltr' id='par_1_96' title="bbox 111 5048 1645 5120">
     <span class='ocr_line' id='line_1_96' title="bbox 111 5048 1645 5120; baseline 0.012 -31"><span class='ocrx_word' id='word_1_666' title='bbox 111 5050 205 5094; x_wconf 88' lang='lat' dir='ltr'><strong>nem</strong></span> <span class='ocrx_word' id='word_1_667' title='bbox 226 5084 239 5108; x_wconf 89' lang='lat'><strong>,</strong></span> <span class='ocrx_word' id='word_1_668' title='bbox 266 5055 316 5099; x_wconf 88' lang='lat' dir='ltr'><strong>et</strong></span> <span class='ocrx_word' id='word_1_669' title='bbox 350 5048 518 5117; x_wconf 87' lang='lat' dir='ltr'><strong>ipsius</strong></span> <span class='ocrx_word' id='word_1_670' title='bbox 553 5049 841 5104; x_wconf 76' lang='lat' dir='ltr'><strong>fortericia:</strong></span> <span class='ocrx_word' id='word_1_671' title='bbox 885 5050 1318 5116; x_wconf 86' lang='lat' dir='ltr'><strong>demolitionem,</strong></span> <span class='ocrx_word' id='word_1_672' title='bbox 1356 5054 1645 5120; x_wconf 81' lang='lat' dir='ltr'><strong>praedictus</strong></span> 
     </span>
    </p>
   </div>
   <div class='ocr_carea' id='block_1_97' title="bbox 112 5135 1642 5210">
    <p class='ocr_par' dir='ltr' id='par_1_97' title="bbox 112 5135 1642 5210">
     <span class='ocr_line' id='line_1_97' title="bbox 112 5135 1642 5210; baseline 0.01 -30"><span class='ocrx_word' id='word_1_673' title='bbox 112 5135 396 5190; x_wconf 79' lang='lat' dir='ltr'><strong>reverendus</strong></span> <span class='ocrx_word' id='word_1_674' title='bbox 423 5137 585 5192; x_wconf 84' lang='lat' dir='ltr'><strong>Pater</strong></span> <span class='ocrx_word' id='word_1_675' title='bbox 614 5139 882 5192; x_wconf 81' lang='lat' dir='ltr'><strong>Robertus</strong></span> <span class='ocrx_word' id='word_1_676' title='bbox 914 5140 1202 5194; x_wconf 83' lang='lat' dir='ltr'><strong>revertitdr</strong></span> <span class='ocrx_word' id='word_1_677' title='bbox 1226 5141 1292 5194; x_wconf 89' lang='lat' dir='ltr'><strong>ad</strong></span> <span class='ocrx_word' id='word_1_678' title='bbox 1324 5143 1642 5210; x_wconf 69' lang='lat' dir='ltr'><strong>prmdictum</strong></span> 
     </span>
    </p>
   </div>
   <div class='ocr_carea' id='block_1_98' title="bbox 114 5226 1647 5300">
    <p class='ocr_par' dir='ltr' id='par_1_98' title="bbox 114 5226 1647 5300">
     <span class='ocr_line' id='line_1_98' title="bbox 114 5226 1647 5300; baseline 0.011 -34"><span class='ocrx_word' id='word_1_679' title='bbox 114 5227 237 5272; x_wconf 71' lang='lat' dir='ltr'><strong>nzoua</strong></span> <span class='ocrx_word' id='word_1_680' title='bbox 270 5226 485 5292; x_wconf 78' lang='lat' dir='ltr'><strong>teriam,</strong></span> <span class='ocrx_word' id='word_1_681' title='bbox 522 5236 577 5281; x_wconf 90' lang='lat' dir='ltr'><strong>et</strong></span> <span class='ocrx_word' id='word_1_682' title='bbox 622 5230 787 5297; x_wconf 68' lang='lat' dir='ltr'><strong>erepit</strong></span> <span class='ocrx_word' id='word_1_683' title='bbox 836 5228 1165 5283; x_wconf 66' lang='lat' dir='ltr'><strong>reacdilicare</strong></span> <span class='ocrx_word' id='word_1_684' title='bbox 1210 5230 1419 5300; x_wconf 88' lang='lat' dir='ltr'><strong>aliquas</strong></span> <span class='ocrx_word' id='word_1_685' title='bbox 1459 5232 1647 5284; x_wconf 91' lang='lat' dir='ltr'><strong>domos</strong></span> 
     </span>
    </p>
   </div>
   <div class='ocr_carea' id='block_1_99' title="bbox 112 5303 1647 5389">
    <p class='ocr_par' dir='ltr' id='par_1_99' title="bbox 112 5303 1647 5389">
     <span class='ocr_line' id='line_1_99' title="bbox 112 5303 1647 5389; baseline 0.01 -32"><span class='ocrx_word' id='word_1_686' title='bbox 112 5303 385 5376; x_wconf 80' lang='lat' dir='ltr'><strong>destructas,</strong></span> <span class='ocrx_word' id='word_1_687' title='bbox 416 5326 468 5371; x_wconf 90' lang='lat' dir='ltr'><strong>et</strong></span> <span class='ocrx_word' id='word_1_688' title='bbox 501 5332 792 5387; x_wconf 87' lang='lat' dir='ltr'><strong>procurare</strong></span> <span class='ocrx_word' id='word_1_689' title='bbox 826 5332 910 5371; x_wconf 85' lang='lat' dir='ltr'><strong>res</strong></span> <span class='ocrx_word' id='word_1_690' title='bbox 941 5318 1256 5374; x_wconf 87' lang='lat' dir='ltr'><strong>monasterii</strong></span> <span class='ocrx_word' id='word_1_691' title='bbox 1308 5335 1428 5389; x_wconf 83' lang='lat' dir='ltr'><strong>quae</strong></span> <span class='ocrx_word' id='word_1_692' title='bbox 1459 5319 1647 5373; x_wconf 78' lang='lat' dir='ltr'><strong>ablata:</strong></span> 
     </span>
    </p>
   </div>
   <div class='ocr_carea' id='block_1_100' title="bbox 113 5393 1646 5478">
    <p class='ocr_par' dir='ltr' id='par_1_100' title="bbox 113 5393 1646 5478">
     <span class='ocr_line' id='line_1_100' title="bbox 113 5393 1646 5478; baseline 0.006 -24"><span class='ocrx_word' id='word_1_693' title='bbox 113 5393 312 5469; x_wconf 65' lang='lat' dir='ltr'><strong>fuerant,</strong></span> <span class='ocrx_word' id='word_1_694' title='bbox 340 5418 393 5461; x_wconf 92' lang='lat' dir='ltr'><strong>et</strong></span> <span class='ocrx_word' id='word_1_695' title='bbox 420 5418 738 5478; x_wconf 85' lang='lat' dir='ltr'><strong>proventus,</strong></span> <span class='ocrx_word' id='word_1_696' title='bbox 771 5419 822 5463; x_wconf 91' lang='lat' dir='ltr'><strong>et</strong></span> <span class='ocrx_word' id='word_1_697' title='bbox 864 5410 1104 5465; x_wconf 90' lang='lat' dir='ltr'><strong>redditus</strong></span> <span class='ocrx_word' id='word_1_698' title='bbox 1144 5412 1273 5465; x_wconf 89' lang='lat' dir='ltr'><strong>dicti</strong></span> <span class='ocrx_word' id='word_1_699' title='bbox 1309 5411 1646 5473; x_wconf 89' lang='lat' dir='ltr'><strong>monasterii,</strong></span> 
     </span>
    </p>
   </div>
   <div class='ocr_carea' id='block_1_101' title="bbox 112 5485 1645 5573">
    <p class='ocr_par' dir='ltr' id='par_1_101' title="bbox 112 5485 1645 5573">
     <span class='ocr_line' id='line_1_101' title="bbox 112 5485 1645 5573; baseline 0.014 -38"><span class='ocrx_word' id='word_1_700' title='bbox 112 5485 308 5563; x_wconf 81' lang='lat' dir='ltr'><strong>charis,</strong></span> <span class='ocrx_word' id='word_1_701' title='bbox 354 5512 405 5554; x_wconf 90' lang='lat' dir='ltr'><strong>et</strong></span> <span class='ocrx_word' id='word_1_702' title='bbox 446 5502 595 5557; x_wconf 87' lang='lat' dir='ltr'><strong>libris</strong></span> <span class='ocrx_word' id='word_1_703' title='bbox 641 5502 782 5572; x_wconf 88' lang='lat' dir='ltr'><strong>apud</strong></span> <span class='ocrx_word' id='word_1_704' title='bbox 829 5502 1257 5573; x_wconf 77' lang='lat' dir='ltr'><strong>llothomagum,</strong></span> <span class='ocrx_word' id='word_1_705' title='bbox 1308 5518 1406 5573; x_wconf 91' lang='lat' dir='ltr'><strong>pro</strong></span> <span class='ocrx_word' id='word_1_706' title='bbox 1458 5504 1645 5573; x_wconf 87' lang='lat' dir='ltr'><strong>majori</strong></span> 
     </span>
    </p>
   </div>
   <div class='ocr_carea' id='block_1_102' title="bbox 113 5594 536 5649">
    <p class='ocr_par' dir='ltr' id='par_1_102' title="bbox 113 5594 536 5649">
     <span class='ocr_line' id='line_1_102' title="bbox 113 5594 536 5649; baseline 0.026 -13"><span class='ocrx_word' id='word_1_707' title='bbox 113 5594 235 5649; x_wconf 66' lang='lat' dir='ltr'><strong>tverte</strong></span> <span class='ocrx_word' id='word_1_708' title='bbox 265 5594 536 5647; x_wconf 86' lang='lat' dir='ltr'><strong>stantibus.</strong></span> 
     </span>
    </p>
   </div>
   <div class='ocr_carea' id='block_1_103' title="bbox 170 5673 1645 5756">
    <p class='ocr_par' dir='ltr' id='par_1_103' title="bbox 170 5673 1645 5756">
     <span class='ocr_line' id='line_1_103' title="bbox 170 5673 1645 5756; baseline 0.007 -24"><span class='ocrx_word' id='word_1_709' title='bbox 170 5673 221 5723; x_wconf 71' lang='lat' dir='ltr'><strong>Et</strong></span> <span class='ocrx_word' id='word_1_710' title='bbox 255 5691 520 5750; x_wconf 84' lang='lat' dir='ltr'><strong>postquam</strong></span> <span class='ocrx_word' id='word_1_711' title='bbox 552 5688 694 5741; x_wconf 79' lang='lat' dir='ltr'><strong>rexit</strong></span> <span class='ocrx_word' id='word_1_712' title='bbox 729 5689 1047 5756; x_wconf 67' lang='lat' dir='ltr'><strong>praedictum</strong></span> <span class='ocrx_word' id='word_1_713' title='bbox 1082 5690 1471 5745; x_wconf 87' lang='lat' dir='ltr'><strong>monasterium</strong></span> <span class='ocrx_word' id='word_1_714' title='bbox 1513 5691 1645 5742; x_wconf 86' lang='lat' dir='ltr'><strong>duo-</strong></span> 
     </span>
    </p>
   </div>
   <div class='ocr_carea' id='block_1_104' title="bbox 116 5758 1646 5850">
    <p class='ocr_par' dir='ltr' id='par_1_104' title="bbox 116 5758 1646 5850">
     <span class='ocr_line' id='line_1_104' title="bbox 116 5758 1646 5850; baseline 0.016 -37"><span class='ocrx_word' id='word_1_715' title='bbox 116 5758 257 5817; x_wconf 77' lang='lat' dir='ltr'><strong>decim</strong></span> <span class='ocrx_word' id='word_1_716' title='bbox 284 5775 449 5841; x_wconf 83' lang='lat' dir='ltr'><strong>annis,</strong></span> <span class='ocrx_word' id='word_1_717' title='bbox 482 5778 757 5849; x_wconf 82' lang='lat' dir='ltr'><strong>tribusque</strong></span> <span class='ocrx_word' id='word_1_718' title='bbox 788 5782 1097 5850; x_wconf 89' lang='lat' dir='ltr'><strong>mensibus,</strong></span> <span class='ocrx_word' id='word_1_719' title='bbox 1129 5781 1313 5837; x_wconf 82' lang='lat' dir='ltr'><strong>multis</strong></span> <span class='ocrx_word' id='word_1_720' title='bbox 1346 5781 1646 5838; x_wconf 84' lang='lat' dir='ltr'><strong>tribulatio-</strong></span> 
     </span>
    </p>
   </div>
   <div class='ocr_carea' id='block_1_105' title="bbox 468 5872 899 5934">
    <p class='ocr_par' dir='ltr' id='par_1_105' title="bbox 468 5872 899 5934">
     <span class='ocr_line' id='line_1_105' title="bbox 468 5872 899 5934; baseline 0.012 -5"><span class='ocrx_word' id='word_1_721' title='bbox 468 5872 735 5934; x_wconf 68' lang='grc' dir='ltr'><strong>Ριτβοι.</strong></span> <span class='ocrx_word' id='word_1_722' title='bbox 777 5874 899 5934; x_wconf 87' lang='lat' dir='ltr'><strong>CL.</strong></span> 
     </span>
    </p>
   </div>
   <div class='ocr_carea' id='block_1_106' title="bbox 1748 4594 2799 4664">
    <p class='ocr_par' dir='ltr' id='par_1_106' title="bbox 1748 4594 2799 4664">
     <span class='ocr_line' id='line_1_106' title="bbox 1748 4594 2799 4664; baseline 0.003 -17"><span class='ocrx_word' id='word_1_723' title='bbox 1748 4594 1930 4647; x_wconf 89' lang='lat' dir='ltr'><strong>habita</strong></span> <span class='ocrx_word' id='word_1_724' title='bbox 1960 4594 2353 4664; x_wconf 88' lang='lat' dir='ltr'><strong>compositione</strong></span> <span class='ocrx_word' id='word_1_725' title='bbox 2380 4610 2502 4648; x_wconf 90' lang='lat' dir='ltr'><strong>cum</strong></span> <span class='ocrx_word' id='word_1_726' title='bbox 2534 4595 2799 4650; x_wconf 89' lang='lat' dir='ltr'><strong>hostibus.</strong></span> 
     </span>
    </p>
   </div>
   <div class='ocr_carea' id='block_1_107' title="bbox 1820 4682 3337 4758">
    <p class='ocr_par' dir='ltr' id='par_1_107' title="bbox 1820 4682 3337 4758">
     <span class='ocr_line' id='line_1_107' title="bbox 1820 4682 3337 4758; baseline 0.005 -21"><span class='ocrx_word' id='word_1_727' title='bbox 1820 4682 1925 4738; x_wconf 90' lang='lat' dir='ltr'><strong>Sed</strong></span> <span class='ocrx_word' id='word_1_728' title='bbox 1957 4686 2298 4755; x_wconf 89' lang='lat' dir='ltr'><strong>omnip0tens</strong></span> <span class='ocrx_word' id='word_1_729' title='bbox 2329 4685 2493 4750; x_wconf 87' lang='lat' dir='ltr'><strong>Deus,</strong></span> <span class='ocrx_word' id='word_1_730' title='bbox 2526 4685 2618 4757; x_wconf 90' lang='lat' dir='ltr'><strong>qui</strong></span> <span class='ocrx_word' id='word_1_731' title='bbox 2651 4688 2704 4742; x_wconf 91' lang='lat' dir='ltr'><strong>in</strong></span> <span class='ocrx_word' id='word_1_732' title='bbox 2739 4701 2798 4741; x_wconf 90' lang='lat' dir='ltr'><strong>se</strong></span> <span class='ocrx_word' id='word_1_733' title='bbox 2824 4687 3157 4743; x_wconf 66' lang='lat' dir='ltr'><strong>confidentes</strong></span> <span class='ocrx_word' id='word_1_734' title='bbox 3182 4688 3337 4758; x_wconf 88' lang='lat' dir='ltr'><strong>juvat</strong></span> 
     </span>
    </p>
   </div>
   <div class='ocr_carea' id='block_1_108' title="bbox 1746 4777 3335 4840">
    <p class='ocr_par' dir='ltr' id='par_1_108' title="bbox 1746 4777 3335 4840">
     <span class='ocr_line' id='line_1_108' title="bbox 1746 4777 3335 4840; baseline 0.003 -7"><span class='ocrx_word' id='word_1_735' title='bbox 1746 4789 1797 4833; x_wconf 93' lang='lat' dir='ltr'><strong>et</strong></span> <span class='ocrx_word' id='word_1_736' title='bbox 1828 4777 2164 4840; x_wconf 87' lang='lat' dir='ltr'><strong>consolatur,</strong></span> <span class='ocrx_word' id='word_1_737' title='bbox 2214 4778 2362 4834; x_wconf 91' lang='lat' dir='ltr'><strong>dedit</strong></span> <span class='ocrx_word' id='word_1_738' title='bbox 2409 4786 2614 4835; x_wconf 91' lang='lat' dir='ltr'><strong>tantum</strong></span> <span class='ocrx_word' id='word_1_739' title='bbox 2662 4781 2901 4835; x_wconf 89' lang='lat' dir='ltr'><strong>animum</strong></span> <span class='ocrx_word' id='word_1_740' title='bbox 2955 4781 3097 4836; x_wconf 91' lang='lat' dir='ltr'><strong>bono</strong></span> <span class='ocrx_word' id='word_1_741' title='bbox 3147 4793 3335 4838; x_wconf 90' lang='lat' dir='ltr'><strong>nostro</strong></span> 
     </span>
    </p>
   </div>
   <div class='ocr_carea' id='block_1_109' title="bbox 1746 4864 3332 4942">
    <p class='ocr_par' dir='ltr' id='par_1_109' title="bbox 1746 4864 3332 4942">
     <span class='ocr_line' id='line_1_109' title="bbox 1746 4864 3332 4942; baseline 0.004 -20"><span class='ocrx_word' id='word_1_742' title='bbox 1746 4864 2131 4938; x_wconf 87' lang='lat' dir='ltr'><strong>pastori,quod</strong></span> <span class='ocrx_word' id='word_1_743' title='bbox 2151 4866 2264 4935; x_wconf 90' lang='lat' dir='ltr'><strong>ipse</strong></span> <span class='ocrx_word' id='word_1_744' title='bbox 2287 4869 2576 4937; x_wconf 87' lang='lat' dir='ltr'><strong>acquisivit</strong></span> <span class='ocrx_word' id='word_1_745' title='bbox 2609 4873 2853 4927; x_wconf 77' lang='lat' dir='ltr'><strong>ccclesize</strong></span> <span class='ocrx_word' id='word_1_746' title='bbox 2883 4873 3171 4942; x_wconf 86' lang='lat' dir='ltr'><strong>quemdam</strong></span> <span class='ocrx_word' id='word_1_747' title='bbox 3204 4890 3332 4942; x_wconf 88' lang='lat' dir='ltr'><strong>par-</strong></span> 
     </span>
    </p>
   </div>
   <div class='ocr_carea' id='block_1_110' title="bbox 1746 4956 3332 5030">
    <p class='ocr_par' dir='ltr' id='par_1_110' title="bbox 1746 4956 3332 5030">
     <span class='ocr_line' id='line_1_110' title="bbox 1746 4956 3332 5030; baseline -0.001 -17"><span class='ocrx_word' id='word_1_748' title='bbox 1746 4974 1872 5013; x_wconf 85' lang='lat' dir='ltr'><strong>vum</strong></span> <span class='ocrx_word' id='word_1_749' title='bbox 1929 4956 2169 5015; x_wconf 79' lang='lat' dir='ltr'><strong>leodum.</strong></span> <span class='ocrx_word' id='word_1_750' title='bbox 2206 4965 2458 5011; x_wconf 86' lang='lat' dir='ltr'><strong>vocatum</strong></span> <span class='ocrx_word' id='word_1_751' title='bbox 2488 4958 2552 5011; x_wconf 91' lang='lat' dir='ltr'><strong>de</strong></span> <span class='ocrx_word' id='word_1_752' title='bbox 2579 4958 2768 5023; x_wconf 84' lang='lat' dir='ltr'><strong>Bosco,</strong></span> <span class='ocrx_word' id='word_1_753' title='bbox 2799 4963 2960 5015; x_wconf 90' lang='lat' dir='ltr'><strong>situm</strong></span> <span class='ocrx_word' id='word_1_754' title='bbox 2992 4962 3043 5015; x_wconf 89' lang='lat' dir='ltr'><strong>in</strong></span> <span class='ocrx_word' id='word_1_755' title='bbox 3074 4961 3332 5030; x_wconf 86' lang='lat' dir='ltr'><strong>parochia</strong></span> 
     </span>
    </p>
   </div>
   <div class='ocr_carea' id='block_1_111' title="bbox 1750 5047 3329 5121">
    <p class='ocr_par' dir='ltr' id='par_1_111' title="bbox 1750 5047 3329 5121">
     <span class='ocr_line' id='line_1_111' title="bbox 1750 5047 3329 5121; baseline -0.002 -16"><span class='ocrx_word' id='word_1_756' title='bbox 1750 5049 1932 5105; x_wconf 89' lang='lat' dir='ltr'><strong>Sancti</strong></span> <span class='ocrx_word' id='word_1_757' title='bbox 1962 5047 2209 5113; x_wconf 87' lang='lat' dir='ltr'><strong>Taurini,</strong></span> <span class='ocrx_word' id='word_1_758' title='bbox 2237 5057 2293 5101; x_wconf 80' lang='lat' dir='ltr'><strong>et</strong></span> <span class='ocrx_word' id='word_1_759' title='bbox 2317 5047 2536 5101; x_wconf 89' lang='lat' dir='ltr'><strong>domum</strong></span> <span class='ocrx_word' id='word_1_760' title='bbox 2565 5059 2801 5103; x_wconf 89' lang='lat' dir='ltr'><strong>nostram</strong></span> <span class='ocrx_word' id='word_1_761' title='bbox 2841 5053 3329 5121; x_wconf 80' lang='lat' dir='ltr'><strong>Rothomagensem</strong></span> 
     </span>
    </p>
   </div>
   <div class='ocr_carea' id='block_1_112' title="bbox 1749 5138 3333 5212">
    <p class='ocr_par' dir='ltr' id='par_1_112' title="bbox 1749 5138 3333 5212">
     <span class='ocr_line' id='line_1_112' title="bbox 1749 5138 3333 5212; baseline -0.001 -15"><span class='ocrx_word' id='word_1_762' title='bbox 1749 5150 2101 5197; x_wconf 87' lang='lat' dir='ltr'><strong>exoneratam</strong></span> <span class='ocrx_word' id='word_1_763' title='bbox 2142 5140 2366 5193; x_wconf 88' lang='lat' dir='ltr'><strong>redditis</strong></span> <span class='ocrx_word' id='word_1_764' title='bbox 2412 5138 2769 5209; x_wconf 81' lang='lat' dir='ltr'><strong>quadraginta</strong></span> <span class='ocrx_word' id='word_1_765' title='bbox 2807 5142 2973 5200; x_wconf 85' lang='lat' dir='ltr'><strong>libris.</strong></span> <span class='ocrx_word' id='word_1_766' title='bbox 3008 5158 3128 5212; x_wconf 78' lang='lat' dir='ltr'><strong>qua:</strong></span> <span class='ocrx_word' id='word_1_767' title='bbox 3168 5143 3333 5196; x_wconf 58' lang='lat' dir='ltr'><strong>debeo</strong></span> 
     </span>
    </p>
   </div>
   <div class='ocr_carea' id='block_1_113' title="bbox 1747 5230 3334 5300">
    <p class='ocr_par' dir='ltr' id='par_1_113' title="bbox 1747 5230 3334 5300">
     <span class='ocr_line' id='line_1_113' title="bbox 1747 5230 3334 5300; baseline -0.002 -13"><span class='ocrx_word' id='word_1_768' title='bbox 1747 5234 1946 5288; x_wconf 71' lang='lat' dir='ltr'><strong>bantur</strong></span> <span class='ocrx_word' id='word_1_769' title='bbox 1988 5230 2180 5285; x_wconf 83' lang='lat' dir='ltr'><strong>Joanni</strong></span> <span class='ocrx_word' id='word_1_770' title='bbox 2232 5231 2279 5285; x_wconf 91' lang='lat' dir='ltr'><strong>le</strong></span> <span class='ocrx_word' id='word_1_771' title='bbox 2327 5230 2453 5295; x_wconf 85' lang='lat' dir='ltr'><strong>Bar,</strong></span> <span class='ocrx_word' id='word_1_772' title='bbox 2505 5232 2711 5287; x_wconf 89' lang='lat' dir='ltr'><strong>ratione</strong></span> <span class='ocrx_word' id='word_1_773' title='bbox 2760 5234 3129 5300; x_wconf 79' lang='lat' dir='ltr'><strong>acquisitionis</strong></span> <span class='ocrx_word' id='word_1_774' title='bbox 3176 5235 3334 5288; x_wconf 64' lang='lat' dir='ltr'><strong>dicae</strong></span> 
     </span>
    </p>
   </div>
   <div class='ocr_carea' id='block_1_114' title="bbox 1750 5320 3333 5389">
    <p class='ocr_par' dir='ltr' id='par_1_114' title="bbox 1750 5320 3333 5389">
     <span class='ocr_line' id='line_1_114' title="bbox 1750 5320 3333 5389; baseline -0.001 -14"><span class='ocrx_word' id='word_1_775' title='bbox 1750 5322 1957 5380; x_wconf 88' lang='lat' dir='ltr'><strong>domus,</strong></span> <span class='ocrx_word' id='word_1_776' title='bbox 1982 5328 2034 5373; x_wconf 92' lang='lat' dir='ltr'><strong>et</strong></span> <span class='ocrx_word' id='word_1_777' title='bbox 2059 5320 2197 5388; x_wconf 89' lang='lat' dir='ltr'><strong>apud</strong></span> <span class='ocrx_word' id='word_1_778' title='bbox 2228 5334 2402 5389; x_wconf 78' lang='lat' dir='ltr'><strong>regem</strong></span> <span class='ocrx_word' id='word_1_779' title='bbox 2427 5321 2817 5385; x_wconf 88' lang='lat' dir='ltr'><strong>admortisavit,</strong></span> <span class='ocrx_word' id='word_1_780' title='bbox 2845 5329 2902 5375; x_wconf 91' lang='lat' dir='ltr'><strong>ut</strong></span> <span class='ocrx_word' id='word_1_781' title='bbox 2925 5323 3116 5376; x_wconf 89' lang='lat' dir='ltr'><strong>docent</strong></span> <span class='ocrx_word' id='word_1_782' title='bbox 3142 5324 3333 5378; x_wconf 62' lang='lat' dir='ltr'><strong>littera:</strong></span> 
     </span>
    </p>
   </div>
   <div class='ocr_carea' id='block_1_115' title="bbox 1752 5412 3329 5483">
    <p class='ocr_par' dir='ltr' id='par_1_115' title="bbox 1752 5412 3329 5483">
     <span class='ocr_line' id='line_1_115' title="bbox 1752 5412 3329 5483; baseline -0.001 -15"><span class='ocrx_word' id='word_1_783' title='bbox 1752 5429 1914 5483; x_wconf 91' lang='lat' dir='ltr'><strong>super</strong></span> <span class='ocrx_word' id='word_1_784' title='bbox 1950 5413 2053 5466; x_wconf 85' lang='lat' dir='ltr'><strong>hoc</strong></span> <span class='ocrx_word' id='word_1_785' title='bbox 2095 5412 2380 5467; x_wconf 66' lang='lat' dir='ltr'><strong>confectae.</strong></span> <span class='ocrx_word' id='word_1_786' title='bbox 2423 5413 2721 5481; x_wconf 80' lang='lat' dir='ltr'><strong>Acquisivit</strong></span> <span class='ocrx_word' id='word_1_787' title='bbox 2765 5414 2925 5466; x_wconf 86' lang='lat' dir='ltr'><strong>etiam</strong></span> <span class='ocrx_word' id='word_1_788' title='bbox 2966 5429 2994 5465; x_wconf 91' lang='lat' dir='ltr'><strong>a</strong></span> <span class='ocrx_word' id='word_1_789' title='bbox 3034 5412 3329 5467; x_wconf 90' lang='lat' dir='ltr'><strong>Guillermo</strong></span> 
     </span>
    </p>
   </div>
   <div class='ocr_carea' id='block_1_116' title="bbox 1750 5502 3329 5574">
    <p class='ocr_par' dir='ltr' id='par_1_116' title="bbox 1750 5502 3329 5574">
     <span class='ocr_line' id='line_1_116' title="bbox 1750 5502 3329 5574; baseline 0.001 -16"><span class='ocrx_word' id='word_1_790' title='bbox 1750 5505 1801 5558; x_wconf 92' lang='lat' dir='ltr'><strong>le</strong></span> <span class='ocrx_word' id='word_1_791' title='bbox 1829 5504 2009 5559; x_wconf 86' lang='lat' dir='ltr'><strong>Grand</strong></span> <span class='ocrx_word' id='word_1_792' title='bbox 2039 5504 2314 5570; x_wconf 79' lang='lat' dir='ltr'><strong>armigero</strong></span> <span class='ocrx_word' id='word_1_793' title='bbox 2364 5505 2651 5571; x_wconf 90' lang='lat' dir='ltr'><strong>quemdam</strong></span> <span class='ocrx_word' id='word_1_794' title='bbox 2684 5502 2895 5556; x_wconf 88' lang='lat' dir='ltr'><strong>feodum</strong></span> <span class='ocrx_word' id='word_1_795' title='bbox 2927 5503 3158 5556; x_wconf 88' lang='lat' dir='ltr'><strong>nobilem</strong></span> <span class='ocrx_word' id='word_1_796' title='bbox 3190 5507 3329 5574; x_wconf 84' lang='lat' dir='ltr'><strong>apud</strong></span> 
     </span>
    </p>
   </div>
   <div class='ocr_carea' id='block_1_117' title="bbox 1753 5597 3331 5655">
    <p class='ocr_par' dir='ltr' id='par_1_117' title="bbox 1753 5597 3331 5655">
     <span class='ocr_line' id='line_1_117' title="bbox 1753 5597 3331 5655; baseline 0.001 -2"><span class='ocrx_word' id='word_1_797' title='bbox 1753 5599 1965 5653; x_wconf 78' lang='lat' dir='ltr'><strong>Sancta:</strong></span> <span class='ocrx_word' id='word_1_798' title='bbox 1996 5597 2176 5652; x_wconf 81' lang='lat' dir='ltr'><strong>Mariae</strong></span> <span class='ocrx_word' id='word_1_799' title='bbox 2205 5597 2489 5653; x_wconf 79' lang='lat' dir='ltr'><strong>ecclesiam</strong></span> <span class='ocrx_word' id='word_1_800' title='bbox 2520 5598 2705 5652; x_wconf 78' lang='lat' dir='ltr'><strong>situm.</strong></span> <span class='ocrx_word' id='word_1_801' title='bbox 2734 5598 2882 5653; x_wconf 85' lang='lat' dir='ltr'><strong>Fecit</strong></span> <span class='ocrx_word' id='word_1_802' title='bbox 2906 5598 3067 5653; x_wconf 78' lang='lat' dir='ltr'><strong>etiam</strong></span> <span class='ocrx_word' id='word_1_803' title='bbox 3101 5598 3150 5652; x_wconf 91' lang='lat' dir='ltr'><strong>in</strong></span> <span class='ocrx_word' id='word_1_804' title='bbox 3174 5606 3331 5655; x_wconf 90' lang='lat' dir='ltr'><strong>domo</strong></span> 
     </span>
    </p>
   </div>
   <div class='ocr_carea' id='block_1_118' title="bbox 1751 5687 3331 5759">
    <p class='ocr_par' dir='ltr' id='par_1_118' title="bbox 1751 5687 3331 5759">
     <span class='ocr_line' id='line_1_118' title="bbox 1751 5687 3331 5759; baseline -0.003 -16"><span class='ocrx_word' id='word_1_805' title='bbox 1751 5690 2176 5759; x_wconf 82' lang='lat' dir='ltr'><strong>Rothomagensi</strong></span> <span class='ocrx_word' id='word_1_806' title='bbox 2226 5687 2599 5757; x_wconf 81' lang='lat' dir='ltr'><strong>reparationcs</strong></span> <span class='ocrx_word' id='word_1_807' title='bbox 2634 5696 2973 5756; x_wconf 80' lang='lat' dir='ltr'><strong>sumptuosas</strong></span> <span class='ocrx_word' id='word_1_808' title='bbox 3020 5690 3194 5756; x_wconf 70' lang='lat' dir='ltr'><strong>valde,</strong></span> <span class='ocrx_word' id='word_1_809' title='bbox 3230 5694 3331 5745; x_wconf 55' lang='lat' dir='ltr'><strong>cui</strong></span> 
     </span>
    </p>
   </div>
   <div class='ocr_carea' id='block_1_119' title="bbox 1743 5778 3332 5854">
    <p class='ocr_par' dir='ltr' id='par_1_119' title="bbox 1743 5778 3332 5854">
     <span class='ocr_line' id='line_1_119' title="bbox 1743 5778 3332 5854; baseline -0.002 -17"><span class='ocrx_word' id='word_1_810' title='bbox 1743 5784 1896 5854; x_wconf 81' lang='lat' dir='ltr'><strong>juxta</strong></span> <span class='ocrx_word' id='word_1_811' title='bbox 1934 5780 2092 5835; x_wconf 84' lang='lat' dir='ltr'><strong>linem</strong></span> <span class='ocrx_word' id='word_1_812' title='bbox 2140 5780 2347 5834; x_wconf 88' lang='lat' dir='ltr'><strong>dierum</strong></span> <span class='ocrx_word' id='word_1_813' title='bbox 2391 5778 2668 5849; x_wconf 66' lang='lat' dir='ltr'><strong>reliquerit</strong></span> <span class='ocrx_word' id='word_1_814' title='bbox 2698 5779 2981 5835; x_wconf 82' lang='lat' dir='ltr'><strong>ecclesiam</strong></span> <span class='ocrx_word' id='word_1_815' title='bbox 3015 5782 3197 5836; x_wconf 87' lang='lat' dir='ltr'><strong>multis</strong></span> <span class='ocrx_word' id='word_1_816' title='bbox 3245 5782 3332 5835; x_wconf 69' lang='grc' dir='ltr'><strong>«ιο.</strong></span> 
     </span>
    </p>
   </div>
   <div class='ocr_carea' id='block_1_120' title="bbox 3098 5875 3176 5932">
    <p class='ocr_par' dir='ltr' id='par_1_120' title="bbox 3098 5875 3176 5932">
     <span class='ocr_line' id='line_1_120' title="bbox 3098 5875 3176 5932; baseline -0.013 0"><span class='ocrx_word' id='word_1_817' title='bbox 3098 5875 3176 5932; x_wconf 75' lang='grc'>22</span> 
     </span>
    </p>
   </div>
  </div>
