3886 6292
480 384 603 487 l683

1458 374 1551 430 AD
1588 372 1812 431 OPERA
1857 370 1914 426 Β.
1961 369 2350 426 LANFRANCI
2390 368 2745 424 APPENDIX.

3623 374 3712 433 635

488 499 619 558 bltis
648 503 956 559 oneratam,
988 492 1247 548 Dominus
1283 491 1332 546 ei
1384 490 1663 561 indulgere
1698 490 1970 560 dignetur.
2007 487 2071 540 Et
2109 494 2149 548 Λ
2182 488 2315 541 adeo
2346 488 2541 542 modici
2588 496 2643 540 et
2687 484 2889 540 debiles
2926 494 3099 551 erant,
3134 485 3276 556 quod
3308 502 3361 541 in
3405 501 3554 545 manu
3579 490 3714 549 cilicii
3750 538 3755 541 .

488 603 776 665 postquam
812 590 953 644 rexit
981 587 1297 658 praedictum
1331 586 1721 641 monasterium
1750 584 1926 653 spatio
1953 598 2076 637 sex-

489 684 666 739 decim
706 695 997 743 annorum,
1025 687 1081 733 et
1112 676 1361 747 amplius;
1400 684 1620 731 strenue
1646 682 1700 729 et
1730 672 1979 743 reﬁgiose
2022 686 2077 727 se

489 777 697 831 habens
726 775 793 829 ad
829 773 1030 828 fratres
1060 786 1192 826 suos
1228 779 1283 825 et
1312 769 1379 822 ad
1424 781 1647 830 omnes,
1681 765 1931 837 spiritum
1974 763 2076 817 Dn-

487 868 635 922 mino
673 866 945 930 reddidit,
982 864 1173 933 quinta
1219 860 1427 917 mensis
1463 858 1588 916 Julii
1618 900 1633 924 ,
1684 874 1826 915 anno
1863 858 2076 913 Domini

484 956 778 1012 millesimo
827 955 1361 1025 quadringentesimo
1409 950 1828 1021 quadragesimo
1877 959 2074 1015 sexto,

486 1049 697 1105 cimctis
735 1052 891 1105 suum
921 1047 1125 1102 obitum
1156 1044 1565 1115 deplorantibus
1593 1084 1607 1109 ,
1640 1043 1992 1113 sepultusque
2023 1043 2077 1098 in

485 1142 658 1196 ehoro
681 1139 839 1208 juxta
864 1140 1171 1194 Domimum
1214 1135 1562 1192 Guillelmum
1588 1136 1655 1192 de
1684 1136 2074 1201 Annularibus,

485 1231 641 1298 cujus
672 1231 847 1285 fuerat
880 1228 1210 1299 capeﬂanus.
1261 1225 1429 1296 Hiijtis
1465 1230 1646 1281 anima
1684 1226 1990 1296 requiescat
2023 1225 2076 1280 in

482 1337 629 1392 pace.
674 1323 866 1378 Amen.

555 1413 692 1469 Nota
725 1414 872 1483 quod
908 1414 1009 1469 iste
1047 1411 1287 1468 Thomas
1318 1411 1467 1467 fundi
1495 1411 1707 1468 curavit
1742 1411 1878 1465 duas
1920 1425 2076 1466 cam—

485 1519 658 1574 panas
692 1505 743 1558 in
788 1504 1017 1558 ecclesia
1062 1503 1216 1558 Becci
1244 1544 1259 1567 ,
1292 1502 1501 1557 scilicet
1551 1518 1912 1572 campanam,
1955 1518 2076 1572 qua:

483 1597 685 1651 dicitur
712 1596 759 1649 le
790 1595 992 1660 timbre,
1022 1604 1079 1649 et
1119 1610 1441 1665 campanam
1472 1594 1786 1659 secundam,
1818 1610 1937 1663 qua:
1960 1593 2072 1664 pulo

482 1697 636 1742 satur
673 1688 726 1741 in
755 1688 998 1757 vesperis
1024 1695 1077 1741 et
1110 1686 1413 1741 matutinis.
1453 1685 1519 1740 Et
1549 1684 1794 1740 deductis
1824 1684 2075 1754 expensis

482 1791 585 1847 pro
607 1792 685 1840 se,
712 1787 767 1832 et
796 1776 1010 1831 servulo
1033 1792 1154 1841 suo,
1183 1784 1236 1830 et
1260 1775 1504 1837 materia,
1535 1775 1694 1829 soluti
1720 1784 1845 1830 sunt
1867 1786 2071 1844 septem

486 1840 683 1933 franci,
716 1878 774 1920 ut
800 1877 941 1937 patet
971 1869 1021 1921 in
1052 1867 1382 1921 cbartulario
1409 1883 1506 1937 per
1532 1867 1907 1936 quittanciam.
1927 1840 2071 1922 _Nota
2104 1840 2147 1899 Β

483 1962 653 2015 etiam
693 1962 837 2029 quod
881 1976 1023 2014 anno
1061 1961 1270 2016 Domini
1324 1960 1611 2014 millesimo
1653 1960 2072 2030 quadringente-

486 2055 633 2108 simo
657 2053 938 2124 trigesimo
969 2053 1161 2118 tertio,
1190 2053 1428 2109 Joannes
1458 2052 1688 2107 Sandrin
1734 2054 1908 2123 pictor
1932 2053 2070 2121 apud

486 2148 885 2216 Rothomagum
917 2161 1283 2211 commorans,
1330 2147 1533 2216 recepit
1572 2164 1599 2200 a
1638 2146 1947 2217 supradicto
1978 2146 2073 2197 dn-

487 2239 637 2293 mino
672 2238 876 2293 Thema
938 2237 1134 2293 abbate
1168 2238 1423 2293 Beceensi
1468 2253 1734 2293 summam
1778 2237 2069 2307 nonaginta

485 2345 578 2387 sex
613 2331 874 2385 librarum
904 2329 1330 2396 Turonensinm,
1352 2331 1420 2385 ob
1445 2346 1664 2386 causam
1695 2330 2068 2392 materiarmn,

484 2426 841 2494 picturarum,
875 2432 930 2479 et
956 2424 1229 2479 sexdecim
1261 2439 1579 2493 magnarum
1614 2422 1907 2492 imaginum
1939 2420 2069 2488 lapi-

484 2518 709 2571 dearum
740 2516 1003 2570 stantium
1037 2516 1089 2569 in
1126 2516 1297 2570 choro
1327 2523 1524 2567 nostra:
1564 2512 1804 2568 ecclesia:
1832 2512 2070 2566 Bccceu-

483 2608 582 2671 sis,
624 2617 683 2661 ut
725 2616 873 2676 patet
904 2622 1001 2675 per
1029 2606 1146 2674 ejus
1174 2605 1530 2675 quictantiam
1564 2605 1615 2659 in
1646 2603 1881 2658 armaria
1913 2604 2074 2659 char-

486 2702 667 2757 ittlat'ii
695 2703 761 2757 de
793 2701 991 2756 litteris
1017 2701 1369 2755 clectionum.

1100 2805 1450 2845 EPITAPIIIUI.

552 2885 663 2940 Iste
695 2885 840 2938 locus
869 2885 1032 2938 tenuit
1066 2900 1253 2950 corpus
1282 2884 1470 2935 virtute
1500 2879 1786 2951 repletum;

555 2977 723 3040 Quem
757 2975 910 3028 tellus
942 2975 1116 3043 genuit
1146 2973 1296 3026 Becei
1325 2971 1628 3040 Tltomuque
1662 2969 1925 3041 Friquesi;

560 3068 697 3121 Vile
727 3065 1028 3120 ctaustralis
1057 3067 1247 3136 ﬂorens
1277 3066 1371 3119 sub
1405 3067 1583 3135 regula
1614 3068 1782 3136 degit,

553 3155 929 3225 Subtraxitque
956 3156 1127 3222 malis,
1158 3157 1248 3209 sed
1278 3155 1472 3209 Christi
1493 3155 1628 3209 colla
1656 3157 1879 3225 subegit,

554 3245 660 3299 Hic
686 3248 833 3315 prior
858 3246 1074 3310 electus,
1101 3248 1360 3300 malorum
1388 3248 1608 3301 crimina
1642 3248 1788 3300 texit.

554 3339 727 3393 Abbas
754 3340 967 3408 e/fectus
994 3339 1153 3409 digne
1180 3340 1409 3392 canobia
1439 3340 1569 3392 rexit
1595 3356 1615 3393 ,ο

553 3434 930 3504 Beccensisque
962 3431 1125 3487 Pater
1157 3432 1427 3487 vicesimus
1455 3432 1649 3487 exstitit
1686 3433 1821 3502 ipse,

557 3525 811 3580 Octavum
842 3525 1005 3594 frater
1030 3524 1220 3587 addas,
1245 3533 1359 3594 post
1387 3523 1691 3577 occubuisse

554 3619 707 3671 Anno
736 3616 967 3679 milleno,
1000 3627 1235 3680 centeno,
1269 3617 1442 3684 sicque
1469 3626 1745 3685 quaterno.

555 3707 752 3773 Quinta
784 3705 1034 3773 Quintilis
1061 3708 1231 3761 decies
1254 3717 1442 3778 quarto
1468 3723 1673 3777 quoque
1700 3715 1867 3761 sexto.

487 3835 503 3852 .
546 3816 562 3852 ι
609 3834 617 3851 .
660 3836 676 3851 .
719 3836 734 3852 .
777 3836 792 3852 .
835 3834 851 3849 .
895 3835 911 3851 .
952 3835 968 3851 .
1012 3836 1025 3851 .
1069 3836 1084 3851 .
1130 3840 1144 3852 .
1192 3837 1205 3851 .
1250 3797 1441 3850 I’arrat
1474 3797 1550 3850 illi
1581 3797 1739 3851 Deus.
1771 3797 1957 3851 Amen.

553 3887 688 3943 Nota
736 3888 879 3959 quod
922 3889 1010 3943 hic
1056 3889 1257 3944 debent
1299 3888 1463 3943 scribi
1512 3889 1649 3944 bene
1694 3899 1842 3959 gesta
1892 3890 2069 3944 Patris

483 3981 657 4035 nostri
692 3980 894 4035 domini
934 3977 1159 4033 Joannis
1202 3979 1271 4033 de
1314 3978 1476 4044 Mota,
1503 3980 1715 4035 abbatis
1762 3981 1915 4050 hujus
1957 3996 2068 4035 cm-

484 4070 630 4127 nobii
661 4071 903 4141 vigesimi
939 4071 1097 4136 noni;
1140 4070 1233 4125 sed
1262 4070 1387 4140 quia
1424 4082 1663 4141 tempore
1688 4086 1791 4125 suo
1818 4087 1921 4127 non
1961 4071 2065 4134 fui,
2122 4058 2123 4061 “

483 4178 585 4219 nec
637 4164 933 4233 quidquam
989 4162 1252 4231 scriptum
1316 4162 1537 4228 inveni,
1600 4162 1720 4219 ideo
1773 4163 2074 4219 scientibus

490 4256 683 4310 timisi.

553 4346 661 4416 25
692 4346 962 4400 Defuncto
986 4345 1277 4401 venerabili
1304 4345 1462 4401 Patre
1490 4346 1718 4401 Domino
1752 4346 1959 4403 Joanne
1983 4350 2068 4403 :de

496 4436 627 4492 lota
649 4438 863 4494 aliasde
877 4439 1236 4509 Botbomago,
1251 4439 1591 4494 decretorum
1614 4441 1814 4496 eximio
1827 4443 2065 4508 doctore,

493 4530 577 4599 aui
612 4529 747 4584 obiit
777 4529 831 4583 iu
869 4531 1029 4583 domo
1057 4529 1213 4585 Beeci
1242 4571 1257 4596 ,
1284 4533 1422 4601 apud
1470 4533 1867 4603 Rothomagum
1897 4573 1913 4597 ,
1950 4550 2069 4589 cor-
2100 4540 2147 4597 ι)

485 4634 694 4690 pusque
718 4618 837 4687 ejus
859 4621 999 4690 apud
1028 4620 1256 4675 Bcccum
1285 4623 1547 4687 delatum,
1578 4624 1836 4677 fratribus
1860 4625 2070 4678 cunctis

487 4728 644 4768 suum
669 4713 874 4767 oliitum
902 4712 1341 4779 lamentantibus,
1371 4715 1569 4769 ibidem
1596 4717 1807 4785 accepit
1830 4715 2071 4785 sepultu-

489 4819 605 4857 ram
648 4804 800 4873 juxta
840 4806 1292 4874 praedecessorem
1339 4821 1494 4861 suum
1543 4806 1766 4860 fratrem
1807 4806 2070 4861 Thomam

488 4894 553 4947 de
590 4894 782 4948 Becco.

557 4986 657 5042 Cui
683 4989 944 5044 successit
976 4989 1297 5045 venerabilis
1328 4999 1513 5059 pastor
1542 4998 1596 5044 et
1633 4987 1792 5044 Pater
1822 4990 2073 5047 dominus

487 5078 794 5137 Canifridus
822 5083 889 5137 de
934 5082 1210 5153 Hispania,
1247 5082 1382 5136 alias
1428 5083 1721 5147 Benedicti,
1755 5092 1878 5139 tunc
1923 5087 2075 5156 prior

488 5172 555 5226 de
583 5170 751 5226 Prato
786 5171 939 5241 juxta
974 5172 1391 5243 [lothomagunn
1423 5172 1557 5228 Dum
1602 5173 1719 5242 ejus
1746 5174 1941 5230 electio
1972 5175 2074 5234 fuit

488 5269 754 5324 canonice
805 5269 1097 5335 celebrata,
1152 5269 1365 5323 cunctis
1409 5266 1669 5324 fratribus
1715 5270 1833 5341 ejus
1880 5272 2073 5329 merita

488 5358 979 5424 considerantibus,
1030 5358 1084 5413 iu
1132 5374 1254 5413 eum
1287 5372 1383 5427 per
1440 5359 1583 5412 viam
1632 5359 1805 5415 sancti
1840 5359 2074 5432 Sphius

489 5450 817 5504 unanimiter
856 5450 1222 5513 consentiunt,
1254 5460 1309 5503 et
1341 5465 1468 5503 eum
1517 5450 1574 5504 in
1601 5461 1873 5521 pastorem
1922 5472 2074 5511 assuo

491 5549 644 5593 munt
692 5539 983 5594 Dominica:
1026 5537 1418 5595 lncarnationis
1460 5556 1603 5596 anno
1635 5543 1915 5600 millesimo
1940 5563 2067 5617 qua-

2096 3191 2138 3246 C

2182 581 2382 636 domini
2416 580 2861 650 Rothomagensis
2887 579 3273 634 consulebatur
3298 581 3464 645 tradi;
3489 598 3599 651 qua:
3619 586 3717 641 om;

2180 672 2270 725 nia
2318 670 2587 741 patienter
2616 669 2885 735 toleravit,
2917 678 2973 725 et
3017 679 3242 725 cunctos
3272 671 3539 729 visitantes
3567 677 3715 731 eccle~

2181 764 2337 830 siam,
2366 779 2529 833 quam
2559 762 2795 823 reaebat,
2822 761 2888 816 ad
2916 776 3154 818 amorem
3186 762 3271 816 sui
3299 771 3354 817 et
3379 778 3486 818 suae
3512 766 3719 821 ecclesia

2183 856 2443 911 incitavit.

2255 972 2387 1024 Cum
2414 983 2592 1025 autem
2623 970 2822 1024 electus
2845 967 2966 1035 fuit,
2998 966 3280 1024 ecclesiam
3303 967 3607 1024 Beccensem
3626 987 3723 1024 na-

2182 1064 2304 1134 guis
2342 1061 2536 1117 debitis
2567 1061 2771 1117 invenit
2815 1072 3121 1126 oneratam,
3149 1071 3205 1116 et
3248 1076 3346 1130 per
3394 1062 3563 1117 omnia
3599 1065 3719 1118 intus

2181 1166 2236 1210 et
2277 1156 2517 1209 exterius
2543 1154 2881 1225 deturpatam
2912 1153 3156 1209 adificiis
3184 1154 3448 1220 ruinosis;
3479 1170 3621 1225 quam
3662 1157 3719 1210 ad

2183 1247 2343 1300 talem
2373 1254 2575 1300 statum
2606 1245 2822 1300 deducit
2848 1246 2990 1314 quod
3023 1259 3121 1300 nec
3158 1245 3355 1299 debitis
3397 1262 3492 1301 nec
3532 1262 3717 1317 repara-

2181 1338 2421 1392 tionibus
2472 1337 2663 1407 quovis
2716 1321 2894 1390 modo.
2936 1336 3105 1405 possit
3166 1338 3413 1391 notari...
3474 1339 3721 1395 ecclesiam

2179 1433 2333 1487 Becci
2361 1431 2587 1487 mirifice
2608 1444 2704 1502 per
2726 1430 2940 1499 longum
2971 1440 3025 1485 et
3052 1430 3242 1491 latum,
3273 1432 3417 1485 intus
3443 1441 3496 1485 et
3518 1433 3722 1488 exterius

2178 1526 2488 1591 decoravit;
2534 1541 2660 1595 pars
2688 1524 2830 1580 enim
2878 1525 3121 1580 ecclesize
3170 1527 3313 1595 (qua:
3346 1526 3495 1579 navis
3534 1527 3720 1593 dicitur)

2177 1631 2297 1685 qua:
2328 1614 2497 1670 foveis
2535 1616 2695 1669 terris
2743 1614 2969 1670 inferius
2997 1624 3049 1669 et
3079 1614 3301 1669 araneis
3339 1615 3576 1683 superius
3610 1616 3719 1670 villi-

2176 1705 2528 1776 peudebatur,
2556 1704 2768 1775 lapideo
2792 1705 3103 1774 pavimento
3131 1714 3184 1758 et
3218 1706 3464 1759 victrinis
3490 1707 3618 1759 circa
3645 1721 3721 1759 na-

2176 1812 2294 1852 vem
2344 1797 2667 1851 necessariis
2711 1796 3004 1852 άεευτιινὶι.
3036 1796 3309 1867 Capenam
3360 1794 3564 1850 Sancta:
3590 1797 3720 1865 Apol-

2175 1893 2321 1959 liuze,
2354 1893 2406 1947 in
2438 1908 2542 1963 qua
2598 1900 2707 1947 tres
2743 1891 3029 1960 imagines,
3073 1890 3367 1955 ordinavit,
3396 1891 3627 1952 instituit,
3658 1901 3720 1953 et,

2175 1997 2233 2040 ut
2288 1996 2479 2041 cuncta
2537 1984 2890 2053 complectar,
2935 1984 3067 2038 nihil
3118 1985 3278 2049 vilius
3329 1983 3451 2037 navi
3497 1982 3722 2045 ecclesiae,

2174 2079 2390 2148 quando
2432 2077 2648 2147 depingi
2677 2075 2830 2139 fecit;
2863 2086 2914 2130 et
2945 2091 3141 2131 cruces
3155 2075 3401 2131 ecclesia:
3424 2075 3654 2139 instituit,
3680 2076 3721 2127 in

2174 2175 2391 2241 signum
2441 2170 2817 2234 dedicationis,
2850 2186 2947 2240 per
2992 2171 3283 2225 circuitum
3317 2170 3463 2223 intus
3500 2177 3551 2222 et
3587 2167 3720 2228 foris,

2176 2266 2412 2320 tombam
2442 2279 2595 2319 suam
2626 2273 2679 2333 et
2709 2263 2793 2318 sui
2824 2263 3237 2323 eratdecessoris
3268 2262 3319 2316 in
3350 2260 3516 2316 choro
3540 2258 3719 2313 locavit.

2174 2361 2229 2414 In
2256 2360 2423 2414 choro
2457 2360 2615 2414 dicta:
2642 2356 2885 2412 ecclesiae
2912 2366 3146 2427 quatuor
3185 2354 3422 2425 piliaria,
3456 2354 3599 2423 juxta
3626 2351 3720 2420 pul-

2174 2453 2366 2522 pitum,
2399 2449 2725 2522 imaginibus
2753 2450 3033 2503 doctorum
3067 2457 3303 2519 quatuor
3332 2447 3596 2510 Ecclesiae,
3626 2462 3722 2500 mu-

2175 2542 2331 2606 nivit,
2364 2556 2483 2610 quae
2522 2550 2676 2593 antea
2708 2554 2876 2593 vacua
2909 2538 3142 2593 fuerant.
3178 2537 3507 2592 Libriferum
3552 2539 3601 2591 in
3628 2551 3720 2591 mo-

2174 2636 2322 2698 dtnu,
2352 2643 2405 2687 et
2455 2632 2685 2687 formam
2716 2631 2932 2701 aquilae,
2961 2630 3012 2684 in
3057 2630 3236 2685 medio
3261 2629 3437 2693 chori,
3468 2629 3532 2683 ad
3572 2639 3723 2683 tenen-

2171 2727 2299 2781 dum
2341 2726 2569 2780 chorum
2622 2723 2886 2787 instituit;
2934 2721 3276 2791 formamque
3325 2720 3491 2791 Moysi
3538 2735 3725 2781 aeream,

2172 2826 2441 2887 przecepta
2491 2814 2686 2886 legalla
2734 2814 2787 2868 in
2839 2829 3000 2869 manu
3030 2813 3294 2884 gerentis,
3344 2813 3412 2867 ad
3468 2811 3724 2883 Epistolam

2171 2909 2471 2963 canendam
2500 2906 2791 2962 ordinavit.
2824 2904 3278 2976 Magnificumque
3310 2903 3725 2972 evangelistarum

2170 3020 2371 3059 :ereum
2400 3004 2632 3060 formam
2653 3009 2888 3071 quatuor
2902 2999 3357 3070 evangelistarum
3373 3014 3582 3070 gerens,
3597 2997 3727 3066 juxta

2171 3096 2347 3150 altare
2382 3092 2773 3163 ad'Evangelia
2802 3107 2900 3162 per
2933 3091 3194 3147 circulum
3225 3091 3354 3145 anni
3397 3090 3727 3154 cantanda,et

2172 3189 2241 3244 de
2291 3188 2487 3243 eadem
2537 3186 2765 3242 materia
2815 3193 2871 3240 et
2926 3197 3096 3249 atrea,
3151 3194 3387 3253 quatuor
3441 3179 3727 3237 candelabra

2168 3276 2658 3347 sumptuosissima.

2246 3388 2548 3444 Ecclesiam
2586 3386 2832 3457 pluribus
2860 3383 3201 3440 vestimentis
3242 3382 3521 3443 nudatam,
3549 3387 3599 3433 et
3616 3376 3729 3432 indi-

2169 3491 2383 3553 gentem
2412 3523 2427 3547 ,
2469 3481 2654 3537 multis
2711 3478 3122 3535 bonorabilibus
3163 3485 3219 3534 et
3262 3474 3586 3544 sumptuosis
3617 3488 3725 3528 con.

2169 3575 2408 3638 fortavit,
2455 3583 2511 3627 et
2559 3573 2742 3627 multis
2777 3571 3068 3640 joealibus,
3114 3567 3386 3638 reliquiis,
3429 3575 3485 3621 et
3526 3564 3727 3620 maxime

2169 3667 2260 3720 ubi
2311 3665 2603 3735 requiescit
2630 3679 2756 3732 pars
2785 3662 2980 3731 capitis
3024 3660 3197 3716 sancti
3234 3657 3423 3725 Blasii,
3457 3671 3571 3727 quae
3596 3664 3728 3708 antea

2170 3755 2225 3810 in
2256 3755 2447 3825 Anglia
2500 3755 2553 3808 in
2585 3754 2826 3824 prioratu
2857 3752 3053 3808 Conith
3082 3751 3453 3816 detinebatur,
3486 3748 3648 3804 medio
3683 3752 3727 3797 et

2170 3848 2378 3903 monitu
2403 3847 2581 3903 Patris
2611 3846 2781 3900 nostri
2818 3845 2918 3899 fuit
2942 3845 3084 3915 apud
3126 3844 3359 3900 Becettm
3407 3842 3666 3904 translata,
3684 3846 3727 3890 et

2172 3939 2225 3994 in
2257 3940 2729 4010 sumptuosissimo
2761 3937 3073 4011 reliquiario
3102 3938 3362 4007 reposita.

2241 4080 2469 4133 Domum
2524 4077 2888 4143 infirmorum,
2918 4091 3039 4145 qua:
3091 4074 3395 4129 infirmaria
3441 4072 3644 4134 dicitur,
3674 4067 3724 4120 ad

2174 4170 2402 4225 fratrum
2432 4170 2734 4225 subsidium
2768 4178 2823 4223 et
2847 4167 3119 4238 egentium
3148 4166 3427 4229 solatium,
3459 4160 3723 4218 :edilicavit.

2173 4279 2279 4316 non
2328 4261 2500 4316 solum
2554 4258 2930 4322 materialiter,
2978 4258 3072 4313 sed
3102 4258 3244 4328 quod
3274 4256 3469 4312 melius
3505 4265 3557 4310 et
3587 4251 3724 4319 majus

2171 4364 2275 4419 est,
2308 4353 2690 4422 spiritualiter,
2718 4354 2842 4423 quia
2884 4352 2998 4420 ipse
3044 4366 3073 4405 a
3112 4365 3326 4404 summo
3372 4348 3617 4420 pontiﬁce
3650 4346 3723 4397 imv

2173 4446 2407 4515 prtravit
2447 4453 2507 4498 ut
2560 4444 2740 4498 cuncti
2802 4445 2854 4496 in
2905 4441 3162 4511 praedicta
3213 4440 3377 4494 domo
3446 4438 3726 4493 decedentes

2175 4537 2585 4591 absolverentur
2634 4550 2665 4588 a
2709 4548 2867 4603 pmua
2891 4542 2947 4587 et
2974 4532 3155 4601 culpa,
3189 4538 3248 4583 ut
3278 4531 3331 4584 iu
3384 4529 3528 4583 bulla
3561 4525 3723 4581 clarius

2171 4627 2501 4682 continetur.
2550 4622 2619 4678 Et
2666 4638 2695 4677 a
2726 4622 2947 4677 vicariis
2991 4623 3044 4676 in
3074 4618 3291 4675 Christo
3318 4618 3503 4673 Patris
3552 4612 3723 4670 Domini

2172 4719 2453 4777 Gnillermi
2506 4716 2893 4773 Destoutevilla
2924 4716 3320 4786 archiepiscopi
3372 4714 3727 4779 Rotbomagen'

2173 4814 2251 4869 sis
2297 4821 2353 4868 et
2402 4811 2692 4867 cardinalis
2748 4810 2890 4864 tituli
2941 4809 3266 4877 llostiensis,
3322 4807 3649 4879 impetravit,
3684 4810 3726 4854 nt

2174 4920 2365 4960 omnes
2408 4902 2668 4973 religiosi,
2698 4903 2751 4957 in
2804 4902 2947 4955 dicta
2980 4898 3274 4955 intirmaria
3321 4899 3666 4958 celebrantes,
3685 4900 3726 4945 ct

2175 4994 2548 5064 cujuscunque
2588 5002 2782 5055 status,
2810 4990 3329 5049 devotemissarum
3364 4988 3622 5045 solemnia
3655 4997 3725 5038 au-

2174 5084 2409 5149 dientes,
2432 5081 2683 5137 omnibus
2718 5081 2909 5136 diebus
2937 5078 3257 5144 Dominicis,
3282 5093 3385 5133 nec
3408 5094 3516 5135 non
3536 5086 3589 5132 et
3610 5070 3728 5130 festis

2176 5176 2531 5240 solemnibus,
2576 5174 2797 5243 triginta
2838 5172 2954 5228 dies
3003 5173 3070 5227 de
3120 5170 3382 5241 injunctis
3430 5160 3728 5240 pmnitentiis

2175 5267 2491 5331 relaxando,
2521 5266 2777 5335 consequi
2807 5271 3138 5329 mereantur,
3172 5272 3231 5318 ut
3256 5264 3420 5318 docet
3459 5262 3628 5317 littera
3659 5272 3725 5312 su-

2138 5430 2141 5433 ,
2174 5374 2271 5429 per
2292 5360 2395 5414 hoc
2417 5357 2695 5423 confecta;
2722 5366 2778 5412 et
2805 5356 3038 5412 litteram
3068 5356 3312 5412 invenies
3332 5356 3388 5410 in
3412 5350 3727 5413 chartulario,

2176 5448 2228 5503 in
2274 5449 2430 5505 titulo
2487 5450 3020 5520 archiepiscoporum
3067 5447 3601 5519 Rethomagensium.
3643 5438 3725 5496 Nec

2175 5553 2259 5600 est
2281 5534 2637 5600 omittendum
2662 5542 2988 5613 lampadium
3019 5542 3161 5611 quod
3191 5550 3274 5595 est
3300 5542 3353 5595 in
3382 5540 3562 5596 medio
3583 5532 3724 5595 chori.

488 5629 912 5699 dringeutesimo
963 5629 1411 5699 quinquagesimo
1465 5634 1726 5688 secundo.
1786 5636 1886 5701 Qui
1945 5638 2070 5693 dum
2166 5635 2322 5707 juxta
2354 5634 2765 5700 candelabrum,
2798 5633 2945 5702 quod
2973 5633 3121 5687 dedit
3161 5633 3417 5687 dominus
3464 5626 3727 5686 Richardus

490 5727 635 5772 esset
656 5720 804 5788 prior
837 5721 904 5774 de
928 5718 1108 5785 Prata,
1136 5720 1349 5791 guerris
1388 5723 1441 5777 in
1474 5722 1864 5781 Northmannia
1897 5743 2072 5796 vrgen-

494 5810 659 5876 sibns,
693 5809 857 5864 multa
902 5825 1093 5881 passus
1135 5823 1241 5879 est,
1286 5823 1342 5870 et
1385 5816 1625 5872 redditus
1649 5818 1895 5873 ccclesim
1926 5818 2071 5874 Prati

2176 5728 2225 5781 le
2253 5728 2439 5783 Grand
2482 5736 2705 5797 curatus
2744 5727 2809 5783 de
2840 5726 3010 5781 Bosco
3035 5725 3282 5787 Roberti,
3319 5725 3522 5797 dudum
3550 5717 3729 5775 abbatis

2176 5835 2206 5876 ι
2238 5822 2410 5875 rvitor
2463 5820 3088 5893 obsequiosissimusoet
3163 5818 3483 5885 fauiiliaiis;
3532 5826 3727 5883 cupps!!!

3849 3900 3851 4007 ψ

3842 4062 3849 4181 i

3842 4214 3847 4355 Α

3842 4384 3845 4533 i

3839 4758 3841 4879 ψ
