3864 6304
98 400 190 461 σεε
1304 384 1700 448 cunomcon
1741 379 2120 440 caecasse.
3240 383 3345 440 ras

107 513 428 587 magniﬁcam
490 518 805 584 argenteam
833 549 848 575 ,
902 515 956 563 et
1012 508 1322 562 deauralam
1375 505 1660 562 eonvenlni
1694 506 1735 560 Α
1766 507 1873 552 tam
1906 496 2191 565 magniﬁce
2219 496 2620 562 conﬁrmatum,
2652 497 2810 554 rediit
2836 495 2909 554 ad
2942 505 3144 556 terram
3188 513 3347 557 suam

100 610 249 664 dedit.
1760 589 2011 647 dominus
2056 591 2164 645 dux
2214 587 2539 659 Burgundite
2587 606 2709 645 cum
2738 591 2873 657 suis,
2906 600 3224 649 remanente
3250 593 3349 649 do-

157 700 265 757 ιηεθ
289 712 416 753 γει-ο
442 712 551 752 non
583 696 870 750 immemor
895 694 1022 750 dimi
1053 693 1194 759 quod
1232 702 1415 747 sane".
1443 703 1492 747 ει
1514 692 1658 747 καίει-
1761 683 1909 735 mino
1946 682 2083 737 duce
2123 682 2437 747 Britanniae,
2474 696 2596 737 cum
2638 691 2824 738 nostro
2851 685 2990 741 duce
3022 684 3349 742 Nortbman-

101 794 190 848 bm
216 802 285 847 est
307 791 559 861 cogitatio
586 808 678 861 pro
715 789 976 859 defunctis
1005 805 1245 855 exarare,
1273 799 1327 843 ut
1368 807 1400 843 a
1435 790 1657 859 peccatis
1761 774 1884 839 ηίὲεο
1914 774 2151 828 “omium
2184 774 2326 842 alii“.
2355 772 2755 845 “OlhOmalium
2787 786 3028 847 ΓθθεΡιοο
3061 778 3176 844 alii.
3220 793 3348 835 eum

100 882 340 937 solvamur
385 881 495 950 (ιΙ
526 880 734 935 Maedi.
783 896 880 943 xii,
915 880 1034 952 46),
1061 881 1283 951 etquod
1331 881 1525 936 animae
1568 880 1661 937 de-

1809 882 1814 916 |
1863 862 2079 918 abbatia
2127 863 2341 919 Sancta:
2387 863 2698 939 Catharina:
2742 864 2901 935 juxta
2948 867 3349 940 Ratbomagum

101 974 379 1029 functorum
408 973 752 1029 orationibus
795 973 1111 1039 viventium,
1144 975 1213 1029 ad
1245 987 1525 1044 pennarum
1570 989 1659 1029 re-

1809 955 1934 1009 uxit.
1979 954 2079 1022 Qui
2130 955 2259 1010 dum
2314 966 2724 1027 exspecraretur
2774 975 2804 1013 a
2850 959 3238 1032 Burgensibus,
3293 971 3353 1017 et

101 1065 398 1119 laxationem
432 1052 700 1137 indigent.
720 1064 925 1120 obitum
957 1080 1112 1120 suum
1144 1065 1378 1119 instituit
1399 1064 1660 1120 celebrari

1809 1044 2090 1099 eneraliter
2126 1060 2154 1098 a
2192 1056 2307 1101 toto
2338 1046 2503 1125 nobili
2534 1056 2676 1104 statu
2709 1048 3114 1107 Nortbmanuia:
3143 1060 3199 1109 et
3241 1068 3350 1108 non

102 1155 146 1209 in
188 1154 615 1225 quadragesima,
661 1154 749 1210 die
794 1154 969 1209 sancti
1012 1153 1559 1221 Benedicti'abbatis,
1605 1162 1662 1209 et

1809 1138 1998 1200 eniret,
2031 1138 2295 1191 miserunt
2314 1138 2592 1193 communi
2635 1154 2861 1196 assensu
2887 1141 3151 1206 omnium,
3180 1141 3351 1198 Joan-

103 1223 297 1302 servitio
336 1223 721 1301 assistentibus
746 1232 1047 1317 assignavit
1075 1246 1262 1301 decem
1299 1245 1466 1301 libras
1491 1245 1662 1299 Turo-

1809 1239 1887 1278 em
1918 1223 2208 1291 Monsieur,
2238 1226 2407 1282 lilium
2452 1228 2519 1283 de
2562 1226 2868 1295 Haricuria,
2904 1238 2965 1285 ut
2990 1230 3154 1286 sciret
3181 1246 3354 1300 quare

103 1355 294 1407 ncnses,
321 1354 489 1412 super
514 1351 787 1411 receptam
816 1340 883 1396 de
907 1339 1235 1404 Bensevilla,
1261 1340 1663 1397 distribuendas
1763 1317 2042 1417 ξηξτίῖεξδυε
2111 1317 2260 1417 θείξξέ
2296 1317 2485 1417 “Lm”?
2557 1317 2933 1417 ξίίωθτθδίδίιπῖ
2986 1321 3081 1392 qm
3126 1321 3355 1376 verbm“

103 1448 183 1501 per
202 1404 409 1485 manum
440 1433 526 1487 sui
551 1404 833 1503 capellani,
861 1433 1076 1503 quando
1100 1447 1339 1502 praesens
1381 1434 1508 1500 erit,
1536 1434 1662 1490 etsi
1763 1404 1954 1510 ξ¹³ξξ⁰ί¹
2002 1420 2123 1510 mf“
2155 1405 2301 1510 diu?
2328 1405 2521 1510 θῗνοιθ
2549 1408 2709 1510 ξ¹ξξεθε
2739 1418 2794 1464 et
2838 1424 2964 1465 em“
3018 1419 3180 1467 ηθθίθ
3230 1426 3355 1466 cum

105 1495 273 1578 absens
301 1523 488 1588 fuerit,
515 1526 569 1580 in
597 1495 943 1581 ordinatione
973 1495 1172 1598 prioris
1195 1526 1321 1581 erit.
1495 1495 1505 1500 ⁷
1955 1503 2010 1550 ει
2041 1496 2240 1553 decoro
2267 1496 2468 1601 lumim‘:
2497 1499 2563 1553 ad
2590 1500 2985 1601 {summan
3009 1504 3266 1601 edam-it;
3290 1513 3362 1601 ,Ῠι

161 1615 209 1669 lu
252 1616 492 1673 foiitibus
546 1628 599 1673 et
642 1617 1000 1675 conductibus
1043 1618 1241 1674 eximie
1282 1618 1570 1685 laboravit,
1608 1626 1666 1673 et

1809 1586 1964 1640 iidem
1994 1601 2117 1642 cum
2149 1602 2344 1658 magna
2389 1587 2731 1646 solemnitate
2776 1601 2832 1649 et
2878 1595 3117 1650 maximo
3162 1595 3359 1665 gaudio

1814 1686 2049 1700 ,,,,,.,,,
2096 1680 2454 1700 “mnu,”
2957 1686 2967 1697 .
3083 1686 3133 1700 ..

104 1705 310 1759 maxime
338 1718 466 1762 ante
495 1723 769 1764 cameram
799 1708 1030 1774 abbatis,
1059 1707 1113 1763 in
1163 1708 1319 1764 horto
1341 1716 1433 1779 qui
1466 1680 1667 1765 dicitur
1767 1686 2071 1779 fusca-“'8’
2096 1680 2458 1779 praesentit)?“
2478 1680 2709 1779 duc???
2730 1683 3022 1755 episcopis‘
3044 1686 3358 1779 aiba‘ibm'

105 1796 149 1849 la
197 1797 378 1868 Vigne;
422 1800 477 1853 in
529 1814 640 1869 quo
695 1769 1026 1854 conductum
1073 1798 1302 1855 fontium
1354 1769 1662 1871 contiguum
1697 1854 1739 1871 η
1767 1769 2081 1871 δθτθηξιξ¹¹⁸’
2133 1779 2187 1871 εξ
2238 1770 2455 1871 “fucus
2484 1772 2798 1871 ,ῃίῖδηίὺυθν
2846 1786 2911 1871 εξ
2948 1778 3361 1871 ³¹¹¹²⁰¹⁰κ³¹π⁸⁰

1697 1854 1741 1908 Β
1769 1863 1952 1918 manui
1980 1863 2259 1935 imposito,
2290 1864 2344 1920 in
2383 1866 2611 1922 ecclesia
2640 1876 2841 1923 nostrae
2882 1868 3126 1925 Dominae
3153 1870 3360 1927 [letho-

1767 1956 2060 2028 magensis,
2112 1956 2588 2027 Northmanniam,
2637 1963 2850 2018 cunctis
2898 1963 3221 2026 videntibus,
3250 1966 3363 2027 lde-

1768 2049 2076 2119 sponsavit;
2129 2056 2184 2105 et
2222 2064 2342 2105 eam
2391 2058 2453 2105 ut
2490 2067 2722 2129 sponsus
2774 2069 3030 2125 sponsam
3074 2070 3265 2127 regere
3304 2066 3363 2113 ct

1768 2140 2075 2212 gubernare
2094 2140 2448 2212 jurejurando
2469 2144 2737 2213 promisit.

1842 2235 1957 2293 Hoc
2002 2236 2167 2305 facto,
2214 2238 2350 2293 duce
2378 2237 2758 2295 Britannorum
2788 2239 2906 2296 solo
2935 2240 2988 2294 iu
3033 2239 3362 2295 Norlhman-

1771 2329 1860 2384 nia
1913 2318 2093 2386 stante
2139 2346 2261 2386 cum
2312 2331 2459 2386 dicto
2492 2331 2711 2400 Carolo,
2765 2348 2858 2389 rex
2896 2332 3153 2395 F-rancire
3189 2341 3360 2387 totum

1771 2421 1915 2491 quod
1943 2421 2072 2477 fecit
2136 2424 2432 2488 revocavit,
2466 2424 2651 2479 dicens
2696 2425 2842 2494 quod
2868 2424 3127 2480 scribitur
3173 2424 3242 2481 de
3271 2424 3364 2479 de-

1772 2513 2134 2583 sponsalibus,
2164 2529 2288 2569 cum
2340 2514 2514 2569 locum
2562 2529 2669 2571 non
2705 2516 2867 2571 habet
2913 2528 3236 2583 consensus,
3271 2515 3363 2572 ubi

1774 2612 1974 2669 metus,
2004 2603 2088 2658 vel
2116 2604 2325 2660 coactio
2368 2605 2678 2674 intercedit,
2708 2614 2764 2662 et
2791 2607 2935 2676 quod
2975 2617 3198 2662 coactus
3234 2620 3366 2662 con-

1774 2711 1996 2752 sensum
2041 2697 2293 2767 przebuit,
2324 2706 2380 2752 et
2407 2699 2520 2753 suis
2564 2698 2848 2771 armigeris
2872 2698 2928 2755 in
2955 2698 3167 2770 signum
3204 2697 3367 2768 huius

116 2788 298 2853 datique
324 2802 686 2857 habebantur.

1809 2785 1924 2851 scit,
1952 2795 2007 2841 et
2036 2786 2266 2841 instituit
2295 2796 2514 2858 portare
2536 2803 2698 2858 super
2730 2789 2947 2857 loricas,
2977 2789 3115 2846 duas
3152 2789 3368 2846 litteras

177 2888 290 2943 Dum
318 2892 450 2947 oniit
478 2894 678 2948 nobilis
706 2895 914 2964 pizequ'e
941 2897 1216 2952 memoria:
1240 2897 1490 2954 dominus
1512 2898 1677 2956 Caro-
1774 2878 1840 2933 Αο
1870 2889 1923 2934 ει
1952 2877 2015 2933 Ρ·
2065 2878 2220 2948 qua“
2250 2878 2456 2935 dicer“
2501 2880 2631 2934 “udi
2656 2890 2877 2944 nam“
2908 2881 3150 2937 Ᾱυδίθηδ
3189 2880 3371 2936 dicm“

120 2977 187 3031 lus
229 2982 724 3050 victoriosissimus,
772 2986 861 3056 qui
917 2983 1121 3058 Anglos
1172 2968 1239 3043 de
1285 2988 1675 3047 Nortbmannia

1809 2987 1885 3025 lux
1922 2969 2170 3038 Carolus,
2201 2972 2344 3041 quod
2398 2970 2557 3040 hujus
2600 2972 2891 3028 occasione
2922 2989 3016 3029 rex
3055 2974 3374 3035 intendet-at

119 3070 310 3140 expulit,
353 3089 495 3129 anno
547 3073 762 3129 Domini
811 3076 1099 3132 millesimo
1147 3060 1677 3151 quadringentesimo
1778 3078 2032 3133 ευθττθω
2080 3071 2273 3118 εοηίτα
2322 3078 2444 3119 eum
2485 3064 2682 3119 “erum
2737 3078 2977 3130 moverer
3030 3072 3086 3120 ⁸⁸
3114 3064 3181 3119 de
3225 3062 3375 3119 Ῑπίο

122 3165 493 3235 quadragesimo
520 3182 690 3232 nono,
714 3175 771 3223 et
797 3169 1168 3224 reductionem
1198 3170 1345 3226 fecit:
1374 3172 1511 3228 duos
1541 3172 1678 3229 ﬁlios

1809 3155 1967 3221 novit,
1995 3155 2119 3225 quia
2143 3155 2313 3210 voluit
2354 3164 2412 3210 ut
2443 3155 2584 3211 villae
2612 3164 2670 3212 et
2708 3168 2887 3213 castra
2921 3157 2975 3212 in
3002 3157 3148 3213 dicto
3175 3157 3376 3213 ducatu

126 3252 362 3325 relinquit,
413 3257 629 3313 scilicet
673 3256 1005 3314 Ludovicum
1053 3275 1321 3316 seniorem
1372 3262 1540 3317 filium
1560 3304 1577 3330 ,
1625 3276 1683 3320 ει
1710 3246 1751 3255 “”
1782 3246 1849 3302 de
1869 3247 2066 3316 quibus
2086 3247 2261 3303 dictus
2282 3248 2386 3303 dux
2401 3246 2627 3303 Carolus
2651 3249 3050 3318 possessionem
3066 3255 3376 3318 acceperat.

127 3341 433 3414 Delphinum,
458 3349 551 3419 qui
588 3349 848 3404 successi;
886 3348 939 3404 in
966 3364 1190 3418 corona,
1222 3360 1279 3407 ει
1305 3351 1470 3407 auum
1515 3353 1683 3410 Caro.
1783 3339 1887 3395 sibi
1919 3339 2357 3394 restituerentur.
2394 3338 2548 3407 Quod
2581 3340 2679 3393 fuit
2704 3340 2816 3410 regi
2865 3338 3021 3395 valde
3053 3339 3376 3411 ignominio-

131 3432 221 3487 lum
245 3436 429 3493 ducem
464 3440 532 3493 de
574 3437 775 3511 Berry;
805 3439 897 3509 qui
929 3440 1200 3495 modicum
1232 3428 1528 3498 concordes
1570 3442 1684 3499 rue-
1784 3447 1923 3491 sum.
1955 3441 2012 3493 ut
2041 3432 2364 3504 promissum
2396 3447 2552 3486 suum
2595 3440 2787 3487 contra
2817 3430 3043 3486 fratrem
3075 3435 3378 3487 naturalem

135 3536 235 3578 runt
265 3544 424 3599 usque
462 3530 531 3584 ad
564 3544 767 3583 annum
804 3529 1015 3584 Domini
1044 3529 1388 3587 millesimum
1417 3532 1682 3601 quadrin-
1785 3523 2037 3579 Violm‘el-

133 3621 449 3685 gentesimum
510 3622 916 3693 sexagesimum
973 3623 1243 3693 quintum.
1302 3622 1402 3691 Qui
1462 3624 1687 3679 Carolus
1859 3614 2224 3669 COIlSidcmnS
2250 3613 2426 3670 ἀίοιιιε
2454 3613 2564 3669 diu
2588 3614 2734 3685 (1ηοά
2770 3613 3031 3684 Ροεεηιίιτ
3066 3614 3209 3684 eius.
3233 3614 3385 3670 νῖάθ·

135 3709 222 3782 23
248 3714 344 3768 dux
373 3717 435 3770 de
456 3716 630 3787 θειονῖ
660 3729 688 3768 a
721 3713 890 3770 fratre
920 3730 1017 3771 suo
1047 3716 1321 3772 Ludovico
1356 3731 1482 3788 rege
1522 3718 1689 3773 duca.
1789 3706 1915 3761 licet
1939 3704 2105 3775 regis,
2133 3720 2238 3760 non
2267 3705 2474 3760 valeret
2501 3706 2780 3771 resistere,
2803 3706 3053 3762 discessit
3078 3707 3146 3762 de
3184 3704 3386 3762 North-

138 3808 227 3855 tum
262 3803 661 3862 Northmannia:
690 3806 1019 3877 requirebat.
1069 3815 1124 3863 et
1165 3807 1265 3863 sibi
1297 3808 1536 3864 debitum
1573 3809 1689 3864 iure
1792 3795 2035 3860 ιηθηηῖειν
2084 3802 2138 3848 ει
2187 3794 2524 3849 Britanniam
2556 3794 2671 3859 ίνίῑι
2720 3795 2912 3860 suique
2949 3794 3221 3860 οοηευίεεο
3252 3805 3385 3866 Ριιιδ

141 3893 437 3955 hereditario
471 3910 526 3957 et
560 3908 887 3956 testamento
912 3901 1082 3971 patris
1126 3902 1227 3957 sibi
1260 3901 1529 3970 relictum,
1561 3917 1690 3975 rege

1809 3887 2077 3958 lpiSCOpttS
2104 3895 2160 3941 et
2186 3886 2498 3955 patriarcha
2524 3885 2856 3955 Bajocensis,
2889 3889 3172 3957 episcopus
3211 3888 3389 3945 Lexo-

141 3990 520 4048 contradicente.

1809 3980 2021 4045 viensis,
2048 3991 2102 4034 et
2133 3978 2352 4049 plurimi
2395 3978 2486 4033 alii
2530 3990 2763 4048 patriam
2793 3981 3091 4050 etopropria
3122 3980 3300 4036 bencii
3336 3980 3389 4035 ia

199 4076 374 4138 videns
414 4084 710 4155 praedictus
756 4083 981 4141 Carolus
1011 4085 1153 4155 quod
1184 4101 1289 4142 ηοι,
1337 4095 1552 4157 potem;
1598 4103 1693 4158 pa-
1796 4071 2190 4141 relinquentes,
2217 4068 2427 4170 dictum
2472 4069 2686 4170 ducem,
2717 4071 2997 4139 supposito
3039 4078 3095 4170 et
3138 4070 3387 4170 consilio,

144 4166 248 4223 cisci
290 4189 402 4228 eum
434 4191 559 4248 rege
609 4175 780 4231 fratre
824 4192 944 4241 suo,
997 4174 1198 4233 foedere
1244 4179 1565 4249 conjimctus
1608 4186 1695 4234 es;
1795 4159 1965 4218 secuti
1997 4170 2146 4226 sunt,
2174 4167 2231 4215 et
2276 4158 2429 4213 multi
2474 4158 2682 4214 nobiles
2738 4158 3143 4213 Northmanniae
3191 4158 3392 4227 mptivi

149 4257 341 4319 dominis
368 4266 594 4322 ducibus
632 4266 956 4337 Burgundire
982 4276 1035 4322 et
1070 4248 1389 4336 Britanniae;
1436 4269 1527 4338 qui
1565 4284 1692 4339 que-

1809 4260 2175 4307 remanserunt
2200 4265 2321 4305 cum
2354 4264 2500 4319 rege,
2531 4259 2585 4303 et
2611 4248 2702 4303 alii
2727 4262 2792 4302 ex
2830 4256 2944 4303 toto
2982 4248 3281 4317 perierunt.

150 4350 281 4408 rotam
303 4356 420 4414 dicti
445 4359 625 4415 Caroli
655 4376 817 4414 manu
844 4368 1053 4415 πωπω
1082 4369 1383 4430 portantes,
1406 4371 1461 4416 ει
1496 4360 1699 4415 den-en-
1871 4344 1939 4399 Et
1968 4344 2069 4399 ista
2101 4341 2394 4397 miserabili
2425 4357 2618 4413 guerra
2646 4342 2898 4404 durante,
2926 4340 3177 4397 dominus
3207 4349 3395 4397 noster

107 1902 276 1947 cavae.
306 1889 396 1944 oui
440 1889 656 1965 ligneus
683 1900 826 1957 erat,
879 1890 1148 1961 lapideum
1195 1890 1574 1959 conformavit,
1605 1902 1665 1948 ut

108 1980 302 2033 intuenti
323 1980 600 2035 clarescit.

165 2068 285 2125 Tres
328 2071 613 2127 scholares
658 2073 726 2128 ad
772 2072 1008 2127 studium
1054 2073 1358 2131 Parisiense
1388 2076 1581 2143 tenuit,
1612 2084 1667 2133 et

109 2159 369 2229 aliquando
417 2172 677 2233 quatuor,
718 2165 1024 2235 sumptibus
1068 2167 1297 2236 magnis,
1345 2168 1667 2237 quibusdam

110 2251 153 2304 in
183 2252 452 2323 theologia,
492 2254 619 2310 aliis
660 2255 712 2310 in
742 2257 974 2312 decretis
1019 2258 1379 2323 studentibus,
1403 2267 1458 2314 ct
1493 2274 1587 2314 eos
1614 2259 1693 2314 in.

110 2344 337 2409 gradibus
366 2343 689 2399 facultatum
738 2347 975 2416 copiosis
1020 2349 1323 2418 sumptibus
1360 2349 1666 2413 honoravit,

110 2441 155 2485 et
176 2448 319 2487 manu
363 2434 540 2505 larga,
571 2434 756 2491 favore
801 2437 1130 2492 scholarium
1161 2453 1403 2495 suorum.
1436 2440 1671 2498 maxime

113 2522 387 2580 doctoribus
440 2523 766 2582 facultatum
820 2528 1204 2583 Parisiensium
1246 2530 1385 2585 bona
1431 2531 1672 2588 ecclesia:

115 2614 371 2671 distribuit.
412 2618 598 2687 Quare
645 2619 777 2675 dicti
816 2619 1112 2687 scholares,
1152 2637 1315 2695 super
1338 2638 1528 2679 omnes
1558 2633 1671 2679 stu-

116 2706 293 2774 dentes,
321 2710 370 2764 in
399 2711 544 2767 dicta
574 2711 948 2776 universitate,
980 2712 1035 2766 in
1067 2714 1301 2768 maxima
1337 2730 1673 2771 recommen-

3796 1414 3801 1465 1

3804 1568 3805 1617 1

3806 1646 3807 1683 1

3808 1724 3809 1769 1

3810 1800 3811 1841 1

3811 1878 3813 1917 1

3814 1954 3815 1997 1

3816 2032 3817 2075 1

3818 2110 3819 2171 1

3820 2186 3821 2223 1

3821 2264 3823 2307 1

3824 2340 3825 2373 1

3826 2418 3827 2445 1

3828 2496 3829 2527 1

3830 2572 3831 2600 1

3796 1414 3801 1465 1

3804 1568 3805 1617 1

3806 1646 3807 1683 1

3808 1724 3809 1769 1

3810 1800 3811 1841 1

3811 1878 3813 1917 1

3814 1954 3815 1997 1

3816 2032 3817 2075 1

3818 2110 3819 2171 1

3820 2186 3821 2223 1

3821 2264 3823 2307 1

3824 2340 3825 2373 1

3826 2418 3827 2445 1

3828 2496 3829 2527 1

3830 2572 3831 2601 1

3834 2726 3835 2759 1

3836 2804 3837 2837 1

3838 2882 3839 2923 1

3840 2958 3841 3001 1

3841 3036 3843 3097 1

152 4444 307 4504 dentes
355 4452 402 4506 in
438 4467 624 4526 regem
676 4454 929 4507 ducatum
978 4452 1384 4508 Northmanniie
1429 4467 1700 4521 occupan-

1800 4445 1855 4491 et
1887 4436 2052 4491 Pater
2079 4432 2423 4498 venerabilis,
2456 4447 2552 4487 sua
2583 4432 2939 4502 benignitate,
2981 4441 3038 4487 et
3083 4432 3393 4499 clementia,

153 4540 258 4598 tein,
285 4523 523 4597 iugulum;
557 4544 824 4598 fecerun[_
873 4553 929 4599 ει
962 4559 1085 4599 eum
1137 4558 1307 4614 usque
1351 4543 1419 4598 ad
1460 4543 1700 4600 Parisius
1732 4535 1777 4593 ι)
1805 4526 2011 4583 nobiles
2040 4524 2241 4581 multos
2267 4525 2319 4579 in
2351 4523 2647 4579 amicitiam
2680 4523 2938 4580 Ecclesia
2966 4523 3157 4590 univit,
3188 4533 3245 4581 οι
3276 4533 3398 4595 ροει

157 4621 306 4695 iugere
346 4635 716 4706 compulerunt
756 4652 880 4691 cum
928 4644 1039 4692 toto
1084 4637 1325 4691 exercitu
1356 4652 1481 4702 suo;
1513 4638 1600 4693 ubi
1634 4639 1701 4691 ad

159 4717 331 4775 nobiles
358 4721 784 4793 Northmanuiae,
828 4737 887 4784 ut
926 4730 1264 4785 commodius
1295 4730 1541 4786 valerent
1572 4730 1703 4786 resi-

160 4816 297 4876 stere,
345 4819 638 4884 mandavit,
671 4819 762 4890 qui
800 4820 934 4876 adeo
968 4836 1067 4891 pro
1114 4836 1241 4893 rege
1290 4822 1703 4887 dimicaverunt,

164 4904 276 4963 Quod
298 4904 557 4979 Burgundi
588 4926 772 4965 eorum
800 4912 1040 4967 exercitu
1070 4914 1240 4968 territi
1272 4914 1545 4983 fugerunt.

222 4987 393 5051 Postea
426 5015 517 5054 rex
569 5000 851 5056 consultus
876 5016 906 5054 a
942 5001 1273 5072 sapientibus
1307 5002 1455 5072 regni
1499 5002 1581 5057 sui
1610 5015 1708 5071 pro

170 5090 281 5135 nono
328 5092 464 5159 regni
514 5101 569 5147 et
615 5091 1037 5165 regnicolarum,
1095 5092 1162 5146 ad
1214 5093 1336 5149 lites
1379 5100 1435 5146 ct
1486 5107 1709 5163 guerras

70 5210 75 5223 .
173 5171 402 5232 sedendas
426 5189 477 5233 et
496 5181 848 5250 quietandas;
879 5190 933 5237 et
957 5182 1230 5237 amicitias
1272 5184 1414 5237 inter
1439 5182 1711 5251 principes

78 5298 85 5309 .
175 5270 554 5337 connectendas,
600 5272 878 5327 consensit
923 5282 984 5327 ut
1029 5272 1227 5327 fratrer
1275 5273 1712 5330 suus'Ducatum

179 5345 537 5416 Northmanniae
564 5361 885 5431 possideret,
916 5362 1061 5417 unde
1094 5362 1271 5417 fuerat
1304 5364 1368 5417 lis
1410 5372 1464 5419 et
1492 5373 1711 5418 contro-

180 5442 321 5496 versia
347 5458 484 5503 mota
520 5451 663 5505 inter
695 5450 898 5506 dictum
925 5466 1108 5523 regem
1132 5451 1459 5507 etCaroluin
1493 5451 1715 5506 fratrem

181 5541 300 5597 ellis;
327 5544 377 5589 et
397 5554 486 5608 per
507 5557 631 5597 suas
657 5550 904 5611 patentes
938 5541 1150 5597 litteras
1179 5542 1540 5608 confirmavit,
1566 5542 1718 5612 jura-

184 5618 335 5689 Vilque
375 5644 639 5702 nunquam
670 5648 857 5689 venire
890 5634 944 5689 in
987 5634 1346 5700 contrarium,
1380 5634 1476 5689 sed
1505 5647 1720 5704 semper

186 5712 347 5769 stabile
371 5726 543 5779 tenere
566 5725 910 5794 promissum.

249 5796 454 5869 Ducibus
493 5817 835 5887 contentatis,
867 5826 1086 5889 propter
1127 5816 1287 5889 bujus
1314 5816 1639 5888 promissum
1669 5825 1724 5872 et

1803 4634 2007 4690 paucos
2036 4620 2152 4675 dies
2180 4628 2290 4674 tres
2315 4619 2499 4676 feodos
2535 4618 2762 4682 nobiles,
2791 4618 3044 4674 videlicet
3070 4617 3286 4673 feodum
3329 4620 3398 4674 de

1804 4708 2175 4778 Calvomonte,
2190 4711 2256 4765 de
2277 4709 2641 4782 Feugueroto,
2664 4717 2719 4765 et
2738 4708 2957 4775 Boullaz,
2981 4709 3236 4766 mandan
3254 4710 3399 4780 regis

1806 4804 1872 4859 de
1914 4803 2084 4867 curia,
2126 4810 2183 4858 et
2222 4802 2484 4869 scacario,
2536 4801 2796 4859 Beccensi
2840 4802 3087 4860 ecclesiae
3136 4811 3397 4873 tanquam

1808 4910 1972 4950 manu
2031 4906 2257 4950 mortua:
2309 4896 2699 4965 incorporavit,
2752 4894 2969 4966 magnis
3021 4904 3078 4950 et
3138 4893 3401 4962 largiﬂuis

1808 4986 2133 5056 sumptibus,
2166 4987 2475 5043 amortisari
2501 4985 2651 5051 fecit,
2681 5000 2825 5043 anno
2869 4985 3078 5041 Domini
3110 4984 3399 5039 millesimo

1809 5080 2345 5150 quadringentesimo
2393 5080 2729 5150 sexagesimo
2759 5088 2939 5143 sexto,
2970 5086 3031 5132 ut
3066 5077 3269 5132 clarius
3301 5090 3399 5145 ap-

1810 5180 1967 5242 paret
1994 5171 2047 5226 in
2075 5172 2269 5227 litteris
2299 5186 2462 5240 super
2489 5172 2591 5226 hoc
2619 5169 2885 5228 confectis
2917 5178 2972 5226 et
2999 5167 3237 5237 scriptis.

1883 5263 2020 5318 Nota
2060 5264 2203 5333 quod
2248 5263 2589 5317 amortisatio
2632 5262 2763 5317 nihil
2796 5261 2942 5318 aliud
2970 5268 3054 5317 est
3078 5274 3245 5330 quam
3294 5267 3401 5317 tes-

1815 5372 1932 5413 ram
1973 5357 2191 5413 domino
2244 5355 2553 5411 tributalem
2605 5356 2830 5410 reddere
2861 5354 3155 5408 immunem
3185 5350 3256 5406 ab
3284 5351 3401 5409 illo.

1890 5448 2125 5503 Tabulas
2180 5449 2233 5503 in
2285 5449 2404 5502 aula
2460 5462 2582 5517 qua:
2635 5445 2834 5501 dicitur
2875 5443 3223 5505 Misericorde
3277 5442 3406 5500 fecit

1820 5556 2080 5597 renovare
2125 5550 2180 5595 et
2228 5541 2602 5602 directorium,
2630 5544 2686 5592 et
2728 5536 2978 5601 similiter
3004 5537 3058 5592 in
3093 5537 3403 5606 refectorio,

1820 5646 1940 5703 qurc
1973 5631 2122 5707 prius
2145 5639 2297 5685 erant
2325 5630 2602 5685 vermibus
2626 5635 2978 5697 consumptae.

1894 5726 2096 5780 Eodem
2121 5741 2264 5781 anno
2285 5723 2434 5778 multi
2467 5724 2533 5778 de
2560 5720 2869 5779 hominibus
2890 5720 3092 5777 domini
3118 5721 3298 5778 Caroli
3348 5737 3407 5778 se

1828 5824 2116 5871 traxerunt
2142 5815 2211 5871 ad
2242 5813 2422 5869 villam
2450 5830 2570 5885 qua:
2598 5813 2798 5869 dicitur
2838 5812 2888 5869 le
2913 5811 3050 5869 Pont
3075 5812 3142 5870 de
3169 5813 3405 5879 l’Arche,
