3864 6304
415 388 528 451 δατ

1342 390 1437 444 AD
1487 389 1713 445 OPERA
1755 388 1813 441 B.
1853 383 2248 440 LANFllANCl
2288 383 2656 440 AI'PENDIX.
2717 436 2723 441 .
3586 388 3678 443 688

415 519 467 559 vt
519 506 714 560 ibidem
765 512 1059 561 tenuerunt
1106 517 1204 572 per
1250 503 1447 557 multos
1497 503 1612 557 dies
1651 519 1662 554 :
1705 509 1758 556 et
1785 500 1863 555 sic
1891 516 2004 566 rex,
2037 504 2082 556 Α
2112 498 2401 568 virginum,
2435 499 2684 553 vtue'li'cet
2721 500 2943 566 vrrg’uus
2978 497 3156 553 Maria:
3206 496 3558 570 Magtlalenm,
3585 504 3683 559 tlu.

415 606 635 669 propter
663 598 765 651 hoc
798 604 997 659 motus,
1027 595 1154 663 quia
1197 594 1457 651 nolebant
1488 594 1663 646 villam
1691 592 2006 664 prcedictam

417 705 515 745 suo
548 690 803 744 mandato
853 690 1102 753 reddere,
1157 688 1209 741 in
1257 687 1475 758 propria
1528 688 1699 752 venit,
1732 695 1786 742 et
1820 686 2005 741 sedem

416 780 675 847 instituit,
704 788 755 835 et
805 779 1148 848 disposuerat
1176 793 1274 848 per
1324 778 1587 834 assultmn
1644 792 1857 849 capere,
1902 776 2005 832 nisi

414 873 797 926 intervenisset
822 870 1039 940 pactio;
1070 879 1227 939 pacto
1268 869 1425 934 inito,
1454 884 1574 923 cum
1612 870 1722 924 suis
1764 869 2003 933 intravit,

412 973 466 1018 et
488 967 721 1018 durante
761 962 909 1027 sede,
937 965 1126 1017 domos
1153 977 1275 1030 quae
1297 970 1449 1015 erant
1480 964 1621 1015 circa
1666 969 1924 1024 castrum,
1953 968 2007 1014 et

413 1062 629 1122 [vortam
658 1069 777 1122 qua:
808 1053 959 1107 duxit
1010 1053 1076 1106 ad
1123 1051 1435 1114 Locoveris,
1473 1050 1598 1105 fecit
1626 1049 1868 1104 funditus
1908 1053 2002 1104 de-

412 1148 572 1201 strui,
603 1153 658 1195 et
686 1141 883 1197 fossata
911 1143 1067 1196 dictae
1099 1141 1236 1195 villae
1267 1141 1557 1195 refortiari.

442 1246 453 1255 ‘
489 1234 690 1287 Eodem
730 1248 872 1286 anno
909 1233 1247 1302 sexagesimo
1273 1241 1445 1296 sexto,
1482 1232 1568 1286 die
1595 1232 1769 1287 sancti
1797 1231 2005 1286 Cosmre

413 1334 467 1379 et
500 1325 761 1387 Damiani,
798 1339 955 1378 mane
982 1325 1116 1378 adeo
1148 1325 1233 1378 die
1279 1332 1458 1379 stante
1503 1324 1761 1379 nebuloso
1800 1334 1853 1379 et
1891 1334 2006 1377 tur-

415 1418 562 1482 bido,
586 1417 728 1486 quod
759 1416 845 1469 vix
876 1416 997 1485 quis
1037 1416 1303 1484 potuisset
1343 1415 1632 1469 distantem
1679 1431 1707 1467 a
1745 1431 1803 1469 se
1835 1416 2003 1470 tribus

411 1510 637 1577 pedibus
686 1509 1022 1578 conspicere,
1049 1509 1395 1563 intraverunt
1437 1506 1747 1561 Bourbonni
1790 1523 1885 1575 per
1914 1523 2003 1561 ca-

409 1610 604 1666 strum,
636 1602 690 1655 in
737 1601 936 1654 dictam
988 1601 1266 1655 civitatem
1316 1599 1828 1669 Ilothomagensem,
1860 1600 2004 1668 capi-

413 1704 571 1748 taneo
593 1703 648 1748 et
675 1693 884 1748 civibus
919 1693 1301 1759 inscientibus;
1334 1694 1476 1747 unde
1508 1695 1605 1747 fuit
1638 1710 1829 1764 magna
1856 1708 2003 1746 com-

411 1785 580 1837 motio
634 1783 688 1837 in
741 1783 956 1852 populo.
1016 1782 1121 1837 Sed
1188 1784 1400 1838 tandem
1452 1785 1630 1839 medio
1682 1785 2001 1853 sapientium

2112 606 2336 655 nortna',
2381 590 2704 661 Margaritze,
2759 590 3095 653 Catharinte,
3140 606 3303 659 super
3345 593 3517 647 altare
3544 596 3685 650 dictae

2110 682 2329 753 capella:
2375 686 2565 739 devote
2596 682 2789 749 erexit,
2838 691 2894 736 et
2931 681 3167 737 tabulam
3198 684 3413 753 depingi
3465 684 3608 749 fecit,
3641 690 3685 742 in

2109 788 2239 842 qua,
2290 772 2355 826 ad
2420 774 2587 828 latera
2636 774 2861 844 depicta:
2916 770 3041 829 sunt
3088 774 3351 846 inmagines
3393 787 3686 832 smetarmn

2110 861 2334 917 Martha:
2359 871 2413 918 et
2441 862 2683 934 Agnetis.

2180 953 2411 1008 Scamna
2436 952 2578 1008 circa
2610 951 2868 1023 capellam
2912 952 3173 1019 instituit,
3203 969 3325 1007 cum
3359 955 3605 1022 cophinis
3629 956 3685 1008 ad

2119 1046 2425 1115 reponenda
2487 1055 2805 1101 ornamenta
2858 1046 3107 1115 capellae;
3164 1062 3285 1115 quae
3356 1048 3542 1100 omnia
3580 1064 3689 1118 pro-

2108 1139 2241 1206 priis
2269 1138 2508 1192 denariis
2538 1147 2592 1191 et
2633 1138 2939 1207 sumptibus
2965 1137 3092 1193 fecit
3136 1138 3276 1203 ﬁeri,
3309 1139 3560 1194 videlicet
3580 1140 3686 1195 cali-

2106 1246 2223 1283 cem
2258 1231 2595 1295 deauratum,
2624 1245 2814 1300 pacem
2829 1230 2985 1285 valde
3016 1232 3266 1285 devotam
3294 1239 3349 1285 et
3367 1243 3687 1302 argenzeam,

2106 1322 2428 1393 corporalia,
2481 1332 2535 1378 et
2590 1323 2918 1394 generaliter
2985 1324 3171 1378 omnia
3225 1340 3348 1393 qua:
3406 1341 3459 1376 Ill
3500 1322 3683 1393 capella

2106 1417 2373 1480 videntur,
2424 1416 2477 1469 in
2527 1417 2808 1483 honorem,
2838 1424 2894 1471 et
2918 1416 3168 1471 decorem
3204 1415 3507 1469 maximum
3535 1414 3687 1469 eccle-

2107 1508 2222 1573 siae,
2276 1516 2332 1562 et
2377 1509 2541 1562 etiam
2592 1510 2727 1561 duas
2780 1523 2978 1577 parvas
3023 1507 3249 1576 c0pinas
3299 1519 3604 1577 argenteas,
3630 1505 3687 1561 ad

2107 1600 2470 1668 reponendam
2529 1614 2725 1668 aquam
2786 1608 2839 1653 et
2889 1599 3095 1663 vinum,
3139 1614 3264 1653 cum
3340 1600 3506 1653 missa
3546 1598 3685 1651 debet

2106 1690 2389 1745 celebrari.
2442 1690 2506 1743 Et
2543 1699 2666 1759 post
2689 1690 2742 1743 in
2778 1705 2923 1743 anno
2970 1690 3261 1744 millesimo
3288 1690 3687 1759 quadringente-

2107 1782 2243 1835 simo
2270 1782 2604 1849 sexagesimo
2643 1792 2855 1841 octavo.
2892 1780 3019 1834 fecit
3050 1791 3367 1850 sumptuose
3397 1780 3607 1850 depingi
3639 1790 3686 1832 et

410 1876 670 1930 stantium
723 1876 774 1928 in
824 1876 1067 1938 civitate,
1120 1891 1212 1929 rex
1244 1875 1490 1945 placatus
1539 1884 1644 1940 est,
1689 1884 1743 1930 et
1778 1890 1895 1928 eam
1949 1875 1999 1928 in
2036 1845 2077 1902 Β
2108 1874 2159 1928 in
2187 1874 2447 1927 honorem
2475 1873 2746 1941 virginum
2776 1872 3072 1926 historian.

410 1968 563 2022 brevi
618 1976 858 2036 tempore
905 1967 1266 2036 recuperavit,
1325 1976 1380 2020 et
1428 1966 1624 2020 ibidem
1673 1966 1724 2021 in
1773 1981 2031 2045 personat

412 2060 567 2113 stetit
617 2073 715 2128 per
757 2058 955 2113 multos
986 2059 1129 2123 dies;
1168 2069 1221 2113 et
1270 2058 1536 2114 infortiari
1577 2070 1814 2113 castrum
1867 2073 2003 2129 prm-

411 2151 636 2214 dietnm,
690 2151 926 2221 quodam
977 2167 1165 2221 grosso
1195 2168 1350 2206 muro
1400 2153 1451 2206 in
1503 2154 1695 2216 latere,
1744 2168 1811 2206 ex
1849 2162 2001 2224 parte

412 2243 665 2296 tendente
699 2257 886 2297 versus
908 2241 1113 2303 villam.
1142 2258 1308 2312 prope
1341 2242 1538 2297 fontem
1568 2244 1757 2298 castri.

480 2334 587 2403 27
650 2333 809 2388 Anno
858 2335 1199 2403 sexagesimo
1252 2336 1483 2404 septimo
1526 2334 1655 2390 fecit
1711 2336 2031 2405 praedictus

409 2426 661 2480 dominus
709 2423 1022 2479 Gauﬂ‘ridus
1092 2425 1367 2480 Benedicti
1445 2428 1733 2496 quamdam
1783 2443 1998 2482 crucem

410 2520 616 2574 institui
642 2518 982 2588 magniﬁcam
1007 2518 1058 2573 in
1091 2517 1318 2573 ecclesia
1351 2518 1534 2585 Becci,
1565 2520 1902 2586 deauralam,
1932 2536 2001 2575 ex

410 2611 676 2681 lapidibus
703 2610 953 2680 pretiosis
984 2609 1220 2679 umliqne
1248 2611 1532 2676 munitam,
1560 2619 1613 2665 et
1638 2611 1691 2665 in
1713 2626 1817 2681 qua
1848 2628 2002 2681 repo-

412 2710 614 2756 nuntur
648 2704 819 2773 spinae
857 2702 1105 2773 gloriosae
1144 2718 1359 2759 corona:
1399 2702 1781 2776 Redemptoris
1828 2706 1998 2760 nostri

409 2791 535 2848 Jesu
561 2793 781 2848 Christi.

481 2883 544 2938 Et
601 2886 791 2939 eodem
842 2899 985 2940 anno
1036 2885 1164 2940 fecit
1213 2886 1452 2957 incipere
1483 2888 1750 2956 quoddam
1780 2889 1998 2945 beul'rc-

411 2976 586 3039 dium,
641 2976 695 3029 in
739 2976 876 3041 loco,
933 2978 987 3030 in
1037 2995 1143 3048 quo
1190 2982 1473 3035 retroactis
1512 2983 1843 3053 temporibus
1874 2983 1998 3050 fuit,

412 3065 558 3135 quod
605 3065 705 3119 fuit
735 3066 856 3137 igne
883 3077 1283 3137 consumptum,
1331 3071 1465 3125 adeo
1494 3074 1637 3142 quod
1671 3087 1766 3143 per
1790 3073 2001 3143 opinio-

2174 1970 2329 2022 Auno
2372 1968 2581 2021 Domini
2634 1967 2921 2021 millesimo
2962 1965 3514 2037 quadringentesimo
3548 1979 3686 2017 sesa-

2104 2061 2310 2131 gesimo
2361 2061 2611 2128 septimo,
2658 2069 2903 2129 tempore
2967 2068 3245 2120 currente.
3287 2075 3403 2128 quo
3452 2057 3683 2111 dominus

2104 2151 2329 2205 Carolus
2379 2151 2549 2204 frater
2606 2150 2748 2219 regis
2796 2149 3057 2203 Ludovici
3118 2150 3169 2202 in
3223 2148 3512 2203 Britannia
3549 2157 3685 2205 erat,

2103 2254 2372 2299 Venerunt
2404 2243 2653 2297 Britones
2690 2242 2939 2305 Cadomi,
2969 2250 3023 2296 et
3056 2241 3122 2294 ad
3156 2250 3341 2311 partes
3368 2240 3685 2295 circumvici-

2104 2350 2225 2399 nas,
2276 2346 2330 2389 et
2375 2344 2434 2389 ut
2488 2335 2539 2387 in
2587 2333 2980 2388 Northtnannia
3035 2333 3340 2388 faciliorem
3392 2348 3683 2404 aggressum

2104 2427 2386 2491 haberent,
2424 2441 2534 2496 pro
2579 2426 2803 2495 querela
2846 2426 3123 2495 sarpedicti
3176 2425 3363 2480 Caroli
3404 2426 3611 2483 tuenda,
3640 2430 3685 2475 et

2103 2518 2477 2583 deﬂ‘endenda,
2523 2534 2647 2573 cum
2680 2519 2818 2573 duce
2855 2517 3137 2573 Alenc0nii
3183 2527 3412 2586 pactum
3440 2516 3683 2588 ﬁnierunt,

2104 2621 2158 2667 et
2183 2619 2621 2680 composuerunt,
2656 2617 2715 2663 ut
2760 2608 3071 2663 Britonibus
3096 2625 3195 2678 pro
3222 2608 3490 2677 praedicto
3515 2604 3681 2660 Carolo

2104 2702 2535 2772 querelanlibus.
2563 2699 2767 2766 villam,
2803 2710 2859 2755 et
2897 2694 3140 2753 castrum
3175 2699 3468 2754 Alcnconii
3516 2698 3679 2752 redde-

2104 2803 2217 2859 ret;
2250 2794 2393 2864 quod
2446 2793 2520 2847 ita
2576 2793 2782 2846 factum
2834 2800 2941 2857 est,
2977 2799 3246 2845 venerunt
3297 2800 3353 2843 et
3420 2797 3680 2844 tenuerunt

2103 2900 2227 2939 cum
2272 2884 2505 2936 maxima
2544 2882 2697 2951 copia
2730 2879 3129 2952 armigerorum
3162 2895 3420 2933 suorum.

2176 2977 2290 3030 ltex
2323 2986 2501 3029 autem
2537 2973 2843 3027 Ludovicus
2888 2973 2989 3027 hoc
3022 2973 3252 3027 audiens
3270 2970 3448 3039 jussit
3483 2971 3533 3025 in
3561 2968 3677 3023 Νοτ-

2106 3068 2384 3121 tlunanuia
2435 3079 2628 3120 omnes
2697 3064 2908 3118 nobiles
2960 3079 3084 3118 cum
3156 3063 3348 3118 liberis
3408 3061 3678 3132 sagittariis

415 3169 538 3209 nem
596 3155 936 3209 latiomorum
982 3166 1345 3225 expertarum,
1381 3163 1621 3229 oportuit
1660 3163 1801 3219 istud
1844 3179 1998 3219 reno-
2027 3189 2071 3248 ο
2105 3146 3325 3233 [Vulgo,Francs-arbalétriers.]proclamari,
3352 3158 3421 3210 ad
3454 3166 3680 3210 I‘CStSlen-

415 3261 544 3300 vare
574 3260 745 3315 usque
775 3247 841 3300 ad
873 3246 1302 3316 fundamentum,
1337 3253 1403 3305 ad
1436 3267 1727 3322 campanas
1751 3255 1997 3310 ecclesiae

413 3337 839 3405 suspendendas,
890 3337 1015 3406 quia
1078 3354 1280 3407 gressa:
1329 3350 1504 3397 turres
1559 3343 1783 3398 nimium
1842 3356 2000 3400 erant

414 3438 672 3500 gravata},
703 3438 757 3483 et
782 3431 1146 3485 commotione
1187 3447 1573 3502 campanarum
1607 3438 1994 3503 gravabantur.

485 3520 603 3589 Ipse
633 3532 811 3591 motus
840 3522 1104 3576 eharitate
1130 3531 1184 3577 et
1207 3523 1491 3580 devotione
1528 3527 1896 3595 augmentavit
1944 3537 1998 3582 et

412 3611 588 3667 crevit
636 3613 918 3682 pitantiam
976 3612 1372 3684 religiosorum,
1406 3625 1510 3671 tam
1556 3619 1999 3688 presbyterorum

415 3700 879 3771 quamjuvenum,
903 3703 956 3757 in
985 3704 1214 3759 termino
1240 3704 1482 3772 Paschre,
1514 3707 1579 3762 dc
1599 3708 1785 3778 viginti
1814 3708 2000 3766 solidis

417 3792 769 3863 presbyteris,
806 3803 861 3846 et
884 3794 1172 3863 juvenibus
1197 3795 1262 3849 de
1297 3797 1639 3866 quindecim;
1666 3799 1717 3852 in
1740 3814 1846 3869 quo
1867 3800 2001 3855 nihil

415 3886 787 3956 percipiebant
814 3896 996 3954 antea,
1022 3888 1073 3942 in
1106 3904 1359 3958 maguum
1396 3892 1693 3946 subsidium
1720 3893 1998 3964 religioso-

417 3992 539 4031 rum
558 3977 959 4032 claustraliutn.

482 4068 552 4124 Et
585 4070 698 4125 suis
742 4070 1074 4139 temporibus
1102 4071 1425 4127 convivebat
1474 4073 1526 4126 in
1568 4073 1808 4130 Ecclesia
1848 4090 2003 4132 reve-

413 4161 615 4218 rendus
648 4171 702 4218 et
744 4162 1182 4232 religiosissimus
1206 4164 1290 4217 vir
1321 4164 1482 4220 homo
1502 4166 1651 4235 pacis
1677 4176 1728 4222 et
1754 4167 1999 4223 dilectio-

412 4252 521 4318 nis,
545 4252 793 4308 dominus
814 4252 1083 4308 Robertns
1108 4254 1173 4309 de
1194 4252 1551 4326 Rothomago,
1582 4256 1716 4311 alias
1740 4257 1787 4311 Ie
1802 4257 1998 4326 Moine,

412 4344 565 4413 prior
611 4345 920 4399 claustralis
951 4345 1197 4401 ecclesia:
1249 4344 1448 4412 Becci;
1500 4348 1591 4418 qni
1631 4350 1780 4418 prius
1826 4348 2001 4405 fuerat

414 4435 566 4504 prior
593 4436 648 4490 in
699 4436 959 4491 Ecclesiis
992 4436 1081 4491 lde
1128 4437 1488 4506 Conﬂuentio,
1517 4440 1583 4495 de
1611 4440 1922 4508 Bellosaltu,
1947 4451 2003 4498 et

2106 3256 2230 3307 dum
2264 3250 2541 3321 przedictis
2588 3248 2901 3301 Britonibus
2947 3248 3037 3316 qui
3066 3248 3268 3301 eundo.
3302 3256 3360 3301 et
3405 3243 3676 3305 redeundo.

2102 3346 2238 3398 adeo
2278 3342 2532 3412 pupulum
2566 3349 2922 3403 vexaverunt,
2984 3350 3041 3393 ut
3099 3339 3277 3393 nullus
3324 3355 3431 3394 nec
3481 3338 3677 3407 pullum,

2103 3449 2200 3489 nec
2240 3448 2453 3497 aucam,
2483 3448 2582 3486 nec
2611 3432 2813 3502 aliquid
2849 3430 3209 3495 cumestibile,
3236 3446 3338 3500 pro
3369 3446 3433 3485 se
3470 3440 3522 3484 et
3542 3427 3672 3481 farsi-

2103 3527 2171 3580 lia
2205 3540 2320 3593 sua,
2371 3532 2663 3595 potuerunt
2705 3538 3010 3587 reservare,
3044 3524 3189 3576 viros
3218 3522 3613 3577 ecclesiasticos
3638 3514 3675 3571 si

2103 3616 2451 3670 inveniebant
2480 3614 2738 3668 taliabant
2782 3613 2918 3685 (75),
2948 3622 3003 3667 et
3028 3611 3072 3665 si
3102 3611 3339 3680 aliquem
3368 3614 3673 3681 equitantem

2103 3709 2458 3771 invenissent,
2500 3706 2585 3761 vel
2614 3719 2813 3774 equum
2869 3708 2922 3758 in
2965 3705 3204 3774 pejoreut
3269 3702 3673 3759 commutabant,

2105 3804 2187 3858 vel
2228 3792 2450 3857 omnino
2498 3800 2838 3854 detinebant.
2890 3797 2956 3851 Et
2994 3799 3119 3875 dum
3165 3798 3270 3850 ista
3313 3792 3675 3850 nefandissim

2105 3904 2420 3967 agerentur,
2470 3892 2733 3961 praedicto
2787 3890 2923 3945 duce
2965 3888 3249 3943 Alenconii
3308 3886 3367 3941 in
3431 3882 3672 3939 Britannia

2107 3995 2305 4051 stante,
2330 3984 2614 4040 consilium
2641 3983 2886 4038 habitum
2908 3989 3013 4047 est,
3039 3990 3098 4033 ut
3128 3995 3265 4033 uxor
3284 3980 3410 4051 ejus
3434 3980 3501 4034 ad
3524 3988 3673 4047 regem

2106 4088 2375 4151 pergeret,
2410 4086 2468 4131 ut
2507 4078 2623 4145 ejus
2674 4077 2809 4130 iram
2855 4076 3198 4138 moderaret;
3246 4088 3371 4142 qua:
3414 4082 3673 4143 postquam

2108 4177 2287 4229 locuta
2330 4181 2559 4227 estcum
2606 4186 2691 4234 eo,
2742 4170 2854 4224 suis
2893 4166 3146 4238 precibus
3184 4164 3425 4220 obtinuit
3473 4176 3525 4218 ut
3561 4166 3673 4216 inter

2106 4281 2200 4320 eos
2224 4264 2409 4318 trevite
2434 4261 2781 4325 haberentur,
2806 4272 3085 4330 quousque
3109 4255 3287 4310 virum
3322 4271 3484 4309 suum
3512 4253 3670 4306 ducem

2107 4354 2385 4410 Alenconii
2411 4353 2704 4413 visitasset,
2731 4361 2787 4405 et
2813 4349 3170 4405 intentionem
3195 4345 3314 4418 ejus
3343 4347 3531 4410 sciret,
3557 4341 3669 4413 quod

2107 4447 2187 4501 sic
2219 4447 2417 4499 factum
2451 4453 2556 4498 est.

417 4526 486 4578 de
507 4525 900 4591 Evvremodio;
924 4538 977 4581 et
1000 4541 1186 4597 postea
1212 4531 1278 4585 ad
1305 4531 1539 4601 priorem
1568 4531 1823 4588 Ecclesia:
1842 4533 1998 4589 Becci
2032 4532 2078 4587 D
2177 4538 2444 4606 Tempore
2471 4544 2649 4589 autem
2680 4532 2951 4603 pendente
2979 4533 3030 4585 in
3062 4532 3310 4602 partibus
3340 4530 3452 4586 illis
3476 4530 3659 4585 circum

416 4630 514 4685 per
538 4616 855 4672 electionem
887 4631 1131 4683 vocatus,
1166 4622 1255 4690 qui
1295 4624 1677 4680 meritissimus
1711 4636 1765 4679 et
1817 4627 2001 4695 perdia

416 4707 592 4762 lectus
642 4708 695 4763 in
735 4707 910 4764 oﬂicio
940 4711 1008 4765 ab
1042 4714 1296 4767 omnibus
1322 4716 1549 4779 exstitit,
1598 4724 1651 4769 et
1688 4717 1754 4769 ad
1783 4717 2002 4771 domum

418 4814 596 4866 suam,
627 4815 749 4870 qua:
790 4800 982 4856 domus
1026 4802 1222 4870 prioris
1251 4803 1465 4868 dicitur,
1494 4805 1651 4859 sitam
1685 4820 1847 4873 supra
1876 4821 2003 4876 por-

416 4898 527 4944 tam
574 4906 696 4960 qua:
726 4891 925 4945 dicitur
965 4892 1187 4947 Roberti
1232 4892 1418 4959 Bellot,
1470 4896 1701 4951 viriliter
1734 4896 2004 4954 laboravit

417 4980 566 5034 intus
610 4988 679 5034 et
711 4980 975 5046 exterius,
1008 4990 1269 5050 quantum
1324 4983 1601 5039 decoravit
1642 4987 1728 5054 (ut
1773 4987 2002 5045 intuenti

415 5072 689 5144 clarescit)
730 5074 978 5141 picturis,
1028 5076 1370 5145 cooperturis
1409 5085 1465 5133 et
1494 5077 1619 5134 aliis
1651 5079 2002 5137 munimentis

416 5167 485 5221 ad
516 5182 791 5222 cameram
814 5167 978 5236 aptis.

454 5258 765 5330 Capenam
821 5262 873 5315 in
911 5276 1147 5318 ecclesm
1178 5261 1362 5327 sitam,
1411 5277 1533 5333 qua:
1572 5264 1773 5320 dicitur
1797 5265 1998 5337 capella

408 5351 593 5407 Beata:
621 5351 803 5409 Mariae
831 5353 1177 5424 Magdaleuzc,
1222 5353 1323 5409 sibi
1368 5355 1547 5425 elegit,
1579 5364 1631 5411 et
1669 5357 1835 5426 priori
1867 5360 2001 5414 assi-

414 5441 629 5510 gnavit;
694 5451 874 5498 tamen
931 5446 1152 5515 antiqua
1215 5445 1441 5516 registra
1500 5446 1753 5502 Ecclesia:
1812 5459 2002 5503 notant

413 5536 677 5603 capellam
717 5536 866 5589 Beati
917 5537 1194 5592 Benedicti
1247 5538 1411 5593 luisse
1449 5538 1615 5608 priori
1645 5541 1995 5611 assignatam.

413 5624 585 5691 Quam
616 5628 878 5696 capellam
928 5629 1106 5683 Beata:
1154 5629 1339 5684 Maria:
1386 5628 1711 5700 Magdaleua:
1753 5634 2001 5687 victrinis

416 5719 749 5785 snmptuosis
801 5718 1024 5780 clausit;
1084 5720 1324 5791 quinque
1374 5722 1636 5793 imagines
1690 5734 1998 5781 sanctarum

462 5808 604 5879 ‘05)
642 5807 877 5864 Taliare.
904 5807 1080 5877 vulgo;
1119 5818 1312 5866 mettre
1338 5810 1366 5864 ὸ
1391 5812 1440 5866 la
1476 5812 1645 5868 taillc.

2106 4642 2321 4699 quaque
2370 4626 2644 4687 ducatum,
2675 4631 2834 4677 erant
2878 4621 3033 4676 liberi
3071 4622 3368 4692 sagittarii,
3417 4620 3527 4677 fere
3564 4630 3661 4684 qur

2106 4718 2350 4789 draginta
2380 4716 2524 4770 mille
2549 4715 2802 4784 dispersi,
2831 4723 2887 4768 et
2933 4714 3068 4768 adeo
3095 4714 3347 4779 patriam.
3384 4724 3440 4767 et
3471 4709 3660 4766 maxime

2106 4812 2251 4865 circa
2293 4809 2666 4863 Senonensem
2718 4803 2999 4859 dimcesim
3040 4804 3517 4874 deprzcdaverunt;
3551 4798 3665 4871 quod

2106 4904 2176 4959 ob
2207 4905 2484 4959 detectum
2513 4898 2832 4955 victualium
2875 4899 3140 4970 compulsi
3191 4910 3319 4955 sunt
3364 4898 3664 4973 provinciam

2106 4995 2397 5051 dimittere.

2178 5087 2244 5141 Et
2299 5085 2427 5138 dum
2464 5082 2660 5138 nobilis
2712 5082 2927 5137 domina
2986 5082 3269 5138 Alenconii
3325 5082 3663 5139 consideraret

2105 5191 2227 5230 cum
2260 5177 2371 5232 [ilio
2397 5189 2495 5228 suo
2522 5176 2710 5242 patria:
2734 5173 3185 5237 destructionem.
3215 5175 3284 5227 ad
3317 5190 3495 5246 regem
3523 5172 3661 5227 Ἐτιηο

2105 5268 2204 5322 cite
2232 5273 2518 5330 venerunt,
2568 5274 2624 5319 et
2671 5265 2719 5319 ei
2750 5264 2934 5319 villam
2986 5264 3268 5319 Alenconii
3324 5268 3662 5320 reddiderunt.

2107 5359 2418 5415 Britonibus
2483 5358 2608 5412 inde
2664 5356 3071 5421 excedentibus,
3126 5366 3183 5412 et
3230 5356 3458 5413 Francis
3492 5356 3663 5411 findere

2105 5453 2255 5523 pacis
2278 5450 2626 5515 intrantibus,
2645 5450 2781 5505 duce
2802 5449 3084 5505 Aleuconii
3101 5464 3317 5518 semper
3336 5448 3394 5505 in
3420 5445 3659 5504 Britannia

2103 5555 2312 5611 stante;
2364 5559 2466 5601 nec
2522 5544 2591 5599 ob
2644 5544 2746 5599 hoc
2791 5553 3077 5599 cessarunt
3118 5545 3364 5599 Britones
3419 5538 3659 5612 querelam

2102 5637 2344 5710 prmdicti
2395 5636 2598 5691 domini
2625 5634 2801 5691 Caroli
2842 5645 3097 5706 portare;
3138 5638 3233 5691 sed
3268 5636 3424 5705 longe
3453 5643 3562 5704 post
3585 5643 3656 5683 oc-

2102 5737 2439 5799 cupaverunt
2461 5727 2615 5785 villas
2645 5728 2699 5783 in
2722 5728 2966 5798 partibus
2991 5729 3345 5785 inferioribus
3370 5726 3656 5782 Northum-
