3864 6304
202 307 302 363 689

1440 314 1837 374 CHRONICON
1872 319 2244 377 BECCENSE.

3363 327 3467 401 me

201 421 315 483 uiae,
350 419 614 476 videlicet
652 420 805 480 villas
847 422 1093 488 Cadomi,
1137 398 1466 495 Bajoceusis,
1522 429 1783 484 Constan-
1814 442 1861 497 Α
1887 433 2098 486 cultura
2130 432 2271 488 feodi
2322 434 2490 489 nostri
2529 435 2595 491 de
2643 436 2976 507 Feuguereio
3009 438 3265 512 contiguo
3305 440 3466 496 dictis

201 516 403 578 tiensis,
454 516 855 583 Abricatensis,
902 517 1132 574 Francis
1175 520 1596 592 circumquaque
1645 524 1786 579 inter

192 624 282 661 eos
304 608 599 676 dispersis,
625 610 857 665 maxime
875 611 1017 681 apud
1042 611 1301 668 Sanctum
1323 612 1564 669 Laudum
1582 615 1786 687 (Saint-

199 704 304 770 Ld),
354 714 412 758 et
456 705 744 760 abbatiam
773 707 839 761 de
867 704 1110 761 Troardo
1135 706 1258 779 (aL,
1293 706 1572 779 Troame),
1615 722 1784 780 usque

191 795 254 847 al
285 810 489 848 annum
522 795 876 850 millesimum
904 798 1306 868 sexagesimum
1335 808 1608 866 octavum,
1639 801 1783 870 quod

194 903 280 941 rex
301 888 479 941 dictas
508 896 700 958 partes
723 889 1121 958 conquestavit.

252 977 317 1032 Et
345 979 543 1034 eodem
577 995 723 1035 anno
751 980 1036 1035 millesimo
1063 981 1597 1053 quadringentesimo
1625 998 1781 1040 sexa-

189 1068 385 1138 gesimo
439 1077 670 1136 octavo,
728 1082 917 1127 octava
976 1071 1251 1144 Augusti,
1313 1074 1504 1130 nobilis
1563 1076 1776 1130 domina

188 1157 394 1211 domina
440 1156 755 1228 Margareta
805 1162 988 1232 regina
1025 1162 1252 1234 Anglia},
1289 1176 1427 1219 uxor
1457 1165 1601 1236 regis
1636 1164 1778 1220 Hen—

189 1252 299 1319 rici,
330 1253 422 1323 qui
484 1266 623 1311 tunc
666 1258 923 1325 temporis
964 1260 1030 1313 ab
1066 1258 1316 1314 Eduardo
1366 1260 1431 1314 de
1477 1258 1524 1313 la
1561 1258 1777 1315 Marcbe

187 1358 477 1414 occupante
532 1364 762 1420 regnum
795 1349 1019 1417 Anglia,
1064 1352 1379 1406 carceribus
1409 1352 1774 1419 detinebatur,

186 1452 277 1493 nec
302 1455 408 1493 non
444 1440 558 1494 tilia
617 1442 758 1513 regis
799 1441 1019 1508 Sicilire,
1069 1460 1197 1498 cum
1231 1444 1342 1499 lilio
1384 1461 1481 1499 suo
1527 1445 1774 1501 Edoardo

187 1530 393 1585 domino
424 1534 683 1604 principe
717 1536 781 1591 de
808 1535 1012 1602 Galles,
1047 1548 1312 1591 venerunt
1338 1539 1448 1608 28
1478 1539 1617 1608 apud
1643 1537 1776 1594 Bec-

183 1636 319 1688 cum,
342 1632 397 1677 et
422 1622 635 1679 ibidem
665 1626 865 1696 recepti
890 1635 1018 1682 sum
1045 1627 1234 1683 eadem
1258 1627 1342 1682 die
1364 1637 1774 1698 vesperascente

180 1711 284 1779 jam
311 1713 418 1781 die,
446 1730 578 1770 cum
612 1717 763 1773 taedis
794 1726 847 1771 et
878 1722 1081 1773 lumine
1108 1719 1392 1787 immenso,
1418 1731 1474 1777 et
1502 1731 1773 1777 steterunt

1889 522 2244 579 condnctibus
2281 524 2529 581 fontium.

1956 615 2094 669 Huic
2127 616 2419 671 venerabili
2457 618 2675 672 domino
2716 618 2994 674 Gaull‘rido
3033 620 3209 676 abbati
3251 635 3467 677 succes-

1883 707 1955 762 sit
2002 707 2252 764 dominus
2307 709 2546 765 Joannes
2611 710 2843 767 Boucart
2905 715 3119 778 doctor,
3179 715 3465 785 episcopus

1881 799 2270 864 Abricatensis,
2296 801 2387 871 qui
2415 811 2542 856 tunc
2565 804 2824 873 temporis
2844 814 2962 877 erat
2987 804 3268 859 confessor
3288 805 3466 859 Ludo-

1881 887 1985 943 vici
2011 888 2153 959 regis
2172 888 2433 956 Francia,
2458 892 2545 961 qui
2568 893 2785 962 quidem
2804 893 3090 964 episcopus
3115 894 3216 948 fuit
3235 895 3460 959 electus,

1880 980 2361 1052 sivepostulatus,
2393 984 2761 1039 admonitione
2805 994 2860 1039 et
2910 996 3179 1055 praecepto
3221 987 3461 1057 ejusdem

1881 1072 2043 1141 regis,
2078 1071 2130 1124 in
2162 1083 2431 1141 pastorem
2460 1083 2513 1129 et
2539 1076 2790 1133 abbatem
2824 1076 2999 1131 Becci.
3034 1076 3151 1146 lpse
3183 1074 3310 1131 fecit
3333 1091 3461 1130 cou-

1879 1165 2137 1219 summari
2178 1173 2236 1218 et
2277 1166 2532 1236 compleri
2561 1165 2907 1234 beufredum;
2941 1166 3068 1221 fecit
3096 1166 3210 1219 ﬁeri
3243 1181 3462 1244 catnpat

1878 1271 2027 1321 nam,
2056 1270 2176 1326 quae
2216 1244 2435 1311 dicitur’
2457 1256 2817 1328 horologium,
2851 1266 2905 1312 et
2940 1256 3200 1326 suspendi
3226 1256 3286 1309 in
3318 1256 3459 1321 loco,

1878 1349 1930 1402 in
1956 1364 2063 1418 quo
2090 1364 2233 1404 nunc
2269 1359 2399 1417 stat,
2430 1350 2481 1405 in
2510 1351 2794 1406 cacumine
2819 1350 3059 1419 ejusdem
3094 1347 3356 1403 beul'redi.
3452 1426 3457 1429 ν

1945 1441 2087 1497 ldetn
2124 1443 2413 1515 episcopus
2456 1444 2644 1498 habuit
2679 1444 2964 1513 quemdam
3012 1450 3261 1497 vocatum
3290 1440 3459 1510 magi-

1876 1544 2047 1590 strum
2078 1533 2339 1592 Joannem
2369 1536 2419 1591 le
2442 1536 2758 1600 Mareltand,
2784 1535 3045 1589 vicarium
3082 1534 3199 1605 ejus
3230 1533 3282 1587 in
3313 1533 3457 1588 dicta

1874 1624 2122 1692 abbatia;
2183 1627 2272 1695 qui
2330 1624 2547 1696 quidem
2612 1626 2663 1681 le
2715 1624 3007 1681 Mareltand
3055 1634 3174 1680 erat
3220 1624 3458 1703 (lecanus

1874 1715 2116 1771 ecclesiae
2142 1716 2529 1782 Abricatensis,
2581 1718 2665 1771 vir
2726 1732 2930 1786 magnae
2981 1715 3351 1784 intelligentiae
3404 1724 3458 1770 et

184 1818 271 1871 per
295 1806 537 1876 quinque
571 1807 691 1864 dies
726 1809 779 1863 in
816 1810 918 1865 hac
952 1810 1187 1875 abbatia,
1217 1827 1336 1866 cum
1366 1812 1571 1868 honore
1598 1814 1772 1868 maxi-
1802 1793 1845 1847 Β
1872 1808 2204 1877 Sagacitalis,
2249 1810 2339 1879 qui
2378 1810 2567 1864 habuit
2608 1810 2849 1879 regimen
2930 1819 2984 1865 et
3030 1809 3455 1881 gubernaculum

186 1911 284 1959 mo,
329 1907 382 1951 et
410 1900 612 1969 gratiis
643 1901 769 1956 hinc
802 1902 925 1957 inde
972 1904 1125 1968 actis,
1157 1906 1395 1973 perrexit
1421 1906 1487 1960 ad
1513 1904 1765 1963 Nostram

185 1986 452 2043 Dominam
495 1991 566 2045 de
614 1988 947 2061 Monteforti,
989 1995 1187 2051 deinde
1231 1995 1299 2052 ad
1351 1994 1668 2061 Herﬂotum,
1708 2006 1767 2055 ut

183 2079 526 2136 ascenderth
559 2098 736 2138 mare.

244 2172 437 2228 Eodem
463 2192 618 2230 anno
642 2177 792 2247 prior
812 2177 880 2233 de
900 2177 1215 2245 Bellosaltu,
1238 2180 1493 2236 videlicet
1516 2181 1766 2239 dominus

183 2264 401 2321 Joannes
431 2270 499 2323 de
541 2269 919 2338 Cambrevicr,
959 2274 1049 2343 qui
1098 2282 1230 2329 tunc
1276 2283 1395 2330 erat
1434 2276 1686 2343 subprior
1711 2284 1766 2330 et

181 2368 356 2412 cantor
378 2359 569 2424 Becci,
604 2361 782 2417 cﬂ‘ecit
810 2373 868 2418 ut
903 2379 1146 2430 scamna,
1172 2374 1229 2420 et
1248 2365 1403 2421 sedes
1430 2378 1765 2436 sumptuosa:

185 2450 231 2504 in
288 2452 604 2521 refectoriu,
657 2456 710 2510 in
766 2457 1025 2512 honorem
1073 2466 1127 2512 et
1176 2458 1471 2513 maximum
1512 2460 1763 2515 decorem

182 2542 291 2609 loci,
321 2544 758 2613 fabricareutur;
798 2564 952 2616 cujus
997 2549 1244 2605 beneﬁcii
1273 2551 1507 2621 gratiam
1557 2567 1611 2607 tn
1646 2551 1761 2606 ani-

184 2655 310 2695 mam
333 2658 691 2698 renumerare
719 2644 968 2714 dignetur
993 2646 1155 2701 Dens.

158 2738 161 2739 '
241 2735 386 2789 Auno
418 2734 639 2790 Domini
670 2736 955 2792 millesimo
981 2739 1515 2811 quadringentesimo
1534 2755 1760 2812 sexage-

185 2822 305 2877 simo
328 2834 539 2891 octavo,
567 2827 780 2882 decima
808 2838 962 2883 sexta
989 2828 1272 2895 Octobris;
1306 2839 1593 2901 postquam
1618 2833 1756 2889 inie-

182 2914 360 2970 riorem
406 2917 868 2976 Northmanniam
916 2924 1059 2993 regis
1111 2924 1464 2996 subjugarunt
1506 2926 1755 2996 imperio,

184 3008 504 3074 querelantes
566 3026 673 3082 pro
730 3029 878 3084 rege,
933 3013 1242 3071 Britonibus
1281 3018 1348 3070 ad
1384 3033 1442 3073 se
1497 3019 1754 3085 reversis,

183 3100 640 3186 considerantibus
691 3107 823 3160 tanti
864 3108 1008 3177 regis
1040 3110 1293 3178 potestati
1335 3126 1441 3165 non
1484 3126 1641 3181 posse
1670 3127 1756 3166 re-
1780 3142 1825 3205 ο

185 3183 394 3257 sistere,
457 3195 703 3264 praelatis
764 3199 974 3267 patriae,
1044 3201 1466 3271 nobilibusque,
1532 3210 1751 3273 totoque

185 3282 419 3349 populatu
448 3302 623 3357 super
651 3289 979 3361 principem,
1008 3291 1214 3346 scilicet
1238 3293 1426 3349 ducem
1454 3294 1751 3367 Britanniae

186 3373 615 3447 acclamantibus,
648 3380 947 3449 patriaeque
985 3383 1363 3448 vastationem,
1407 3387 1591 3456 populi
1621 3403 1752 3442 con-

185 3458 444 3531 fusionem,
494 3468 744 3538 gentium
776 3470 1133 3539 perditionem
1164 3472 1340 3528 eidem
1372 3473 1751 3530 demonstran-

186 3550 327 3618 tibus,
371 3566 593 3623 pactum
641 3567 695 3613 et
751 3561 1098 3616 concordiam
1157 3572 1459 3619 tractarunt
1505 3565 1647 3621 inter
1691 3583 1752 3625 se

183 3644 517 3708 querelantcs.

245 3733 605 3822 Redeuntibus
635 3759 751 3799 arm
776 3745 945 3816 geris,
980 3746 1247 3803 nobilibus
1288 3750 1610 3820 sagittariis,
1658 3754 1747 3822 qui

188 3817 357 3879 ibidem
389 3826 621 3883 aderant
666 3843 765 3898 pro
812 3845 939 3901 rege
981 3833 1291 3901 pugnaturi,
1327 3817 1557 3905 patriam
1590 3817 1746 3895 istam

189 3908 564 3975 Northmannire
612 3930 778 3977 totam
832 3925 1323 3992 deprzcdavcrunt,
1380 3937 1435 3984 et
1487 3933 1749 4001 quidquid

186 4001 584 4064 ecclesiasticum
609 4021 824 4080 poterat
845 4012 1097 4079 inveniri,
1124 4016 1277 4084 quasi
1300 4032 1456 4072 suum
1474 4023 1748 4092 proprium

193 4095 517 4170 reputabant;
550 4101 604 4154 in
630 4102 879 4156 domibus
906 4103 1012 4156 Deo
1037 4104 1317 4171 dedicatis,
1343 4117 1468 4178 puta
1496 4110 1745 4177 abbatiis,

188 4185 408 4257 domibus
464 4200 836 4265 sacerdotum,
885 4217 952 4255 ex
996 4203 1141 4277 omni
1193 4214 1344 4275 parte
1383 4206 1743 4270 conﬂuebant,

188 4286 361 4338 statum
401 4290 835 4348 ecclesiasticum
870 4295 920 4348 in
956 4311 1217 4363 personas
1256 4297 1619 4363 dill‘amantes,
1651 4315 1746 4369 po-

188 4370 418 4445 Pillusqne
475 4386 661 4439 omnis
711 4385 1116 4442 Northmannia:
1170 4397 1376 4443 tantum
1427 4392 1745 4460 supplicium

1872 1900 2035 1954 totius
2074 1900 2533 1968 Ecclesiae‘Becci,
2560 1902 2659 1958 sub
2686 1900 2801 1972 ipso
2824 1901 3098 1974 episcopo.

1938 1992 2058 2061 lpse
2106 1994 2390 2062 cpiscopus
2437 1994 2489 2048 in
2538 1994 2641 2048 line
2685 2009 2744 2048 se
2774 1992 2990 2048 demisit
3018 1991 3083 2046 de
3129 1989 3368 2055 abbatia,
3400 1995 3459 2073 et

1868 2068 2111 2152 reposuit
2140 2086 2193 2138 in
2234 2100 2395 2138 manu
2424 2079 3120 2156 religiosorum.'Videlieet
3147 2096 3205 2135 se
3237 2068 3454 2134 demisit

1864 2190 2026 2244 super
2052 2175 2359 2245 religiosmn
2393 2176 2567 2229 virum
2598 2173 2873 2229 dominum
2900 2170 3164 2226 Joannem
3194 2169 3260 2223 de
3289 2168 3455 2236 Aptot

1868 2248 2050 2340 [for-te,
2079 2264 2324 2338 Hautot.]
2355 2267 2486 2320 alias
2506 2265 2736 2332 llauteu,
2761 2265 2851 2334 qui
2885 2280 2982 2335 pro
3007 2271 3133 2319 tunc
3161 2269 3280 2317 erat
3306 2261 3454 2329 prior

1865 2360 2172 2417 claustralis
2204 2358 2382 2423 Becci,
2415 2361 2507 2415 sed
2538 2359 2795 2413 demissio
2820 2374 2925 2414 non
2958 2357 3149 2412 sortita
3181 2365 3267 2409 est
3292 2362 3448 2409 suum

1863 2452 2140 2519 effectum,
2171 2453 2296 2522 quia
2345 2453 2485 2507 idem
2527 2451 2812 2522 episcopus
2842 2450 2979 2505 obiit
3014 2456 3304 2518 antequam
3331 2446 3447 2515 ipsa

1864 2546 2119 2603 demissio
2147 2554 2292 2601 esset
2322 2543 2641 2601 conﬁrmata
2679 2557 2708 2596 a
2735 2558 2892 2614 papa.
2923 2540 3104 2609 Quare
3133 2539 3274 2593 idem
3300 2537 3453 2611 prior

1862 2638 2172 2695 clanstralis
2216 2637 2452 2709 perdidit
2493 2635 2778 2706 pecuniam
2806 2650 2977 2699 suam,
3026 2647 3186 2703 quam
3220 2630 3451 2684 miserat

1863 2729 2108 2796 Romam,
2143 2729 2212 2784 ad
2251 2727 2554 2783 faciendam
2588 2725 3054 2781 confirmationem
3085 2736 3266 2785 suam,
3294 2728 3349 2774 et
3377 2718 3449 2807 ad

1861 2826 2175 2880 solvendam
2214 2831 2533 2886 vacantem;
2574 2836 2743 2890 quare
2775 2819 2915 2874 facta
2950 2817 3049 2870 fuit
3085 2812 3301 2869 electio.

1931 2920 1987 2972 lu
2014 2908 2120 2988 qua
2154 2917 2416 2973 electione
2448 2913 2544 2969 fuit
2574 2915 2779 2969 electus
2805 2911 3055 2966 dominus
3082 2907 3352 2961 Roberlus
3380 2902 3449 2960 de

1860 3012 2215 3081 llotbomago,
2266 3008 2400 3063 alias
2430 3004 2716 3071 d'Evrcux,
2774 3003 2924 3074 prior
2972 2999 3038 3053 de
3085 2996 3443 3089 Bellomoute,

1858 3105 1943 3159 vir
1996 3103 2281 3171 religiosus
2336 3111 2391 3156 et
2425 3100 2662 3155 honesue
2697 3090 3144 3154 conversationis,
3175 3088 3265 3162 qui
3316 3088 3449 3179 suc-'l

1856 3200 2023 3257 cessit
2076 3180 2133 3252 in
2172 3195 2384 3250 abbatia
2450 3193 2551 3263 ipsi
2606 3191 2860 3260 episcopo
2909 3182 3272 3241 Abricatensi.
3328 3178 3443 3269 Ipse

1853 3292 2079 3356 electus,
2112 3299 2167 3347 et
2210 3290 2533 3345 Benedictus
2574 3285 2764 3347 abbas,
2793 3281 2920 3336 fecit
2949 3274 3063 3333 ﬁeri
3098 3291 3289 3329 novam
3319 3274 3443 3343 por;

1854 3355 1963 3436 tam
1991 3380 2043 3435 in
2067 3355 2291 3434 introitu
2327 3377 2576 3439 abbatiae,
2610 3388 2727 3443 qua:
2760 3385 2901 3424 nunc
2942 3377 3025 3422 cst
3047 3366 3199 3436 juxta
3228 3371 3437 3431 portam

1852 3469 2311 3539 eleemosynariae,
2361 3481 2483 3521 cum
2537 3477 2691 3517 nmro
2744 3459 2955 3529 lapideo
2998 3470 3190 3509 versus
3239 3454 3437 3506 dictam

1852 3559 2358 3631 cleemosynariam.
2415 3555 2566 3610 Fecit
2595 3551 2808 3624 operari
2847 3546 3213 3608 laudabiliter,
3262 3553 3317 3598 et
3345 3543 3441 3597 lto-

1854 3661 2008 3708 neste
2052 3666 2216 3721 supra
2261 3648 2540 3718 antiquam
2603 3654 2813 3716 portam
2866 3638 3107 3712 ejusdem
3160 3634 3435 3699 introitus,

1850 3726 1971 3800 eum
2002 3741 2256 3814 gradibus
2297 3724 2712 3795 ascendentibus
2746 3734 2812 3787 ad
2854 3743 3124 3793 cameras,
3151 3741 3285 3796 quas
3312 3723 3441 3779 fecit

1851 3834 1968 3890 ﬁeri
1999 3849 2161 3904 supra
2197 3832 2442 3888 eamdem
2475 3830 2749 3896 antiquam
2780 3831 3012 3893 portam,
3043 3829 3096 3875 et
3125 3815 3437 3873 recitetiam

1849 3927 2065 3997 operari
2104 3927 2157 3981 in
2190 3925 2459 3980 couductu
2492 3920 2647 3976 rivuli
2680 3932 2833 3987 aqum
2863 3923 2988 3969 ante
3019 3920 3232 3982 portam
3261 3906 3435 3963 eccle-

1849 4019 1964 4083 siat,
1998 4034 2119 4073 cum
2152 4034 2307 4072 muro
2334 4015 2543 4086 lapideo
2567 4013 2854 4069 claudente
2885 4009 3057 4078 ipsum
3084 4004 3434 4064 conductum,

1849 4124 1878 4163 a
1904 4124 2119 4164 camera
2152 4109 2349 4178 prioris
2377 4122 2546 4177 usque
2572 4105 2637 4159 ad
2658 4101 3005 4174 granarium;
3036 4112 3158 4152 eum
3191 4093 3437 4164 pluribus

1849 4186 1969 4258 aliis
2020 4200 2317 4266 beneﬁciis,
2356 4215 2475 4268 qua:
2514 4198 2627 4266 ipse
2673 4195 2804 4249 fecit
2856 4192 3000 4245 intra
3045 4187 3354 4248 ecclesiam,
3382 4192 3438 4238 et

1848 4306 2022 4350 extra.
2056 4294 2259 4347 Deinde
2290 4293 2401 4361 ipse
2434 4306 2492 4344 se
2513 4286 2731 4343 demisit
2752 4285 2816 4339 de
2839 4282 2983 4339 dicta
3012 4278 3246 4339 abbatia,
3273 4288 3438 4343 super

1847 4380 2209 4436 venerabilem
2272 4379 2580 4450 religiosum
2630 4373 2904 4429 dominum
2956 4367 3315 4425 Gu'illermum
3368 4368 3434 4418 de

189 4460 407 4523 toleravit
456 4488 631 4544 usque
673 4477 739 4531 ad
784 4478 1020 4533 medium
1069 4478 1391 4536 Novembris
1439 4457 1565 4536 anni
1596 4498 1740 4553 prm-
1772 4485 1820 4545 ι)
1849 4464 2213 4545 Rothomago,
2249 4471 2389 4545 alias}
2423 4469 2646 4534 Guerin,
2681 4474 2890 4521 retenta
2924 4457 3432 4553 magnaApensione,

191 4549 316 4607 dicti.

248 4643 428 4706 Eodem
465 4668 607 4712 anno
638 4658 920 4716 millesimo
948 4663 1482 4733 quadringentesimo
1516 4676 1738 4734 sexage-

191 4737 307 4795 Simo
369 4756 578 4815 octavo,
631 4750 759 4806 fecit
813 4754 1103 4822 prazdictus
1161 4754 1411 4809 dominus
1445 4753 1741 4810 Gaul‘ridus

192 4839 379 4915 Youtatu
420 4841 721 4895 continuari
766 4850 822 4897 et
846 4844 1082 4912 antiquae
1123 4843 1401 4915 conjungi,
1437 4846 1649 4901 scilicet
1670 4848 1739 4901 ad

192 4914 521 4984 darensionem
555 4932 765 4988 itineris
793 4948 900 5002 quo
933 4935 1041 4988 itur
1062 4936 1126 4990 de
1151 4937 1321 4990 llecco
1345 4936 1410 4990 ad
1437 4936 1731 5002 Brioniam,

191 5019 338 5079 "uiue
363 5019 427 5073 ad
468 5027 750 5093 gartl‘xnunt
788 5024 1019 5081 Joannis
1050 5027 1274 5091 Louret,
1307 5038 1363 5081 ut
1391 5029 1598 5084 scilicet
1627 5030 1733 5085 iter

194 5104 370 5174 reilium
416 5113 609 5174 ibidem
657 5120 1098 5187 constitueretur,
1142 5121 1235 5191 qui
1280 5120 1487 5177 solebat
1512 5135 1631 5177 esse
1673 5122 1727 5176 in

1851 4585 1972 4622 cum
2030 4554 2444 4636 praesentatione
2497 4557 2905 4616 beneficiorum.
2960 4553 3067 4608 Sed
3118 4550 3259 4605 facta
3320 4548 3434 4618 ipsa

1850 4656 2195 4719 demissioue,
2248 4664 2304 4710 et
2338 4640 2656 4708 confirmata
2700 4664 2728 4701 a
2761 4659 2973 4702 summo
3012 4639 3292 4713 pontiﬁce,
3321 4636 3435 4707 ipse

1849 4750 2099 4805 dominus
2128 4748 2401 4804 llobertns
2434 4745 2697 4801 d’Evrenx
2756 4757 2861 4797 non
2886 4738 2975 4794 diu
2999 4734 3242 4798 duravit;
3263 4746 3433 4802 quare

1848 4845 1964 4916 ipse
2006 4843 2256 4899 dominus
2305 4842 2629 4899 Guillcrmus
2679 4838 2906 4902 Guerin,
2956 4834 3047 4905 qui
3100 4839 3259 4886 antea
3315 4834 3433 4881 erat

1846 4936 1998 5008 prior
2020 4934 2084 4989 de
2117 4934 2320 4990 Sancto
2351 4933 2672 5019 Philihcrto,
2705 4940 2759 4985 et
2784 4927 3096 4999 capellauus
3117 4921 3244 5013 dicti
3272 4919 3431 5021 d‘Ev:

1845 5045 1998 5092 reux,
2027 5025 2129 5081 fuit
2177 5027 2399 5083 omnino
2426 5018 2685 5098 paciﬁcus
2715 5024 2881 5079 abbas
2915 5018 3081 5091 ipsius
3113 5018 3429 5069 monasterii

1838 5119 1905 5175 de
1928 5119 2121 5175 Becco.

1670 5368 1887 5380 -κ
