  <div class='ocr_page' id='page_1' title='image "/cluster/home/n/w/nwhite01/storage/ocr_20150623/150/hvd.32044015473788/349.png"; bbox 0 0 3886 6292; ppageno 0'>
   <div class='ocr_carea' id='block_1_1' title="bbox 447 318 547 395">
    <p class='ocr_par' dir='ltr' id='par_1_1' title="bbox 447 318 547 395">
     <span class='ocr_line' id='line_1_1' title="bbox 447 318 547 395; baseline -0.03 0"><span class='ocrx_word' id='word_1_1' title='bbox 447 318 547 395; x_wconf 71' lang='lat'><strong>091&#39;</strong></span> 
     </span>
    </p>
   </div>
   <div class='ocr_carea' id='block_1_2' title="bbox 1409 337 3659 401">
    <p class='ocr_par' dir='ltr' id='par_1_2' title="bbox 1409 337 3659 401">
     <span class='ocr_line' id='line_1_2' title="bbox 1409 337 3659 401; baseline 0.003 -7"><span class='ocrx_word' id='word_1_2' title='bbox 1409 337 1501 394; x_wconf 79' lang='lat' dir='ltr'><strong>AD</strong></span> <span class='ocrx_word' id='word_1_3' title='bbox 1536 337 1765 398; x_wconf 80' lang='lat' dir='ltr'><strong>OPERA</strong></span> <span class='ocrx_word' id='word_1_4' title='bbox 1803 338 1865 394; x_wconf 84' lang='grc' dir='ltr'><strong>Β.</strong></span> <span class='ocrx_word' id='word_1_5' title='bbox 1901 337 2295 396; x_wconf 71' lang='lat' dir='ltr'><strong>LANFRANCI</strong></span> <span class='ocrx_word' id='word_1_6' title='bbox 2340 339 2705 398; x_wconf 81' lang='lat' dir='ltr'><strong>APPENDIX.</strong></span> <span class='ocrx_word' id='word_1_7' title='bbox 3576 350 3659 401; x_wconf 63' lang='lat'><strong>61&quot;.!</strong></span> 
     </span>
    </p>
   </div>
   <div class='ocr_carea' id='block_1_3' title="bbox 554 504 3662 531">
    <p class='ocr_par' dir='ltr' id='par_1_3' title="bbox 554 504 3662 531">
     <span class='ocr_line' id='line_1_3' title="bbox 554 504 3662 531; baseline 0.001 -12"><span class='ocrx_word' id='word_1_8' title='bbox 554 504 3662 531; x_wconf 54' lang='lat'><strong>—————————————————————————_—__.-__—.</strong></span> 
     </span>
    </p>
   </div>
   <div class='ocr_carea' id='block_1_4' title="bbox 782 628 3368 784">
    <p class='ocr_par' dir='ltr' id='par_1_4' title="bbox 782 628 3368 784">
     <span class='ocr_line' id='line_1_4' title="bbox 782 628 3368 784; baseline 0.002 -40"><span class='ocrx_word' id='word_1_9' title='bbox 782 630 1386 748; x_wconf 89' lang='lat' dir='ltr'><strong>ADDITIO</strong></span> <span class='ocrx_word' id='word_1_10' title='bbox 1441 628 1634 745; x_wconf 90' lang='lat' dir='ltr'><strong>AD</strong></span> <span class='ocrx_word' id='word_1_11' title='bbox 1692 628 2529 749; x_wconf 80' lang='lat' dir='ltr'><strong>CHRONICON</strong></span> <span class='ocrx_word' id='word_1_12' title='bbox 2593 634 3368 784; x_wconf 80' lang='lat' dir='ltr'><strong>BECCENSE,</strong></span> 
     </span>
    </p>
   </div>
   <div class='ocr_carea' id='block_1_5' title="bbox 663 850 3462 931">
    <p class='ocr_par' dir='ltr' id='par_1_5' title="bbox 663 850 3462 931">
     <span class='ocr_line' id='line_1_5' title="bbox 663 850 3462 931; baseline 0.003 -18"><span class='ocrx_word' id='word_1_13' title='bbox 663 850 902 924; x_wconf 72' lang='lat' dir='ltr'><strong>29Ea:</strong></span> <span class='ocrx_word' id='word_1_14' title='bbox 940 852 1214 914; x_wconf 77' lang='lat' dir='ltr'><strong>historia</strong></span> <span class='ocrx_word' id='word_1_15' title='bbox 1248 850 1514 931; x_wconf 75' lang='lat' dir='ltr'><strong>eiusdem</strong></span> <span class='ocrx_word' id='word_1_16' title='bbox 1544 850 1832 924; x_wconf 76' lang='lat' dir='ltr'><strong>abbatiw,</strong></span> <span class='ocrx_word' id='word_1_17' title='bbox 1876 858 2137 913; x_wconf 73' lang='lat' dir='ltr'><strong>auctore</strong></span> <span class='ocrx_word' id='word_1_18' title='bbox 2174 852 2515 914; x_wconf 79' lang='lat' dir='ltr'><strong>Francisco</strong></span> <span class='ocrx_word' id='word_1_19' title='bbox 2552 853 2786 916; x_wconf 70' lang='lat' dir='ltr'><strong>Correo</strong></span> <span class='ocrx_word' id='word_1_20' title='bbox 2818 857 3108 919; x_wconf 76' lang='lat' dir='ltr'><strong>Beccmsi</strong></span> <span class='ocrx_word' id='word_1_21' title='bbox 3144 859 3462 921; x_wconf 70' lang='lat' dir='ltr'><strong>canobita.</strong></span> 
     </span>
    </p>
   </div>
   <div class='ocr_carea' id='block_1_6' title="bbox 514 1107 3665 1185">
    <p class='ocr_par' dir='ltr' id='par_1_6' title="bbox 514 1107 3665 1185">
     <span class='ocr_line' id='line_1_6' title="bbox 514 1107 3665 1185; baseline 0.002 -19"><span class='ocrx_word' id='word_1_22' title='bbox 514 1108 844 1166; x_wconf 80' lang='lat' dir='ltr'><strong>Guillermus</strong></span> <span class='ocrx_word' id='word_1_23' title='bbox 874 1118 1065 1179; x_wconf 85' lang='lat' dir='ltr'><strong>postea</strong></span> <span class='ocrx_word' id='word_1_24' title='bbox 1100 1107 1357 1163; x_wconf 90' lang='lat' dir='ltr'><strong>abbatum</strong></span> <span class='ocrx_word' id='word_1_25' title='bbox 1405 1122 1663 1163; x_wconf 83' lang='lat' dir='ltr'><strong>successu</strong></span> <span class='ocrx_word' id='word_1_26' title='bbox 1716 1108 2027 1179; x_wconf 86' lang='lat' dir='ltr'><strong>trigesimus</strong></span> <span class='ocrx_word' id='word_1_27' title='bbox 2054 1111 2106 1170; x_wconf 77' lang='grc' dir='ltr'>Α</span> <span class='ocrx_word' id='word_1_28' title='bbox 2134 1112 2370 1167; x_wconf 85' lang='lat' dir='ltr'><strong>nondum</strong></span> <span class='ocrx_word' id='word_1_29' title='bbox 2395 1112 2728 1185; x_wconf 79' lang='lat' dir='ltr'><strong>vlgenariam</strong></span> <span class='ocrx_word' id='word_1_30' title='bbox 2750 1152 2765 1179; x_wconf 95' lang='lat'><strong>,</strong></span> <span class='ocrx_word' id='word_1_31' title='bbox 2796 1126 2920 1166; x_wconf 87' lang='lat' dir='ltr'><strong>cum</strong></span> <span class='ocrx_word' id='word_1_32' title='bbox 2946 1114 3094 1182; x_wconf 85' lang='lat' dir='ltr'><strong>pacis</strong></span> <span class='ocrx_word' id='word_1_33' title='bbox 3125 1112 3368 1185; x_wconf 75' lang='lat' dir='ltr'><strong>legibus.</strong></span> <span class='ocrx_word' id='word_1_34' title='bbox 3404 1126 3665 1185; x_wconf 83' lang='lat' dir='ltr'><strong>posteriore</strong></span> 
     </span>
    </p>
   </div>
   <div class='ocr_carea' id='block_1_7' title="bbox 447 1199 2033 1273">
    <p class='ocr_par' dir='ltr' id='par_1_7' title="bbox 447 1199 2033 1273">
     <span class='ocr_line' id='line_1_7' title="bbox 447 1199 2033 1273; baseline -0.003 -15"><span class='ocrx_word' id='word_1_35' title='bbox 447 1203 646 1271; x_wconf 79' lang='lat' dir='ltr'><strong>tertius</strong></span> <span class='ocrx_word' id='word_1_36' title='bbox 668 1242 685 1268; x_wconf 91' lang='lat'><strong>,</strong></span> <span class='ocrx_word' id='word_1_37' title='bbox 720 1201 1047 1273; x_wconf 77' lang='lat' dir='ltr'><strong>Rotbomagi</strong></span> <span class='ocrx_word' id='word_1_38' title='bbox 1075 1211 1359 1266; x_wconf 85' lang='lat' dir='ltr'><strong>sacratus,</strong></span> <span class='ocrx_word' id='word_1_39' title='bbox 1393 1210 1659 1270; x_wconf 87' lang='lat' dir='ltr'><strong>apparatu</strong></span> <span class='ocrx_word' id='word_1_40' title='bbox 1704 1199 2033 1256; x_wconf 91' lang='lat' dir='ltr'><strong>solemniore</strong></span> 
     </span>
    </p>
   </div>
   <div class='ocr_carea' id='block_1_8' title="bbox 448 1288 2032 1363">
    <p class='ocr_par' dir='ltr' id='par_1_8' title="bbox 448 1288 2032 1363">
     <span class='ocr_line' id='line_1_8' title="bbox 448 1288 2032 1363; baseline -0.003 -15"><span class='ocrx_word' id='word_1_41' title='bbox 448 1292 508 1348; x_wconf 84' lang='lat' dir='ltr'><strong>in</strong></span> <span class='ocrx_word' id='word_1_42' title='bbox 531 1293 717 1348; x_wconf 87' lang='lat' dir='ltr'><strong>sedem</strong></span> <span class='ocrx_word' id='word_1_43' title='bbox 745 1292 1074 1351; x_wconf 73' lang='lat' dir='ltr'><strong>admittitur.</strong></span> <span class='ocrx_word' id='word_1_44' title='bbox 1102 1289 1159 1346; x_wconf 91' lang='lat' dir='ltr'><strong>ln</strong></span> <span class='ocrx_word' id='word_1_45' title='bbox 1188 1306 1294 1363; x_wconf 87' lang='lat' dir='ltr'><strong>qua</strong></span> <span class='ocrx_word' id='word_1_46' title='bbox 1326 1289 1525 1346; x_wconf 69' lang='lat' dir='ltr'><strong>divinae</strong></span> <span class='ocrx_word' id='word_1_47' title='bbox 1558 1288 1692 1360; x_wconf 89' lang='lat' dir='ltr'><strong>legis</strong></span> <span class='ocrx_word' id='word_1_48' title='bbox 1716 1300 2032 1361; x_wconf 78' lang='lat' dir='ltr'><strong>promptua-</strong></span> 
     </span>
    </p>
   </div>
   <div class='ocr_carea' id='block_1_9' title="bbox 444 1372 2034 1451">
    <p class='ocr_par' dir='ltr' id='par_1_9' title="bbox 444 1372 2034 1451">
     <span class='ocr_line' id='line_1_9' title="bbox 444 1372 2034 1451; baseline -0.001 -12"><span class='ocrx_word' id='word_1_49' title='bbox 444 1372 587 1439; x_wconf 87' lang='lat' dir='ltr'><strong>rium</strong></span> <span class='ocrx_word' id='word_1_50' title='bbox 635 1384 855 1440; x_wconf 90' lang='lat' dir='ltr'><strong>sedulus</strong></span> <span class='ocrx_word' id='word_1_51' title='bbox 897 1384 1187 1451; x_wconf 85' lang='lat' dir='ltr'><strong>evolvens,</strong></span> <span class='ocrx_word' id='word_1_52' title='bbox 1233 1385 1377 1440; x_wconf 92' lang='lat' dir='ltr'><strong>inter</strong></span> <span class='ocrx_word' id='word_1_53' title='bbox 1420 1391 1647 1439; x_wconf 81' lang='lat' dir='ltr'><strong>caeteros</strong></span> <span class='ocrx_word' id='word_1_54' title='bbox 1695 1383 1840 1439; x_wconf 88' lang='lat' dir='ltr'><strong>velut</strong></span> <span class='ocrx_word' id='word_1_55' title='bbox 1881 1383 2034 1438; x_wconf 85' lang='lat' dir='ltr'><strong>sidus</strong></span> 
     </span>
    </p>
   </div>
   <div class='ocr_carea' id='block_1_10' title="bbox 447 1474 2035 1546">
    <p class='ocr_par' dir='ltr' id='par_1_10' title="bbox 447 1474 2035 1546">
     <span class='ocr_line' id='line_1_10' title="bbox 447 1474 2035 1546; baseline -0.001 -16"><span class='ocrx_word' id='word_1_56' title='bbox 447 1474 815 1531; x_wconf 78' lang='lat' dir='ltr'><strong>clarissimum</strong></span> <span class='ocrx_word' id='word_1_57' title='bbox 860 1474 1111 1531; x_wconf 89' lang='lat' dir='ltr'><strong>irradiat.</strong></span> <span class='ocrx_word' id='word_1_58' title='bbox 1156 1474 1324 1546; x_wconf 84' lang='lat' dir='ltr'><strong>Cujus</strong></span> <span class='ocrx_word' id='word_1_59' title='bbox 1365 1474 1510 1530; x_wconf 81' lang='lat' dir='ltr'><strong>sedis</strong></span> <span class='ocrx_word' id='word_1_60' title='bbox 1556 1488 1747 1530; x_wconf 87' lang='lat' dir='ltr'><strong>mense</strong></span> <span class='ocrx_word' id='word_1_61' title='bbox 1795 1474 2035 1529; x_wconf 88' lang='lat' dir='ltr'><strong>secundo</strong></span> 
     </span>
    </p>
   </div>
   <div class='ocr_carea' id='block_1_11' title="bbox 447 1566 2035 1638">
    <p class='ocr_par' dir='ltr' id='par_1_11' title="bbox 447 1566 2035 1638">
     <span class='ocr_line' id='line_1_11' title="bbox 447 1566 2035 1638; baseline -0.002 -14"><span class='ocrx_word' id='word_1_62' title='bbox 447 1566 686 1625; x_wconf 81' lang='lat' dir='ltr'><strong>Joannes</strong></span> <span class='ocrx_word' id='word_1_63' title='bbox 732 1569 987 1638; x_wconf 83' lang='lat' dir='ltr'><strong>Aptotius</strong></span> <span class='ocrx_word' id='word_1_64' title='bbox 1030 1569 1181 1638; x_wconf 88' lang='lat' dir='ltr'><strong>prior</strong></span> <span class='ocrx_word' id='word_1_65' title='bbox 1229 1567 1573 1633; x_wconf 88' lang='lat' dir='ltr'><strong>claustralis,</strong></span> <span class='ocrx_word' id='word_1_66' title='bbox 1615 1568 1707 1638; x_wconf 90' lang='lat' dir='ltr'><strong>qui</strong></span> <span class='ocrx_word' id='word_1_67' title='bbox 1749 1583 1845 1638; x_wconf 85' lang='lat' dir='ltr'><strong>spe</strong></span> <span class='ocrx_word' id='word_1_68' title='bbox 1890 1566 2035 1622; x_wconf 85' lang='lat' dir='ltr'><strong>sedis</strong></span> 
     </span>
    </p>
   </div>
   <div class='ocr_carea' id='block_1_12' title="bbox 443 1657 2033 1729">
    <p class='ocr_par' dir='ltr' id='par_1_12' title="bbox 443 1657 2033 1729">
     <span class='ocr_line' id='line_1_12' title="bbox 443 1657 2033 1729; baseline 0.001 -18"><span class='ocrx_word' id='word_1_69' title='bbox 443 1658 811 1729; x_wconf 67' lang='lat' dir='ltr'><strong>adipiscendae</strong></span> <span class='ocrx_word' id='word_1_70' title='bbox 840 1657 895 1712; x_wconf 95' lang='lat' dir='ltr'><strong>in</strong></span> <span class='ocrx_word' id='word_1_71' title='bbox 933 1658 1118 1728; x_wconf 86' lang='lat' dir='ltr'><strong>templi</strong></span> <span class='ocrx_word' id='word_1_72' title='bbox 1156 1658 1406 1714; x_wconf 83' lang='lat' dir='ltr'><strong>decorem</strong></span> <span class='ocrx_word' id='word_1_73' title='bbox 1437 1657 1678 1713; x_wconf 89' lang='lat' dir='ltr'><strong>casulam</strong></span> <span class='ocrx_word' id='word_1_74' title='bbox 1704 1698 1720 1720; x_wconf 92' lang='lat'><strong>,</strong></span> <span class='ocrx_word' id='word_1_75' title='bbox 1762 1657 2033 1723; x_wconf 90' lang='lat' dir='ltr'><strong>tunicam,</strong></span> 
     </span>
    </p>
   </div>
   <div class='ocr_carea' id='block_1_13' title="bbox 450 1747 2032 1821">
    <p class='ocr_par' dir='ltr' id='par_1_13' title="bbox 450 1747 2032 1821">
     <span class='ocr_line' id='line_1_13' title="bbox 450 1747 2032 1821; baseline -0.001 -16"><span class='ocrx_word' id='word_1_76' title='bbox 450 1749 802 1807; x_wconf 83' lang='lat' dir='ltr'><strong>daltnaticatn</strong></span> <span class='ocrx_word' id='word_1_77' title='bbox 832 1764 967 1805; x_wconf 90' lang='lat' dir='ltr'><strong>auro</strong></span> <span class='ocrx_word' id='word_1_78' title='bbox 1012 1749 1307 1819; x_wconf 87' lang='lat' dir='ltr'><strong>purissimo</strong></span> <span class='ocrx_word' id='word_1_79' title='bbox 1335 1749 1662 1821; x_wconf 83' lang='lat' dir='ltr'><strong>Rothomagi</strong></span> <span class='ocrx_word' id='word_1_80' title='bbox 1688 1747 2032 1816; x_wconf 84' lang='lat' dir='ltr'><strong>confecerat,</strong></span> 
     </span>
    </p>
   </div>
   <div class='ocr_carea' id='block_1_14' title="bbox 447 1840 1566 1911">
    <p class='ocr_par' dir='ltr' id='par_1_14' title="bbox 447 1840 1566 1911">
     <span class='ocr_line' id='line_1_14' title="bbox 447 1840 1566 1911; baseline 0 -16"><span class='ocrx_word' id='word_1_81' title='bbox 447 1840 682 1896; x_wconf 82' lang='lat' dir='ltr'><strong>moritur</strong></span> <span class='ocrx_word' id='word_1_82' title='bbox 708 1840 900 1907; x_wconf 88' lang='lat' dir='ltr'><strong>Becci,</strong></span> <span class='ocrx_word' id='word_1_83' title='bbox 928 1840 980 1896; x_wconf 92' lang='lat' dir='ltr'><strong>in</strong></span> <span class='ocrx_word' id='word_1_84' title='bbox 1021 1841 1259 1911; x_wconf 89' lang='lat' dir='ltr'><strong>capitulo</strong></span> <span class='ocrx_word' id='word_1_85' title='bbox 1292 1841 1566 1896; x_wconf 85' lang='lat' dir='ltr'><strong>conditur.</strong></span> 
     </span>
    </p>
   </div>
   <div class='ocr_carea' id='block_1_15' title="bbox 524 1933 2033 2006">
    <p class='ocr_par' dir='ltr' id='par_1_15' title="bbox 524 1933 2033 2006">
     <span class='ocr_line' id='line_1_15' title="bbox 524 1933 2033 2006; baseline 0.001 -17"><span class='ocrx_word' id='word_1_86' title='bbox 524 1933 799 1989; x_wconf 79' lang='lat' dir='ltr'><strong>Robertus</strong></span> <span class='ocrx_word' id='word_1_87' title='bbox 840 1949 974 1990; x_wconf 90' lang='lat' dir='ltr'><strong>vero</strong></span> <span class='ocrx_word' id='word_1_88' title='bbox 1003 1934 1099 2005; x_wconf 86' lang='lat' dir='ltr'><strong>qui</strong></span> <span class='ocrx_word' id='word_1_89' title='bbox 1138 1934 1345 1991; x_wconf 82' lang='lat' dir='ltr'><strong>Garino</strong></span> <span class='ocrx_word' id='word_1_90' title='bbox 1378 1944 1657 2000; x_wconf 85' lang='lat' dir='ltr'><strong>cesserat,</strong></span> <span class='ocrx_word' id='word_1_91' title='bbox 1698 1934 1936 2006; x_wconf 83' lang='lat' dir='ltr'><strong>peractis</strong></span> <span class='ocrx_word' id='word_1_92' title='bbox 1980 1935 2033 1991; x_wconf 93' lang='lat' dir='ltr'><strong>in</strong></span> 
     </span>
    </p>
   </div>
   <div class='ocr_carea' id='block_1_16' title="bbox 445 2023 2035 2095">
    <p class='ocr_par' dir='ltr' id='par_1_16' title="bbox 445 2023 2035 2095">
     <span class='ocr_line' id='line_1_16' title="bbox 445 2023 2035 2095; baseline 0 -17"><span class='ocrx_word' id='word_1_93' title='bbox 445 2023 579 2079; x_wconf 80' lang='lat' dir='ltr'><strong>sede</strong></span> <span class='ocrx_word' id='word_1_94' title='bbox 623 2032 832 2095; x_wconf 88' lang='lat' dir='ltr'><strong>septem</strong></span> <span class='ocrx_word' id='word_1_95' title='bbox 882 2024 1069 2092; x_wconf 90' lang='lat' dir='ltr'><strong>annis,</strong></span> <span class='ocrx_word' id='word_1_96' title='bbox 1115 2024 1172 2080; x_wconf 91' lang='lat' dir='ltr'><strong>in</strong></span> <span class='ocrx_word' id='word_1_97' title='bbox 1220 2026 1361 2081; x_wconf 90' lang='lat' dir='ltr'><strong>bona</strong></span> <span class='ocrx_word' id='word_1_98' title='bbox 1410 2032 1692 2081; x_wconf 85' lang='lat' dir='ltr'><strong>senectute</strong></span> <span class='ocrx_word' id='word_1_99' title='bbox 1746 2024 1846 2080; x_wconf 86' lang='lat' dir='ltr'><strong>sub</strong></span> <span class='ocrx_word' id='word_1_100' title='bbox 1893 2039 2035 2079; x_wconf 87' lang='lat' dir='ltr'><strong>aerea</strong></span> 
     </span>
    </p>
   </div>
   <div class='ocr_carea' id='block_1_17' title="bbox 444 2114 2030 2187">
    <p class='ocr_par' dir='ltr' id='par_1_17' title="bbox 444 2114 2030 2187">
     <span class='ocr_line' id='line_1_17' title="bbox 444 2114 2030 2187; baseline 0.003 -21"><span class='ocrx_word' id='word_1_101' title='bbox 444 2114 631 2169; x_wconf 88' lang='lat' dir='ltr'><strong>tumba</strong></span> <span class='ocrx_word' id='word_1_102' title='bbox 678 2114 880 2171; x_wconf 85' lang='lat' dir='ltr'><strong>celebri</strong></span> <span class='ocrx_word' id='word_1_103' title='bbox 927 2115 1121 2172; x_wconf 86' lang='lat' dir='ltr'><strong>funere</strong></span> <span class='ocrx_word' id='word_1_104' title='bbox 1163 2115 1219 2172; x_wconf 94' lang='lat' dir='ltr'><strong>in</strong></span> <span class='ocrx_word' id='word_1_105' title='bbox 1257 2117 1518 2174; x_wconf 87' lang='lat' dir='ltr'><strong>Beccensi</strong></span> <span class='ocrx_word' id='word_1_106' title='bbox 1561 2118 1730 2173; x_wconf 88' lang='lat' dir='ltr'><strong>choro</strong></span> <span class='ocrx_word' id='word_1_107' title='bbox 1774 2118 2030 2187; x_wconf 85' lang='lat' dir='ltr'><strong>quiescit.</strong></span> 
     </span>
    </p>
   </div>
   <div class='ocr_carea' id='block_1_18' title="bbox 445 2203 2035 2276">
    <p class='ocr_par' dir='ltr' id='par_1_18' title="bbox 445 2203 2035 2276">
     <span class='ocr_line' id='line_1_18' title="bbox 445 2203 2035 2276; baseline 0.002 -18"><span class='ocrx_word' id='word_1_108' title='bbox 445 2203 757 2261; x_wconf 84' lang='lat' dir='ltr'><strong>Priscorum</strong></span> <span class='ocrx_word' id='word_1_109' title='bbox 782 2204 1001 2276; x_wconf 87' lang='lat' dir='ltr'><strong>pietatis</strong></span> <span class='ocrx_word' id='word_1_110' title='bbox 1022 2206 1307 2264; x_wconf 77' lang='lat' dir='ltr'><strong>aemulator</strong></span> <span class='ocrx_word' id='word_1_111' title='bbox 1329 2206 1652 2273; x_wconf 87' lang='lat' dir='ltr'><strong>Guillemus,</strong></span> <span class='ocrx_word' id='word_1_112' title='bbox 1684 2206 1907 2276; x_wconf 84' lang='lat' dir='ltr'><strong>majoris</strong></span> <span class='ocrx_word' id='word_1_113' title='bbox 1926 2221 2035 2261; x_wconf 69' lang='lat' dir='ltr'><strong>arae</strong></span> 
     </span>
    </p>
   </div>
   <div class='ocr_carea' id='block_1_19' title="bbox 443 2297 2034 2371">
    <p class='ocr_par' dir='ltr' id='par_1_19' title="bbox 443 2297 2034 2371">
     <span class='ocr_line' id='line_1_19' title="bbox 443 2297 2034 2371; baseline 0.004 -21"><span class='ocrx_word' id='word_1_114' title='bbox 443 2297 643 2354; x_wconf 78' lang='lat' dir='ltr'><strong>faciem</strong></span> <span class='ocrx_word' id='word_1_115' title='bbox 683 2298 868 2353; x_wconf 90' lang='lat' dir='ltr'><strong>tabula</strong></span> <span class='ocrx_word' id='word_1_116' title='bbox 913 2308 1105 2354; x_wconf 90' lang='lat' dir='ltr'><strong>aurata</strong></span> <span class='ocrx_word' id='word_1_117' title='bbox 1139 2300 1307 2355; x_wconf 87' lang='lat' dir='ltr'><strong>variis</strong></span> <span class='ocrx_word' id='word_1_118' title='bbox 1347 2300 1492 2371; x_wconf 88' lang='lat' dir='ltr'><strong>passi</strong></span> <span class='ocrx_word' id='word_1_119' title='bbox 1535 2299 1743 2356; x_wconf 85' lang='lat' dir='ltr'><strong>Christi</strong></span> <span class='ocrx_word' id='word_1_120' title='bbox 1786 2300 2034 2357; x_wconf 83' lang='lat' dir='ltr'><strong>historiis</strong></span> 
     </span>
    </p>
   </div>
   <div class='ocr_carea' id='block_1_20' title="bbox 444 2389 2031 2463">
    <p class='ocr_par' dir='ltr' id='par_1_20' title="bbox 444 2389 2031 2463">
     <span class='ocr_line' id='line_1_20' title="bbox 444 2389 2031 2463; baseline 0.001 -20"><span class='ocrx_word' id='word_1_121' title='bbox 444 2389 639 2455; x_wconf 86' lang='lat' dir='ltr'><strong>divite,</strong></span> <span class='ocrx_word' id='word_1_122' title='bbox 669 2399 833 2460; x_wconf 89' lang='lat' dir='ltr'><strong>atque</strong></span> <span class='ocrx_word' id='word_1_123' title='bbox 862 2400 1176 2463; x_wconf 77' lang='lat' dir='ltr'><strong>argenteam</strong></span> <span class='ocrx_word' id='word_1_124' title='bbox 1205 2407 1447 2463; x_wconf 92' lang='lat' dir='ltr'><strong>capsam,</strong></span> <span class='ocrx_word' id='word_1_125' title='bbox 1477 2392 1531 2447; x_wconf 94' lang='lat' dir='ltr'><strong>in</strong></span> <span class='ocrx_word' id='word_1_126' title='bbox 1568 2408 1674 2462; x_wconf 91' lang='lat' dir='ltr'><strong>qua</strong></span> <span class='ocrx_word' id='word_1_127' title='bbox 1714 2400 2031 2448; x_wconf 85' lang='lat' dir='ltr'><strong>sanctorum</strong></span> 
     </span>
    </p>
   </div>
   <div class='ocr_carea' id='block_1_21' title="bbox 2143 1203 3673 1274">
    <p class='ocr_par' dir='ltr' id='par_1_21' title="bbox 2143 1203 3673 1274">
     <span class='ocr_line' id='line_1_21' title="bbox 2143 1203 3673 1274; baseline 0.004 -18"><span class='ocrx_word' id='word_1_128' title='bbox 2143 1204 2300 1260; x_wconf 80' lang='lat' dir='ltr'><strong>thoro</strong></span> <span class='ocrx_word' id='word_1_129' title='bbox 2329 1204 2429 1260; x_wconf 87' lang='lat' dir='ltr'><strong>sibi</strong></span> <span class='ocrx_word' id='word_1_130' title='bbox 2462 1216 2572 1259; x_wconf 90' lang='lat' dir='ltr'><strong>tam</strong></span> <span class='ocrx_word' id='word_1_131' title='bbox 2604 1204 2719 1259; x_wconf 92' lang='lat' dir='ltr'><strong>seni</strong></span> <span class='ocrx_word' id='word_1_132' title='bbox 2764 1203 3005 1272; x_wconf 83' lang='lat' dir='ltr'><strong>copulat.</strong></span> <span class='ocrx_word' id='word_1_133' title='bbox 3049 1204 3284 1274; x_wconf 81' lang='lat' dir='ltr'><strong>Moxque</strong></span> <span class='ocrx_word' id='word_1_134' title='bbox 3322 1205 3424 1259; x_wconf 89' lang='lat' dir='ltr'><strong>vita</strong></span> <span class='ocrx_word' id='word_1_135' title='bbox 3454 1207 3673 1273; x_wconf 81' lang='lat' dir='ltr'><strong>functus,</strong></span> 
     </span>
    </p>
   </div>
   <div class='ocr_carea' id='block_1_22' title="bbox 2137 1293 3673 1366">
    <p class='ocr_par' dir='ltr' id='par_1_22' title="bbox 2137 1293 3673 1366">
     <span class='ocr_line' id='line_1_22' title="bbox 2137 1293 3673 1366; baseline 0 -17"><span class='ocrx_word' id='word_1_136' title='bbox 2137 1309 2256 1349; x_wconf 89' lang='lat' dir='ltr'><strong>cum</strong></span> <span class='ocrx_word' id='word_1_137' title='bbox 2288 1293 2442 1349; x_wconf 86' lang='lat' dir='ltr'><strong>Anna</strong></span> <span class='ocrx_word' id='word_1_138' title='bbox 2467 1293 2721 1349; x_wconf 90' lang='lat' dir='ltr'><strong>connubii</strong></span> <span class='ocrx_word' id='word_1_139' title='bbox 2753 1308 2940 1348; x_wconf 81' lang='lat' dir='ltr'><strong>uxoris</strong></span> <span class='ocrx_word' id='word_1_140' title='bbox 2964 1293 3053 1365; x_wconf 76' lang='grc' dir='ltr'><strong>Π..</strong></span> <span class='ocrx_word' id='word_1_141' title='bbox 3077 1293 3270 1366; x_wconf 68' lang='lat' dir='ltr'><strong>uxore}</strong></span> <span class='ocrx_word' id='word_1_142' title='bbox 3295 1294 3479 1363; x_wconf 88' lang='lat' dir='ltr'><strong>prioris</strong></span> <span class='ocrx_word' id='word_1_143' title='bbox 3496 1295 3544 1348; x_wconf 93' lang='lat' dir='ltr'><strong>in</strong></span> <span class='ocrx_word' id='word_1_144' title='bbox 3570 1297 3673 1350; x_wconf 83' lang='lat' dir='ltr'><strong>Dio-</strong></span> 
     </span>
    </p>
   </div>
   <div class='ocr_carea' id='block_1_23' title="bbox 2138 1378 3671 1454">
    <p class='ocr_par' dir='ltr' id='par_1_23' title="bbox 2138 1378 3671 1454">
     <span class='ocr_line' id='line_1_23' title="bbox 2138 1378 3671 1454; baseline 0.002 -17"><span class='ocrx_word' id='word_1_145' title='bbox 2138 1386 2365 1454; x_wconf 84' lang='lat' dir='ltr'><strong>nysiana</strong></span> <span class='ocrx_word' id='word_1_146' title='bbox 2390 1384 2558 1453; x_wconf 87' lang='lat' dir='ltr'><strong>jacet,</strong></span> <span class='ocrx_word' id='word_1_147' title='bbox 2590 1383 2750 1438; x_wconf 90' lang='lat' dir='ltr'><strong>nullis</strong></span> <span class='ocrx_word' id='word_1_148' title='bbox 2777 1398 2845 1437; x_wconf 81' lang='lat' dir='ltr'><strong>ex</strong></span> <span class='ocrx_word' id='word_1_149' title='bbox 2879 1398 2939 1439; x_wconf 92' lang='lat' dir='ltr'><strong>se</strong></span> <span class='ocrx_word' id='word_1_150' title='bbox 2977 1382 3166 1439; x_wconf 83' lang='lat' dir='ltr'><strong>liberis</strong></span> <span class='ocrx_word' id='word_1_151' title='bbox 3208 1386 3449 1439; x_wconf 75' lang='lat' dir='ltr'><strong>mat-thus</strong></span> <span class='ocrx_word' id='word_1_152' title='bbox 3484 1378 3671 1440; x_wconf 78' lang='lat' dir='ltr'><strong>relictis.</strong></span> 
     </span>
    </p>
   </div>
   <div class='ocr_carea' id='block_1_24' title="bbox 2141 1474 3675 1545">
    <p class='ocr_par' dir='ltr' id='par_1_24' title="bbox 2141 1474 3675 1545">
     <span class='ocr_line' id='line_1_24' title="bbox 2141 1474 3675 1545; baseline 0.001 -13"><span class='ocrx_word' id='word_1_153' title='bbox 2141 1476 2292 1532; x_wconf 87' lang='lat' dir='ltr'><strong>Unde</strong></span> <span class='ocrx_word' id='word_1_154' title='bbox 2345 1476 2641 1532; x_wconf 87' lang='lat' dir='ltr'><strong>Francisco</strong></span> <span class='ocrx_word' id='word_1_155' title='bbox 2696 1475 2911 1531; x_wconf 82' lang='lat' dir='ltr'><strong>Valesio</strong></span> <span class='ocrx_word' id='word_1_156' title='bbox 2960 1474 3399 1545; x_wconf 81' lang='lat' dir='ltr'><strong>Angolismorum</strong></span> <span class='ocrx_word' id='word_1_157' title='bbox 3450 1477 3556 1532; x_wconf 89' lang='lat' dir='ltr'><strong>duci</strong></span> <span class='ocrx_word' id='word_1_158' title='bbox 3602 1478 3675 1545; x_wconf 88' lang='lat' dir='ltr'><strong>jus</strong></span> 
     </span>
    </p>
   </div>
   <div class='ocr_carea' id='block_1_25' title="bbox 2136 1565 3675 1638">
    <p class='ocr_par' dir='ltr' id='par_1_25' title="bbox 2136 1565 3675 1638">
     <span class='ocr_line' id='line_1_25' title="bbox 2136 1565 3675 1638; baseline 0.001 -16"><span class='ocrx_word' id='word_1_159' title='bbox 2136 1567 2330 1638; x_wconf 78' lang='lat' dir='ltr'><strong>obtigit</strong></span> <span class='ocrx_word' id='word_1_160' title='bbox 2381 1568 2620 1638; x_wconf 72' lang='lat' dir='ltr'><strong>regium;</strong></span> <span class='ocrx_word' id='word_1_161' title='bbox 2661 1566 2754 1636; x_wconf 93' lang='lat' dir='ltr'><strong>qui</strong></span> <span class='ocrx_word' id='word_1_162' title='bbox 2794 1566 3033 1622; x_wconf 68' lang='lat' dir='ltr'><strong>Claudite</strong></span> <span class='ocrx_word' id='word_1_163' title='bbox 3083 1565 3345 1621; x_wconf 87' lang='lat' dir='ltr'><strong>Ludovici</strong></span> <span class='ocrx_word' id='word_1_164' title='bbox 3384 1566 3496 1621; x_wconf 65' lang='lat' dir='ltr'><strong>filiae</strong></span> <span class='ocrx_word' id='word_1_165' title='bbox 3536 1569 3675 1637; x_wconf 86' lang='lat' dir='ltr'><strong>priori</strong></span> 
     </span>
    </p>
   </div>
   <div class='ocr_carea' id='block_1_26' title="bbox 2138 1658 3678 1730">
    <p class='ocr_par' dir='ltr' id='par_1_26' title="bbox 2138 1658 3678 1730">
     <span class='ocr_line' id='line_1_26' title="bbox 2138 1658 3678 1730; baseline 0.002 -18"><span class='ocrx_word' id='word_1_166' title='bbox 2138 1666 2420 1729; x_wconf 85' lang='lat' dir='ltr'><strong>nupserat.</strong></span> <span class='ocrx_word' id='word_1_167' title='bbox 2448 1658 2665 1713; x_wconf 85' lang='lat' dir='ltr'><strong>Primus</strong></span> <span class='ocrx_word' id='word_1_168' title='bbox 2690 1659 2877 1728; x_wconf 88' lang='lat' dir='ltr'><strong>itaque</strong></span> <span class='ocrx_word' id='word_1_169' title='bbox 2909 1658 3071 1725; x_wconf 80' lang='lat' dir='ltr'><strong>huius</strong></span> <span class='ocrx_word' id='word_1_170' title='bbox 3098 1659 3335 1715; x_wconf 88' lang='lat' dir='ltr'><strong>nominis</strong></span> <span class='ocrx_word' id='word_1_171' title='bbox 3358 1669 3529 1728; x_wconf 82' lang='lat' dir='ltr'><strong>regnat</strong></span> <span class='ocrx_word' id='word_1_172' title='bbox 3547 1662 3678 1730; x_wconf 82' lang='lat' dir='ltr'><strong>quin-</strong></span> 
     </span>
    </p>
   </div>
   <div class='ocr_carea' id='block_1_27' title="bbox 2135 1748 3676 1821">
    <p class='ocr_par' dir='ltr' id='par_1_27' title="bbox 2135 1748 3676 1821">
     <span class='ocr_line' id='line_1_27' title="bbox 2135 1748 3676 1821; baseline 0.002 -17"><span class='ocrx_word' id='word_1_173' title='bbox 2135 1750 2483 1821; x_wconf 90' lang='lat' dir='ltr'><strong>qnagesimus</strong></span> <span class='ocrx_word' id='word_1_174' title='bbox 2511 1750 2802 1818; x_wconf 85' lang='lat' dir='ltr'><strong>septimus;</strong></span> <span class='ocrx_word' id='word_1_175' title='bbox 2834 1748 2934 1804; x_wconf 90' lang='lat' dir='ltr'><strong>sub</strong></span> <span class='ocrx_word' id='word_1_176' title='bbox 2960 1765 3067 1818; x_wconf 92' lang='lat' dir='ltr'><strong>quo</strong></span> <span class='ocrx_word' id='word_1_177' title='bbox 3095 1748 3331 1804; x_wconf 79' lang='lat' dir='ltr'><strong>Gan’nea</strong></span> <span class='ocrx_word' id='word_1_178' title='bbox 3359 1751 3676 1820; x_wconf 80' lang='lat' dir='ltr'><strong>resignatione</strong></span> 
     </span>
    </p>
   </div>
   <div class='ocr_carea' id='block_1_28' title="bbox 2138 1838 3679 1909">
    <p class='ocr_par' dir='ltr' id='par_1_28' title="bbox 2138 1838 3679 1909">
     <span class='ocr_line' id='line_1_28' title="bbox 2138 1838 3679 1909; baseline 0.003 -14"><span class='ocrx_word' id='word_1_179' title='bbox 2138 1857 2167 1895; x_wconf 85' lang='lat' dir='ltr'><strong>a</strong></span> <span class='ocrx_word' id='word_1_180' title='bbox 2202 1841 2383 1895; x_wconf 87' lang='lat' dir='ltr'><strong>Leone</strong></span> <span class='ocrx_word' id='word_1_181' title='bbox 2430 1840 2475 1893; x_wconf 84' lang='lat' dir='ltr'><strong>X</strong></span> <span class='ocrx_word' id='word_1_182' title='bbox 2516 1840 2799 1909; x_wconf 84' lang='lat' dir='ltr'><strong>expedita,</strong></span> <span class='ocrx_word' id='word_1_183' title='bbox 2840 1838 3079 1895; x_wconf 84' lang='lat' dir='ltr'><strong>Joannes</strong></span> <span class='ocrx_word' id='word_1_184' title='bbox 3117 1838 3380 1894; x_wconf 79' lang='lat' dir='ltr'><strong>Ribaltlus</strong></span> <span class='ocrx_word' id='word_1_185' title='bbox 3417 1842 3679 1908; x_wconf 79' lang='lat' dir='ltr'><strong>trigesitnus</strong></span> 
     </span>
    </p>
   </div>
   <div class='ocr_carea' id='block_1_29' title="bbox 2139 1931 3678 2005">
    <p class='ocr_par' dir='ltr' id='par_1_29' title="bbox 2139 1931 3678 2005">
     <span class='ocr_line' id='line_1_29' title="bbox 2139 1931 3678 2005; baseline 0.001 -18"><span class='ocrx_word' id='word_1_186' title='bbox 2139 1943 2397 2004; x_wconf 88' lang='lat' dir='ltr'><strong>quartus,</strong></span> <span class='ocrx_word' id='word_1_187' title='bbox 2437 1931 2629 1987; x_wconf 87' lang='lat' dir='ltr'><strong>lubens</strong></span> <span class='ocrx_word' id='word_1_188' title='bbox 2667 1931 2980 1987; x_wconf 84' lang='lat' dir='ltr'><strong>cathedram</strong></span> <span class='ocrx_word' id='word_1_189' title='bbox 3021 1932 3291 1987; x_wconf 87' lang='lat' dir='ltr'><strong>ascendit.</strong></span> <span class='ocrx_word' id='word_1_190' title='bbox 3334 1931 3622 2005; x_wconf 79' lang='lat' dir='ltr'><strong>Rothotnagi</strong></span> <span class='ocrx_word' id='word_1_191' title='bbox 3653 1952 3678 1989; x_wconf 87' lang='lat' dir='ltr'><strong>a</strong></span> 
     </span>
    </p>
   </div>
   <div class='ocr_carea' id='block_1_30' title="bbox 2139 2024 3679 2093">
    <p class='ocr_par' dir='ltr' id='par_1_30' title="bbox 2139 2024 3679 2093">
     <span class='ocr_line' id='line_1_30' title="bbox 2139 2024 3679 2093; baseline 0 -12"><span class='ocrx_word' id='word_1_192' title='bbox 2139 2025 2388 2081; x_wconf 88' lang='lat' dir='ltr'><strong>Tussano</strong></span> <span class='ocrx_word' id='word_1_193' title='bbox 2415 2024 2804 2093; x_wconf 82' lang='lat' dir='ltr'><strong>archipraesnle</strong></span> <span class='ocrx_word' id='word_1_194' title='bbox 2832 2028 3211 2080; x_wconf 87' lang='lat' dir='ltr'><strong>consecratus.</strong></span> <span class='ocrx_word' id='word_1_195' title='bbox 3247 2024 3441 2081; x_wconf 87' lang='lat' dir='ltr'><strong>Statim</strong></span> <span class='ocrx_word' id='word_1_196' title='bbox 3465 2025 3679 2093; x_wconf 83' lang='lat' dir='ltr'><strong>Garinus,</strong></span> 
     </span>
    </p>
   </div>
   <div class='ocr_carea' id='block_1_31' title="bbox 2136 2115 3680 2189">
    <p class='ocr_par' dir='ltr' id='par_1_31' title="bbox 2136 2115 3680 2189">
     <span class='ocr_line' id='line_1_31' title="bbox 2136 2115 3680 2189; baseline 0.003 -19"><span class='ocrx_word' id='word_1_197' title='bbox 2136 2117 2221 2172; x_wconf 88' lang='lat' dir='ltr'><strong>vir</strong></span> <span class='ocrx_word' id='word_1_198' title='bbox 2258 2116 2521 2187; x_wconf 91' lang='lat' dir='ltr'><strong>optimus,</strong></span> <span class='ocrx_word' id='word_1_199' title='bbox 2559 2115 2749 2171; x_wconf 90' lang='lat' dir='ltr'><strong>morbo</strong></span> <span class='ocrx_word' id='word_1_200' title='bbox 2775 2115 3078 2187; x_wconf 89' lang='lat' dir='ltr'><strong>apopletico</strong></span> <span class='ocrx_word' id='word_1_201' title='bbox 3106 2117 3432 2182; x_wconf 81' lang='lat' dir='ltr'><strong>exstinctus,</strong></span> <span class='ocrx_word' id='word_1_202' title='bbox 3462 2117 3680 2189; x_wconf 83' lang='lat' dir='ltr'><strong>caligino-</strong></span> 
     </span>
    </p>
   </div>
   <div class='ocr_carea' id='block_1_32' title="bbox 2134 2204 3679 2276">
    <p class='ocr_par' dir='ltr' id='par_1_32' title="bbox 2134 2204 3679 2276">
     <span class='ocr_line' id='line_1_32' title="bbox 2134 2204 3679 2276; baseline 0.001 -14"><span class='ocrx_word' id='word_1_203' title='bbox 2134 2222 2252 2262; x_wconf 81' lang='lat' dir='ltr'><strong>satn</strong></span> <span class='ocrx_word' id='word_1_204' title='bbox 2277 2205 2641 2261; x_wconf 81' lang='lat' dir='ltr'><strong>Beccensibus</strong></span> <span class='ocrx_word' id='word_1_205' title='bbox 2665 2204 2945 2275; x_wconf 85' lang='lat' dir='ltr'><strong>eclipsim,</strong></span> <span class='ocrx_word' id='word_1_206' title='bbox 2973 2206 3133 2261; x_wconf 88' lang='lat' dir='ltr'><strong>annis</strong></span> <span class='ocrx_word' id='word_1_207' title='bbox 3172 2205 3502 2276; x_wconf 80' lang='lat' dir='ltr'><strong>longioribus</strong></span> <span class='ocrx_word' id='word_1_208' title='bbox 3535 2209 3679 2264; x_wconf 86' lang='lat' dir='ltr'><strong>feren-</strong></span> 
     </span>
    </p>
   </div>
   <div class='ocr_carea' id='block_1_33' title="bbox 2135 2295 3679 2368">
    <p class='ocr_par' dir='ltr' id='par_1_33' title="bbox 2135 2295 3679 2368">
     <span class='ocr_line' id='line_1_33' title="bbox 2135 2295 3679 2368; baseline 0.001 -15"><span class='ocrx_word' id='word_1_209' title='bbox 2135 2298 2287 2361; x_wconf 88' lang='lat' dir='ltr'><strong>dam.</strong></span> <span class='ocrx_word' id='word_1_210' title='bbox 2332 2297 2617 2368; x_wconf 86' lang='lat' dir='ltr'><strong>relinquit;</strong></span> <span class='ocrx_word' id='word_1_211' title='bbox 2650 2295 2807 2365; x_wconf 86' lang='lat' dir='ltr'><strong>cujus</strong></span> <span class='ocrx_word' id='word_1_212' title='bbox 2836 2296 2956 2368; x_wconf 85' lang='lat' dir='ltr'><strong>pios</strong></span> <span class='ocrx_word' id='word_1_213' title='bbox 2980 2298 3195 2353; x_wconf 85' lang='lat' dir='ltr'><strong>cineres</strong></span> <span class='ocrx_word' id='word_1_214' title='bbox 3236 2302 3291 2353; x_wconf 87' lang='lat' dir='ltr'><strong>in</strong></span> <span class='ocrx_word' id='word_1_215' title='bbox 3340 2300 3508 2354; x_wconf 88' lang='lat' dir='ltr'><strong>medio</strong></span> <span class='ocrx_word' id='word_1_216' title='bbox 3539 2301 3679 2355; x_wconf 84' lang='lat' dir='ltr'><strong>choro</strong></span> 
     </span>
    </p>
   </div>
   <div class='ocr_carea' id='block_1_34' title="bbox 2134 2391 3678 2464">
    <p class='ocr_par' dir='ltr' id='par_1_34' title="bbox 2134 2391 3678 2464">
     <span class='ocr_line' id='line_1_34' title="bbox 2134 2391 3678 2464; baseline 0 -16"><span class='ocrx_word' id='word_1_217' title='bbox 2134 2394 2351 2464; x_wconf 82' lang='lat' dir='ltr'><strong>lugubri</strong></span> <span class='ocrx_word' id='word_1_218' title='bbox 2376 2408 2569 2464; x_wconf 84' lang='lat' dir='ltr'><strong>pompa</strong></span> <span class='ocrx_word' id='word_1_219' title='bbox 2600 2392 2892 2460; x_wconf 89' lang='lat' dir='ltr'><strong>collocant,</strong></span> <span class='ocrx_word' id='word_1_220' title='bbox 2918 2392 3093 2462; x_wconf 86' lang='lat' dir='ltr'><strong>pridie</strong></span> <span class='ocrx_word' id='word_1_221' title='bbox 3122 2391 3308 2448; x_wconf 80' lang='lat' dir='ltr'><strong>NOIIaS</strong></span> <span class='ocrx_word' id='word_1_222' title='bbox 3344 2393 3553 2463; x_wconf 83' lang='lat' dir='ltr'><strong>Aprilis.</strong></span> <span class='ocrx_word' id='word_1_223' title='bbox 3578 2393 3678 2460; x_wconf 84' lang='lat' dir='ltr'><strong>Qua</strong></span> 
     </span>
    </p>
   </div>
   <div class='ocr_carea' id='block_1_35' title="bbox 442 2475 3688 2554">
    <p class='ocr_par' dir='ltr' id='par_1_35' title="bbox 442 2475 3688 2554">
     <span class='ocr_line' id='line_1_35' title="bbox 442 2475 3688 2554; baseline 0.002 -22"><span class='ocrx_word' id='word_1_224' title='bbox 442 2481 679 2550; x_wconf 86' lang='lat' dir='ltr'><strong>plurium</strong></span> <span class='ocrx_word' id='word_1_225' title='bbox 713 2483 985 2538; x_wconf 82' lang='lat' dir='ltr'><strong>habentur</strong></span> <span class='ocrx_word' id='word_1_226' title='bbox 1013 2483 1283 2554; x_wconf 60' lang='lat' dir='ltr'><strong>reliquia,</strong></span> <span class='ocrx_word' id='word_1_227' title='bbox 1308 2484 1566 2551; x_wconf 86' lang='lat' dir='ltr'><strong>decorat;</strong></span> <span class='ocrx_word' id='word_1_228' title='bbox 1588 2483 1873 2539; x_wconf 90' lang='lat' dir='ltr'><strong>columnas</strong></span> <span class='ocrx_word' id='word_1_229' title='bbox 1901 2498 2036 2554; x_wconf 85' lang='lat' dir='ltr'><strong>qna-</strong></span> <span class='ocrx_word' id='word_1_230' title='bbox 2070 2475 2117 2536; x_wconf 81' lang='grc' dir='ltr'><strong>Β</strong></span> <span class='ocrx_word' id='word_1_231' title='bbox 2142 2485 2231 2541; x_wconf 91' lang='lat' dir='ltr'><strong>die</strong></span> <span class='ocrx_word' id='word_1_232' title='bbox 2256 2499 2438 2538; x_wconf 88' lang='lat' dir='ltr'><strong>annua</strong></span> <span class='ocrx_word' id='word_1_233' title='bbox 2488 2482 2884 2553; x_wconf 90' lang='lat' dir='ltr'><strong>supplicatione</strong></span> <span class='ocrx_word' id='word_1_234' title='bbox 2919 2494 3211 2538; x_wconf 82' lang='lat' dir='ltr'><strong>revocatur</strong></span> <span class='ocrx_word' id='word_1_235' title='bbox 3248 2481 3366 2551; x_wconf 84' lang='lat' dir='ltr'><strong>ejus</strong></span> <span class='ocrx_word' id='word_1_236' title='bbox 3399 2483 3565 2539; x_wconf 86' lang='lat' dir='ltr'><strong>obitus</strong></span> <span class='ocrx_word' id='word_1_237' title='bbox 3596 2490 3688 2537; x_wconf 78' lang='lat' dir='ltr'><strong>tne-</strong></span> 
     </span>
    </p>
   </div>
   <div class='ocr_carea' id='block_1_36' title="bbox 444 2573 2034 2646">
    <p class='ocr_par' dir='ltr' id='par_1_36' title="bbox 444 2573 2034 2646">
     <span class='ocr_line' id='line_1_36' title="bbox 444 2573 2034 2646; baseline 0.004 -22"><span class='ocrx_word' id='word_1_238' title='bbox 444 2579 571 2625; x_wconf 91' lang='lat' dir='ltr'><strong>tuor</strong></span> <span class='ocrx_word' id='word_1_239' title='bbox 623 2573 933 2643; x_wconf 85' lang='lat' dir='ltr'><strong>angelicas,</strong></span> <span class='ocrx_word' id='word_1_240' title='bbox 960 2574 1028 2629; x_wconf 81' lang='lat' dir='ltr'><strong>ad</strong></span> <span class='ocrx_word' id='word_1_241' title='bbox 1063 2584 1302 2644; x_wconf 90' lang='lat' dir='ltr'><strong>quatuor</strong></span> <span class='ocrx_word' id='word_1_242' title='bbox 1336 2574 1578 2644; x_wconf 84' lang='lat' dir='ltr'><strong>ejusdem</strong></span> <span class='ocrx_word' id='word_1_243' title='bbox 1623 2591 1735 2631; x_wconf 79' lang='lat' dir='ltr'><strong>arae</strong></span> <span class='ocrx_word' id='word_1_244' title='bbox 1774 2574 2034 2646; x_wconf 89' lang='lat' dir='ltr'><strong>angulos,</strong></span> 
     </span>
    </p>
   </div>
   <div class='ocr_carea' id='block_1_37' title="bbox 441 2661 2039 2737">
    <p class='ocr_par' dir='ltr' id='par_1_37' title="bbox 441 2661 2039 2737">
     <span class='ocr_line' id='line_1_37' title="bbox 441 2661 2039 2737; baseline 0.005 -24"><span class='ocrx_word' id='word_1_245' title='bbox 441 2661 580 2715; x_wconf 81' lang='lat' dir='ltr'><strong>mira</strong></span> <span class='ocrx_word' id='word_1_246' title='bbox 634 2664 930 2719; x_wconf 86' lang='lat' dir='ltr'><strong>admodum</strong></span> <span class='ocrx_word' id='word_1_247' title='bbox 973 2664 1255 2737; x_wconf 82' lang='lat' dir='ltr'><strong>sculptura</strong></span> <span class='ocrx_word' id='word_1_248' title='bbox 1308 2668 1630 2733; x_wconf 86' lang='lat' dir='ltr'><strong>decoratas,</strong></span> <span class='ocrx_word' id='word_1_249' title='bbox 1676 2681 1786 2723; x_wconf 76' lang='lat' dir='ltr'><strong>aere</strong></span> <span class='ocrx_word' id='word_1_250' title='bbox 1839 2666 2039 2737; x_wconf 88' lang='lat' dir='ltr'><strong>Cyprio</strong></span> 
     </span>
    </p>
   </div>
   <div class='ocr_carea' id='block_1_38' title="bbox 445 2748 2036 2827">
    <p class='ocr_par' dir='ltr' id='par_1_38' title="bbox 445 2748 2036 2827">
     <span class='ocr_line' id='line_1_38' title="bbox 445 2748 2036 2827; baseline 0.004 -24"><span class='ocrx_word' id='word_1_251' title='bbox 445 2748 746 2818; x_wconf 79' lang='lat' dir='ltr'><strong>conflatus,</strong></span> <span class='ocrx_word' id='word_1_252' title='bbox 791 2752 980 2824; x_wconf 81' lang='lat' dir='ltr'><strong>affigit.</strong></span> <span class='ocrx_word' id='word_1_253' title='bbox 1022 2753 1261 2810; x_wconf 81' lang='lat' dir='ltr'><strong>Auream</strong></span> <span class='ocrx_word' id='word_1_254' title='bbox 1293 2756 1361 2811; x_wconf 88' lang='lat' dir='ltr'><strong>ad</strong></span> <span class='ocrx_word' id='word_1_255' title='bbox 1400 2757 1515 2811; x_wconf 67' lang='lat' dir='ltr'><strong>haec</strong></span> <span class='ocrx_word' id='word_1_256' title='bbox 1542 2756 1820 2827; x_wconf 89' lang='lat' dir='ltr'><strong>capsulam</strong></span> <span class='ocrx_word' id='word_1_257' title='bbox 1870 2755 2036 2810; x_wconf 91' lang='lat' dir='ltr'><strong>trium</strong></span> 
     </span>
    </p>
   </div>
   <div class='ocr_carea' id='block_1_39' title="bbox 446 2842 2041 2917">
    <p class='ocr_par' dir='ltr' id='par_1_39' title="bbox 446 2842 2041 2917">
     <span class='ocr_line' id='line_1_39' title="bbox 446 2842 2041 2917; baseline 0.003 -22"><span class='ocrx_word' id='word_1_258' title='bbox 446 2842 564 2895; x_wconf 89' lang='lat' dir='ltr'><strong>auri</strong></span> <span class='ocrx_word' id='word_1_259' title='bbox 599 2846 943 2898; x_wconf 87' lang='lat' dir='ltr'><strong>marcharum</strong></span> <span class='ocrx_word' id='word_1_260' title='bbox 987 2846 1244 2914; x_wconf 80' lang='lat' dir='ltr'><strong>ponderis</strong></span> <span class='ocrx_word' id='word_1_261' title='bbox 1286 2846 1571 2917; x_wconf 82' lang='lat' dir='ltr'><strong>ingenioso</strong></span> <span class='ocrx_word' id='word_1_262' title='bbox 1610 2845 1846 2902; x_wconf 87' lang='lat' dir='ltr'><strong>artificio</strong></span> <span class='ocrx_word' id='word_1_263' title='bbox 1872 2846 2041 2901; x_wconf 84' lang='lat' dir='ltr'><strong>mira-</strong></span> 
     </span>
    </p>
   </div>
   <div class='ocr_carea' id='block_1_40' title="bbox 444 2931 2042 3009">
    <p class='ocr_par' dir='ltr' id='par_1_40' title="bbox 444 2931 2042 3009">
     <span class='ocr_line' id='line_1_40' title="bbox 444 2931 2042 3009; baseline 0.004 -24"><span class='ocrx_word' id='word_1_264' title='bbox 444 2931 608 2987; x_wconf 88' lang='lat' dir='ltr'><strong>bilem</strong></span> <span class='ocrx_word' id='word_1_265' title='bbox 637 2935 844 3004; x_wconf 74' lang='lat' dir='ltr'><strong>sparsis</strong></span> <span class='ocrx_word' id='word_1_266' title='bbox 870 2938 1098 3006; x_wconf 89' lang='lat' dir='ltr'><strong>gemmis</strong></span> <span class='ocrx_word' id='word_1_267' title='bbox 1120 2937 1525 3009; x_wconf 88' lang='lat' dir='ltr'><strong>famosam,qua</strong></span> <span class='ocrx_word' id='word_1_268' title='bbox 1549 2939 1601 2993; x_wconf 89' lang='lat' dir='ltr'><strong>in</strong></span> <span class='ocrx_word' id='word_1_269' title='bbox 1628 2946 1815 2994; x_wconf 88' lang='lat' dir='ltr'><strong>sancta</strong></span> <span class='ocrx_word' id='word_1_270' title='bbox 1843 2938 2042 2994; x_wconf 75' lang='lat' dir='ltr'><strong>soletn-</strong></span> 
     </span>
    </p>
   </div>
   <div class='ocr_carea' id='block_1_41' title="bbox 448 3021 2038 3099">
    <p class='ocr_par' dir='ltr' id='par_1_41' title="bbox 448 3021 2038 3099">
     <span class='ocr_line' id='line_1_41' title="bbox 448 3021 2038 3099; baseline 0.006 -25"><span class='ocrx_word' id='word_1_271' title='bbox 448 3021 623 3078; x_wconf 75' lang='lat' dir='ltr'><strong>nitate</strong></span> <span class='ocrx_word' id='word_1_272' title='bbox 661 3038 877 3079; x_wconf 90' lang='lat' dir='ltr'><strong>sacrum</strong></span> <span class='ocrx_word' id='word_1_273' title='bbox 916 3026 1130 3082; x_wconf 86' lang='lat' dir='ltr'><strong>Domini</strong></span> <span class='ocrx_word' id='word_1_274' title='bbox 1171 3029 1343 3083; x_wconf 87' lang='lat' dir='ltr'><strong>nostri</strong></span> <span class='ocrx_word' id='word_1_275' title='bbox 1382 3026 1510 3082; x_wconf 79' lang='lat' dir='ltr'><strong>Jesu</strong></span> <span class='ocrx_word' id='word_1_276' title='bbox 1550 3026 1755 3083; x_wconf 87' lang='lat' dir='ltr'><strong>Christi</strong></span> <span class='ocrx_word' id='word_1_277' title='bbox 1805 3042 2038 3099; x_wconf 87' lang='lat' dir='ltr'><strong>corpus,</strong></span> 
     </span>
    </p>
   </div>
   <div class='ocr_carea' id='block_1_42' title="bbox 449 3114 2039 3190">
    <p class='ocr_par' dir='ltr' id='par_1_42' title="bbox 449 3114 2039 3190">
     <span class='ocr_line' id='line_1_42' title="bbox 449 3114 2039 3190; baseline 0.005 -23"><span class='ocrx_word' id='word_1_278' title='bbox 449 3127 576 3168; x_wconf 87' lang='lat' dir='ltr'><strong>cum</strong></span> <span class='ocrx_word' id='word_1_279' title='bbox 622 3114 891 3172; x_wconf 89' lang='lat' dir='ltr'><strong>immenso</strong></span> <span class='ocrx_word' id='word_1_280' title='bbox 945 3116 1071 3176; x_wconf 86' lang='lat' dir='ltr'><strong>fidei</strong></span> <span class='ocrx_word' id='word_1_281' title='bbox 1122 3117 1306 3174; x_wconf 89' lang='lat' dir='ltr'><strong>fructu</strong></span> <span class='ocrx_word' id='word_1_282' title='bbox 1366 3118 1783 3186; x_wconf 76' lang='lat' dir='ltr'><strong>circumfertur,</strong></span> <span class='ocrx_word' id='word_1_283' title='bbox 1839 3120 2039 3190; x_wconf 85' lang='lat' dir='ltr'><strong>letnplo</strong></span> 
     </span>
    </p>
   </div>
   <div class='ocr_carea' id='block_1_43' title="bbox 450 3205 2040 3282">
    <p class='ocr_par' dir='ltr' id='par_1_43' title="bbox 450 3205 2040 3282">
     <span class='ocr_line' id='line_1_43' title="bbox 450 3205 2040 3282; baseline 0.004 -22"><span class='ocrx_word' id='word_1_284' title='bbox 450 3205 681 3263; x_wconf 85' lang='lat' dir='ltr'><strong>devotus</strong></span> <span class='ocrx_word' id='word_1_285' title='bbox 728 3206 912 3264; x_wconf 81' lang='lat' dir='ltr'><strong>offert.</strong></span> <span class='ocrx_word' id='word_1_286' title='bbox 982 3208 1091 3265; x_wconf 88' lang='lat' dir='ltr'><strong>Sex</strong></span> <span class='ocrx_word' id='word_1_287' title='bbox 1141 3218 1359 3281; x_wconf 88' lang='lat' dir='ltr'><strong>pateras</strong></span> <span class='ocrx_word' id='word_1_288' title='bbox 1414 3219 1701 3282; x_wconf 88' lang='lat' dir='ltr'><strong>argenteas</strong></span> <span class='ocrx_word' id='word_1_289' title='bbox 1748 3212 2040 3268; x_wconf 90' lang='lat' dir='ltr'><strong>conventui</strong></span> 
     </span>
    </p>
   </div>
   <div class='ocr_carea' id='block_1_44' title="bbox 449 3297 2038 3376">
    <p class='ocr_par' dir='ltr' id='par_1_44' title="bbox 449 3297 2038 3376">
     <span class='ocr_line' id='line_1_44' title="bbox 449 3297 2038 3376; baseline 0.006 -25"><span class='ocrx_word' id='word_1_290' title='bbox 449 3297 636 3353; x_wconf 84' lang='lat' dir='ltr'><strong>donat.</strong></span> <span class='ocrx_word' id='word_1_291' title='bbox 667 3298 996 3371; x_wconf 81' lang='lat' dir='ltr'><strong>Argenteam</strong></span> <span class='ocrx_word' id='word_1_292' title='bbox 1026 3303 1337 3372; x_wconf 86' lang='lat' dir='ltr'><strong>quindecim</strong></span> <span class='ocrx_word' id='word_1_293' title='bbox 1362 3305 1712 3360; x_wconf 87' lang='lat' dir='ltr'><strong>marcharum</strong></span> <span class='ocrx_word' id='word_1_294' title='bbox 1737 3305 2038 3376; x_wconf 85' lang='lat' dir='ltr'><strong>lampadem</strong></span> 
     </span>
    </p>
   </div>
   <div class='ocr_carea' id='block_1_45' title="bbox 449 3391 2039 3469">
    <p class='ocr_par' dir='ltr' id='par_1_45' title="bbox 449 3391 2039 3469">
     <span class='ocr_line' id='line_1_45' title="bbox 449 3391 2039 3469; baseline 0.006 -22"><span class='ocrx_word' id='word_1_295' title='bbox 449 3391 637 3447; x_wconf 89' lang='lat' dir='ltr'><strong>subtili</strong></span> <span class='ocrx_word' id='word_1_296' title='bbox 667 3391 949 3449; x_wconf 82' lang='lat' dir='ltr'><strong>fabrorum</strong></span> <span class='ocrx_word' id='word_1_297' title='bbox 973 3411 1138 3466; x_wconf 87' lang='lat' dir='ltr'><strong>opere</strong></span> <span class='ocrx_word' id='word_1_298' title='bbox 1159 3397 1478 3468; x_wconf 86' lang='lat' dir='ltr'><strong>superbam,</strong></span> <span class='ocrx_word' id='word_1_299' title='bbox 1505 3398 1559 3453; x_wconf 91' lang='lat' dir='ltr'><strong>in</strong></span> <span class='ocrx_word' id='word_1_300' title='bbox 1589 3399 1769 3455; x_wconf 90' lang='lat' dir='ltr'><strong>medio</strong></span> <span class='ocrx_word' id='word_1_301' title='bbox 1796 3398 2039 3469; x_wconf 83' lang='lat' dir='ltr'><strong>Virginis</strong></span> 
     </span>
    </p>
   </div>
   <div class='ocr_carea' id='block_1_46' title="bbox 451 3482 2038 3558">
    <p class='ocr_par' dir='ltr' id='par_1_46' title="bbox 451 3482 2038 3558">
     <span class='ocr_line' id='line_1_46' title="bbox 451 3482 2038 3558; baseline 0.009 -25"><span class='ocrx_word' id='word_1_302' title='bbox 451 3482 645 3538; x_wconf 89' lang='lat' dir='ltr'><strong>matris</strong></span> <span class='ocrx_word' id='word_1_303' title='bbox 674 3483 875 3541; x_wconf 86' lang='lat' dir='ltr'><strong>sacello</strong></span> <span class='ocrx_word' id='word_1_304' title='bbox 895 3485 1072 3542; x_wconf 90' lang='lat' dir='ltr'><strong>ferrea</strong></span> <span class='ocrx_word' id='word_1_305' title='bbox 1099 3497 1292 3543; x_wconf 84' lang='lat' dir='ltr'><strong>catena</strong></span> <span class='ocrx_word' id='word_1_306' title='bbox 1310 3504 1631 3558; x_wconf 83' lang='lat' dir='ltr'><strong>suspensam</strong></span> <span class='ocrx_word' id='word_1_307' title='bbox 1654 3492 1840 3546; x_wconf 86' lang='lat' dir='ltr'><strong>donat.</strong></span> <span class='ocrx_word' id='word_1_308' title='bbox 1876 3492 2038 3547; x_wconf 83' lang='lat' dir='ltr'><strong>Varia</strong></span> 
     </span>
    </p>
   </div>
   <div class='ocr_carea' id='block_1_47' title="bbox 452 3582 2038 3655">
    <p class='ocr_par' dir='ltr' id='par_1_47' title="bbox 452 3582 2038 3655">
     <span class='ocr_line' id='line_1_47' title="bbox 452 3582 2038 3655; baseline 0.011 -31"><span class='ocrx_word' id='word_1_309' title='bbox 452 3583 547 3628; x_wconf 87' lang='lat' dir='ltr'><strong>aut</strong></span> <span class='ocrx_word' id='word_1_310' title='bbox 596 3587 816 3643; x_wconf 79' lang='lat' dir='ltr'><strong>erecta,</strong></span> <span class='ocrx_word' id='word_1_311' title='bbox 862 3587 958 3633; x_wconf 91' lang='lat' dir='ltr'><strong>aut</strong></span> <span class='ocrx_word' id='word_1_312' title='bbox 1013 3589 1261 3650; x_wconf 86' lang='lat' dir='ltr'><strong>reparata</strong></span> <span class='ocrx_word' id='word_1_313' title='bbox 1315 3582 1545 3637; x_wconf 65' lang='lat' dir='ltr'><strong>aedificia</strong></span> <span class='ocrx_word' id='word_1_314' title='bbox 1601 3598 1709 3638; x_wconf 93' lang='lat' dir='ltr'><strong>non</strong></span> <span class='ocrx_word' id='word_1_315' title='bbox 1766 3596 1848 3639; x_wconf 88' lang='lat' dir='ltr'><strong>est</strong></span> <span class='ocrx_word' id='word_1_316' title='bbox 1895 3587 2038 3655; x_wconf 91' lang='lat' dir='ltr'><strong>quod</strong></span> 
     </span>
    </p>
   </div>
   <div class='ocr_carea' id='block_1_48' title="bbox 449 3669 2039 3743">
    <p class='ocr_par' dir='ltr' id='par_1_48' title="bbox 449 3669 2039 3743">
     <span class='ocr_line' id='line_1_48' title="bbox 449 3669 2039 3743; baseline 0.009 -25"><span class='ocrx_word' id='word_1_317' title='bbox 449 3678 899 3732; x_wconf 88' lang='lat' dir='ltr'><strong>commemorem,</strong></span> <span class='ocrx_word' id='word_1_318' title='bbox 924 3683 1092 3738; x_wconf 84' lang='lat' dir='ltr'><strong>quam</strong></span> <span class='ocrx_word' id='word_1_319' title='bbox 1121 3669 1463 3741; x_wconf 82' lang='lat' dir='ltr'><strong>frequentius</strong></span> <span class='ocrx_word' id='word_1_320' title='bbox 1491 3672 1656 3728; x_wconf 82' lang='lat' dir='ltr'><strong>afﬁxa</strong></span> <span class='ocrx_word' id='word_1_321' title='bbox 1679 3672 1922 3743; x_wconf 85' lang='lat' dir='ltr'><strong>ejusdem</strong></span> <span class='ocrx_word' id='word_1_322' title='bbox 1953 3676 2039 3731; x_wconf 85' lang='lat' dir='ltr'><strong>in-</strong></span> 
     </span>
    </p>
   </div>
   <div class='ocr_carea' id='block_1_49' title="bbox 454 3753 2041 3825">
    <p class='ocr_par' dir='ltr' id='par_1_49' title="bbox 454 3753 2041 3825">
     <span class='ocr_line' id='line_1_49' title="bbox 454 3753 2041 3825; baseline 0.009 -17"><span class='ocrx_word' id='word_1_323' title='bbox 454 3753 633 3825; x_wconf 89' lang='lat' dir='ltr'><strong>signia</strong></span> <span class='ocrx_word' id='word_1_324' title='bbox 680 3757 886 3825; x_wconf 88' lang='lat' dir='ltr'><strong>passim</strong></span> <span class='ocrx_word' id='word_1_325' title='bbox 924 3758 1187 3815; x_wconf 85' lang='lat' dir='ltr'><strong>Carinum</strong></span> <span class='ocrx_word' id='word_1_326' title='bbox 1227 3762 1432 3818; x_wconf 83' lang='lat' dir='ltr'><strong>vixisse</strong></span> <span class='ocrx_word' id='word_1_327' title='bbox 1471 3772 1759 3820; x_wconf 88' lang='lat' dir='ltr'><strong>testentur.</strong></span> <span class='ocrx_word' id='word_1_328' title='bbox 1812 3764 2041 3822; x_wconf 90' lang='lat' dir='ltr'><strong>Carolus</strong></span> 
     </span>
    </p>
   </div>
   <div class='ocr_carea' id='block_1_50' title="bbox 2140 2572 3683 2645">
    <p class='ocr_par' dir='ltr' id='par_1_50' title="bbox 2140 2572 3683 2645">
     <span class='ocr_line' id='line_1_50' title="bbox 2140 2572 3683 2645; baseline 0.001 -17"><span class='ocrx_word' id='word_1_329' title='bbox 2140 2575 2335 2630; x_wconf 87' lang='lat' dir='ltr'><strong>moria.</strong></span> <span class='ocrx_word' id='word_1_330' title='bbox 2369 2574 2570 2644; x_wconf 86' lang='lat' dir='ltr'><strong>Sicque</strong></span> <span class='ocrx_word' id='word_1_331' title='bbox 2594 2572 2825 2629; x_wconf 83' lang='lat' dir='ltr'><strong>Ribaldo</strong></span> <span class='ocrx_word' id='word_1_332' title='bbox 2853 2581 3075 2643; x_wconf 88' lang='lat' dir='ltr'><strong>pastore</strong></span> <span class='ocrx_word' id='word_1_333' title='bbox 3111 2573 3358 2642; x_wconf 87' lang='lat' dir='ltr'><strong>speciosa</strong></span> <span class='ocrx_word' id='word_1_334' title='bbox 3389 2575 3555 2645; x_wconf 87' lang='lat' dir='ltr'><strong>templi</strong></span> <span class='ocrx_word' id='word_1_335' title='bbox 3582 2591 3683 2645; x_wconf 88' lang='lat' dir='ltr'><strong>por-</strong></span> 
     </span>
    </p>
   </div>
   <div class='ocr_carea' id='block_1_51' title="bbox 2142 2663 3681 2734">
    <p class='ocr_par' dir='ltr' id='par_1_51' title="bbox 2142 2663 3681 2734">
     <span class='ocr_line' id='line_1_51' title="bbox 2142 2663 3681 2734; baseline -0.001 -17"><span class='ocrx_word' id='word_1_336' title='bbox 2142 2664 2309 2724; x_wconf 89' lang='lat' dir='ltr'><strong>ticus.</strong></span> <span class='ocrx_word' id='word_1_337' title='bbox 2351 2679 2512 2734; x_wconf 92' lang='lat' dir='ltr'><strong>quam</strong></span> <span class='ocrx_word' id='word_1_338' title='bbox 2553 2664 2745 2719; x_wconf 87' lang='lat' dir='ltr'><strong>vivens</strong></span> <span class='ocrx_word' id='word_1_339' title='bbox 2768 2663 3004 2719; x_wconf 86' lang='lat' dir='ltr'><strong>Garinus</strong></span> <span class='ocrx_word' id='word_1_340' title='bbox 3028 2664 3345 2733; x_wconf 76' lang='lat' dir='ltr'><strong>erigendum</strong></span> <span class='ocrx_word' id='word_1_341' title='bbox 3371 2663 3681 2728; x_wconf 85' lang='lat' dir='ltr'><strong>conduxerat,</strong></span> 
     </span>
    </p>
   </div>
   <div class='ocr_carea' id='block_1_52' title="bbox 2142 2754 3687 2827">
    <p class='ocr_par' dir='ltr' id='par_1_52' title="bbox 2142 2754 3687 2827">
     <span class='ocr_line' id='line_1_52' title="bbox 2142 2754 3687 2827; baseline -0.001 -18"><span class='ocrx_word' id='word_1_342' title='bbox 2142 2756 2418 2826; x_wconf 86' lang='lat' dir='ltr'><strong>ingeniose</strong></span> <span class='ocrx_word' id='word_1_343' title='bbox 2438 2755 2741 2827; x_wconf 82' lang='lat' dir='ltr'><strong>perficitur.</strong></span> <span class='ocrx_word' id='word_1_344' title='bbox 2765 2754 2966 2810; x_wconf 84' lang='lat' dir='ltr'><strong>Verum</strong></span> <span class='ocrx_word' id='word_1_345' title='bbox 2991 2756 3237 2810; x_wconf 86' lang='lat' dir='ltr'><strong>moribus</strong></span> <span class='ocrx_word' id='word_1_346' title='bbox 3262 2755 3351 2810; x_wconf 93' lang='lat' dir='ltr'><strong>hic</strong></span> <span class='ocrx_word' id='word_1_347' title='bbox 3366 2755 3541 2825; x_wconf 91' lang='lat' dir='ltr'><strong>junior</strong></span> <span class='ocrx_word' id='word_1_348' title='bbox 3556 2770 3687 2824; x_wconf 84' lang='lat' dir='ltr'><strong>quam</strong></span> 
     </span>
    </p>
   </div>
   <div class='ocr_carea' id='block_1_53' title="bbox 2141 2844 3686 2916">
    <p class='ocr_par' dir='ltr' id='par_1_53' title="bbox 2141 2844 3686 2916">
     <span class='ocr_line' id='line_1_53' title="bbox 2141 2844 3686 2916; baseline -0.001 -16"><span class='ocrx_word' id='word_1_349' title='bbox 2141 2855 2199 2900; x_wconf 92' lang='lat' dir='ltr'><strong>ut</strong></span> <span class='ocrx_word' id='word_1_350' title='bbox 2224 2860 2463 2915; x_wconf 70' lang='lat' dir='ltr'><strong>prtesens</strong></span> <span class='ocrx_word' id='word_1_351' title='bbox 2483 2844 2850 2916; x_wconf 81' lang='lat' dir='ltr'><strong>expostularet</strong></span> <span class='ocrx_word' id='word_1_352' title='bbox 2866 2846 3164 2916; x_wconf 82' lang='lat' dir='ltr'><strong>negotium,</strong></span> <span class='ocrx_word' id='word_1_353' title='bbox 3178 2861 3278 2916; x_wconf 86' lang='lat' dir='ltr'><strong>per</strong></span> <span class='ocrx_word' id='word_1_354' title='bbox 3295 2846 3574 2900; x_wconf 78' lang='lat' dir='ltr'><strong>Adrianunt</strong></span> <span class='ocrx_word' id='word_1_355' title='bbox 3594 2860 3686 2899; x_wconf 83' lang='lat' dir='ltr'><strong>car-</strong></span> 
     </span>
    </p>
   </div>
   <div class='ocr_carea' id='block_1_54' title="bbox 2142 2936 3688 3009">
    <p class='ocr_par' dir='ltr' id='par_1_54' title="bbox 2142 2936 3688 3009">
     <span class='ocr_line' id='line_1_54' title="bbox 2142 2936 3688 3009; baseline 0 -17"><span class='ocrx_word' id='word_1_356' title='bbox 2142 2936 2376 2993; x_wconf 89' lang='lat' dir='ltr'><strong>dinalem</strong></span> <span class='ocrx_word' id='word_1_357' title='bbox 2403 2938 2658 3009; x_wconf 88' lang='lat' dir='ltr'><strong>Brysium</strong></span> <span class='ocrx_word' id='word_1_358' title='bbox 2686 2937 3139 2993; x_wconf 85' lang='lat' dir='ltr'><strong>Constantianutn</strong></span> <span class='ocrx_word' id='word_1_359' title='bbox 3180 2938 3509 3003; x_wconf 81' lang='lat' dir='ltr'><strong>antistitem,</strong></span> <span class='ocrx_word' id='word_1_360' title='bbox 3539 2938 3688 2992; x_wconf 76' lang='lat' dir='ltr'><strong>nescio</strong></span> 
     </span>
    </p>
   </div>
   <div class='ocr_carea' id='block_1_55' title="bbox 2146 3028 3688 3099">
    <p class='ocr_par' dir='ltr' id='par_1_55' title="bbox 2146 3028 3688 3099">
     <span class='ocr_line' id='line_1_55' title="bbox 2146 3028 3688 3099; baseline 0 -17"><span class='ocrx_word' id='word_1_361' title='bbox 2146 3045 2255 3099; x_wconf 70' lang='lat' dir='ltr'><strong>quo</strong></span> <span class='ocrx_word' id='word_1_362' title='bbox 2291 3028 2449 3098; x_wconf 87' lang='lat' dir='ltr'><strong>jure,</strong></span> <span class='ocrx_word' id='word_1_363' title='bbox 2477 3030 2831 3095; x_wconf 84' lang='lat' dir='ltr'><strong>exturbatus,</strong></span> <span class='ocrx_word' id='word_1_364' title='bbox 2874 3037 3061 3085; x_wconf 87' lang='lat' dir='ltr'><strong>creata</strong></span> <span class='ocrx_word' id='word_1_365' title='bbox 3092 3029 3387 3099; x_wconf 88' lang='lat' dir='ltr'><strong>pensione,</strong></span> <span class='ocrx_word' id='word_1_366' title='bbox 3419 3030 3688 3085; x_wconf 82' lang='lat' dir='ltr'><strong>cathedram</strong></span> 
     </span>
    </p>
   </div>
   <div class='ocr_carea' id='block_1_56' title="bbox 2142 3114 3688 3191">
    <p class='ocr_par' dir='ltr' id='par_1_56' title="bbox 2142 3114 3688 3191">
     <span class='ocr_line' id='line_1_56' title="bbox 2142 3114 3688 3191; baseline -0.003 -15"><span class='ocrx_word' id='word_1_367' title='bbox 2142 3121 2307 3176; x_wconf 89' lang='lat' dir='ltr'><strong>cedit.</strong></span> <span class='ocrx_word' id='word_1_368' title='bbox 2345 3120 2550 3176; x_wconf 89' lang='lat' dir='ltr'><strong>Tamen</strong></span> <span class='ocrx_word' id='word_1_369' title='bbox 2573 3161 2588 3187; x_wconf 91' lang='lat'><strong>,</strong></span> <span class='ocrx_word' id='word_1_370' title='bbox 2621 3130 2887 3191; x_wconf 88' lang='lat' dir='ltr'><strong>quantum</strong></span> <span class='ocrx_word' id='word_1_371' title='bbox 2925 3120 3243 3189; x_wconf 88' lang='lat' dir='ltr'><strong>conjectura</strong></span> <span class='ocrx_word' id='word_1_372' title='bbox 3272 3114 3409 3176; x_wconf 80' lang='lat' dir='ltr'><strong>licet</strong></span> <span class='ocrx_word' id='word_1_373' title='bbox 3445 3122 3688 3191; x_wconf 85' lang='lat' dir='ltr'><strong>augurari,</strong></span> 
     </span>
    </p>
   </div>
   <div class='ocr_carea' id='block_1_57' title="bbox 2141 3204 3683 3283">
    <p class='ocr_par' dir='ltr' id='par_1_57' title="bbox 2141 3204 3683 3283">
     <span class='ocr_line' id='line_1_57' title="bbox 2141 3204 3683 3283; baseline -0.005 -13"><span class='ocrx_word' id='word_1_374' title='bbox 2141 3223 2197 3270; x_wconf 88' lang='lat' dir='ltr'><strong>et</strong></span> <span class='ocrx_word' id='word_1_375' title='bbox 2217 3222 2276 3269; x_wconf 88' lang='lat' dir='ltr'><strong>ut</strong></span> <span class='ocrx_word' id='word_1_376' title='bbox 2299 3204 2488 3270; x_wconf 88' lang='lat' dir='ltr'><strong>rumor</strong></span> <span class='ocrx_word' id='word_1_377' title='bbox 2505 3213 2648 3283; x_wconf 87' lang='lat' dir='ltr'><strong>apud</strong></span> <span class='ocrx_word' id='word_1_378' title='bbox 2674 3228 2772 3268; x_wconf 92' lang='lat' dir='ltr'><strong>nos</strong></span> <span class='ocrx_word' id='word_1_379' title='bbox 2795 3214 3172 3283; x_wconf 83' lang='lat' dir='ltr'><strong>percrebuisse</strong></span> <span class='ocrx_word' id='word_1_380' title='bbox 3197 3214 3395 3283; x_wconf 87' lang='lat' dir='ltr'><strong>potuit,</strong></span> <span class='ocrx_word' id='word_1_381' title='bbox 3426 3212 3683 3280; x_wconf 86' lang='lat' dir='ltr'><strong>archiprior</strong></span> 
     </span>
    </p>
   </div>
   <div class='ocr_carea' id='block_1_58' title="bbox 2143 3302 3690 3374">
    <p class='ocr_par' dir='ltr' id='par_1_58' title="bbox 2143 3302 3690 3374">
     <span class='ocr_line' id='line_1_58' title="bbox 2143 3302 3690 3374; baseline -0.005 -12"><span class='ocrx_word' id='word_1_382' title='bbox 2143 3305 2446 3371; x_wconf 85' lang='lat' dir='ltr'><strong>Balleolus,</strong></span> <span class='ocrx_word' id='word_1_383' title='bbox 2478 3304 2564 3360; x_wconf 86' lang='lat' dir='ltr'><strong>vel</strong></span> <span class='ocrx_word' id='word_1_384' title='bbox 2601 3305 2727 3374; x_wconf 84' lang='lat' dir='ltr'><strong>quia</strong></span> <span class='ocrx_word' id='word_1_385' title='bbox 2755 3303 2917 3372; x_wconf 89' lang='lat' dir='ltr'><strong>hujus</strong></span> <span class='ocrx_word' id='word_1_386' title='bbox 2955 3303 3210 3359; x_wconf 83' lang='lat' dir='ltr'><strong>felicibus</strong></span> <span class='ocrx_word' id='word_1_387' title='bbox 3239 3303 3495 3373; x_wconf 88' lang='lat' dir='ltr'><strong>auspiciis</strong></span> <span class='ocrx_word' id='word_1_388' title='bbox 3521 3302 3690 3355; x_wconf 46' lang='lat' dir='ltr'><strong>invidea</strong></span> 
     </span>
    </p>
   </div>
   <div class='ocr_carea' id='block_1_59' title="bbox 2141 3391 3691 3468">
    <p class='ocr_par' dir='ltr' id='par_1_59' title="bbox 2141 3391 3691 3468">
     <span class='ocr_line' id='line_1_59' title="bbox 2141 3391 3691 3468; baseline -0.008 -15"><span class='ocrx_word' id='word_1_389' title='bbox 2141 3399 2256 3464; x_wconf 89' lang='lat' dir='ltr'><strong>bat,</strong></span> <span class='ocrx_word' id='word_1_390' title='bbox 2277 3396 2362 3453; x_wconf 87' lang='lat' dir='ltr'><strong>vel</strong></span> <span class='ocrx_word' id='word_1_391' title='bbox 2385 3397 2514 3468; x_wconf 89' lang='lat' dir='ltr'><strong>quia</strong></span> <span class='ocrx_word' id='word_1_392' title='bbox 2537 3411 2661 3450; x_wconf 85' lang='lat' dir='ltr'><strong>eum</strong></span> <span class='ocrx_word' id='word_1_393' title='bbox 2686 3395 3017 3450; x_wconf 89' lang='lat' dir='ltr'><strong>monasterio</strong></span> <span class='ocrx_word' id='word_1_394' title='bbox 3038 3393 3409 3465; x_wconf 87' lang='lat' dir='ltr'><strong>perniciosum</strong></span> <span class='ocrx_word' id='word_1_395' title='bbox 3434 3391 3691 3455; x_wconf 78' lang='lat' dir='ltr'><strong>metuebat,</strong></span> 
     </span>
    </p>
   </div>
   <div class='ocr_carea' id='block_1_60' title="bbox 2142 3483 3692 3555">
    <p class='ocr_par' dir='ltr' id='par_1_60' title="bbox 2142 3483 3692 3555">
     <span class='ocr_line' id='line_1_60' title="bbox 2142 3483 3692 3555; baseline -0.005 -13"><span class='ocrx_word' id='word_1_396' title='bbox 2142 3487 2346 3544; x_wconf 88' lang='lat' dir='ltr'><strong>litteris</strong></span> <span class='ocrx_word' id='word_1_397' title='bbox 2388 3485 2741 3541; x_wconf 83' lang='lat' dir='ltr'><strong>Franciscum</strong></span> <span class='ocrx_word' id='word_1_398' title='bbox 2791 3499 2971 3555; x_wconf 89' lang='lat' dir='ltr'><strong>regem</strong></span> <span class='ocrx_word' id='word_1_399' title='bbox 3020 3494 3225 3540; x_wconf 90' lang='lat' dir='ltr'><strong>monet.</strong></span> <span class='ocrx_word' id='word_1_400' title='bbox 3271 3485 3385 3540; x_wconf 89' lang='lat' dir='ltr'><strong>Nec</strong></span> <span class='ocrx_word' id='word_1_401' title='bbox 3414 3483 3505 3539; x_wconf 92' lang='lat' dir='ltr'><strong>diu</strong></span> <span class='ocrx_word' id='word_1_402' title='bbox 3537 3490 3692 3553; x_wconf 81' lang='lat' dir='ltr'><strong>pausat</strong></span> 
     </span>
    </p>
   </div>
   <div class='ocr_carea' id='block_1_61' title="bbox 2143 3573 3691 3645">
    <p class='ocr_par' dir='ltr' id='par_1_61' title="bbox 2143 3573 3691 3645">
     <span class='ocr_line' id='line_1_61' title="bbox 2143 3573 3691 3645; baseline -0.008 -9"><span class='ocrx_word' id='word_1_403' title='bbox 2143 3594 2253 3635; x_wconf 90' lang='lat' dir='ltr'><strong>res.</strong></span> <span class='ocrx_word' id='word_1_404' title='bbox 2302 3578 2602 3640; x_wconf 84' lang='lat' dir='ltr'><strong>Adrianus,</strong></span> <span class='ocrx_word' id='word_1_405' title='bbox 2651 3576 2947 3645; x_wconf 89' lang='lat' dir='ltr'><strong>apostolico</strong></span> <span class='ocrx_word' id='word_1_406' title='bbox 2986 3590 3213 3630; x_wconf 91' lang='lat' dir='ltr'><strong>munere</strong></span> <span class='ocrx_word' id='word_1_407' title='bbox 3262 3591 3293 3629; x_wconf 91' lang='lat' dir='ltr'><strong>a</strong></span> <span class='ocrx_word' id='word_1_408' title='bbox 3334 3573 3611 3630; x_wconf 89' lang='lat' dir='ltr'><strong>Francisco</strong></span> <span class='ocrx_word' id='word_1_409' title='bbox 3649 3574 3691 3625; x_wconf 91' lang='lat' dir='ltr'><strong>in</strong></span> 
     </span>
    </p>
   </div>
   <div class='ocr_carea' id='block_1_62' title="bbox 2142 3663 3691 3736">
    <p class='ocr_par' dir='ltr' id='par_1_62' title="bbox 2142 3663 3691 3736">
     <span class='ocr_line' id='line_1_62' title="bbox 2142 3663 3691 3736; baseline -0.006 -12"><span class='ocrx_word' id='word_1_410' title='bbox 2142 3669 2519 3724; x_wconf 79' lang='lat' dir='ltr'><strong>commendant</strong></span> <span class='ocrx_word' id='word_1_411' title='bbox 2558 3666 3179 3736; x_wconf 81' lang='lat' dir='ltr'><strong>adtnissus,pr:emissis</strong></span> <span class='ocrx_word' id='word_1_412' title='bbox 3215 3666 3447 3721; x_wconf 90' lang='lat' dir='ltr'><strong>Beccum</strong></span> <span class='ocrx_word' id='word_1_413' title='bbox 3489 3663 3691 3720; x_wconf 75' lang='lat' dir='ltr'><strong>satelliti-</strong></span> 
     </span>
    </p>
   </div>
   <div class='ocr_carea' id='block_1_63' title="bbox 2142 3758 3693 3830">
    <p class='ocr_par' dir='ltr' id='par_1_63' title="bbox 2142 3758 3693 3830">
     <span class='ocr_line' id='line_1_63' title="bbox 2142 3758 3693 3830; baseline -0.005 -13"><span class='ocrx_word' id='word_1_414' title='bbox 2142 3762 2277 3826; x_wconf 87' lang='lat' dir='ltr'><strong>bus,</strong></span> <span class='ocrx_word' id='word_1_415' title='bbox 2322 3761 2519 3817; x_wconf 91' lang='lat' dir='ltr'><strong>bonam</strong></span> <span class='ocrx_word' id='word_1_416' title='bbox 2568 3758 2797 3815; x_wconf 89' lang='lat' dir='ltr'><strong>fratrum</strong></span> <span class='ocrx_word' id='word_1_417' title='bbox 2842 3771 3057 3829; x_wconf 88' lang='lat' dir='ltr'><strong>partem</strong></span> <span class='ocrx_word' id='word_1_418' title='bbox 3102 3761 3154 3815; x_wconf 94' lang='lat' dir='ltr'><strong>in</strong></span> <span class='ocrx_word' id='word_1_419' title='bbox 3196 3761 3471 3830; x_wconf 82' lang='lat' dir='ltr'><strong>prioratus</strong></span> <span class='ocrx_word' id='word_1_420' title='bbox 3514 3758 3693 3828; x_wconf 82' lang='lat' dir='ltr'><strong>expellit</strong></span> 
     </span>
    </p>
   </div>
   <div class='ocr_carea' id='block_1_64' title="bbox 453 3842 3691 3923">
    <p class='ocr_par' dir='ltr' id='par_1_64' title="bbox 453 3842 3691 3923">
     <span class='ocr_line' id='line_1_64' title="bbox 453 3842 3691 3923; baseline 0.001 -26"><span class='ocrx_word' id='word_1_421' title='bbox 453 3853 637 3900; x_wconf 85' lang='lat' dir='ltr'><strong>autem</strong></span> <span class='ocrx_word' id='word_1_422' title='bbox 667 3856 792 3917; x_wconf 93' lang='lat' dir='ltr'><strong>post</strong></span> <span class='ocrx_word' id='word_1_423' title='bbox 828 3846 1245 3919; x_wconf 85' lang='lat' dir='ltr'><strong>Neapolitanam</strong></span> <span class='ocrx_word' id='word_1_424' title='bbox 1284 3854 1683 3923; x_wconf 86' lang='lat' dir='ltr'><strong>expeditionem</strong></span> <span class='ocrx_word' id='word_1_425' title='bbox 1726 3855 2044 3913; x_wconf 88' lang='lat' dir='ltr'><strong>infirmitate</strong></span> <span class='ocrx_word' id='word_1_426' title='bbox 2069 3842 2111 3899; x_wconf 69' lang='grc' dir='ltr'><strong>Ο</strong></span> <span class='ocrx_word' id='word_1_427' title='bbox 2146 3850 2277 3923; x_wconf 80' lang='lat' dir='ltr'><strong>(non</strong></span> <span class='ocrx_word' id='word_1_428' title='bbox 2315 3851 2460 3906; x_wconf 79' lang='lat' dir='ltr'><strong>enim</strong></span> <span class='ocrx_word' id='word_1_429' title='bbox 2499 3851 2727 3906; x_wconf 79' lang='lat' dir='ltr'><strong>deerant</strong></span> <span class='ocrx_word' id='word_1_430' title='bbox 2771 3851 2863 3920; x_wconf 81' lang='lat' dir='ltr'><strong>qni</strong></span> <span class='ocrx_word' id='word_1_431' title='bbox 2906 3850 3121 3906; x_wconf 82' lang='lat' dir='ltr'><strong>Ribaltli</strong></span> <span class='ocrx_word' id='word_1_432' title='bbox 3172 3860 3361 3920; x_wconf 89' lang='lat' dir='ltr'><strong>partes</strong></span> <span class='ocrx_word' id='word_1_433' title='bbox 3408 3848 3691 3915; x_wconf 73' lang='lat' dir='ltr'><strong>tutarentur}</strong></span> 
     </span>
    </p>
   </div>
   <div class='ocr_carea' id='block_1_65' title="bbox 453 3934 2043 4012">
    <p class='ocr_par' dir='ltr' id='par_1_65' title="bbox 453 3934 2043 4012">
     <span class='ocr_line' id='line_1_65' title="bbox 453 3934 2043 4012; baseline 0.009 -22"><span class='ocrx_word' id='word_1_434' title='bbox 453 3934 633 3991; x_wconf 88' lang='lat' dir='ltr'><strong>subita</strong></span> <span class='ocrx_word' id='word_1_435' title='bbox 665 3940 814 3994; x_wconf 91' lang='lat' dir='ltr'><strong>nullo</strong></span> <span class='ocrx_word' id='word_1_436' title='bbox 842 3940 1034 3999; x_wconf 88' lang='lat' dir='ltr'><strong>relicto</strong></span> <span class='ocrx_word' id='word_1_437' title='bbox 1069 3943 1241 4000; x_wconf 90' lang='lat' dir='ltr'><strong>libero</strong></span> <span class='ocrx_word' id='word_1_438' title='bbox 1267 3945 1540 4001; x_wconf 71' lang='lat' dir='ltr'><strong>Ambasite</strong></span> <span class='ocrx_word' id='word_1_439' title='bbox 1581 3946 1837 4012; x_wconf 88' lang='lat' dir='ltr'><strong>moritur,</strong></span> <span class='ocrx_word' id='word_1_440' title='bbox 1864 3947 2043 4004; x_wconf 43' lang='lat' dir='ltr'><strong>Ludo;</strong></span> 
     </span>
    </p>
   </div>
   <div class='ocr_carea' id='block_1_66' title="bbox 453 4030 2039 4112">
    <p class='ocr_par' dir='ltr' id='par_1_66' title="bbox 453 4030 2039 4112">
     <span class='ocr_line' id='line_1_66' title="bbox 453 4030 2039 4112; baseline 0.009 -28"><span class='ocrx_word' id='word_1_441' title='bbox 453 4030 575 4087; x_wconf 86' lang='lat' dir='ltr'><strong>vico</strong></span> <span class='ocrx_word' id='word_1_442' title='bbox 604 4033 923 4092; x_wconf 90' lang='lat' dir='ltr'><strong>duodecimo</strong></span> <span class='ocrx_word' id='word_1_443' title='bbox 949 4036 1172 4093; x_wconf 87' lang='lat' dir='ltr'><strong>Aurelio</strong></span> <span class='ocrx_word' id='word_1_444' title='bbox 1197 4052 1537 4105; x_wconf 87' lang='lat' dir='ltr'><strong>successore,</strong></span> <span class='ocrx_word' id='word_1_445' title='bbox 1562 4042 1631 4095; x_wconf 90' lang='lat' dir='ltr'><strong>ad</strong></span> <span class='ocrx_word' id='word_1_446' title='bbox 1654 4040 2039 4112; x_wconf 85' lang='lat' dir='ltr'><strong>Dionysianam</strong></span> 
     </span>
    </p>
   </div>
   <div class='ocr_carea' id='block_1_67' title="bbox 453 4125 2043 4202">
    <p class='ocr_par' dir='ltr' id='par_1_67' title="bbox 453 4125 2043 4202">
     <span class='ocr_line' id='line_1_67' title="bbox 453 4125 2043 4202; baseline 0.008 -24"><span class='ocrx_word' id='word_1_447' title='bbox 453 4125 720 4194; x_wconf 87' lang='lat' dir='ltr'><strong>sepultus.</strong></span> <span class='ocrx_word' id='word_1_448' title='bbox 754 4126 994 4185; x_wconf 83' lang='lat' dir='ltr'><strong>Joannes</strong></span> <span class='ocrx_word' id='word_1_449' title='bbox 1024 4139 1212 4202; x_wconf 88' lang='lat' dir='ltr'><strong>postea</strong></span> <span class='ocrx_word' id='word_1_450' title='bbox 1253 4130 1634 4188; x_wconf 82' lang='lat' dir='ltr'><strong>Morcenchius</strong></span> <span class='ocrx_word' id='word_1_451' title='bbox 1673 4132 1832 4189; x_wconf 89' lang='lat' dir='ltr'><strong>Becci</strong></span> <span class='ocrx_word' id='word_1_452' title='bbox 1860 4136 2043 4190; x_wconf 88' lang='lat' dir='ltr'><strong>archi-</strong></span> 
     </span>
    </p>
   </div>
   <div class='ocr_carea' id='block_1_68' title="bbox 452 4221 2041 4297">
    <p class='ocr_par' dir='ltr' id='par_1_68' title="bbox 452 4221 2041 4297">
     <span class='ocr_line' id='line_1_68' title="bbox 452 4221 2041 4297; baseline 0.007 -28"><span class='ocrx_word' id='word_1_453' title='bbox 452 4222 754 4286; x_wconf 68' lang='lat' dir='ltr'><strong>pr‘toratum</strong></span> <span class='ocrx_word' id='word_1_454' title='bbox 781 4236 997 4292; x_wconf 90' lang='lat' dir='ltr'><strong>gerens,</strong></span> <span class='ocrx_word' id='word_1_455' title='bbox 1029 4221 1197 4279; x_wconf 88' lang='lat' dir='ltr'><strong>tibiali</strong></span> <span class='ocrx_word' id='word_1_456' title='bbox 1221 4223 1497 4295; x_wconf 85' lang='lat' dir='ltr'><strong>exsiccato</strong></span> <span class='ocrx_word' id='word_1_457' title='bbox 1526 4223 1773 4289; x_wconf 85' lang='lat' dir='ltr'><strong>vulnere,</strong></span> <span class='ocrx_word' id='word_1_458' title='bbox 1803 4223 1857 4279; x_wconf 93' lang='lat' dir='ltr'><strong>in</strong></span> <span class='ocrx_word' id='word_1_459' title='bbox 1888 4226 2041 4297; x_wconf 88' lang='lat' dir='ltr'><strong>capi-</strong></span> 
     </span>
    </p>
   </div>
   <div class='ocr_carea' id='block_1_69' title="bbox 453 4311 2042 4386">
    <p class='ocr_par' dir='ltr' id='par_1_69' title="bbox 453 4311 2042 4386">
     <span class='ocr_line' id='line_1_69' title="bbox 453 4311 2042 4386; baseline 0.003 -20"><span class='ocrx_word' id='word_1_460' title='bbox 453 4311 566 4366; x_wconf 89' lang='lat' dir='ltr'><strong>tulo</strong></span> <span class='ocrx_word' id='word_1_461' title='bbox 588 4312 860 4369; x_wconf 87' lang='lat' dir='ltr'><strong>conditur.</strong></span> <span class='ocrx_word' id='word_1_462' title='bbox 895 4312 994 4370; x_wconf 89' lang='lat' dir='ltr'><strong>Cui</strong></span> <span class='ocrx_word' id='word_1_463' title='bbox 1024 4313 1261 4370; x_wconf 81' lang='lat' dir='ltr'><strong>Jacobus</strong></span> <span class='ocrx_word' id='word_1_464' title='bbox 1291 4314 1491 4379; x_wconf 88' lang='lat' dir='ltr'><strong>Faber,</strong></span> <span class='ocrx_word' id='word_1_465' title='bbox 1520 4314 1675 4386; x_wconf 92' lang='lat' dir='ltr'><strong>prior</strong></span> <span class='ocrx_word' id='word_1_466' title='bbox 1702 4314 1761 4370; x_wconf 90' lang='lat' dir='ltr'><strong>S.</strong></span> <span class='ocrx_word' id='word_1_467' title='bbox 1793 4313 1942 4371; x_wconf 89' lang='lat' dir='ltr'><strong>Petri</strong></span> <span class='ocrx_word' id='word_1_468' title='bbox 1972 4317 2042 4372; x_wconf 91' lang='lat' dir='ltr'><strong>ad</strong></span> 
     </span>
    </p>
   </div>
   <div class='ocr_carea' id='block_1_70' title="bbox 454 4399 2039 4475">
    <p class='ocr_par' dir='ltr' id='par_1_70' title="bbox 454 4399 2039 4475">
     <span class='ocr_line' id='line_1_70' title="bbox 454 4399 2039 4475; baseline 0.007 -23"><span class='ocrx_word' id='word_1_469' title='bbox 454 4399 800 4459; x_wconf 85' lang='lat' dir='ltr'><strong>Pontisaram</strong></span> <span class='ocrx_word' id='word_1_470' title='bbox 824 4403 1058 4473; x_wconf 79' lang='lat' dir='ltr'><strong>fratrum</strong></span> <span class='ocrx_word' id='word_1_471' title='bbox 1098 4405 1399 4471; x_wconf 86' lang='lat' dir='ltr'><strong>electione,</strong></span> <span class='ocrx_word' id='word_1_472' title='bbox 1429 4406 1767 4463; x_wconf 87' lang='lat' dir='ltr'><strong>assentiente</strong></span> <span class='ocrx_word' id='word_1_473' title='bbox 1802 4406 2039 4475; x_wconf 82' lang='lat' dir='ltr'><strong>Garino,</strong></span> 
     </span>
    </p>
   </div>
   <div class='ocr_carea' id='block_1_71' title="bbox 453 4490 2037 4564">
    <p class='ocr_par' dir='ltr' id='par_1_71' title="bbox 453 4490 2037 4564">
     <span class='ocr_line' id='line_1_71' title="bbox 453 4490 2037 4564; baseline 0.005 -21"><span class='ocrx_word' id='word_1_474' title='bbox 453 4490 728 4555; x_wconf 82' lang='lat' dir='ltr'><strong>succedit,</strong></span> <span class='ocrx_word' id='word_1_475' title='bbox 768 4492 921 4548; x_wconf 88' lang='lat' dir='ltr'><strong>brevi</strong></span> <span class='ocrx_word' id='word_1_476' title='bbox 960 4504 1234 4564; x_wconf 89' lang='lat' dir='ltr'><strong>quartana</strong></span> <span class='ocrx_word' id='word_1_477' title='bbox 1273 4495 1541 4553; x_wconf 86' lang='lat' dir='ltr'><strong>sublatus.</strong></span> <span class='ocrx_word' id='word_1_478' title='bbox 1580 4494 1640 4551; x_wconf 83' lang='lat' dir='ltr'><strong>In</strong></span> <span class='ocrx_word' id='word_1_479' title='bbox 1680 4493 1835 4564; x_wconf 91' lang='lat' dir='ltr'><strong>cujus</strong></span> <span class='ocrx_word' id='word_1_480' title='bbox 1860 4496 2037 4553; x_wconf 91' lang='lat' dir='ltr'><strong>locum</strong></span> 
     </span>
    </p>
   </div>
   <div class='ocr_carea' id='block_1_72' title="bbox 454 4572 1329 4635">
    <p class='ocr_par' dir='ltr' id='par_1_72' title="bbox 454 4572 1329 4635">
     <span class='ocr_line' id='line_1_72' title="bbox 454 4572 1329 4635; baseline 0.007 -6"><span class='ocrx_word' id='word_1_481' title='bbox 454 4572 650 4630; x_wconf 83' lang='lat' dir='ltr'><strong>Petrus</strong></span> <span class='ocrx_word' id='word_1_482' title='bbox 679 4575 930 4633; x_wconf 87' lang='lat' dir='ltr'><strong>Baleolus</strong></span> <span class='ocrx_word' id='word_1_483' title='bbox 953 4580 1329 4635; x_wconf 90' lang='lat' dir='ltr'><strong>constituitur.</strong></span> 
     </span>
    </p>
   </div>
   <div class='ocr_carea' id='block_1_73' title="bbox 525 4666 2042 4747">
    <p class='ocr_par' dir='ltr' id='par_1_73' title="bbox 525 4666 2042 4747">
     <span class='ocr_line' id='line_1_73' title="bbox 525 4666 2042 4747; baseline 0.009 -28"><span class='ocrx_word' id='word_1_484' title='bbox 525 4666 642 4734; x_wconf 86' lang='lat' dir='ltr'><strong>Qua</strong></span> <span class='ocrx_word' id='word_1_485' title='bbox 672 4677 831 4723; x_wconf 80' lang='lat' dir='ltr'><strong>actate</strong></span> <span class='ocrx_word' id='word_1_486' title='bbox 860 4672 1161 4727; x_wconf 85' lang='lat' dir='ltr'><strong>succedunt</strong></span> <span class='ocrx_word' id='word_1_487' title='bbox 1200 4675 1429 4747; x_wconf 81' lang='lat' dir='ltr'><strong>hyemes</strong></span> <span class='ocrx_word' id='word_1_488' title='bbox 1460 4674 1581 4730; x_wconf 68' lang='lat' dir='ltr'><strong>dua:</strong></span> <span class='ocrx_word' id='word_1_489' title='bbox 1604 4674 1785 4744; x_wconf 83' lang='lat' dir='ltr'><strong>rigore</strong></span> <span class='ocrx_word' id='word_1_490' title='bbox 1822 4678 2042 4732; x_wconf 87' lang='lat' dir='ltr'><strong>insolito</strong></span> 
     </span>
    </p>
   </div>
   <div class='ocr_carea' id='block_1_74' title="bbox 458 4759 2043 4837">
    <p class='ocr_par' dir='ltr' id='par_1_74' title="bbox 458 4759 2043 4837">
     <span class='ocr_line' id='line_1_74' title="bbox 458 4759 2043 4837; baseline 0.006 -22"><span class='ocrx_word' id='word_1_491' title='bbox 458 4759 785 4829; x_wconf 88' lang='lat' dir='ltr'><strong>nivibusque</strong></span> <span class='ocrx_word' id='word_1_492' title='bbox 817 4762 1167 4819; x_wconf 81' lang='lat' dir='ltr'><strong>horridiores.</strong></span> <span class='ocrx_word' id='word_1_493' title='bbox 1200 4766 1421 4820; x_wconf 89' lang='lat' dir='ltr'><strong>Ineunte</strong></span> <span class='ocrx_word' id='word_1_494' title='bbox 1457 4777 1644 4837; x_wconf 84' lang='lat' dir='ltr'><strong>postea</strong></span> <span class='ocrx_word' id='word_1_495' title='bbox 1673 4783 1821 4830; x_wconf 88' lang='lat' dir='ltr'><strong>vere,</strong></span> <span class='ocrx_word' id='word_1_496' title='bbox 1854 4784 2043 4824; x_wconf 89' lang='lat' dir='ltr'><strong>atnncs</strong></span> 
     </span>
    </p>
   </div>
   <div class='ocr_carea' id='block_1_75' title="bbox 454 4850 2045 4929">
    <p class='ocr_par' dir='ltr' id='par_1_75' title="bbox 454 4850 2045 4929">
     <span class='ocr_line' id='line_1_75' title="bbox 454 4850 2045 4929; baseline 0.008 -25"><span class='ocrx_word' id='word_1_497' title='bbox 454 4850 510 4905; x_wconf 90' lang='lat' dir='ltr'><strong>in</strong></span> <span class='ocrx_word' id='word_1_498' title='bbox 536 4852 696 4920; x_wconf 89' lang='lat' dir='ltr'><strong>plana</strong></span> <span class='ocrx_word' id='word_1_499' title='bbox 732 4853 916 4910; x_wconf 80' lang='lat' dir='ltr'><strong>diﬂ&#39;nsi</strong></span> <span class='ocrx_word' id='word_1_500' title='bbox 948 4866 1196 4927; x_wconf 81' lang='lat' dir='ltr'><strong>segetes,</strong></span> <span class='ocrx_word' id='word_1_501' title='bbox 1230 4874 1428 4929; x_wconf 89' lang='lat' dir='ltr'><strong>pecora</strong></span> <span class='ocrx_word' id='word_1_502' title='bbox 1471 4861 1773 4929; x_wconf 88' lang='lat' dir='ltr'><strong>domosque</strong></span> <span class='ocrx_word' id='word_1_503' title='bbox 1813 4861 2045 4917; x_wconf 86' lang='lat' dir='ltr'><strong>subinde</strong></span> 
     </span>
    </p>
   </div>
   <div class='ocr_carea' id='block_1_76' title="bbox 456 4945 2041 5022">
    <p class='ocr_par' dir='ltr' id='par_1_76' title="bbox 456 4945 2041 5022">
     <span class='ocr_line' id='line_1_76' title="bbox 456 4945 2041 5022; baseline 0.004 -20"><span class='ocrx_word' id='word_1_504' title='bbox 456 4945 757 5014; x_wconf 81' lang='lat' dir='ltr'><strong>suffocant;</strong></span> <span class='ocrx_word' id='word_1_505' title='bbox 787 4963 951 5019; x_wconf 91' lang='lat' dir='ltr'><strong>quam</strong></span> <span class='ocrx_word' id='word_1_506' title='bbox 988 4952 1249 5019; x_wconf 83' lang='lat' dir='ltr'><strong>temporis</strong></span> <span class='ocrx_word' id='word_1_507' title='bbox 1280 4952 1531 5020; x_wconf 87' lang='lat' dir='ltr'><strong>injuriam</strong></span> <span class='ocrx_word' id='word_1_508' title='bbox 1562 4952 1913 5021; x_wconf 85' lang='lat' dir='ltr'><strong>subsequitur</strong></span> <span class='ocrx_word' id='word_1_509' title='bbox 1945 4970 2041 5022; x_wconf 84' lang='lat' dir='ltr'><strong>pe-</strong></span> 
     </span>
    </p>
   </div>
   <div class='ocr_carea' id='block_1_77' title="bbox 454 5040 2043 5117">
    <p class='ocr_par' dir='ltr' id='par_1_77' title="bbox 454 5040 2043 5117">
     <span class='ocr_line' id='line_1_77' title="bbox 454 5040 2043 5117; baseline 0.004 -23"><span class='ocrx_word' id='word_1_510' title='bbox 454 5040 558 5095; x_wconf 86' lang='lat' dir='ltr'><strong>stis</strong></span> <span class='ocrx_word' id='word_1_511' title='bbox 592 5040 937 5111; x_wconf 82' lang='lat' dir='ltr'><strong>inguinaria,</strong></span> <span class='ocrx_word' id='word_1_512' title='bbox 972 5056 1163 5113; x_wconf 84' lang='lat' dir='ltr'><strong>agrum</strong></span> <span class='ocrx_word' id='word_1_513' title='bbox 1199 5042 1527 5101; x_wconf 86' lang='lat' dir='ltr'><strong>Beccensem</strong></span> <span class='ocrx_word' id='word_1_514' title='bbox 1570 5045 1744 5115; x_wconf 87' lang='lat' dir='ltr'><strong>(salvo</strong></span> <span class='ocrx_word' id='word_1_515' title='bbox 1786 5045 2043 5117; x_wconf 83' lang='lat' dir='ltr'><strong>Virginea</strong></span> 
     </span>
    </p>
   </div>
   <div class='ocr_carea' id='block_1_78' title="bbox 454 5133 2048 5209">
    <p class='ocr_par' dir='ltr' id='par_1_78' title="bbox 454 5133 2048 5209">
     <span class='ocr_line' id='line_1_78' title="bbox 454 5133 2048 5209; baseline 0.004 -21"><span class='ocrx_word' id='word_1_516' title='bbox 454 5133 860 5192; x_wconf 82' lang='lat' dir='ltr'><strong>interventione</strong></span> <span class='ocrx_word' id='word_1_517' title='bbox 881 5136 1175 5207; x_wconf 83' lang='lat' dir='ltr'><strong>ccenobio),</strong></span> <span class='ocrx_word' id='word_1_518' title='bbox 1200 5137 1397 5193; x_wconf 88' lang='lat' dir='ltr'><strong>misere</strong></span> <span class='ocrx_word' id='word_1_519' title='bbox 1419 5138 1768 5209; x_wconf 84' lang='lat' dir='ltr'><strong>depopulans.</strong></span> <span class='ocrx_word' id='word_1_520' title='bbox 1790 5139 2048 5195; x_wconf 84' lang='lat' dir='ltr'><strong>Annostts</strong></span> 
     </span>
    </p>
   </div>
   <div class='ocr_carea' id='block_1_79' title="bbox 2143 3940 3691 4012">
    <p class='ocr_par' dir='ltr' id='par_1_79' title="bbox 2143 3940 3691 4012">
     <span class='ocr_line' id='line_1_79' title="bbox 2143 3940 3691 4012; baseline -0.003 -16"><span class='ocrx_word' id='word_1_521' title='bbox 2143 3944 2277 3997; x_wconf 89' lang='lat' dir='ltr'><strong>alios</strong></span> <span class='ocrx_word' id='word_1_522' title='bbox 2310 3942 2454 3997; x_wconf 90' lang='lat' dir='ltr'><strong>intus</strong></span> <span class='ocrx_word' id='word_1_523' title='bbox 2484 3940 2717 3997; x_wconf 89' lang='lat' dir='ltr'><strong>vinculis</strong></span> <span class='ocrx_word' id='word_1_524' title='bbox 2759 3940 3025 4012; x_wconf 84' lang='lat' dir='ltr'><strong>fatigans.</strong></span> <span class='ocrx_word' id='word_1_525' title='bbox 3078 3941 3292 3996; x_wconf 88' lang='lat' dir='ltr'><strong>Interea</strong></span> <span class='ocrx_word' id='word_1_526' title='bbox 3340 3941 3691 4010; x_wconf 78' lang='lat' dir='ltr'><strong>Botbomagtnu</strong></span> 
     </span>
    </p>
   </div>
   <div class='ocr_carea' id='block_1_80' title="bbox 2143 4030 3692 4103">
    <p class='ocr_par' dir='ltr' id='par_1_80' title="bbox 2143 4030 3692 4103">
     <span class='ocr_line' id='line_1_80' title="bbox 2143 4030 3692 4103; baseline -0.003 -16"><span class='ocrx_word' id='word_1_527' title='bbox 2143 4032 2322 4088; x_wconf 87' lang='lat' dir='ltr'><strong>natale</strong></span> <span class='ocrx_word' id='word_1_528' title='bbox 2367 4033 2543 4088; x_wconf 90' lang='lat' dir='ltr'><strong>solum</strong></span> <span class='ocrx_word' id='word_1_529' title='bbox 2590 4040 2845 4103; x_wconf 87' lang='lat' dir='ltr'><strong>repetens</strong></span> <span class='ocrx_word' id='word_1_530' title='bbox 2882 4031 3146 4088; x_wconf 81' lang='lat' dir='ltr'><strong>Ribaldus</strong></span> <span class='ocrx_word' id='word_1_531' title='bbox 3178 4049 3304 4088; x_wconf 88' lang='lat' dir='ltr'><strong>cum</strong></span> <span class='ocrx_word' id='word_1_532' title='bbox 3346 4049 3538 4103; x_wconf 85' lang='lat' dir='ltr'><strong>magna</strong></span> <span class='ocrx_word' id='word_1_533' title='bbox 3576 4030 3692 4091; x_wconf 84' lang='lat' dir='ltr'><strong>auri,</strong></span> 
     </span>
    </p>
   </div>
   <div class='ocr_carea' id='block_1_81' title="bbox 2142 4122 3693 4196">
    <p class='ocr_par' dir='ltr' id='par_1_81' title="bbox 2142 4122 3693 4196">
     <span class='ocr_line' id='line_1_81' title="bbox 2142 4122 3693 4196; baseline -0.003 -18"><span class='ocrx_word' id='word_1_534' title='bbox 2142 4123 2377 4196; x_wconf 84' lang='lat' dir='ltr'><strong>argenti,</strong></span> <span class='ocrx_word' id='word_1_535' title='bbox 2408 4132 2669 4194; x_wconf 89' lang='lat' dir='ltr'><strong>tapetum,</strong></span> <span class='ocrx_word' id='word_1_536' title='bbox 2702 4139 3067 4194; x_wconf 89' lang='lat' dir='ltr'><strong>vasorumque</strong></span> <span class='ocrx_word' id='word_1_537' title='bbox 3098 4124 3414 4180; x_wconf 84' lang='lat' dir='ltr'><strong>caelatorum</strong></span> <span class='ocrx_word' id='word_1_538' title='bbox 3436 4122 3693 4194; x_wconf 85' lang='lat' dir='ltr'><strong>suppellec-</strong></span> 
     </span>
    </p>
   </div>
   <div class='ocr_carea' id='block_1_82' title="bbox 2148 4213 3694 4287">
    <p class='ocr_par' dir='ltr' id='par_1_82' title="bbox 2148 4213 3694 4287">
     <span class='ocr_line' id='line_1_82' title="bbox 2148 4213 3694 4287; baseline -0.001 -18"><span class='ocrx_word' id='word_1_539' title='bbox 2148 4214 2277 4279; x_wconf 90' lang='lat' dir='ltr'><strong>tile,</strong></span> <span class='ocrx_word' id='word_1_540' title='bbox 2310 4223 2476 4269; x_wconf 92' lang='lat' dir='ltr'><strong>noctu</strong></span> <span class='ocrx_word' id='word_1_541' title='bbox 2524 4214 2740 4270; x_wconf 84' lang='lat' dir='ltr'><strong>sublata</strong></span> <span class='ocrx_word' id='word_1_542' title='bbox 2772 4214 2897 4287; x_wconf 91' lang='lat' dir='ltr'><strong>(nec</strong></span> <span class='ocrx_word' id='word_1_543' title='bbox 2943 4231 2974 4270; x_wconf 89' lang='lat' dir='ltr'><strong>a</strong></span> <span class='ocrx_word' id='word_1_544' title='bbox 3027 4215 3250 4271; x_wconf 90' lang='lat' dir='ltr'><strong>vasibus</strong></span> <span class='ocrx_word' id='word_1_545' title='bbox 3299 4216 3518 4286; x_wconf 85' lang='lat' dir='ltr'><strong>quidem</strong></span> <span class='ocrx_word' id='word_1_546' title='bbox 3561 4213 3694 4269; x_wconf 83' lang='lat' dir='ltr'><strong>sacris</strong></span> 
     </span>
    </p>
   </div>
   <div class='ocr_carea' id='block_1_83' title="bbox 2144 4292 3692 4375">
    <p class='ocr_par' dir='ltr' id='par_1_83' title="bbox 2144 4292 3692 4375">
     <span class='ocr_line' id='line_1_83' title="bbox 2144 4292 3692 4375; baseline -0.002 -17"><span class='ocrx_word' id='word_1_547' title='bbox 2144 4303 2450 4375; x_wconf 88' lang='lat' dir='ltr'><strong>abstinens)</strong></span> <span class='ocrx_word' id='word_1_548' title='bbox 2488 4303 2743 4361; x_wconf 88' lang='lat' dir='ltr'><strong>discedit.</strong></span> <span class='ocrx_word' id='word_1_549' title='bbox 2781 4305 2961 4374; x_wconf 79' lang='lat' dir='ltr'><strong>Atque</strong></span> <span class='ocrx_word' id='word_1_550' title='bbox 2999 4304 3053 4360; x_wconf 93' lang='lat' dir='ltr'><strong>id</strong></span> <span class='ocrx_word' id='word_1_551' title='bbox 3090 4304 3310 4361; x_wconf 90' lang='lat' dir='ltr'><strong>saniore</strong></span> <span class='ocrx_word' id='word_1_552' title='bbox 3345 4292 3558 4375; x_wconf 80' lang='lat' dir='ltr'><strong>quidem</strong></span> <span class='ocrx_word' id='word_1_553' title='bbox 3594 4318 3692 4359; x_wconf 89' lang='lat' dir='ltr'><strong>con-</strong></span> 
     </span>
    </p>
   </div>
   <div class='ocr_carea' id='block_1_84' title="bbox 2148 4393 3696 4464">
    <p class='ocr_par' dir='ltr' id='par_1_84' title="bbox 2148 4393 3696 4464">
     <span class='ocr_line' id='line_1_84' title="bbox 2148 4393 3696 4464; baseline -0.004 -13"><span class='ocrx_word' id='word_1_554' title='bbox 2148 4395 2273 4451; x_wconf 87' lang='lat' dir='ltr'><strong>silio</strong></span> <span class='ocrx_word' id='word_1_555' title='bbox 2302 4393 2505 4450; x_wconf 87' lang='lat' dir='ltr'><strong>factum</strong></span> <span class='ocrx_word' id='word_1_556' title='bbox 2525 4436 2541 4460; x_wconf 91' lang='lat'><strong>,</strong></span> <span class='ocrx_word' id='word_1_557' title='bbox 2574 4395 2783 4464; x_wconf 86' lang='lat' dir='ltr'><strong>regium</strong></span> <span class='ocrx_word' id='word_1_558' title='bbox 2829 4395 3071 4450; x_wconf 89' lang='lat' dir='ltr'><strong>furorem</strong></span> <span class='ocrx_word' id='word_1_559' title='bbox 3102 4396 3147 4450; x_wconf 93' lang='lat' dir='ltr'><strong>si</strong></span> <span class='ocrx_word' id='word_1_560' title='bbox 3180 4410 3305 4450; x_wconf 89' lang='lat' dir='ltr'><strong>cum</strong></span> <span class='ocrx_word' id='word_1_561' title='bbox 3339 4395 3432 4449; x_wconf 89' lang='lat' dir='ltr'><strong>tali</strong></span> <span class='ocrx_word' id='word_1_562' title='bbox 3466 4396 3574 4449; x_wconf 80' lang='lat' dir='ltr'><strong>viro</strong></span> <span class='ocrx_word' id='word_1_563' title='bbox 3596 4408 3696 4455; x_wconf 84' lang='lat' dir='ltr'><strong>con-</strong></span> 
     </span>
    </p>
   </div>
   <div class='ocr_carea' id='block_1_85' title="bbox 2147 4483 3696 4555">
    <p class='ocr_par' dir='ltr' id='par_1_85' title="bbox 2147 4483 3696 4555">
     <span class='ocr_line' id='line_1_85' title="bbox 2147 4483 3696 4555; baseline -0.002 -16"><span class='ocrx_word' id='word_1_564' title='bbox 2147 4484 2395 4540; x_wconf 89' lang='lat' dir='ltr'><strong>tenderet</strong></span> <span class='ocrx_word' id='word_1_565' title='bbox 2423 4484 2526 4539; x_wconf 83' lang='lat' dir='ltr'><strong>sibi</strong></span> <span class='ocrx_word' id='word_1_566' title='bbox 2558 4483 2795 4541; x_wconf 89' lang='lat' dir='ltr'><strong>conflare</strong></span> <span class='ocrx_word' id='word_1_567' title='bbox 2855 4484 3092 4551; x_wconf 88' lang='lat' dir='ltr'><strong>veritus;</strong></span> <span class='ocrx_word' id='word_1_568' title='bbox 3134 4499 3195 4541; x_wconf 89' lang='lat' dir='ltr'><strong>se</strong></span> <span class='ocrx_word' id='word_1_569' title='bbox 3253 4497 3514 4555; x_wconf 79' lang='lat' dir='ltr'><strong>praeterea</strong></span> <span class='ocrx_word' id='word_1_570' title='bbox 3556 4485 3696 4538; x_wconf 88' lang='lat' dir='ltr'><strong>sciens</strong></span> 
     </span>
    </p>
   </div>
   <div class='ocr_carea' id='block_1_86' title="bbox 2145 4575 3696 4646">
    <p class='ocr_par' dir='ltr' id='par_1_86' title="bbox 2145 4575 3696 4646">
     <span class='ocr_line' id='line_1_86' title="bbox 2145 4575 3696 4646; baseline -0.005 -14"><span class='ocrx_word' id='word_1_571' title='bbox 2145 4577 2259 4632; x_wconf 88' lang='lat' dir='ltr'><strong>suis</strong></span> <span class='ocrx_word' id='word_1_572' title='bbox 2298 4592 2423 4631; x_wconf 91' lang='lat' dir='ltr'><strong>cum</strong></span> <span class='ocrx_word' id='word_1_573' title='bbox 2460 4576 2752 4632; x_wconf 76' lang='lat' dir='ltr'><strong>etenubitis</strong></span> <span class='ocrx_word' id='word_1_574' title='bbox 2782 4576 3058 4643; x_wconf 89' lang='lat' dir='ltr'><strong>odiosum,</strong></span> <span class='ocrx_word' id='word_1_575' title='bbox 3097 4587 3157 4631; x_wconf 93' lang='lat' dir='ltr'><strong>ut</strong></span> <span class='ocrx_word' id='word_1_576' title='bbox 3193 4584 3321 4645; x_wconf 89' lang='lat' dir='ltr'><strong>pote</strong></span> <span class='ocrx_word' id='word_1_577' title='bbox 3362 4578 3454 4646; x_wconf 90' lang='lat' dir='ltr'><strong>qui</strong></span> <span class='ocrx_word' id='word_1_578' title='bbox 3498 4575 3696 4631; x_wconf 87' lang='lat' dir='ltr'><strong>moribus</strong></span> 
     </span>
    </p>
   </div>
   <div class='ocr_carea' id='block_1_87' title="bbox 2138 4664 3697 4739">
    <p class='ocr_par' dir='ltr' id='par_1_87' title="bbox 2138 4664 3697 4739">
     <span class='ocr_line' id='line_1_87' title="bbox 2138 4664 3697 4739; baseline -0.004 -17"><span class='ocrx_word' id='word_1_579' title='bbox 2138 4668 2346 4739; x_wconf 89' lang='lat' dir='ltr'><strong>junior,</strong></span> <span class='ocrx_word' id='word_1_580' title='bbox 2373 4667 2510 4722; x_wconf 90' lang='lat' dir='ltr'><strong>tanti</strong></span> <span class='ocrx_word' id='word_1_581' title='bbox 2533 4664 2820 4722; x_wconf 82' lang='lat' dir='ltr'><strong>conﬂictus</strong></span> <span class='ocrx_word' id='word_1_582' title='bbox 2842 4681 3067 4721; x_wconf 91' lang='lat' dir='ltr'><strong>causam</strong></span> <span class='ocrx_word' id='word_1_583' title='bbox 3093 4667 3439 4734; x_wconf 78' lang='lat' dir='ltr'><strong>praebuisset.</strong></span> <span class='ocrx_word' id='word_1_584' title='bbox 3467 4667 3583 4720; x_wconf 85' lang='lat' dir='ltr'><strong>inde</strong></span> <span class='ocrx_word' id='word_1_585' title='bbox 3606 4664 3697 4717; x_wconf 60' lang='grc' dir='ltr'><strong>νει.</strong></span> 
     </span>
    </p>
   </div>
   <div class='ocr_carea' id='block_1_88' title="bbox 2146 4760 3673 4829">
    <p class='ocr_par' dir='ltr' id='par_1_88' title="bbox 2146 4760 3673 4829">
     <span class='ocr_line' id='line_1_88' title="bbox 2146 4760 3673 4829; baseline -0.003 -14"><span class='ocrx_word' id='word_1_586' title='bbox 2146 4761 2390 4816; x_wconf 88' lang='lat' dir='ltr'><strong>limontis</strong></span> <span class='ocrx_word' id='word_1_587' title='bbox 2446 4760 2681 4817; x_wconf 73' lang='lat' dir='ltr'><strong>cmnobii</strong></span> <span class='ocrx_word' id='word_1_588' title='bbox 2742 4761 2798 4815; x_wconf 94' lang='lat' dir='ltr'><strong>in</strong></span> <span class='ocrx_word' id='word_1_589' title='bbox 2856 4760 3120 4815; x_wconf 87' lang='lat' dir='ltr'><strong>Caletano</strong></span> <span class='ocrx_word' id='word_1_590' title='bbox 3176 4760 3420 4829; x_wconf 88' lang='lat' dir='ltr'><strong>regimen</strong></span> <span class='ocrx_word' id='word_1_591' title='bbox 3479 4763 3673 4828; x_wconf 84' lang='lat' dir='ltr'><strong>adeptus</strong></span> 
     </span>
    </p>
   </div>
   <div class='ocr_carea' id='block_1_89' title="bbox 2149 4848 3696 4921">
    <p class='ocr_par' dir='ltr' id='par_1_89' title="bbox 2149 4848 3696 4921">
     <span class='ocr_line' id='line_1_89' title="bbox 2149 4848 3696 4921; baseline 0 -14"><span class='ocrx_word' id='word_1_592' title='bbox 2149 4854 2329 4908; x_wconf 92' lang='lat' dir='ltr'><strong>locum</strong></span> <span class='ocrx_word' id='word_1_593' title='bbox 2357 4853 2533 4921; x_wconf 89' lang='lat' dir='ltr'><strong>ipsum</strong></span> <span class='ocrx_word' id='word_1_594' title='bbox 2564 4852 2932 4907; x_wconf 87' lang='lat' dir='ltr'><strong>Beccensibus</strong></span> <span class='ocrx_word' id='word_1_595' title='bbox 2952 4850 3141 4921; x_wconf 78' lang='lat' dir='ltr'><strong>Spoliis</strong></span> <span class='ocrx_word' id='word_1_596' title='bbox 3156 4890 3172 4917; x_wconf 94' lang='lat'><strong>,</strong></span> <span class='ocrx_word' id='word_1_597' title='bbox 3198 4861 3465 4907; x_wconf 89' lang='lat' dir='ltr'><strong>renovato</strong></span> <span class='ocrx_word' id='word_1_598' title='bbox 3486 4848 3696 4907; x_wconf 65' lang='lat' dir='ltr'><strong>aedilicio.</strong></span> 
     </span>
    </p>
   </div>
   <div class='ocr_carea' id='block_1_90' title="bbox 2150 4940 3698 5015">
    <p class='ocr_par' dir='ltr' id='par_1_90' title="bbox 2150 4940 3698 5015">
     <span class='ocr_line' id='line_1_90' title="bbox 2150 4940 3698 5015; baseline -0.007 -13"><span class='ocrx_word' id='word_1_599' title='bbox 2150 4946 2329 5002; x_wconf 89' lang='lat' dir='ltr'><strong>reddit</strong></span> <span class='ocrx_word' id='word_1_600' title='bbox 2356 4945 2647 5015; x_wconf 78' lang='lat' dir='ltr'><strong>insignem.</strong></span> <span class='ocrx_word' id='word_1_601' title='bbox 2678 4944 2889 5000; x_wconf 85' lang='lat' dir='ltr'><strong>Novum</strong></span> <span class='ocrx_word' id='word_1_602' title='bbox 2921 4944 3053 4999; x_wconf 90' lang='lat' dir='ltr'><strong>inibi</strong></span> <span class='ocrx_word' id='word_1_603' title='bbox 3081 4952 3408 5014; x_wconf 90' lang='lat' dir='ltr'><strong>arctumque</strong></span> <span class='ocrx_word' id='word_1_604' title='bbox 3437 4944 3542 5014; x_wconf 83' lang='lat'><strong>30</strong></span> <span class='ocrx_word' id='word_1_605' title='bbox 3564 4940 3698 5009; x_wconf 77' lang='lat' dir='ltr'><strong>magis</strong></span> 
     </span>
    </p>
   </div>
   <div class='ocr_carea' id='block_1_91' title="bbox 2150 5035 3699 5109">
    <p class='ocr_par' dir='ltr' id='par_1_91' title="bbox 2150 5035 3699 5109">
     <span class='ocr_line' id='line_1_91' title="bbox 2150 5035 3699 5109; baseline -0.005 -18"><span class='ocrx_word' id='word_1_606' title='bbox 2150 5039 2368 5093; x_wconf 91' lang='lat' dir='ltr'><strong>vivendi</strong></span> <span class='ocrx_word' id='word_1_607' title='bbox 2402 5039 2638 5109; x_wconf 89' lang='lat' dir='ltr'><strong>rigorem</strong></span> <span class='ocrx_word' id='word_1_608' title='bbox 2676 5035 3026 5092; x_wconf 89' lang='lat' dir='ltr'><strong>introducere</strong></span> <span class='ocrx_word' id='word_1_609' title='bbox 3064 5044 3313 5100; x_wconf 88' lang='lat' dir='ltr'><strong>tentans,</strong></span> <span class='ocrx_word' id='word_1_610' title='bbox 3356 5037 3470 5091; x_wconf 90' lang='lat' dir='ltr'><strong>suis</strong></span> <span class='ocrx_word' id='word_1_611' title='bbox 3508 5037 3557 5089; x_wconf 89' lang='lat' dir='ltr'><strong>id</strong></span> <span class='ocrx_word' id='word_1_612' title='bbox 3590 5044 3699 5099; x_wconf 65' lang='lat' dir='ltr'><strong>aegre</strong></span> 
     </span>
    </p>
   </div>
   <div class='ocr_carea' id='block_1_92' title="bbox 2155 5127 3697 5199">
    <p class='ocr_par' dir='ltr' id='par_1_92' title="bbox 2155 5127 3697 5199">
     <span class='ocr_line' id='line_1_92' title="bbox 2155 5127 3697 5199; baseline -0.006 -15"><span class='ocrx_word' id='word_1_613' title='bbox 2155 5129 2491 5197; x_wconf 86' lang='lat' dir='ltr'><strong>ferentibus,</strong></span> <span class='ocrx_word' id='word_1_614' title='bbox 2544 5128 2596 5183; x_wconf 93' lang='lat' dir='ltr'><strong>in</strong></span> <span class='ocrx_word' id='word_1_615' title='bbox 2652 5127 3082 5199; x_wconf 73' lang='lat' dir='ltr'><strong>ROthomagensi</strong></span> <span class='ocrx_word' id='word_1_616' title='bbox 3140 5128 3485 5198; x_wconf 87' lang='lat' dir='ltr'><strong>parlamento</strong></span> <span class='ocrx_word' id='word_1_617' title='bbox 3537 5127 3697 5180; x_wconf 79' lang='lat' dir='ltr'><strong>frustra</strong></span> 
     </span>
    </p>
   </div>
   <div class='ocr_carea' id='block_1_93' title="bbox 453 5204 2343 5302">
    <p class='ocr_par' dir='ltr' id='par_1_93' title="bbox 453 5204 2343 5302">
     <span class='ocr_line' id='line_1_93' title="bbox 453 5204 2343 5302; baseline -0.001 -19"><span class='ocrx_word' id='word_1_618' title='bbox 453 5227 664 5283; x_wconf 88' lang='lat' dir='ltr'><strong>interea</strong></span> <span class='ocrx_word' id='word_1_619' title='bbox 703 5228 1026 5285; x_wconf 77' lang='lat' dir='ltr'><strong>Guillelmus</strong></span> <span class='ocrx_word' id='word_1_620' title='bbox 1073 5204 1339 5285; x_wconf 81' lang='lat' dir='ltr'><strong>incertam</strong></span> <span class='ocrx_word' id='word_1_621' title='bbox 1388 5204 1575 5286; x_wconf 79' lang='lat' dir='ltr'><strong>rerum</strong></span> <span class='ocrx_word' id='word_1_622' title='bbox 1611 5230 1807 5286; x_wconf 87' lang='lat' dir='ltr'><strong>seriem</strong></span> <span class='ocrx_word' id='word_1_623' title='bbox 1862 5232 2044 5302; x_wconf 87' lang='lat' dir='ltr'><strong>provi-</strong></span> <span class='ocrx_word' id='word_1_624' title='bbox 2074 5204 2122 5262; x_wconf 79' lang='grc' dir='ltr'><strong>Ῑ)</strong></span> <span class='ocrx_word' id='word_1_625' title='bbox 2149 5229 2343 5301; x_wconf 90' lang='lat' dir='ltr'><strong>litigat.</strong></span> 
     </span>
    </p>
   </div>
   <div class='ocr_carea' id='block_1_94' title="bbox 456 5317 2051 5391">
    <p class='ocr_par' dir='ltr' id='par_1_94' title="bbox 456 5317 2051 5391">
     <span class='ocr_line' id='line_1_94' title="bbox 456 5317 2051 5391; baseline 0.004 -18"><span class='ocrx_word' id='word_1_626' title='bbox 456 5318 591 5374; x_wconf 89' lang='lat' dir='ltr'><strong>deus</strong></span> <span class='ocrx_word' id='word_1_627' title='bbox 640 5317 837 5376; x_wconf 86' lang='lat' dir='ltr'><strong>Joanni</strong></span> <span class='ocrx_word' id='word_1_628' title='bbox 876 5320 1112 5376; x_wconf 86' lang='lat' dir='ltr'><strong>Ribaldo</strong></span> <span class='ocrx_word' id='word_1_629' title='bbox 1141 5335 1206 5375; x_wconf 84' lang='lat' dir='ltr'><strong>ex</strong></span> <span class='ocrx_word' id='word_1_630' title='bbox 1257 5335 1447 5377; x_wconf 80' lang='lat' dir='ltr'><strong>sumre</strong></span> <span class='ocrx_word' id='word_1_631' title='bbox 1494 5320 1712 5391; x_wconf 86' lang='lat' dir='ltr'><strong>nepoti,</strong></span> <span class='ocrx_word' id='word_1_632' title='bbox 1754 5319 1843 5390; x_wconf 91' lang='lat' dir='ltr'><strong>jus</strong></span> <span class='ocrx_word' id='word_1_633' title='bbox 1880 5337 2051 5379; x_wconf 84' lang='lat' dir='ltr'><strong>omne</strong></span> 
     </span>
    </p>
   </div>
   <div class='ocr_carea' id='block_1_95' title="bbox 456 5413 2042 5480">
    <p class='ocr_par' dir='ltr' id='par_1_95' title="bbox 456 5413 2042 5480">
     <span class='ocr_line' id='line_1_95' title="bbox 456 5413 2042 5480; baseline 0.004 -15"><span class='ocrx_word' id='word_1_634' title='bbox 456 5413 652 5467; x_wconf 87' lang='lat' dir='ltr'><strong>cedere</strong></span> <span class='ocrx_word' id='word_1_635' title='bbox 696 5422 887 5469; x_wconf 84' lang='lat' dir='ltr'><strong>tentat.</strong></span> <span class='ocrx_word' id='word_1_636' title='bbox 924 5413 1126 5469; x_wconf 78' lang='lat' dir='ltr'><strong>Verum</strong></span> <span class='ocrx_word' id='word_1_637' title='bbox 1168 5414 1350 5469; x_wconf 88' lang='lat' dir='ltr'><strong>obstat</strong></span> <span class='ocrx_word' id='word_1_638' title='bbox 1390 5414 1733 5480; x_wconf 83' lang='lat' dir='ltr'><strong>Ludovicus,</strong></span> <span class='ocrx_word' id='word_1_639' title='bbox 1779 5413 2042 5471; x_wconf 75' lang='lat' dir='ltr'><strong>Joannem</strong></span> 
     </span>
    </p>
   </div>
   <div class='ocr_carea' id='block_1_96' title="bbox 457 5502 2045 5574">
    <p class='ocr_par' dir='ltr' id='par_1_96' title="bbox 457 5502 2045 5574">
     <span class='ocr_line' id='line_1_96' title="bbox 457 5502 2045 5574; baseline 0.003 -17"><span class='ocrx_word' id='word_1_640' title='bbox 457 5502 740 5557; x_wconf 82' lang='lat' dir='ltr'><strong>Aurelium</strong></span> <span class='ocrx_word' id='word_1_641' title='bbox 774 5504 1108 5560; x_wconf 83' lang='lat' dir='ltr'><strong>Tolosanum</strong></span> <span class='ocrx_word' id='word_1_642' title='bbox 1141 5505 1589 5574; x_wconf 71' lang='lat' dir='ltr'><strong>archipraesulem</strong></span> <span class='ocrx_word' id='word_1_643' title='bbox 1624 5505 1800 5561; x_wconf 90' lang='lat' dir='ltr'><strong>eidem</strong></span> <span class='ocrx_word' id='word_1_644' title='bbox 1842 5504 2045 5562; x_wconf 84' lang='lat' dir='ltr'><strong>Garino</strong></span> 
     </span>
    </p>
   </div>
   <div class='ocr_carea' id='block_1_97' title="bbox 459 5593 2043 5667">
    <p class='ocr_par' dir='ltr' id='par_1_97' title="bbox 459 5593 2043 5667">
     <span class='ocr_line' id='line_1_97' title="bbox 459 5593 2043 5667; baseline 0.005 -21"><span class='ocrx_word' id='word_1_645' title='bbox 459 5593 752 5649; x_wconf 83' lang='lat' dir='ltr'><strong>succedere</strong></span> <span class='ocrx_word' id='word_1_646' title='bbox 792 5595 1001 5651; x_wconf 89' lang='lat' dir='ltr'><strong>volens.</strong></span> <span class='ocrx_word' id='word_1_647' title='bbox 1044 5596 1201 5652; x_wconf 81' lang='lat' dir='ltr'><strong>Anna</strong></span> <span class='ocrx_word' id='word_1_648' title='bbox 1243 5599 1309 5653; x_wconf 91' lang='lat' dir='ltr'><strong>ad</strong></span> <span class='ocrx_word' id='word_1_649' title='bbox 1349 5597 1465 5652; x_wconf 73' lang='lat' dir='ltr'><strong>lucc</strong></span> <span class='ocrx_word' id='word_1_650' title='bbox 1504 5596 1791 5664; x_wconf 80' lang='lat' dir='ltr'><strong>defuncta,</strong></span> <span class='ocrx_word' id='word_1_651' title='bbox 1820 5611 1985 5667; x_wconf 84' lang='lat' dir='ltr'><strong>quam</strong></span> <span class='ocrx_word' id='word_1_652' title='bbox 2011 5614 2043 5654; x_wconf 92' lang='lat' dir='ltr'><strong>e</strong></span> 
     </span>
    </p>
   </div>
   <div class='ocr_carea' id='block_1_98' title="bbox 458 5682 2043 5759">
    <p class='ocr_par' dir='ltr' id='par_1_98' title="bbox 458 5682 2043 5759">
     <span class='ocr_line' id='line_1_98' title="bbox 458 5682 2043 5759; baseline 0.005 -23"><span class='ocrx_word' id='word_1_653' title='bbox 458 5682 774 5741; x_wconf 85' lang='lat' dir='ltr'><strong>Britannico</strong></span> <span class='ocrx_word' id='word_1_654' title='bbox 803 5700 1002 5755; x_wconf 82' lang='lat' dir='ltr'><strong>genere</strong></span> <span class='ocrx_word' id='word_1_655' title='bbox 1046 5688 1353 5745; x_wconf 86' lang='lat' dir='ltr'><strong>Ludovicus</strong></span> <span class='ocrx_word' id='word_1_656' title='bbox 1383 5691 1542 5744; x_wconf 90' lang='lat' dir='ltr'><strong>thoro</strong></span> <span class='ocrx_word' id='word_1_657' title='bbox 1582 5690 1764 5759; x_wconf 87' lang='lat' dir='ltr'><strong>priore</strong></span> <span class='ocrx_word' id='word_1_658' title='bbox 1813 5689 2043 5744; x_wconf 87' lang='lat' dir='ltr'><strong>duxerat</strong></span> 
     </span>
    </p>
   </div>
   <div class='ocr_carea' id='block_1_99' title="bbox 461 5774 2035 5852">
    <p class='ocr_par' dir='ltr' id='par_1_99' title="bbox 461 5774 2035 5852">
     <span class='ocr_line' id='line_1_99' title="bbox 461 5774 2035 5852; baseline 0.004 -24"><span class='ocrx_word' id='word_1_659' title='bbox 461 5774 968 5835; x_wconf 78' lang='lat' dir='ltr'><strong>uxorem.Mariam</strong></span> <span class='ocrx_word' id='word_1_660' title='bbox 1014 5776 1236 5836; x_wconf 80' lang='lat' dir='ltr'><strong>Henrici</strong></span> <span class='ocrx_word' id='word_1_661' title='bbox 1290 5780 1587 5850; x_wconf 78' lang='lat' dir='ltr'><strong>Anglorum</strong></span> <span class='ocrx_word' id='word_1_662' title='bbox 1643 5781 1788 5852; x_wconf 82' lang='lat' dir='ltr'><strong>regis</strong></span> <span class='ocrx_word' id='word_1_663' title='bbox 1838 5781 2035 5837; x_wconf 84' lang='lat' dir='ltr'><strong>filiam.</strong></span> 
     </span>
    </p>
   </div>
   <div class='ocr_carea' id='block_1_100' title="bbox 2219 5318 3697 5388">
    <p class='ocr_par' dir='ltr' id='par_1_100' title="bbox 2219 5318 3697 5388">
     <span class='ocr_line' id='line_1_100' title="bbox 2219 5318 3697 5388; baseline -0.003 -12"><span class='ocrx_word' id='word_1_664' title='bbox 2219 5320 2495 5376; x_wconf 82' lang='lat' dir='ltr'><strong>Adrianus</strong></span> <span class='ocrx_word' id='word_1_665' title='bbox 2527 5334 2658 5374; x_wconf 87' lang='lat' dir='ltr'><strong>vero</strong></span> <span class='ocrx_word' id='word_1_666' title='bbox 2696 5327 2819 5388; x_wconf 89' lang='lat' dir='ltr'><strong>post</strong></span> <span class='ocrx_word' id='word_1_667' title='bbox 2857 5318 3136 5373; x_wconf 89' lang='lat' dir='ltr'><strong>biennium</strong></span> <span class='ocrx_word' id='word_1_668' title='bbox 3175 5319 3411 5373; x_wconf 79' lang='lat' dir='ltr'><strong>Beccum</strong></span> <span class='ocrx_word' id='word_1_669' title='bbox 3452 5319 3697 5374; x_wconf 85' lang='lat' dir='ltr'><strong>deserens.</strong></span> 
     </span>
    </p>
   </div>
   <div class='ocr_carea' id='block_1_101' title="bbox 2151 5403 3701 5478">
    <p class='ocr_par' dir='ltr' id='par_1_101' title="bbox 2151 5403 3701 5478">
     <span class='ocr_line' id='line_1_101' title="bbox 2151 5403 3701 5478; baseline -0.006 -13"><span class='ocrx_word' id='word_1_670' title='bbox 2151 5410 2309 5465; x_wconf 76' lang='lat' dir='ltr'><strong>afﬁxa</strong></span> <span class='ocrx_word' id='word_1_671' title='bbox 2360 5409 2874 5478; x_wconf 12' lang='lat' dir='ltr'><strong>claustrorvirginis</strong></span> <span class='ocrx_word' id='word_1_672' title='bbox 2929 5407 3112 5462; x_wconf 73' lang='lat' dir='ltr'><strong>Maria:</strong></span> <span class='ocrx_word' id='word_1_673' title='bbox 3154 5408 3437 5463; x_wconf 87' lang='lat' dir='ltr'><strong>Christum</strong></span> <span class='ocrx_word' id='word_1_674' title='bbox 3488 5403 3701 5462; x_wconf 84' lang='lat' dir='ltr'><strong>laetantis</strong></span> 
     </span>
    </p>
   </div>
   <div class='ocr_carea' id='block_1_102' title="bbox 2153 5498 3701 5571">
    <p class='ocr_par' dir='ltr' id='par_1_102' title="bbox 2153 5498 3701 5571">
     <span class='ocr_line' id='line_1_102' title="bbox 2153 5498 3701 5571; baseline -0.005 -14"><span class='ocrx_word' id='word_1_675' title='bbox 2153 5502 2418 5571; x_wconf 86' lang='lat' dir='ltr'><strong>imagine,</strong></span> <span class='ocrx_word' id='word_1_676' title='bbox 2477 5500 2694 5556; x_wconf 86' lang='lat' dir='ltr'><strong>Fiscani</strong></span> <span class='ocrx_word' id='word_1_677' title='bbox 2750 5500 2921 5555; x_wconf 89' lang='lat' dir='ltr'><strong>sedet.</strong></span> <span class='ocrx_word' id='word_1_678' title='bbox 2978 5498 3235 5555; x_wconf 86' lang='lat' dir='ltr'><strong>Succedit</strong></span> <span class='ocrx_word' id='word_1_679' title='bbox 3292 5500 3451 5557; x_wconf 84' lang='lat' dir='ltr'><strong>Becci</strong></span> <span class='ocrx_word' id='word_1_680' title='bbox 3504 5500 3701 5555; x_wconf 81' lang='lat' dir='ltr'><strong>Joannes</strong></span> 
     </span>
    </p>
   </div>
   <div class='ocr_carea' id='block_1_103' title="bbox 2154 5587 3701 5661">
    <p class='ocr_par' dir='ltr' id='par_1_103' title="bbox 2154 5587 3701 5661">
     <span class='ocr_line' id='line_1_103' title="bbox 2154 5587 3701 5661; baseline -0.008 -11"><span class='ocrx_word' id='word_1_681' title='bbox 2154 5592 2425 5650; x_wconf 86' lang='lat' dir='ltr'><strong>Dunesius</strong></span> <span class='ocrx_word' id='word_1_682' title='bbox 2452 5590 2791 5646; x_wconf 85' lang='lat' dir='ltr'><strong>Aureliensis</strong></span> <span class='ocrx_word' id='word_1_683' title='bbox 2815 5588 3110 5644; x_wconf 85' lang='lat' dir='ltr'><strong>cardinalis</strong></span> <span class='ocrx_word' id='word_1_684' title='bbox 3128 5632 3143 5657; x_wconf 90' lang='lat'><strong>,</strong></span> <span class='ocrx_word' id='word_1_685' title='bbox 3172 5589 3327 5658; x_wconf 89' lang='lat' dir='ltr'><strong>cujus</strong></span> <span class='ocrx_word' id='word_1_686' title='bbox 3359 5608 3517 5661; x_wconf 88' lang='lat' dir='ltr'><strong>supra</strong></span> <span class='ocrx_word' id='word_1_687' title='bbox 3547 5587 3701 5643; x_wconf 85' lang='lat' dir='ltr'><strong>memi-</strong></span> 
     </span>
    </p>
   </div>
   <div class='ocr_carea' id='block_1_104' title="bbox 2152 5679 3700 5752">
    <p class='ocr_par' dir='ltr' id='par_1_104' title="bbox 2152 5679 3700 5752">
     <span class='ocr_line' id='line_1_104' title="bbox 2152 5679 3700 5752; baseline -0.005 -11"><span class='ocrx_word' id='word_1_688' title='bbox 2152 5687 2362 5751; x_wconf 83' lang='lat' dir='ltr'><strong>nimus,</strong></span> <span class='ocrx_word' id='word_1_689' title='bbox 2391 5685 2474 5739; x_wconf 77' lang='lat' dir='ltr'><strong>vir</strong></span> <span class='ocrx_word' id='word_1_690' title='bbox 2503 5692 2855 5749; x_wconf 81' lang='lat' dir='ltr'><strong>mansuetus,</strong></span> <span class='ocrx_word' id='word_1_691' title='bbox 2898 5698 2963 5738; x_wconf 86' lang='lat' dir='ltr'><strong>ac</strong></span> <span class='ocrx_word' id='word_1_692' title='bbox 2991 5692 3184 5752; x_wconf 84' lang='lat' dir='ltr'><strong>suapte</strong></span> <span class='ocrx_word' id='word_1_693' title='bbox 3219 5693 3415 5738; x_wconf 87' lang='lat' dir='ltr'><strong>natura</strong></span> <span class='ocrx_word' id='word_1_694' title='bbox 3437 5724 3451 5750; x_wconf 91' lang='lat'><strong>,</strong></span> <span class='ocrx_word' id='word_1_695' title='bbox 3485 5683 3534 5737; x_wconf 94' lang='lat' dir='ltr'><strong>in</strong></span> <span class='ocrx_word' id='word_1_696' title='bbox 3562 5679 3700 5735; x_wconf 44' lang='lat' dir='ltr'><strong>eccle‘</strong></span> 
     </span>
    </p>
   </div>
   <div class='ocr_carea' id='block_1_105' title="bbox 2152 5772 3699 5855">
    <p class='ocr_par' dir='ltr' id='par_1_105' title="bbox 2152 5772 3699 5855">
     <span class='ocr_line' id='line_1_105' title="bbox 2152 5772 3699 5855; baseline -0.01 -13"><span class='ocrx_word' id='word_1_697' title='bbox 2152 5783 2391 5842; x_wconf 85' lang='lat' dir='ltr'><strong>siasticis</strong></span> <span class='ocrx_word' id='word_1_698' title='bbox 2424 5782 2675 5855; x_wconf 87' lang='lat' dir='ltr'><strong>gerendis</strong></span> <span class='ocrx_word' id='word_1_699' title='bbox 2708 5780 3070 5838; x_wconf 83' lang='lat' dir='ltr'><strong>dexterrimus</strong></span> <span class='ocrx_word' id='word_1_700' title='bbox 3090 5820 3104 5848; x_wconf 93' lang='lat'><strong>,</strong></span> <span class='ocrx_word' id='word_1_701' title='bbox 3136 5781 3393 5837; x_wconf 85' lang='lat' dir='ltr'><strong>abbatum</strong></span> <span class='ocrx_word' id='word_1_702' title='bbox 3423 5779 3598 5836; x_wconf 84' lang='lat' dir='ltr'><strong>ordine</strong></span> <span class='ocrx_word' id='word_1_703' title='bbox 3625 5772 3699 5829; x_wconf 47' lang='lat' dir='ltr'><strong>tri.</strong></span> 
     </span>
    </p>
   </div>
  </div>
