3864 6304
235 338 357 394 693

1231 349 1630 410 CllllONlCON
1668 355 2043 416 BECCENSE.
2071 391 2139 404 -—
2171 363 2464 423 ADDlTlO.

3386 369 3505 426 ὅθι.

226 458 486 524 gesimus
505 466 711 526 sextus,
738 461 993 532 templum
1018 463 1283 520 Becceuse
1305 470 1639 526 ornamentis
1658 471 1812 527 deco-
1840 474 1887 531 Α
1915 476 2077 531 habet
2115 479 2392 534 amictum.
2442 479 2577 535 Tres
2625 482 2912 548 monachi,
2946 498 3012 538 eo
3050 482 3142 539 die
3180 499 3309 539 cum
3336 482 3496 540 laicis

226 563 401 600 mus.
450 548 605 603 Anno
643 550 799 620 Cujus
837 563 991 607 sexto
1029 554 1137 608 divi
1181 557 1505 626 patriarcha:
1546 561 1818 618 Benedicti

222 640 615 709 git-ascriptum
659 641 1003 711 institutum,
1045 663 1141 702 sex
1177 651 1372 706 coaevis
1395 651 1704 720 junioribus
1730 673 1819 712 co-

219 729 485 795 mitatus,
519 732 742 802 auspice
764 733 1003 799 Christo.
1031 737 1305 808 professus
1332 756 1470 797 sum.
1506 742 1660 810 Quod
1687 746 1819 802 mihi

218 818 489 876 Christus
527 823 756 895 virginis
802 829 993 885 matris
1046 832 1299 900 precibus
1340 834 1581 891 salutare
1619 847 1814 893 vertat.

216 911 369 967 Post
425 913 696 972 decimum
743 928 1001 989 quartum
1053 923 1214 994 hujus
1259 927 1545 998 purpurati
1602 929 1817 987 abbatis

216 1021 458 1074 annum,
492 1025 521 1063 a
561 1008 854 1066 Cmam:
880 1010 970 1067 Vll
991 1014 1067 1070 ad
1094 1014 1353 1071 Nieenam
1400 1022 1815 1078 conventionem

213 1106 487 1163 vocatus,
527 1100 669 1166 apud
715 1101 877 1157 Italos
918 1105 1109 1173 grandi
1155 1107 1396 1162 omnium
1437 1108 1619 1179 luctu,
1656 1120 1815 1168 :etate

212 1189 408 1245 adhuc
433 1191 697 1256 ﬂorente,
731 1196 983 1260 moritur,
1010 1196 1218 1254 Joanne
1252 1198 1521 1256 Venatore
1551 1203 1812 1261 cardinali

204 1280 568 1352 presbytero,
586 1281 953 1340 Lexoviorum
977 1288 1245 1356 antistite,
1278 1290 1559 1363 trigesimo
1581 1296 1812 1365 septimo

204 1370 423 1425 abbate
462 1388 807 1430 successore.

282 1462 397 1519 Hie
454 1465 627 1523 multa
683 1485 863 1526 rerum
919 1472 1257 1540 experientia
1297 1477 1568 1546 prudens,
1617 1478 1811 1535 Carolo

205 1555 459 1625 primum
491 1566 683 1614 octavo
708 1558 932 1625 cbarus,
958 1559 1232 1618 Ludovico
1270 1563 1464 1621 deinde
1507 1569 1809 1625 successori

202 1644 723 1715 coniunctissimus,
763 1659 950 1720 postea
986 1651 1284 1709 Francisco
1312 1657 1544 1727 principi
1574 1659 1753 1727 primo
1778 1675 1808 1713 a

202 1739 468 1795 consiliis
497 1750 552 1795 et
578 1740 936 1813 eleemosyn‘is
975 1742 1262 1799 familiaris
1303 1752 1463 1801 astat.
1518 1748 1808 1806 Francisco

201 1831 421 1901 quippe
448 1830 896 1888 Northmanniam
920 1835 1196 1904 visitante,
1221 1836 1450 1893 Beccum
1483 1838 1806 1910 ingreditur,
1840 1834 1882 1888 Β

201 1927 297 1982 ubi
323 1927 577 1984 Joannes
601 1926 839 1983 Venator
859 1929 1004 2000 regia
1028 1931 1384 1986 conventione
1408 1932 1459 1986 in
1487 1934 1804 1989 cathedram

198 2019 551 2075 abbatialem
583 2036 613 2075 a
637 2020 899 2077 fratribus
926 2023 1306 2079 introducitur.
1337 2025 1521 2096 Ibique
1548 2026 1808 2097 (ἔθου-εἰπε

196 2127 340 2164 num
370 2110 579 2166 festum
612 2114 761 2183 regio
788 2114 985 2170 decore
1005 2114 1337 2173 Franciscus
1362 2119 1622 2175 celebrat.
1654 2120 1807 2176 Unde

198 2209 333 2268 post
374 2201 755 2259 hebdomadas
802 2207 1043 2277 quinque
1073 2209 1140 2263 ad
1184 2208 1507 2265 Vatevillam
1553 2227 1804 2278 movens,

198 2294 532 2350 Alienorem
562 2296 844 2368 conjugem
866 2298 1041 2355 Caroli
1068 2300 1139 2367 V,
1171 2301 1540 2357 Romanorum
1572 2304 1806 2374 impera-

196 2386 347 2441 toris
390 2402 674 2455 sororem,
718 2389 877 2445 Becci
911 2394 1363 2449 valetudinariam
1403 2394 1677 2466 relinquit.
1711 2396 1808 2451 Se-

196 2487 419 2544 quente
471 2478 693 2535 biennio
743 2481 831 2537 die
880 2497 983 2551 qua
1042 2484 1396 2553 reliquiarum
1452 2485 1803 2541 Beccensium

194 2566 449 2622 celebris
479 2568 660 2639 agitur
691 2571 950 2626 memoria
969 2613 983 2636 ,
1013 2583 1168 2629 nocte
1189 2576 1303 2645 jam
1333 2574 1600 2645 profunda
1619 2616 1636 2643 ,
1667 2576 1805 2631 laru-

198 2657 413 2725 padem
450 2657 596 2712 illam
629 2660 937 2729 quindecim
968 2663 1310 2717 marcharum
1352 2666 1563 2735 argenti
1596 2668 1804 2735 specio-

192 2764 348 2811 sam,
373 2764 535 2819 quam
559 2749 825 2806 Garriuus
848 2750 1023 2807 ferrea
1049 2764 1241 2808 catena
1266 2755 1319 2810 in
1342 2754 1543 2811 sacello
1565 2756 1803 2828 Virginis

194 2851 407 2895 matris
464 2844 865 2911 suspenderat,
931 2847 1460 2920 ambasque'lances
1512 2861 1801 2921 argenteas

194 2934 383 2988 choro
412 2935 668 3005 pensiles,
699 2947 861 2994 noctu
891 2937 1041 2994 fures
1065 2939 1257 2996 audaci
1290 2941 1576 3013 sacrilegio
1595 2944 1801 3014 deprae-

195 3027 434 3082 dantur.
469 3030 708 3096 Quorum
758 3041 1009 3087 auctores
1047 3032 1371 3103 Rotbomagi
1424 3042 1557 3091 rota:
1598 3035 1802 3107 suppli-

188 3120 289 3175 cio
330 3120 559 3191 dignam
600 3123 905 3178 mercedem
945 3124 1233 3194 recipiunt.
1276 3126 1412 3179 Dum
1482 3124 1795 3197 Magdalena

194 3211 498 3268 Francisci
552 3214 694 3281 lilia,
751 3214 956 3271 Jacobo
1009 3214 1302 3270 Scotorum
1350 3214 1468 3285 regi
1526 3217 1799 3273 connubio

190 3301 487 3371 jungitur,
537 3304 805 3366 Hedinmn
837 3306 906 3360 ad
954 3304 1337 3362 Theroe'nnam
1369 3315 1610 3362 castrum
1657 3307 1799 3362 idem

194 3392 539 3449 Franciscus
563 3394 732 3451 armis
760 3395 978 3467 recipit,
1007 3398 1302 3467 statimque
1322 3398 1496 3468 pactis
1516 3399 1583 3453 ad
1606 3400 1802 3455 decen-

196 3486 361 3538 nium
410 3500 537 3540 cum
578 3484 775 3541 Carolo
819 3486 1063 3557 Augusto
1111 3486 1344 3543 induciis
1371 3527 1388 3554 ,
1433 3504 1532 3559 per
1566 3489 1799 3544 mediam

187 3575 448 3631 Galliam
478 3576 706 3634 Carolus
724 3579 797 3634 ad
825 3578 1098 3636 Flandria:
1128 3579 1443 3648 Gaudavos,
1472 3580 1798 3636 Francicam

192 3667 601 3723 liberalitatem
652 3678 909 3740 expertus
957 3672 1226 3742 pervenit.
1269 3671 1389 3727 Mox
1437 3672 1798 3743 Franciscus,

196 3773 399 3812 mense
446 3756 619 3825 Julio,
667 3760 1117 3817 Northmauniam
1159 3773 1438 3834 repetens,
1465 3763 1695 3820 fontium
1744 3765 1797 3820 in

194 3848 459 3903 claustro
481 3847 738 3906 Beccensi
760 3849 1041 3907 ﬂuentium
1068 3854 1387 3923 tempestiva
1413 3855 1799 3913 commoditate

195 3936 473 4002 allicitur,
496 3939 631 3995 adeo
660 3948 719 3994 ut
740 3939 847 3996 illic
870 3954 1082 3997 canam
1109 3957 1234 3996 mox
1260 3943 1362 3998 sibi
1388 3945 1567 4013 parari
1588 3944 1796 4015 jubeat,

194 4038 315 4101 tegi
331 4046 400 4083 na
426 4028 684 4087 Alienore
712 4032 762 4085 in
785 4034 904 4087 zede
923 4031 1234 4102 capitulari,
1258 4049 1290 4089 e
1314 4035 1550 4106 regione,
1572 4034 1640 4090 ad
1663 4034 1800 4091 Her-

194 4120 343 4174 Juiui
379 4120 690 4190 sepulcrum
731 4122 999 4193 epulante.
1036 4122 1223 4194 Regiis
1246 4125 1450 4181 interea
1478 4125 1798 4183 ﬂorentibus

194 4210 416 4280 gestis,
447 4208 686 4267 Joannes
724 4214 1177 4283 septuagenarius
1210 4214 1261 4269 in
1302 4213 1536 4270 Marolea
1576 4216 1796 4286 expedi-

199 4302 360 4356 tione
387 4301 457 4355 ad
506 4301 729 4357 Merlam
776 4302 927 4359 febre
967 4304 1228 4373 moritur;
1274 4305 1457 4362 Jacobi
1503 4307 1794 4363 Annibaldi

194 4397 546 4451 successoris
604 4396 881 4468 diligentia
930 4397 1163 4454 Beccum
1224 4399 1455 4455 delatus.
1504 4399 1607 4455 Ubi
1682 4410 1794 4457 tres

192 4489 579 4544 hebdomadas
624 4489 959 4560 quotidianis
1007 4491 1260 4561 precibus
1313 4507 1380 4547 ac
1433 4492 1632 4560 vigiliis
1685 4492 1797 4549 fre-

193 4590 533 4649 quentatus,
564 4580 616 4635 in
648 4580 889 4653 Virginis
925 4582 1116 4638 matris
1145 4583 1268 4638 azde
1296 4592 1508 4651 pausat.
1541 4583 1648 4639 Cor
1672 4582 1790 4641 eius

195 4672 363 4729 theca
395 4671 647 4742 plumbea
677 4673 729 4728 in
758 4675 925 4730 choro
949 4674 1015 4730 ad
1045 4691 1195 4730 aram
1230 4676 1485 4743 majorem
1514 4678 1787 4735 conditur.

193 4761 420 4833 Corpus
440 4762 694 4821 Lexoviis
720 4765 776 4819 in
803 4766 919 4821 zede
962 4766 1260 4837 apostolica
1299 4766 1605 4823 incredibili
1642 4783 1791 4824 sum-

190 4863 323 4923 ptu,
349 4854 688 4925 coepiscopis
715 4856 1039 4926 appositum,
1068 4857 1324 4930 quiescit.

266 4941 450 5010 Hujus
500 4944 671 4999 bonas
719 4945 1076 5003 ecclesiastisi
1123 4947 1370 5003 muneris
1403 4957 1617 5018 partes,
1662 4964 1786 5005 cum

196 5034 466 5090 Beccensi
497 5036 749 5092 ρωποι)ἰο
770 5036 1111 5095 Annibaldus
1132 5040 1273 5096 idem
1304 5038 1516 5095 Claudii
1543 5039 1789 5096 Francia:

197 5127 492 5183 adrniralis
524 5127 698 5184 frater
740 5131 891 5202 regio
931 5132 1120 5189 favore
1160 5132 1407 5202 obtinet,
1439 5134 1568 5188 dum
1616 5134 1788 5189 Frau-

196 5220 386 5275 ciscus
424 5219 645 5276 llenrici
690 5221 1025 5279 Francorum
1093 5224 1342 5295 Delphini
1394 5227 1789 5298 primogenitus

198 5313 469 5368 nascitur.
482 5312 723 5372 Jacobus
744 5316 1080 5372 Annibaldus
1107 5319 1208 5373 tria
1229 5319 1582 5376 ecclesiastici
1610 5336 1794 5376 mune-

200 5403 282 5461 ris
327 5404 562 5476 insignia
592 5407 660 5460 ab
688 5408 957 5478 episcopis
987 5408 1352 5480 llipponensi,
1393 5412 1607 5466 Amano
1628 5421 1792 5482 atque

198 5492 539 5553 Castoricnsi
557 5537 574 5563 ,
609 5497 836 5555 Romani
861 5501 1136 5569 pontificis
1157 5503 1458 5574 permissu,
1484 5503 1645 5560 Becci
1670 5520 1786 5563 sus-

198 5588 360 5658 cipit.

277 5682 482 5747 Quinto
524 5682 703 5738 Nonas
741 5684 862 5740 Maii
905 5688 1163 5742 sacerdos
1200 5686 1457 5753 effectus,
1504 5687 1790 5758 episcopus

205 5784 584 5832 consecratus.
616 5775 791 5847 Atque
821 5794 851 5833 a
871 5778 1065 5850 legatis
1087 5779 1240 5835 Pauli
1267 5778 1410 5835 tertii
1435 5787 1788 5851 purpuratum

1830 3185 1871 3241 C

1824 4540 1871 4595 D

1921 577 2125 637 septem
2156 568 2223 624 ab
2251 570 2599 642 llyppouensi
2627 574 2883 644 episcopo
2911 575 3066 630 Becci
3100 576 3237 631 tonsi
3272 585 3423 631 sunt.

1987 658 2145 712 Anno
2193 662 2444 729 sequenti
2494 660 2765 717 Henricus
2809 654 3047 733 septimo
3076 663 3349 727 Kalendas
3385 664 3495 719 Au-

1915 750 2059 817 gusti
2110 750 2297 807 llemis
2340 763 2606 809 sacratur.
2656 754 2864 811 Interea
2901 754 3091 810 Galliae
3128 754 3496 812 cardinalibus

1913 839 1985 893 ad
2027 838 2258 895 Paulum
2302 842 2522 896 tertium
2569 840 2799 897 Romam
2836 844 3220 915 pergentibus,
3259 842 3496 901 Jacobus

1913 928 2250 986 Annibaldus
2280 930 2382 986 sub
2399 930 2755 989 Beccensium
2781 932 3182 1004 reparationem
3204 943 3492 1005 praetextu,

1913 1034 2105 1090 sparso
2127 1020 2323 1078 callide
2353 1023 2486 1094 regii
2529 1040 2836 1081 consensus
2866 1040 3118 1092 rumore,
3157 1025 3354 1081 bonam
3378 1025 3493 1080 Sil-

1914 1124 1993 1163 va:
2033 1110 2322 1169 Beccensis
2356 1114 2545 1185 (quam
2584 1115 2777 1187 vulgus
2823 1116 3053 1172 Parcum
3083 1115 3238 1186 dicit)
3274 1124 3493 1185 partem

1884 1200 1977 1257 .ad
2008 1201 2270 1256 librarum
2298 1203 2488 1275 viginti
2511 1205 2754 1275 quinque
2784 1205 2979 1270 millia,
3010 1204 3247 1277 publicis
3272 1206 3495 1275 exponit

1910 1294 2274 1362 emptoribus,
2300 1294 2457 1363 quasi
2487 1309 2616 1351 vero
2643 1296 2807 1350 annui
2836 1296 3080 1366 ejusdem
3110 1294 3338 1351 rationis
3367 1310 3495 1365 pro~

1909 1393 2105 1439 ventus
2151 1386 2241 1438 uni
2292 1386 2494 1456 pastori
2533 1403 2639 1441 non
2687 1386 2988 1453 sufficiant;
3046 1394 3263 1443 constat
3308 1395 3491 1440 autem

1912 1475 2217 1544 lmjusmodi
2261 1478 2413 1533 lucus
2466 1480 2883 1551 quadringentis
2916 1478 3306 1550 quinquaginta
3340 1477 3493 1548 juge—

1908 1568 2062 1624 ribus
2087 1568 2298 1639 lapideo
2325 1585 2480 1624 muro
2509 1586 2631 1625 cum
2663 1571 2778 1640 ipso
2804 1570 3056 1625 cmnobio
3082 1570 3309 1625 cinctus.

1890 1732 1893 1733 ν
1979 1662 2222 1732 Augusto
2252 1672 2534 1732 sequente,
2564 1662 2649 1716 vir
2677 1662 2906 1718 celebris
2928 1661 3205 1718 memoriae
3223 1661 3492 1732 Georgius

1908 1751 2275 1806 Ambasianus
2313 1751 2774 1822 ltotbomagensis
2805 1752 3062 1817 antistes,
3094 1751 3145 1804 in
3185 1758 3364 1805 castro
3402 1748 3493 1804 Vi-

1908 1844 2107 1916 gniano
2132 1841 2328 1900 Carolo
2349 1844 2622 1900 Borbonio
2647 1859 2983 1909 successore,
3034 1843 3266 1899 moritur
3292 1843 3494 1897 Rotho‘

1909 1937 2051 2008 magi
2083 1938 2136 1992 in
2163 1936 2278 1993 aede
2307 1937 2704 2006 Virginea,xvn
2736 1936 3005 1992 Kalendas
3024 1933 3297 2001 Octobris,
3328 1935 3493 1989 divite

1907 2030 2187 2086 mausoleo
2210 2030 2482 2087 conditus.
2524 2029 2678 2097 Quod
2707 2030 2929 2101 quidam
2983 2045 3109 2086 cum
3150 2029 3241 2084 illa
3278 2028 3492 2086 excelsa
3564 2082 3567 2083 ν

1906 2122 2211 2194 pyramide,
2232 2138 2394 2193 quam
2417 2123 2605 2179 vivens
2630 2123 2681 2177 in
2711 2123 2887 2178 medio
2921 2122 3121 2192 templo
3147 2121 3451 2178 construxit
3473 2161 3487 2183 .

1907 2214 2053 2268 inter
2098 2215 2280 2269 mundi
2323 2214 2595 2268 mirabilia
2645 2213 2805 2269 facile
2848 2229 3189 2269 numerares.
3234 2213 3493 2268 Kalendis

1907 2318 2040 2358 vero
2070 2302 2312 2371 ejusdem
2358 2302 2610 2358 Octobris
2659 2301 2926 2359 Henricus
2969 2302 3325 2370 Rothomagi,
3361 2316 3491 2357 cum

1908 2394 2217 2450 incredibili
2242 2435 2256 2460 ,
2288 2403 2399 2449 tum
2429 2403 2645 2463 sumptu
2666 2435 2683 2460 ,
2715 2403 2826 2449 tum
2853 2395 3044 2464 patria:
3076 2394 3260 2449 laetitia
3290 2393 3491 2463 excipi-

1908 2494 2016 2553 tur,
2044 2486 2134 2541 ubi
2158 2486 2560 2555 quodammodo
2585 2486 2807 2557 prodiga
2837 2486 3037 2542 civium
3062 2485 3361 2541 liberalitas
3385 2499 3492 2540 non

1905 2595 2035 2635 suas
2085 2576 2407 2646 facultates,
2454 2580 2548 2635 sed
2589 2579 2804 2649 egregia
2852 2578 2934 2633 sui
2979 2578 3247 2648 principis
3292 2578 3491 2631 merita

1905 2670 2357 2740 clementiamque
2380 2670 2561 2725 metiri
2590 2670 2913 2725 delectatur.
2934 2668 3108 2739 Hujus
3122 2668 3493 2724 memorabilis

1904 2770 2154 2831 sumptus
2194 2777 2257 2815 ac
2311 2762 2510 2816 laetitiae
2558 2776 2663 2816 non
2702 2760 2970 2832 vulgaris,
3009 2759 3234 2827 pulchre
3276 2760 3493 2830 elegan-

1906 2861 2098 2922 terque
2133 2852 2380 2908 meminit
2416 2851 2638 2922 quidam
2678 2849 2951 2921 Chappius
2986 2850 3248 2921 superbas
3282 2865 3485 2905 novem

1903 2955 1959 3001 et
1985 2944 2174 3016 viginti
2197 2944 2409 2999 tabulas
2431 2942 2635 2999 recenti
2660 2942 2934 2997 volumine
2958 2941 3077 2995 viva
3101 2939 3274 3011 eﬂigie
3299 2954 3491 3009 reprae-

1903 3047 2145 3093 sentans.
2161 3035 2344 3092 Idibus
2360 3035 2426 3090 ad
2447 3032 2865 3100 haecJanuariis,
2893 3042 3103 3087 noctem
3128 3029 3227 3085 sub
3251 3030 3486 3084 mediam

1907 3126 2296 3182 assistentibus
2328 3125 2499 3181 choro
2525 3123 2791 3178 fratribus
2819 3123 2885 3177 ad
2924 3130 3218 3176 nocturnas
3245 3118 3491 3189 vigilias.

1904 3218 2173 3272 accedunt
2191 3231 2314 3271 cum
2339 3224 2499 3270 terra:
2522 3214 2757 3270 motibus
2772 3214 2963 3268 crebra
2980 3211 3224 3283 fulgura,
3249 3209 3489 3280 ingentia

1904 3315 2188 3362 ventorum
2219 3305 2415 3372 ﬂabra,
2448 3305 2591 3361 inter
2608 3321 2734 3375 quae
2753 3320 2857 3359 nec
2880 3304 3139 3373 frequens
3165 3302 3347 3357 aerius
3376 3301 3489 3356 fra-

1903 3413 2020 3469 gor,
2050 3397 2133 3453 vel
2180 3413 2358 3464 aurze,
2386 3396 2701 3454 certissima
2741 3395 2974 3451 discerni
3011 3404 3194 3465 queat.
3245 3379 3377 3447 Erat
3420 3393 3488 3447 ad

1902 3490 2177 3547 inferioris
2208 3489 2391 3559 templi
2434 3488 2748 3560 pyramides
2786 3488 3005 3553 ambas,
3039 3488 3250 3540 cocleos
3288 3482 3488 3554 gradus

1901 3582 2215 3653 opperiens,
2251 3579 2512 3636 turricula
2540 3580 2687 3635 binis
2713 3577 2982 3634 columnis
3007 3592 3109 3647 per
3130 3575 3359 3646 angulos
3381 3590 3486 3629 sex

1900 3672 2101 3738 levata,
2129 3671 2344 3741 lapideo
2373 3669 2613 3725 tabulatu
2641 3670 2710 3724 ad
2736 3683 3013 3723 summum
3044 3667 3316 3737 wspidis,
3349 3676 3484 3721 nutu

1900 3763 2081 3833 patius
2111 3762 2296 3817 divino
2323 3776 2486 3832 quam
2518 3759 2771 3815 humanis
2796 3758 3007 3813 artibus
3041 3759 3303 3829 perducta
3322 3798 3337 3823 ,
3365 3774 3486 3828 qua:

1900 3852 2002 3909 hac
2045 3854 2235 3909 eadem
2286 3851 2609 3921 intemperie
2652 3865 2948 3919 corruens,
2996 3867 3246 3922 magnam
3286 3850 3487 3922 templo

1900 3944 2112 3997 ruinam
2189 3958 2289 3997 suo
2329 3957 2463 3998 casu
2499 3940 2701 3996 attulit.
2740 3941 2924 4011 Atque
2955 3940 3039 4012 (ut
3067 3939 3182 3996 fere
3210 3953 3339 3997 sunt
3371 3941 3485 3997 for-

1899 4042 2046 4091 tuna:
2067 4033 2323 4101 ludibria,
2348 4049 2471 4104 quae
2489 4032 2736 4102 periculo
2761 4031 2969 4086 socium
2991 4031 3143 4086 addit
3164 4031 3485 4101 periculum)

1900 4125 2201 4184 Havmonis
2229 4125 2507 4181 Courserii
2539 4124 2827 4181 Beccensls
2876 4125 3157 4188 monachi,
3186 4124 3278 4194 qui
3317 4123 3486 4177 Anni-‘

1897 4216 2077 4283 baldo,
2139 4232 2169 4269 a
2219 4217 2495 4283 conciliis,
2550 4228 2605 4271 et
2657 4216 2864 4271 vicibus
2919 4216 3139 4280 aderat,
3191 4224 3480 4285 suggestu;

1898 4306 2005 4361 duo
2057 4321 2283 4361 summa:
2332 4307 2497 4361 turris
2551 4298 2878 4374 crepitacula
2934 4303 3170 4373 majora.
3206 4303 3326 4359 solo
3373 4304 3485 4375 31.

1896 4396 2153 4466 dirupta,
2204 4398 2418 4467 publice
2469 4396 2769 4451 frustratim
2822 4403 3089 4450 vwneunt.
3134 4394 3334 4465 Sicque
3368 4411 3483 4450 rem

1895 4490 2190 4561 pretiosam
2238 4491 2418 4563 magni
2448 4499 2852 4561 comparatam,
2899 4490 3073 4544 sacris
3101 4489 3287 4545 usibus
3331 4491 3484 4546 dedi-

1896 4589 2099 4648 catam,
2135 4580 2302 4636 veluti
2325 4582 2559 4652 quadam
2579 4581 2834 4638 Antiochi
2860 4580 3109 4647 audacia,
3134 4596 3256 4635 cum
3280 4582 3484 4651 probro

1895 4673 2110 4743 privato
2160 4673 2325 4729 etiam
2369 4673 2561 4743 patriae
2617 4673 2949 4728 contrahens
2986 4672 3253 4737 dedecus,
3301 4672 3483 4743 profa-

1894 4780 2027 4820 nare
2080 4779 2189 4820 non
2240 4764 2551 4830 erubescit,
2608 4762 2989 4835 modicumque
3046 4763 3169 4819 inde
3216 4772 3484 4833 quaestum

1896 4861 2108 4926 sitiens,
2154 4860 2362 4930 pudore
2390 4859 2674 4930 neglecto,
2704 4858 2996 4913 maximam
3030 4868 3141 4912 tum
3183 4856 3327 4922 sibi,
3370 4865 3483 4910 tum

1860 4954 2011 5021 suis
2065 4949 2331 5021 (quorum
2374 4949 2425 5004 id
2478 4949 2653 5020 gratia
2702 4947 2903 5017 fiebat)
2960 4950 3195 5002 inustam
3247 4944 3486 5001 infamia:

1893 5053 2080 5097 notam
2123 5040 2484 5111 contempsit,
2534 5054 2670 5111 opus
2707 5039 2927 5109 quidem
2980 5038 3159 5092 aulico
3218 5035 3483 5089 monacho

1892 5133 2133 5206 dignum.
2150 5132 2406 5189 Claudius
2426 5133 2665 5203 posthaec
2684 5130 3021 5186 Annibaldus
3042 5130 3126 5183 vir
3146 5142 3212 5183 ex
3240 5125 3484 5197 equestri

1893 5225 2086 5280 ordine
2133 5223 2498 5297 clarissimus,
2542 5237 2607 5279 ac
2644 5222 2894 5277 Francia
2944 5219 3256 5284 admiralis,
3294 5216 3483 5273 Jacobi

1895 5316 2183 5373 Beccensis
2210 5314 2659 5373 commendatarii
2685 5312 2889 5379 frater,
2918 5327 3044 5367 cum
3087 5310 3227 5381 apud
3254 5309 3483 5375 Ferrato

1896 5407 2151 5477 oppidum
2177 5422 2300 5461 cum
2328 5406 2442 5461 suis
2464 5412 2680 5475 ageret,
2709 5402 2934 5471 solaque
2954 5400 3038 5456 sui
3073 5399 3220 5454 fama
3244 5398 3483 5455 ferocem

1898 5502 2065 5557 ltnthi
2112 5502 2413 5558 exercitum
2475 5500 2758 5564 eluderet,
2816 5495 3018 5551 acriori
3075 5493 3226 5550 febre
3281 5500 3484 5557 actus,

1898 5593 2102 5649 sanctis
2149 5592 2369 5647 monitis
2410 5590 2569 5644 unico
2612 5587 2721 5643 lilio
2769 5587 3011 5653 relictis,
3061 5585 3275 5641 decimo
3326 5594 3485 5641 sexto

1898 5685 2167 5741 Kalendas
2196 5684 2498 5747 Februarii,
2531 5683 2670 5738 inter
2702 5697 2858 5738 sacra
2890 5689 3204 5739 constanter
3229 5679 3482 5737 moritur.

1897 5778 1977 5835 Ad
2011 5775 2370 5835 Annibaldem
2417 5777 2585 5832 tndem
2612 5817 2625 5840 ,
2686 5790 2804 5845 qum
2844 5773 3123 5848 Appevilla
3157 5774 3443 5831 dicebatur
3466 5812 3484 5839 ,
