3864 6304
412 292 518 350 695
1402 295 1492 349 AD
1533 292 1757 351 OPERA
1800 295 1858 350 Β.
1904 296 2290 353 LANFRANCI
2327 294 2688 352 APPENDIX.
3593 297 3692 353 696

409 404 613 475 ingenti
650 412 867 471 sumptu
903 404 1052 477 regio
1093 405 1281 461 funere
1309 408 1568 476 sepultus.
1619 410 1816 478 llegem
1861 425 1995 464 vero
2022 416 2063 469 Α
2089 410 2297 464 foribus
2328 407 2510 478 templi
2534 409 2761 464 turrium
2792 408 3016 464 alteram
3048 409 3253 479 ingenti
3279 407 3505 479 fragore
3535 422 3693 462 ruen-

410 493 733 549 Becccnsem
766 510 938 549 novus
971 495 1115 551 aries
1138 511 1279 551 novo
1321 497 1495 565 pulsat
1527 499 1660 552 ictu.
1686 499 1995 570 Agrumque
2052 514 2055 517 '
2099 505 2227 564 tem,
2273 499 2467 553 bonam
2506 498 2634 553 facit
2689 500 2847 553 molis
2906 510 3117 570 partem
3173 501 3499 563 destruere;
3546 497 3693 562 cujus

409 587 733 643 Pianeseum
764 586 943 659 (cujus
993 587 1133 644 feodi
1191 590 1370 645 nobile
1408 601 1570 659 caput
1622 605 1741 645 cum
1790 592 1993 663 ingenti
2097 589 2419 644 antistitmm
2462 592 2680 659 gerebat
2729 591 2986 660 praefatus
3029 589 3270 646 Jacobus
3318 590 3691 644 Annibaldus.

406 677 818 748 privilegiorum
868 679 1039 747 gloria
1087 694 1249 749 supra
1304 680 1638 749 Appevillam
1685 682 1847 735 situm
1887 681 1993 751 est)
2168 678 2290 733 ldus
2326 694 2456 734 vero
2487 680 2763 749 sequentis
2793 679 2938 734 Junii
2993 682 3257 751 septimo,
3288 678 3537 735 Jacobus
3578 696 3695 733 car-

408 780 502 818 sex
536 765 650 819 fere
677 767 842 820 millia
876 784 907 822 a
957 766 1131 825 Becco
1158 769 1492 836 distantem,
1541 771 1784 827 marehio
1826 771 1997 826 Anni-
2097 769 2290 825 dinalis
2318 772 2835 838 Annibaldus,anno
2864 772 3123 829 sessionis
3150 772 3449 827 Becceusis
3484 772 3695 826 decimo

406 853 600 908 haldus
623 854 911 912 Hwaldeus
930 856 1113 913 Jacobi
1138 858 1424 915 Beccensis
1454 862 1898 915 commendatarii
1928 876 1994 916 ex
2095 861 2308 931 quinto,
2340 862 2665 933 Rothomagi
2717 862 2817 918 sub
2868 872 3011 918 tecto
3054 861 3304 917 Beccano
3337 860 3604 925 moritur,
3642 862 3691 914 in

407 944 635 1000 Claudio
659 947 829 1002 fratre
851 963 1038 1017 nepos,
1065 947 1267 1005 Iacobo
1294 949 1525 1019 quodam
1556 952 1861 1007 Perdrierio
1884 952 1994 1023 (cui
2096 952 2407 1023 Appevillea
2437 952 2592 1007 fratri
2621 952 2847 1009 Claudio
2877 954 3175 1023 adpositus.

406 1037 486 1090 rei
511 1041 806 1093 tractandae
836 1041 1098 1095 creditum
1132 1042 1305 1098 fuerat
1342 1045 1640 1115 negotium)
1672 1044 1723 1097 in
1760 1043 1996 1114 capitulo
2184 1044 2282 1100 Cui
2336 1046 2578 1101 succedit
2631 1045 2936 1101 Ludovicus
2984 1045 3353 1115 Lotharingus
3392 1041 3693 1098 cardinalis

409 1126 665 1184 Beccensi
693 1142 938 1199 rogante,
972 1134 1236 1203 postulat;
1275 1136 1455 1189 oblata
1484 1136 1535 1190 iu
1566 1151 1789 1205 pensum
1823 1135 1997 1190 Guar—
2096 1136 2390 1191 Guisiauus
2411 1136 2501 1201 (de
2525 1152 2633 1205 quo
2659 1135 2819 1203 paulo
2844 1145 3001 1189 antea
3026 1133 3508 1203 loquebamur),in
3540 1132 3694 1185 rebus

408 1220 650 1288 gueslala
690 1223 1039 1282 Aloconensi.
1071 1228 1234 1298 ldque
1263 1216 1493 1284 fortasse
1526 1238 1697 1284 lentat
1728 1232 1997 1300 speratius
2095 1228 2303 1283 bellicis
2333 1229 2432 1283 sub
2463 1228 2820 1284 invictissimo
2850 1230 3031 1283 sidere
3075 1236 3252 1281 natus.

405 1326 630 1383 propter
661 1327 981 1387 praesentem
1028 1332 1283 1390 patruum
1310 1321 1583 1387 favorem,
1613 1324 1866 1393 vigetque
1915 1320 1987 1376 di<
2164 1321 2407 1389 Augusto
2439 1330 2628 1390 postea
2679 1334 2865 1376 mense
2893 1320 3021 1375 dum
3067 1320 3123 1374 in
3153 1318 3397 1389 capitulo
3433 1316 3691 1372 BeccenSi

407 1405 661 1475 ligentius
690 1410 866 1466 vicina
905 1414 1267 1470 commoditas
1301 1415 1368 1469 ad
1408 1416 1485 1470 rei
1539 1415 1822 1469 familiaris
1868 1431 1995 1469 cou-
2096 1410 2485 1479 archiepiscopi
2514 1409 2973 1484 Rotbomagensis
2995 1410 3249 1466 visitandi
3284 1418 3478 1479 partes
3511 1417 3691 1479 ageret

408 1499 633 1566 geriem.
663 1501 798 1558 'l’res
823 1504 1039 1559 interim
1071 1523 1138 1561 ex
1165 1508 1368 1562 nostris
1398 1508 1763 1573 nominantur,
1795 1508 1885 1577 qui
1909 1522 1995 1562 sn-
2098 1504 2161 1560 D.
2195 1506 2469 1562 Parrisius
2497 1506 2747 1572 antistes,
2774 1507 2970 1578 exiguo
2996 1516 3121 1561 tunc
3154 1507 3565 1560 monachorum
3595 1520 3689 1557 nu-

408 1588 517 1642 lum
550 1600 660 1645 tum
688 1604 933 1663 rogatum
959 1606 1071 1650 tum
1096 1598 1334 1653 oblatum
1356 1600 1641 1671 diligenter
1657 1600 1990 1665 examinem,
2096 1614 2248 1654 mero
2294 1616 2393 1670 pro
2441 1610 2685 1673 tempore
2715 1602 3040 1668 consulens,
3078 1603 3144 1656 de
3177 1602 3358 1673 rigore
3413 1596 3688 1655 claustrali

406 1696 639 1750 quorum
690 1684 860 1738 relatu
914 1702 1003 1741 res
1055 1688 1170 1758 ipsa
1224 1691 1508 1744 tractanda
1557 1692 1646 1745 sit.
1681 1692 1994 1746 Exstruitur
2097 1691 2297 1762 aliquid
2316 1695 2551 1764 gratiose
2577 1695 3123 1767 laxat,quojuniores
3149 1695 3348 1763 adipsa
3375 1692 3689 1747 litterarum

407 1772 554 1826 inter
587 1789 617 1827 a
662 1776 799 1844 apud
840 1777 1171 1847 Appevillam
1216 1782 1380 1835 castri
1429 1782 1750 1837 Annibaldei
1798 1782 1988 1847 moles,
2023 1773 2066 1829 Β
2093 1784 2399 1837 rudimenta
2428 1794 2805 1853 promoverent
2830 1784 3186 1841 commodius.
3213 1782 3567 1839 Permittitur
3596 1780 3687 1835 ita-

406 1866 561 1932 cujus
606 1864 741 1921 lines
784 1867 1192 1940 dominiumque
1226 1874 1516 1928 extendere
1550 1874 1693 1928 illius
1728 1874 1993 1944 planeseae
2098 1889 2202 1942 que
2231 1878 2434 1943 apertis
2462 1875 2613 1930 libris
2642 1876 2693 1930 in
2720 1876 2889 1931 choro
2912 1891 3140 1938 canere,
3172 1874 3319 1945 quod
3343 1882 3479 1927 ante
3506 1887 3689 1941 magna

407 1955 603 2010 domus
633 1959 971 2030 turriumque
1013 1963 1334 2018 advectione
1376 1966 1709 2022 marcbionis
1747 1983 1869 2036 spes
1896 1969 1994 2023 ob-
2098 1967 2357 2038 temporis
2383 1968 2597 2040 jactura
2626 1970 2944 2024 memoriter
2996 1967 3180 2024 fiebat.
3220 1975 3372 2022 tuter
3432 1966 3689 2019 violentas

409 2045 677 2103 firmatur.
715 2050 919 2106 Forsan
953 2068 1083 2107 vero
1127 2054 1381 2110 fecissent
1424 2059 1559 2113 satis
1589 2057 1916 2125 Beccenses,
1948 2062 1991 2115 si
2099 2061 2551 2115 monasteriorum
2585 2061 3039 2132 depraedationes,
3070 2072 3217 2116 esset
3251 2058 3399 2129 quod
3434 2057 3688 2111 miserum

405 2152 587 2193 rerum
621 2143 909 2211 aequalitas
942 2154 1105 2215 atque
1132 2148 1369 2202 conditio
1404 2151 1755 2219 postulasset,
1791 2151 1834 2206 si
1869 2152 1991 2220 jura
2096 2149 2370 2207 Beccense
2397 2152 2735 2223 loqueretur:
2763 2153 2903 2208 unde
2930 2157 3219 2208 exturbato
3248 2149 3689 2206 venerandorum

390 2228 661 2287 clausulis
700 2235 1153 2303 pertinacissimis
1182 2255 1286 2293 non
1317 2239 1663 2297 obstitissent
1692 2244 1875 2313 (causa
1903 2244 1992 2309 12,
2097 2240 2319 2296 Patrum
2369 2252 2540 2310 coetu,
2588 2245 2715 2298 dum
2767 2260 2865 2315 per
2912 2242 3364 2298 Northmanniam
3417 2248 3687 2311 grassatur

403 2331 595 2387 quiest.
619 2322 674 2388 2,
702 2340 820 2395 cap.
847 2326 939 2392 57,
968 2335 1021 2381 et
1052 2328 1141 2393 ΒΞ,
1174 2328 1290 2395 56).
1317 2329 1537 2387 lnfcctis
1566 2332 1751 2402 itaque
1784 2336 1995 2403 nepotis
2098 2334 2379 2390 admit-alis
2425 2334 2611 2389 Gallus
2634 2378 2647 2397 ,
2679 2336 3007 2390 obmutescit
3043 2334 3210 2387 divini
3252 2331 3440 2386 cultus
3488 2326 3685 2382 exerci-

389 2411 593 2478 rebus,
628 2419 801 2484 patrui
858 2422 1141 2489 purpurati
1196 2424 1411 2478 animus
1452 2425 1504 2477 in
1558 2436 1666 2481 tres
1718 2426 1993 2498 delegatos
2100 2428 2257 2493 tium,
2287 2427 2483 2483 occisis
2513 2428 2655 2483 inter
2682 2429 3028 2481 itmnaturam
3052 2424 3235 2495 fugam
3264 2425 3483 2478 duobus
3514 2434 3687 2475 ωοιιειο

401 2505 721 2569 monachos,
753 2508 1096 2565 dissimulato
1125 2514 1422 2582 prudenter
1445 2517 1747 2583 stomacho,
1783 2519 1989 2585 fervet;
2097 2516 2232 2576 cbis.
2259 2514 2511 2571 Cabricle
2546 2517 2759 2581 Botteo,
2785 2527 2836 2571 et
2862 2515 3065 2571 iacebo
3095 2512 3302 2583 Necyo.

400 2590 702 2664 oﬂieiisque
740 2597 1007 2666 privatos,
1040 2603 1261 2657 secundi
1295 2604 1495 2674 prioris
1525 2606 1756 2674 scilicet,
1798 2620 1993 2665 canto-
2176 2625 2193 2657 ε
2228 2608 2342 2661 Duo
2368 2608 2625 2677 postremi
2658 2607 2881 2662 abbates
2904 2606 3053 2660 luere
3083 2605 3359 2659 CLAUDIUS
3381 2602 3492 2656 L01
3508 2616 3682 2655 anno

400 2690 480 2741 ris
532 2698 699 2759 atque
728 2694 974 2749 sacristae
1005 2694 1059 2750 in
1106 2705 1325 2752 exteras
1360 2702 1792 2772 remotioresqne
1827 2703 1993 2758 cellas
2098 2715 2194 2755 cus
2243 2716 2409 2771 eques
2454 2703 2758 2767 Aumalius,
2808 2702 2901 2772 qui
2934 2702 3170 2755 violenta
3223 2711 3403 2753 morte
3448 2698 3582 2753 obiit
3628 2693 3677 2748 S.

398 2780 675 2834 exturbat.
703 2781 942 2847 Quorum
998 2800 1095 2855 ego
1141 2787 1333 2841 ordine
1383 2790 1655 2846 secundus
1707 2791 1990 2861 abjectior,
2102 2794 2341 2864 Dionysii
2369 2794 2421 2848 in
2446 2790 2797 2860 Francia,die
2831 2794 2990 2848 tertio
3017 2792 3287 2857 Januarii,
3311 2809 3446 2845 ann.
3476 2789 3623 2843 1591.
3657 2808 3674 2838 ι

398 2869 494 2922 sed
530 2869 635 2926 tale
666 2872 823 2927 nobis
868 2877 1116 2930 essilium
1149 2893 1247 2947 pro
1281 2878 1523 2934 Ecclesia
1556 2897 1743 2936 suave.
1783 2882 1995 2937 Accidit
2178 2903 2194 2934 ι
2228 2885 2521 2939 Doumcus
2552 2900 2618 2938 DE
2649 2885 2742 2948 \‘iQ
2771 2885 3209 2954 archiepiscopus
3236 2883 3529 2937 Aucensis.
3563 2902 3587 2930 ι

400 2970 515 3014 tum
565 2962 618 3015 in
658 2964 844 3033 majori
898 2966 1258 3023 Lexoviorum
1322 2971 1554 3027 ecclesia
1604 2974 1886 3029 ambarum
1939 2970 1991 3028 in

419 3187 549 3210 *Ἧι-α

553 3193 3665 3223 MM

1080 3308 1188 3381 32
1230 3309 1664 3378 PREFATIO
1698 3315 1809 3377 AD
1856 3311 2117 3377 ΠΤΑΜ
2152 3313 2437 3376 SANCTI
2496 3311 2876 3375 HERLUINI
2913 3308 3056 3390 ('76).

467 3513 813 3570 Consuetudo
858 3514 958 3570 fuit
1010 3516 1150 3586 apud
1182 3528 1392 3573 veteres
1442 3518 1705 3587 majorum
1752 3536 1973 3576 suorum
2004 3534 2049 3595 ρ
2082 3518 2397 3574 Mementote
2437 3512 2840 3587 prwpositorum
2893 3521 3210 3576 vestrorum,
3238 3511 3330 3581 qui
3360 3511 3511 3565 vobis
3534 3509 3678 3563 [orati

396 3609 660 3678 imagines
698 3609 926 3679 erigere,
960 3619 1012 3664 et
1039 3610 1299 3679 prteclara
1331 3628 1515 3667 eorum
1541 3613 1680 3666 facta
1714 3615 1988 3668 memoriae
2092 3618 2213 3664 sunt
2242 3610 2452 3663 verbum
2479 3606 2612 3671 Dei;
2644 3621 2866 3676 quorum
2894 3605 3151 3657 intuentes
3181 3604 3383 3658 exitum
3415 3618 3676 3657 conversa.

396 3697 686 3753 scribendo
729 3700 1112 3755 commendare
1148 3701 1215 3753 ad
1258 3701 1700 3756 informationem
1747 3713 1988 3771 postch
2092 3702 2271 3767 tionis,
2299 3699 2583 3754 imitamini
2607 3699 2759 3766 [idem
2792 3695 3275 3766 (Ilebr.xm,9,7).
3299 3696 3382 3749 Ad
3414 3697 3523 3752 hoc
3549 3695 3675 3749 enim

399 3804 541 3854 runt,
573 3790 639 3843 ad
669 3791 975 3859 exemplum
1005 3791 1215 3846 scilicet
1245 3792 1462 3846 virtutis
1488 3803 1544 3847 et
1573 3794 1986 3849 incitamentum
2090 3794 2403 3849 scribuntur
2428 3792 2514 3847 vel
2563 3792 2815 3861 leguntur
2854 3790 3060 3844 strenui
3115 3797 3272 3845 actus
3300 3799 3355 3844 et
3387 3790 3546 3844 mira:
3580 3789 3674 3842 vir-

396 3882 702 3951 probitatis.
736 3881 890 3951 Quod
920 3884 986 3937 ob
1030 3884 1081 3939 id
1130 3885 1317 3953 utique
1348 3885 1578 3940 actitare
1638 3886 1903 3940 curabant
1930 3894 1989 3939 ut
2092 3894 2235 3939 tutes
2261 3894 2596 3946 sanctorum,
2633 3892 2690 3936 ut
2724 3882 2775 3936 in
2827 3882 2911 3935 bis
2942 3880 3194 3935 laudetur
3224 3882 3389 3945 Deus,
3440 3883 3513 3936 de
3540 3878 3674 3947 cujus

396 3973 486 4039 qui
519 3971 679 4026 aliam
714 3972 1039 4043 ignorabant
1086 3974 1275 4037 vitam,
1320 3973 1421 4029 hoc
1474 3975 1633 4030 modo
1688 3975 1789 4029 sibi
1821 3986 1875 4030 et
1923 3977 1988 4030 iis
2092 3978 2266 4046 gratia
2298 3986 2447 4040 sunt,
2470 3987 2525 4031 et
2559 3976 2798 4030 minores
2824 3975 3048 4045 vestigia
3085 3974 3355 4042 majorum
3380 3990 3506 4044 qua!
3537 3972 3670 4039 sequi

394 4065 790 4133 quosscribere
808 4064 1534 4135 suscipiebant,pr:esentem
1564 4081 1725 4135 quam
1755 4068 1988 4123 maxime
2090 4071 2323 4126 debeant
2376 4071 2728 4141 aspicientes,
2768 4069 2884 4123 sine
2931 4069 3232 4122 olfensione
3279 4070 3534 4136 passibus
3563 4064 3670 4119 belli

396 4157 711 4213 memoriam
750 4157 1027 4213 edicerent
1057 4157 1296 4227 longam,
1348 4157 1695 4228 laudemque,
1736 4168 1794 4212 ut
1831 4166 1987 4228 puta-
2089 4164 2267 4232 operis
2294 4173 2517 4217 currant
2543 4163 2689 4217 viam
2737 4161 2930 4216 salutis
2980 4162 3045 4214 ad
3089 4161 3319 4232 gloriam
3361 4171 3417 4214 et
3448 4162 3519 4214 ad
3564 4158 3668 4211 bra-

395 4250 542 4316 bant,
597 4263 943 4309 mererentur
992 4246 1312 4324 perennem.
1348 4255 1585 4311 Econtra
1625 4254 1985 4310 ecclesiastici
2090 4256 2235 4308 vium
2261 4270 2508 4325 supernae
2540 4255 2842 4310 vocationis
2872 4254 2989 4308 Dei.
3024 4252 3137 4307 [ioc
3167 4251 3419 4307 fecerunt
3449 4248 3666 4318 antiqui,

392 4343 1011 4414 sea-iptores,passioncs
1036 4356 1090 4400 et
1112 4348 1253 4402 vitas
1278 4358 1613 4415 sanctorum,
1641 4350 1731 4419 qui
1763 4348 1983 4417 planum
2088 4345 2191 4400 hoc
2223 4344 2429 4399 faciunt
2456 4345 2630 4399 adhuc
2660 4345 2819 4399 istius
2852 4344 3198 4412 tempestatis
3224 4342 3404 4404 multi,
3440 4342 3667 4394 nolentes

395 4436 504 4488 iter
550 4434 779 4501 justitiae
837 4439 1191 4507 sequentibus
1242 4439 1519 4495 laboribus
1571 4442 1684 4495 suis
1750 4440 1986 4510 relique-
2088 4435 2369 4505 praeterire
2422 4436 2679 4489 tacendos
2718 4450 2856 4504 quos
2912 4431 3145 4501 alicujus
3201 4440 3468 4486 momenti
3523 4432 3667 4484 fuisse

395 4534 541 4587 runt,
574 4535 629 4581 et
693 4527 860 4581 Deum
913 4530 965 4582 in
1006 4530 1115 4583 vita
1174 4541 1228 4584 et
1273 4531 1325 4584 iu
1360 4541 1537 4586 morte
1573 4546 1670 4585 sua
1719 4531 1984 4601 glorilica—
2088 4536 2366 4598 putarunt.
2416 4526 2559 4581 Inter
2596 4543 2733 4596 quos
2775 4526 3077 4581 Bcccenses
3128 4524 3336 4595 primos
3377 4523 3553 4594 ipsius
3582 4517 3665 4573 loci

323 4610 335 4620 ’
393 4626 615 4680 verunt,
666 4618 857 4672 eadem
912 4619 1129 4688 quidem
1183 4622 1309 4685 via,
1363 4623 1459 4676 sed
1499 4638 1605 4675 non
1661 4624 1850 4676 eadem
1904 4623 1986 4676 in-
2089 4629 2420 4682 structores,
2456 4627 2510 4671 et
2556 4626 2854 4680 crectores,
2881 4615 3004 4686 quia
3036 4616 3144 4669 Deo
3176 4613 3309 4672 noti.
3349 4622 3407 4668 et
3454 4609 3665 4667 homini-

396 4708 640 4763 tentione
703 4710 944 4766 scribere
990 4714 1332 4768 studuerunt.
1396 4713 1532 4768 Nam
1594 4714 1819 4785 perinde
1865 4726 1986 4768 suc-
2088 4710 2188 4764 bus
2220 4708 2367 4763 chari
2394 4710 2705 4770 l'ueruut,ut
2736 4706 2898 4761 rebus
2940 4706 3071 4776 ipsis
3111 4705 3333 4770 claruit,
3370 4698 3662 4757 mandando

394 4800 715 4857 cedentibus
773 4802 1147 4857 dcccdentium
1196 4805 1415 4859 Patrum
1466 4806 1650 4870 vitas,
1703 4813 1757 4859 et
1805 4819 1987 4858 mores
2089 4802 2299 4868 litteris,
2347 4811 2469 4870 post
2506 4814 2581 4855 se‘
2608 4799 2856 4854 venturis
2903 4815 3092 4853 eorum
3141 4799 3287 4867 piam
3345 4794 3661 4866 reliquerunl

393 4891 651 4949 intimare
704 4894 990 4948 voluerunt
1024 4910 1036 4945 :
1067 4911 1171 4948 non
1222 4898 1290 4950 ad
1337 4896 1663 4965 captandum
1708 4895 1851 4966 vulgi
1906 4893 1981 4946 fa-
2017 4892 2071 4950 Di
2091 4878 2429 4959 memoriam,
2471 4894 2573 4947 hoc
2625 4899 2708 4945 est
2758 4892 2903 4945 beati
2945 4891 3124 4945 Patris
3160 4888 3441 4951 llerluini,
3493 4883 3661 4941 nobilis

390 4970 604 5052 vui-em,
662 4987 757 5042 sed
793 4982 860 5042 ut
893 4997 1249 5057 agnoscentes
1296 4989 1577 5060 religiosas
1624 5003 1813 5043 eorum
1855 5002 1987 5041 con-
2091 4997 2306 5054 quoque
2364 4981 2641 5045 Wilelmi,
2710 4990 2875 5050 atque
2961 4976 3352 5049 sapientissimi
3415 4970 3659 5030 Bosouis;

388 5079 734 5133 versationes
764 5121 776 5141 ,
829 5078 895 5131 ad
929 5078 1155 5150 gloriam
1200 5079 1295 5133 Dei
1349 5078 1595 5133 laudibus
1632 5075 1982 5140 attollerent,
2089 5075 2263 5131 sancti
2296 5091 2425 5129 vero
2472 5073 2735 5129 Anselimi
2788 5072 2971 5126 Vitam
3020 5070 3150 5140 (qui
3192 5069 3467 5125 secundus
3517 5065 3661 5163 abbas

388 5176 443 5220 ct
468 5167 569 5221 sibi
599 5169 880 5238 exemplar
927 5170 1263 5240 propositum
1298 5170 1433 5223 bene
1478 5169 1732 5232 vivendi,
1774 5169 1984 5222 actibus
2088 5167 2303 5222 exstitit
2338 5167 2509 5237 ipsius
2540 5165 2664 5237 loci)
2695 5164 2919 5235 quidam
2963 5161 3343 5218 Cantnriensis
3368 5159 3558 5221 edidit,
3584 5159 3659 5225 qui

380 5274 869 5332 prosequerentur,
910 5274 968 5319 ut
1004 5273 1264 5319 teternam
1304 5271 1748 5333 promcrcrentur
1799 5278 1980 5315 remu-
2088 5260 2134 5314 'ei
2175 5259 2426 5325 adhaesit,
2462 5266 2515 5314 et
2544 5274 2713 5327 usque
2746 5257 2812 5311 ad
2847 5265 3075 5311 mortem
3110 5256 3159 5309 in
3211 5252 3658 5322 archiepiscopi!"

390 5356 743 5409 iterationem.
785 5358 937 5413 Unle
964 5359 1183 5429 quidam
1226 5359 1441 5427 sapiens
1470 5359 1719 5411 hortatur
1745 5355 1931 5409 dicens
1964 5371 1976 5406 :
2093 5352 2385 5407 deservivit
2410 5395 2423 5417 ,
2470 5368 2577 5420 quo
2603 5392 2617 5417 ,
2677 5351 2785 5404 Deo
2835 5349 3068 5413 \oleute,
3105 5346 3401 5402 translatus
3454 5345 3582 5405 fuit;
3613 5346 3657 5392 cl

389 5444 684 5501 Laudemus
718 5453 856 5505 viros
890 5452 1155 5521 religiosos
1198 5461 1243 5504 et
1272 5460 1511 5521 parentes
1563 5461 1765 5503 noslros
1800 5448 1851 5501 in
1896 5464 1982 5516 gc-
2092 5443 2351 5513 quidquid
2393 5445 2457 5499 de
2492 5458 2554 5499 eo
2587 5442 2771 5498 videre
2807 5446 2890 5495 vel
2925 5440 3114 5495 audire
3157 5438 3332 5510 potuit
3354 5478 3369 5503 ,
3421 5436 3657 5505 scripuli“

391 5537 658 5591 iteratione
697 5554 793 5593 sua
845 5542 1050 5595 ('Ecrli.
1103 5558 1247 5607 XLIV,
1290 5545 1367 5611 l);
1420 5550 1580 5609 atque
1632 5537 1925 5608 Apostolus
1966 5532 1987 5591 ε’
2092 5537 2328 5606 reliquit.

464 5716 578 5787 (76)
605 5716 833 5785 llujziscc
880 5721 1209 5790 praefationis
1242 5732 1431 5801 auctor
1477 5726 1555 5792 (ut
1608 5722 1753 5792 puto)
1797 5722 1933 5777 Milli)
1974 5722 2275 5792 Crispinus.
