3864 6304
120 540 2199 568 _____________________._____________.__....__...

885 335 1039 391 \‘lTA
1077 334 1137 391 Β.
1174 334 1497 391 IIERLUINI
1538 336 1826 391 ABBXTIS
1857 332 2232 390 BECCENSIS
2267 334 2474 389 Pledl.

3209 330 3319 388 698

2206 540 2535 553 ᾕ-

2545 540 3335 560 “un—Imm-

819 617 1175 736 VITA
1253 611 1775 729 SANCTI
1835 611 2534 728 HERLUINI

536 841 759 902 PillMl
815 837 1204 901 PASTORIS
1257 839 1359 900 ET
1398 834 1915 900 FUNDATORIS
1968 834 2394 898 BECCENSIS
2446 832 2840 897 COENOBII.

732 1010 1009 1075 Auctore
1044 1007 1325 1071 Gilberto
1365 1006 1668 1086 Crispino
1708 1006 1931 1070 abbate
1978 1006 2646 1073 Wmmonastericnsi.

158 1251 399 1318 Quoniam
444 1246 500 1300 in
552 1260 612 1301 re
655 1244 876 1301 militari
906 1259 1025 1315 qua:
1067 1244 1190 1313 quis
1229 1252 1530 1297 memoratu
1568 1241 1651 1293 di-
1676 1247 1721 1303 Α
1752 1241 2055 1302 animosus,
2088 1254 2246 1309 quem
2286 1237 2630 1293 scribendum
2668 1238 2999 1308 accepimus,
3043 1239 3131 1295 ubi
3172 1256 3330 1295 eom-

105 1357 185 1407 μω
231 1339 369 1409 legit,
420 1336 627 1407 scripto
662 1337 900 1391 eduntur
926 1334 992 1389 ad
1036 1332 1373 1405 posteritatis
1407 1331 1636 1386 exhorta

105 1444 271 1485 ttouetn
299 1440 349 1483 et
384 1429 639 1484 raudilms
663 1428 1003 1489 attolluntur,
1035 1434 1195 1495 prout
1224 1424 1495 1495 ingenium
1524 1422 1657 1478 seri-

105 1522 243 1590 ptoris
266 1529 316 1574 et
343 1518 597 1573 facundia
636 1527 880 1588 pne-stat,
917 1517 1134 1573 silentio
1178 1515 1522 1586 supersederi
1550 1531 1656 1567 non

104 1611 253 1673 debet,
275 1610 337 1663 ad
364 1608 563 1662 divina:
595 1610 810 1662 virtutis
837 1607 1063 1678 gloriam
1095 1616 1149 1661 et
1178 1622 1386 1678 magna:
1406 1605 1459 1660 in
1488 1605 1657 1659 Deum

106 1700 202 1753 hdei
225 1699 468 1763 formam,
505 1714 627 1768 quae
673 1699 726 1753 in
772 1698 1029 1754 satellitio
1069 1699 1272 1753 Christi
1320 1710 1504 1753 nostra
1547 1711 1660 1750 me-

106 1792 242 1845 moria
288 1791 551 1859 przeclare
598 1791 711 1862 egit
765 1791 935 1845 abbas
987 1790 1318 1845 venerabilis
1368 1788 1658 1844 llerluinus

107 1881 368 1945 Beccensis,
398 1882 559 1953 cujus
598 1883 819 1937 virtutis
858 1883 961 1939 hoc
992 1883 1058 1937 ad
1105 1880 1394 1952 quemdam
1442 1878 1656 1936 titulum

105 1972 447 2041 perscribatur,
475 1975 605 2043 quia
639 1975 897 2031 mundum
917 1973 1318 2044 iucundissime
1348 1974 1475 2038 sibi,
1500 1984 1555 2030 et
1589 1974 1657 2029 ad

106 2074 257 2117 votum
287 2064 640 2131 arridentem,
674 2082 738 2121 ea
764 2075 924 2122 aetate
971 2068 1186 2137 penitus
1227 2066 1496 2123 recusavit
1552 2082 1659 2136 qua

108 2155 433 2212 vehementius
482 2157 573 2211 alii
604 2175 666 2213 se
696 2159 950 2230 ingerunt
987 2159 1300 2225 recusanti,
1353 2168 1408 2215 et
1443 2160 1496 2215 in
1553 2174 1659 2226 qua

106 2248 246 2313 patria
289 2258 411 2303 tunc
459 2250 791 2306 incolumem
844 2251 1014 2306 armis
1064 2252 1291 2307 militem
1339 2251 1655 2324 abrogatis,

109 2338 387 2392 iuonacbum
414 2340 531 2394 ﬁeri
563 2350 874 2409 portentum
908 2342 1230 2398 habebatur.

163 2430 199 2483 Δ
219 2431 368 2488 Danis
386 2434 476 2503 qui
511 2433 970 2491 Northmanniam
998 2438 1157 2507 primi
1189 2437 1477 2492 obtinuere
1503 2446 1660 2507 pater

111 2520 201 2585 ejus
233 2523 479 2593 originem
508 2526 700 2592 duxit;
732 2538 907 2581 mater
935 2529 1236 2598 proximam
1270 2529 1467 2582 dueum
1496 2528 1657 2583 Flau-

1762 1344 1975 1406 pertum
2005 1334 2234 1399 habuit,
2266 1331 2410 1387 illico
2442 1330 2759 1400 injuriarum
2792 1330 3011 1395 oblitus.
3036 1332 3224 1404 viginti
3259 1350 3345 1389 se-

1758 1442 1882 1481 cum
1919 1426 2155 1481 delectos
2185 1423 2385 1478 milites
2416 1439 2699 1478 assumens
2726 1424 2899 1495 pergit
2931 1425 2996 1478 ad
3045 1425 3185 1479 diem
3222 1441 3348 1480 cer-

1759 1518 2009 1584 taminis,
2070 1517 2296 1571 minime
2348 1530 2471 1570 cum
2532 1515 2801 1580 Domino,
2855 1530 3043 1570 verum
3102 1532 3346 1572 seorsum

1758 1613 1945 1678 procul
1974 1610 2041 1665 ab
2072 1608 2291 1679 agmine
2331 1606 2460 1675 illo;
2493 1609 2696 1661 etenim
2729 1622 2843 1662 suae
2879 1621 3211 1678 suorumque
3255 1624 3345 1663 sa-

1758 1700 1885 1757 lutis
1914 1700 2128 1771 objecta
2152 1699 2273 1755 ﬁdei
2304 1715 2446 1765 sure,
2479 1698 2826 1771 sponsionem
2856 1700 3167 1761 asserebat,
3199 1715 3346 1755 mor-

1760 1793 1829 1847 tis
1876 1792 2114 1863 periculo
2151 1792 2471 1863 appetebat,
2516 1789 2717 1846 nullius
2756 1790 3105 1846 emolumenti
3146 1793 3215 1846 ab
3249 1790 3347 1847 illo

1759 1884 1932 1940 vicem
1976 1885 2289 1956 exquirens.
2334 1882 2547 1939 Dictum
2594 1883 2731 1938 satis
2772 1892 2886 1948 est,
2930 1891 2986 1939 et
3034 1884 3123 1939 hic
3169 1884 3348 1939 lucide

1760 1978 1981 2046 agnosci
2016 1987 2196 2048 potest
2224 1975 2347 2047 quis
2389 1975 2585 2042 fuerit;
2627 1991 2732 2030 non
2775 1975 3083 2030 desertores
3126 1990 3346 2046 pugnze.

1759 2083 1897 2139 quos
1942 2068 1995 2123 in
2032 2069 2260 2123 aliorum
2293 2067 2589 2139 perniciem
2620 2077 2797 2121 metus
2827 2066 3091 2134 absolvit,
3124 2068 3168 2122 si
3211 2082 3347 2136 quos

1761 2160 1814 2215 in
1847 2161 2189 2217 dominorum
2220 2175 2408 2215 necem
2440 2169 2495 2214 et
2524 2159 2715 2229 patria:
2744 2160 3044 2219 excidium.
3082 2159 3348 2230 cupiditas

1761 2254 1998 2319 inducit,
2031 2254 2134 2308 hoc
2166 2251 2415 2324 exemplo
2444 2251 2789 2321 alloquimur,
2822 2267 2921 2305 nec
2956 2261 3062 2304 tam
3095 2250 3348 2307 militaris

1762 2343 1946 2414 gloria:
1976 2344 2197 2398 obtentu
2240 2357 2402 2413 quam
2443 2356 2723 2397 servanda:
2753 2355 2917 2395 causa
2950 2340 3076 2397 fidei
3114 2341 3349 2413 proferi-

1762 2452 1903 2492 mus.
1935 2435 2053 2490 Dux
2096 2451 2193 2506 per
2224 2434 2423 2490 excelsi
2457 2434 2655 2489 montis
2694 2434 2833 2487 latus
2876 2449 3069 2505 agmen
3100 2449 3220 2488 cum
3254 2435 3349 2487 de-

1763 2529 2014 2594 duceret,
2051 2529 2197 2583 vidct
2238 2544 2267 2581 a
2315 2536 2469 2598 tergo
2513 2526 2701 2596 viginti
2748 2534 2989 2580 armatos
3029 2526 3241 2581 eminus
3289 2527 3342 2579 in

111 2613 214 2701 dria:
262 2619 781 2689 eonsanguinitatem
829 2621 1023 2691 attigit.
1071 2620 1345 2691 Ansgotus
1382 2621 1502 2701 ille,
1550 2622 1652 2676 ista
1685 2600 1731 2661 Β
1760 2621 1922 2693 plano
1952 2620 2242 2690 subsequi,
2284 2635 2348 2675 ac
2391 2618 2584 2673 hostile
2622 2617 2825 2687 aliquid
2874 2631 3071 2672 verens
3116 2618 3346 2687 imperat

115 2700 274 2774 llcloys
306 2722 494 2762 nomen
541 2709 797 2763 habebat.
830 2710 1164 2766 GiSIebertus
1205 2700 1519 2767 Brionensis
1564 2728 1656 2768 eo-

113 2808 202 2848 mes
232 2796 375 2864 primi
425 2799 688 2854 Richardi
742 2800 1149 2859 Northmannize
1180 2803 1335 2858 ducis
1383 2819 1548 2873 nepos
1588 2820 1657 2860 ex

114 2883 200 2938 ﬁlio
240 2888 444 2945 consule
491 2889 818 2959 Godefrido,
848 2891 997 2945 illum
1038 2892 1336 2947 enutritum
1382 2908 1548 2963 penes
1595 2908 1657 2950 se

113 2976 225 3029 inter
262 2995 439 3035 omnes
480 2983 653 3037 curia!
691 2998 803 3037 sua:
854 2984 1114 3052 primates
1161 2984 1352 3040 habuit
1395 2986 1658 3056 acceptis-

114 3070 251 3127 sime:
282 3075 466 3132 habilis
501 3077 596 3133 hic
622 3080 690 3133 ad
724 3093 875 3134 arma
907 3081 1199 3151 plurimum
1230 3092 1387 3149 erat,
1419 3099 1522 3140 nec
1551 3085 1654 3139 mi-

112 3166 203 3219 nori
225 3181 280 3220 ea
306 3170 648 3226 animositate
683 3174 952 3242 gestabat.
985 3175 1189 3231 Omnes
1219 3177 1461 3231 omnium
1489 3179 1655 3234 totius

114 3257 470 3318 Northmaunire
497 3263 771 3334 majorum
817 3265 1034 3323 familia:
1064 3269 1115 3322 in
1150 3268 1340 3325 electis
1368 3270 1516 3325 illum
1553 3271 1653 3326 lia-

112 3347 307 3417 hebant,
358 3353 406 3406 in
459 3355 634 3409 armis
683 3356 939 3428 omnique
996 3359 1071 3412 rei
1122 3358 1375 3416 militaris
1428 3376 1555 3426 usu,
1600 3370 1656 3417 et

115 3438 226 3493 cultu
252 3444 479 3513 corporis
506 3446 596 3502 sui
622 3447 961 3502 attollebant.
1004 3446 1085 3501 Ab
1120 3449 1423 3505 inhonestis
1445 3460 1653 3507 averte-

114 3530 183 3586 bat
225 3538 483 3605 animum,
541 3541 793 3595 honestis
844 3556 962 3610 qua:
1011 3542 1178 3597 curia:
1220 3543 1397 3612 magni
1446 3543 1656 3600 faciunt

116 3623 406 3695 impendebat
432 3648 600 3687 omne
648 3633 884 3686 studium
910 3672 925 3697 ,
980 3633 1126 3688 domi
1167 3648 1230 3688 ac
1269 3634 1474 3689 militia:
1505 3650 1654 3689 eom-

116 3718 365 3777 militouum
391 3741 614 3779 suorum
650 3728 1134 3797 prazstantissimus
1173 3736 1327 3795 erat;
1366 3731 1561 3801 quibus
1588 3731 1655 3787 de

117 3808 241 3865 rebus
283 3829 378 3869 non
431 3817 608 3871 solum
652 3818 975 3885 singularem
1025 3820 1227 3875 domini
1284 3821 1367 3876 sui
1406 3820 1656 3877 obtinue-

118 3908 181 3951 rat
213 3899 453 3970 favorem,
477 3923 670 3962 verum
699 3918 754 3961 et
775 3909 912 3977 apud
942 3907 1238 3964 Robertum
1268 3912 1432 3967 totius
1465 3914 1652 3982 patria:

116 3991 196 4063 33
220 3997 416 4063 ducem,
446 4012 500 4056 et
546 4004 691 4071 apud
723 4010 1036 4057 exterarum
1076 4003 1326 4059 dominos
1366 4006 1647 4075 regionum

120 4099 355 4153 pepererat
386 4094 481 4148 sibi
526 4109 729 4149 nomen
778 4093 1101 4163 plurimum,
1139 4111 1529 4166 accessumque
1571 4099 1652 4153 fa-

120 4176 359 4235 miliarem.
394 4183 508 4237 Alia
531 4225 546 4247 ,
588 4198 707 4252 qua:
745 4184 811 4236 ad
846 4186 1171 4254 captandum
1222 4201 1418 4241 nomen
1462 4188 1515 4242 in
1551 4203 1651 4243 sa:-

118 4267 212 4321 culo
235 4271 444 4340 plurima
477 4276 638 4340 fecit,
672 4277 1012 4342 oruittamus;
1045 4277 1150 4331 hoc
1179 4278 1246 4332 ad
1279 4277 1647 4333 fortitudinem

118 4355 231 4415 illius
264 4365 412 4420 animi
444 4383 506 4423 ac
538 4366 664 4422 fidei
695 4368 1060 4422 constantiam
1091 4376 1145 4421 et
1184 4369 1235 4423 in
1285 4373 1455 4426 armis
1485 4371 1652 4425 confi-

120 4451 309 4511 dentiam
356 4476 457 4515 non
506 4460 788 4517 sileamus.
842 4461 1067 4533 lndigne
1120 4477 1315 4535 passus
1363 4464 1652 4534 aliquando

120 4539 277 4601 factam
319 4551 413 4606 sibi
446 4552 474 4606 ξι
516 4553 748 4608 Domino
787 4553 1035 4621 injuriam
1066 4550 1354 4610 famulatus
1390 4556 1473 4610 sui
1503 4572 1652 4612 com-

124 4641 298 4696 modum
346 4647 390 4699 ei
438 4647 843 4713 subtrahendo,
895 4647 1121 4703 contulit
1177 4663 1268 4713 se,
1323 4664 1387 4703 eo
1444 4649 1647 4716 inviso,

122 4724 244 4800 lmge
266 4736 524 4793 aliorsum.
562 4739 638 4794 Eo
674 4740 855 4810 itaque
888 4740 989 4795 sub
1039 4750 1281 4811 tempore
1322 4757 1507 4797 comes
1538 4743 1652 4814 ipse

122 4817 402 4884 Gislcbertus
430 4833 790 4901 quorumdam
818 4832 1328 4902 potentissimorum
1359 4832 1652 4889 Nortlnna-

124 4910 200 4965 nite
236 4914 492 4978 lacessitus
544 4921 794 4992 injuriis,
846 4925 1073 4979 multam
1130 4926 1361 4981 militum
1423 4944 1643 4983 manum

125 5012 372 5075 contraxit,
419 5016 644 5084 injurias
694 5033 824 5073 suas
864 5015 1030 5073 eﬁ‘ere
1076 5019 1266 5074 volens
1316 5019 1487 5076 ultum
1539 5021 1647 5088 iri,

126 5092 249 5151 homo
279 5102 458 5163 ferocis
487 5108 650 5162 anitni
671 5150 685 5175 ,
719 5108 899 5189 magni
938 5117 1271 5179 potentatus,
1308 5112 1651 5181 nominisque

126 5196 313 5257 supremi
355 5200 567 5264 avidus,
618 5210 804 5272 utpote
849 5201 1046 5256 ducum
1106 5211 1380 5258 tantorum
1428 5208 1651 5276 propin-

125 5290 249 5343 (ίίυε.
279 5286 337 5339 ad
368 5292 613 5356 potentize
651 5306 761 5346 sua:
806 5299 1139 5347 ostentatum
1184 5307 1281 5362 per
1318 5295 1535 5350 nuntios
1568 5296 1649 5351 eis

127 5382 207 5423 tum
234 5389 378 5446 prope
414 5382 550 5437 diem
581 5382 742 5445 belli,
772 5384 866 5436 sed
908 5397 1007 5452 per
1046 5382 1230 5454 plures
1263 5391 1391 5438 ante
1433 5384 1548 5439 dies
1592 5384 1645 5440 id

126 5471 168 5511 se
207 5460 470 5534 facturum,
521 5483 575 5528 et
624 5474 840 5540 quando
884 5473 1207 5529 transmisit.
1262 5471 1340 5526 Ita
1393 5474 1645 5530 condicto

130 5562 327 5627 tempore
358 5567 542 5623 bellum
584 5571 841 5640 utrinque
879 5577 1209 5641 apparatur,
1241 5570 1384 5638 quod
1420 5569 1643 5639 exsequi

129 5659 209 5701 "0n
236 5667 396 5720 posset
423 5676 534 5715 sme
564 5671 732 5717 multa
761 5663 998 5732 partium
1031 5671 1388 5731 utrarumque
1429 5669 1640 5731 strage,

132 5752 207 5794 nec
231 5750 432 5818 amplius
457 5755 642 5811 evitari
675 5756 820 5812 salva
849 5772 1036 5811 eorum
1066 5755 1349 5827 dignitate.
1380 5753 1533 5821 Quod
1561 5755 1643 5810 vir

1768 2712 2054 2769 confestim
2086 2711 2176 2782 qui
2207 2721 2391 2765 essent
2421 2711 2615 2764 scitum
2660 2710 2756 2763 ire.
2791 2708 3101 2771 Accedunt,
3134 2722 3260 2762 suos
3290 2717 3347 2762 et

1757 2822 1977 2862 causam
2011 2813 2353 2874 agnoscunt,
2381 2805 2680 2873 approbant
2724 2801 3015 2872 plurimum
3062 2799 3344 2879 magnani-

1758 2898 2036 2963 mitatem,
2071 2911 2135 2951 ac
2170 2895 2293 2950 duci
2328 2896 2665 2950 renuntiant.
2704 2892 3017 2947 Admiratus
3065 2894 3339 2961 pro‘inju-

1759 2990 1859 3044 riis
1902 2989 2041 3044 tanti
2071 2988 2173 3043 sibi
2206 2987 2413 3043 servitii
2446 2988 2621 3041 vicem
2651 2985 2902 3051 restitui,
2942 2984 3087 3039 illico
3117 2982 3345 3038 remittit

1758 3098 2037 3139 accessum
2069 3122 2083 3148 ,
2138 3098 2260 3137 cum
2317 3079 2566 3150 ampliori
2615 3080 2789 3150 gratia
2842 3078 3073 3133 reddens
3121 3076 3343 3141 ornuia,

1757 3191 1880 3245 qua:
1928 3191 2024 3231 sua
2082 3173 2322 3229 fuerunt.
2371 3172 2575 3226 Bellum
2625 3171 2767 3241 quod
2815 3170 3054 3226 Instabat
3092 3168 3346 3224 crastinze

1757 3267 1893 3323 lucis
1938 3267 2039 3323 sub
2084 3275 2312 3331 exortu,
2354 3263 2525 3317 nuntii
2568 3260 2811 3332 praedicti
2857 3260 3149 3332 provinciae
3191 3258 3346 3313 ducis

1757 3357 1981 3413 Roberti
2001 3398 2016 3423 ,
2046 3366 2207 3412 noctu
2238 3365 2365 3410 ante
2395 3354 2694 3419 venientes,
2719 3352 3013 3418 dirimunt;
3038 3350 3127 3421 jus
3159 3350 3345 3404 ﬁdem-

1758 3465 1863 3521 que
1904 3464 2117 3504 sacram
2150 3448 2405 3503 obtestati
2439 3456 2499 3501 ut
2528 3446 2596 3500 ab
2627 3445 2795 3499 armis
2822 3444 3131 3505 discedant,
3174 3451 3227 3495 et
3259 3441 3344 3512 ju-

1756 3542 1957 3597 diciqu
1988 3540 2143 3606 belli,
2174 3540 2341 3594 curiae
2369 3555 2479 3594 sure
2508 3544 2827 3606 exspectent
2861 3534 3185 3589 deﬁnitioni.
3232 3533 3334 3586 Ita-

1758 3650 1863 3706 que
1887 3649 2011 3704 pars
2034 3640 2295 3703 utraque,
2323 3646 2387 3685 ac
2410 3637 2600 3685 neutra
2627 3627 2873 3697 superior
2899 3626 3070 3680 altera
3096 3622 3343 3679 discessit

1758 3728 1828 3782 ab
1880 3741 2156 3780 armorum
2210 3723 2530 3787 exeisione,
2591 3721 2772 3776 divina
2831 3719 2932 3775 sibi
2997 3716 3339 3789 providentia

1758 3817 1963 3892 iigntim
1999 3817 2126 3872 illud
2166 3816 2235 3871 ad
2281 3830 2443 3871 omne
2480 3830 2617 3884 opus
2655 3813 2856 3869 bonum
2900 3812 3029 3866 utile
3056 3824 3345 3867 conserva-

1758 3910 1870 3965 bal.
1932 3909 2157 3965 Nolebat
2205 3923 2452 3963 summus
2502 3904 2712 3961 Artifex
2761 3903 3018 3959 violentia
3068 3896 3347 3957 saecularis

1755 4019 1898 4057 aura:
1919 4003 2028 4072 jam
2058 4001 2179 4073 plus
2209 4000 2337 4055 illud
2368 3997 2695 4067 distorqueri
2717 4038 2731 4064 ,
2763 4005 2858 4050 aut
2888 3993 3241 4050 infructuosis
3267 3989 3344 4044 af-

1754 4093 2142 4150 fectationibus
2172 4090 2568 4148 exbumectari.
2902 4096 2907 4103 ‘

1826 4187 1965 4242 Vita:
1994 4185 2152 4256 hujus
2174 4183 2580 4255 joeundissimo
2608 4189 2751 4236 statu
2784 4194 2957 4234 annos
2989 4178 3075 4232 ille
3099 4177 3213 4247 jam
3251 4189 3347 4228 ex-

1754 4287 1996 4334 cesserat
2034 4276 2253 4347 triginta
2295 4284 2499 4346 septem
2521 4314 2534 4337 ,
2582 4288 2703 4327 cum
2736 4271 2949 4324 tandem
2984 4269 3166 4324 divino
3199 4276 3343 4321 metu

1754 4371 2011 4428 succendi
2070 4383 2255 4423 amore
2318 4381 2473 4421 mens
2502 4365 2647 4420 illius
2708 4362 2873 4432 erepit
2930 4371 2981 4416 et
3034 4360 3103 4416 ab
3158 4372 3347 4413 amore

1753 4463 1940 4519 mundi
1972 4473 2278 4532 tepescere,
2310 4458 2623 4527 sensimque
2654 4456 2706 4510 in
2735 4454 2852 4510 dies
2894 4452 3221 4526 frigescere,
3272 4450 3343 4506 ab

1752 4553 2113 4611 exterioribus
2157 4551 2372 4607 oculum
2432 4548 2619 4605 cordis
2678 4556 3001 4603 convertens
3039 4546 3105 4601 ad
3149 4560 3207 4600 se
3253 4543 3340 4615 ip-

1753 4663 1905 4715 sum;
1944 4647 2056 4701 ibat
2084 4644 2422 4715 frequentius
2451 4643 2517 4698 ad
2549 4641 2869 4705 ecclesiam,
2902 4640 3095 4695 orabat
3121 4638 3343 4702 devote,

1752 4758 1817 4797 ac
1841 4756 1983 4810 szepe
2012 4738 2401 4809 prorumpebat
2429 4737 2482 4792 in
2524 4735 2823 4807 lacrymas,
2853 4733 3059 4787 ludicra
3093 4746 3150 4787 re
3192 4728 3346 4786 omni

1751 4831 2109 4903 omissa;jam
2142 4831 2320 4886 minus
2350 4829 2613 4899 frequens
2643 4836 2761 4882 erat
2796 4826 2849 4881 in
2889 4825 3072 4890 curia,
3104 4838 3210 4893 qua
3240 4821 3346 4876 hoc

1750 4926 1866 4982 solo
1909 4927 2267 4990 retinebatur,
2318 4922 2465 4995 quod
2504 4920 2703 4991 praedia
2743 4935 2837 4974 sua
2887 4920 2998 4974 Deo
3040 4931 3221 4971 secum
3263 4911 3349 4965 lu-

1753 5019 1898 5075 crari
1948 5019 2263 5084 satagebat;
2316 5014 2461 5086 quod
2512 5024 2568 5068 et
2616 5013 2853 5069 obtinuit
2902 5021 3233 5077 extorquens
3280 5019 3344 5059 ea

1752 5112 1861 5168 sibi
1900 5128 1929 5168 a
1984 5112 2206 5167 domino
2259 5125 2358 5165 suo
2406 5107 2575 5163 multa
2618 5107 2874 5161 instantia
2922 5102 3147 5158 servitii.
3187 5099 3345 5166 Szepe

1750 5203 1852 5260 sub
1881 5203 2025 5258 diem
2068 5201 2430 5275 pernoctabat
2467 5216 2634 5255 orans
2673 5198 2726 5252 in
2764 5195 3034 5259 ecclesiis,
3081 5203 3136 5246 et
3181 5205 3340 5245 mane

1752 5297 1961 5365 primus
1990 5295 2042 5349 in
2068 5295 2218 5351 curia
2248 5309 2434 5350 coram
2464 5293 2684 5356 aderat,
2718 5291 2785 5345 ad
2816 5302 3058 5343 mensam
3094 5282 3340 5347 Domini,

1752 5388 1879 5459 quia
1921 5388 2064 5442 inter
2102 5386 2311 5443 sodales
2345 5384 2735 5457 parcimoniam
2798 5393 3055 5435 exercere
3090 5375 3339 5442 volebat,

1754 5480 2048 5550 multisque
2078 5478 2459 5534 adinveniebat
2490 5472 2891 5545 impedimentis
2926 5469 3143 5525 absens.
3185 5467 3342 5537 Saepe

1756 5580 1925 5626 totum
1948 5571 2170 5644 jejuniis
2210 5569 2546 5639 transigebat
2576 5565 2752 5631 diem,
2792 5565 2845 5619 in
2876 5562 3064 5627 armis,
3104 5563 3157 5615 in
3190 5560 3340 5615 cultu

1755 5663 2019 5733 corporis,
2060 5678 2166 5717 non
2213 5662 2352 5717 idem
2400 5659 2640 5715 studium
2688 5655 2830 5728 quod
2867 5655 3043 5726 prius,
3093 5653 3227 5709 satis
3259 5652 3341 5706 in-

1755 5756 1969 5812 dicabat
2005 5754 2412 5812 altercationem
2454 5749 2617 5805 animi
2657 5750 2824 5815 illius,
2853 5764 3013 5820 quam
3051 5747 3223 5802 adhuc
3254 5760 3337 5800 se-
