3886 6292
531 358 635 413 699

1443 328 1445 330 ’
1494 348 1586 404 AD
1621 347 1846 406 OPERA
1884 343 1942 398 Β.
1987 338 2376 397 LANFRANCI
2422 334 2786 393 APPENDIX.
3668 337 3745 391 an

535 467 610 518 ria
647 461 1078 519 dissimulatione
1113 461 1346 516 celabat.
1397 459 1715 530 Augebatur
1746 472 1921 520 meus,
1962 465 2018 510 et
2063 455 2118 508 iu
2154 459 2196 514 A
2241 451 2446 506 duntur
2479 449 2708 506 crimina
2750 462 2868 518 quae
2914 446 3134 514 humili,
3169 457 3224 503 et
3271 445 3554 502 sufﬁcienti
3583 448 3748 506 ratione

530 556 684 626 plura
715 554 1110 625 cogitationum
1139 552 1536 608 deliberatione
1564 550 1996 612 distrahebatur;
2026 547 2119 599 mi-

533 649 662 704 litim
693 662 756 702 ac
778 659 991 702 caetera:
1018 645 1300 702 smcularis
1336 644 1414 698 rei
1453 659 1608 698 usum
1643 643 1948 712 relinquere
1973 655 2122 694 sum-

529 753 614 793 ma
658 747 780 792 erat
811 736 943 792 voti.
979 735 1177 792 Verum
1222 751 1329 806 quo
1371 749 1433 790 se
1485 734 1804 798 conferret,
1845 731 1987 802 quod
2036 731 2119 784 vi-

527 827 684 884 vendi
708 843 880 898 genus
892 837 1213 888 assumeret.
1234 826 1536 898 ignorabat.
1563 826 1736 882 llarus
1763 825 1816 880 iu
1839 823 2122 878 Northtua-

529 919 617 974 nia
643 928 774 976 tunc
803 919 939 976 recti
975 920 1208 975 tramitis-
1237 919 1393 974 iudex
1413 960 1427 982 ,
1452 928 1546 973 aut
1587 917 1804 987 pervius
1845 923 1994 981 erat,
2030 929 2134 970 sa-.

526 1013 784 1068 ecrdotes
827 1027 892 1068 ac
931 1012 1131 1067 summi
1181 1012 1469 1081 poutiliees
1508 1009 1660 1065 liberi
1702 1009 2014 1080 conjugati,
2065 1017 2122 1063 et

528 1119 682 1160 arma
716 1113 1028 1175 portantes,
1055 1113 1114 1158 ut
1151 1103 1273 1158 laici
1318 1111 1502 1169 erant,
1536 1114 1783 1158 veterum
1809 1101 1914 1155 ritu
1946 1101 2121 1155 Dano-

528 1211 648 1250 rum
691 1195 967 1263 universi,
1009 1197 1187 1252 adlmc
1234 1195 1516 1260 vivebant,
1557 1195 1676 1260 sed,
1714 1195 1855 1251 sicut
1892 1193 2114 1263 spiritus

530 1289 620 1341 ubi
653 1289 758 1342 ruit
792 1289 959 1360 spirat
1007 1289 1192 1356 (Joan.
1227 1304 1284 1342 tu
1309 1329 1324 1354 ,
1352 1288 1432 1356 8),
1470 1289 1542 1343 ita
1585 1303 1744 1358 quem
1777 1287 1981 1356 aspirat
2027 1301 2122 1340 un-

528 1381 640 1434 t-tio
681 1381 796 1450 ejus
840 1381 986 1434 (locet
1027 1381 1091 1434 de
1133 1381 1373 1434 erunibus
1404 1379 1456 1444 (I
1487 1379 1649 1434 Joau.
1685 1396 1753 1442 ιι,
1783 1379 1896 1440 27).
1941 1379 2116 1432 Abre-

529 1472 786 1526 nuntians
816 1488 942 1543 ergo
971 1471 1202 1537 militias,
1221 1471 1307 1525 vili
1341 1481 1652 1542 legumento
1679 1471 1918 1535 indutus,
1950 1469 2117 1524 barba

525 1573 576 1616 ct
631 1564 783 1618 crine
831 1566 1108 1627 intonsus,
1163 1564 1306 1618 inter
1355 1564 1562 1618 aulicos
1611 1579 1674 1618 ea
1735 1563 1950 1633 quidem
1994 1563 2114 1627 diu,

530 1671 635 1724 qua
661 1657 919 1721 diximus,
946 1657 1243 1711 intentione
1275 1656 1500 1711 servivit
1522 1656 1766 1710 exiturus
1789 1656 1857 1709 ab
1886 1655 2118 1726 [Egypto

531 1763 698 1802 verus
751 1747 840 1802 ille
883 1747 1174 1815 Hebraeus,
1231 1763 1295 1802 ea
1334 1746 1591 1802 videlieet
1643 1746 1953 1801 transiliens
1999 1762 2118 1814 qua:

2227 551 2428 598 cuneta
2464 543 2744 612 purgando
2794 539 3136 605 removebat,
3177 539 3268 610 qui
3310 539 3365 594 in
3407 553 3472 594 eo
3513 537 3658 608 iudici
3690 539 3746 595 re-

2224 635 2529 705 spondebat
2577 635 2815 705 Spiritus
2848 633 2972 700 Dei,
3022 635 3204 689 tacitis
3254 633 3398 687 unde
3437 631 3592 701 iudex
3613 636 3748 702 potius

2223 734 2344 780 erat
2398 725 2657 792 infestus,
2711 725 2816 780 alia
2868 725 3116 793 quaedam
3168 724 3411 779 admissa
3455 723 3746 791 intendebat,

2223 819 2405 874 sciens
2441 819 2546 874 iste
2561 818 2693 889 quid
2721 818 2916 873 lateret
2958 817 3011 872 in
3055 815 3253 872 fundo:
3297 833 3317 868 ι
3352 830 3472 886 quae
3500 831 3608 871 mea
3629 831 3748 884 sunt,

2223 909 2434 980 inquit,
2475 909 2603 965 hinc
2638 917 2860 980 accepta
2934 909 3190 962 universa
3238 905 3619 974 distrahantur,
3655 907 3749 963 dum

2222 1002 2590 1072 pauperibus,
2635 1001 2729 1072 qui
2777 1009 3017 1057 vestram
3060 998 3206 1054 nullo
3245 997 3477 1053 crimine
3517 998 3638 1052 iratn
3669 1013 3752 1054 tne-

2224 1102 2491 1162 ruerunt,
2543 1109 2638 1149 sua
2692 1097 3071 1150 restituantur.
3118 1109 3137 1143 ι
3187 1089 3366 1146 Motus
3419 1089 3486 1144 ad
3542 1089 3748 1158 pietatem

2222 1186 2497 1252 dominus,
2529 1202 2690 1258 quem
2733 1187 3021 1242 mundana:
3051 1183 3400 1240 celsitudinis
3441 1183 3602 1238 fastus
3625 1182 3753 1252 pluri-

2224 1295 2372 1335 mum
2405 1279 2720 1346 obtinebat,
2753 1278 2988 1334 adducto
3035 1278 3088 1333 in
3130 1288 3341 1348 partem
3383 1276 3503 1330 viro
3541 1275 3754 1345 perquisi-

2223 1371 2297 1424 vit
2320 1372 2487 1426 animi
2522 1380 2728 1427 tantam
2756 1369 3244 1427 commutationem
3262 1410 3276 1433 ,
3301 1378 3359 1423 et
3383 1368 3540 1423 ﬁnem
3558 1368 3750 1422 consilii:

2222 1463 2318 1517 Cui
2362 1463 2550 1534 paucis
2584 1465 2676 1518 ille
2716 1463 2900 1520 verbis
2929 1478 3052 1518 cum
3086 1461 3272 1516 multis
3303 1460 3556 1531 lacrymis
3582 1475 3756 1531 respon-

2221 1557 2330 1611 dit:
2369 1575 2386 1608 t
2418 1556 2689 1614 Saeculum
2739 1556 3002 1619 amando,
3051 1564 3108 1609 et
3160 1548 3264 1610 tibi
3303 1555 3664 1624 obsequendo,
3699 1556 3756 1608 ni-

2220 1649 2386 1703 mium
2432 1648 2631 1714 Deum,
2662 1631 2728 1704 ac
2758 1665 2844 1704 me
2887 1649 3066 1720 ipsum
3098 1649 3365 1703 hactenus
3394 1647 3632 1718 neglexi:
3669 1663 3757 1715 qm:

2220 1743 2466 1812 corporis
2510 1752 2668 1797 erant
2696 1741 2865 1796 cultui
2898 1729 3123 1797 omnino
3158 1742 3431 1804 intentus,
3464 1740 3649 1795 nullam
3674 1743 3756 1794 ani-

532 1849 848 1900 transeunt.
882 1855 946 1894 ac
981 1839 1128 1894 omni
1172 1840 1462 1894 conamine
1500 1855 1558 1893 se
1607 1839 1903 1892 extendens
1953 1837 2006 1891 in
2051 1853 2116 1892 ea
2151 1831 2188 1888 Β
2221 1849 2322 1889 ma:
2376 1851 2509 1890 meae
2551 1835 2912 1891 eruditionem
2964 1835 3183 1905 accepi;
3246 1843 3574 1904 quapropter
3611 1849 3759 1903 precer

527 1946 647 1999 qua:
684 1939 906 1984 externa
936 1932 1210 1996 existunt,
1241 1932 1308 1984 ab
1355 1931 1436 1984 eis
1479 1931 1567 1998 qtti
1615 1932 1970 1984 remanebant
1999 1946 2117 1982 Illu-

531 2033 736 2076 tuatum
771 2023 822 2077 in
871 2041 1006 2095 opus
1041 2025 1132 2078 Dei
1173 2034 1458 2093 asportare
1493 2023 1796 2078 conabatur
1826 2023 1954 2092 quid
1995 2038 2114 2092 prc-

527 2115 720 2169 tiosum
754 2124 1000 2184 poterat,
1036 2117 1146 2186 jam
1197 2115 1402 2169 domini
1446 2116 1527 2169 sui
1563 2115 1720 2169 laetus
1761 2115 2005 2169 assidens
2044 2116 2110 2169 ad

535 2224 808 2273 mensam,
840 2209 984 2262 inter
1017 2208 1364 2263 multimodas
1392 2207 1598 2278 epulas,
1628 2217 1682 2262 et
1709 2214 2078 2262 comessantes
2097 2248 2111 2271 ,

525 2315 664 2370 pane
704 2301 966 2371 asperiori
1020 2301 1343 2356 vescebatur
1391 2308 1446 2355 et
1494 2314 1662 2370 aqua;
1713 2290 1997 2352 ridebatur
2045 2298 2113 2352 ab

524 2391 819 2457 universis,
878 2391 1129 2446 amentiae
1170 2391 1429 2460 quidquid
1479 2390 1671 2460 agebat
1725 2389 2110 2458 reputabatur;

525 2482 706 2544 ruinis,
752 2482 1058 2552 promissis,
1098 2479 1338 2549 injuriis,
1372 2480 1563 2536 «illiciis
1609 2481 1859 2534 dominus
1895 2487 1950 2533 et
1997 2478 2116 2530 titti-

526 2571 670 2624 versi
723 2572 990 2626 satellites
1022 2571 1099 2625 nil
1146 2578 1397 2640 poterant
1441 2586 1470 2624 a
1517 2570 1795 2640 proposito
1845 2583 1944 2623 suo
1989 2583 2112 2622 eum

525 2671 770 2718 avertere
804 2669 1103 2726 conantes;
1139 2661 1458 2715 mittebatur
1485 2659 1650 2713 homo
1677 2657 1804 2712 olim
1847 2657 2114 2711 universis

525 2754 941 2824 acceptissimus
971 2768 1114 2822 sape
1145 2767 1372 2806 numero
1417 2751 1484 2804 ad
1527 2751 1740 2812 curias,
1773 2748 1967 2804 sedens
2007 2746 2113 2802 asi-

525 2854 654 2897 num
674 2884 688 2908 ,
725 2859 931 2898 maror
955 2857 1020 2897 ac
1041 2843 1189 2897 risus
1218 2841 1450 2896 diversis
1483 2841 1592 2912 quo
1615 2839 1935 2894 adveniebat
1953 2879 1969 2904 ,
2001 2853 2116 2893 ser-

526 2935 786 2990 vitiorum
817 2934 1035 3004 quidem
1064 2933 1430 3005 gratiositate,
1465 2934 1590 3003 quia
1617 2933 1890 2988 metuebat
1914 2930 2112 2987 saeculo

526 3026 761 3093 irrctiri,
789 3042 890 3082 nec
921 3024 1166 3096 equitare
1189 3025 1300 3094 jam
1330 3026 1546 3081 volebat
1573 3025 1840 3080 asiuando
1869 3023 2132 3079 serviens

525 3121 745 3175 domino
777 3162 790 3184 ,
841 3122 959 3176 sine
1008 3121 1161 3192 cujus
1205 3123 1470 3191 permissu
1530 3121 1807 3175 discedere
1865 3119 2103 3174 nolebat.
2145 3180 2185 3204 η

2226 1925 2270 1980 si
2295 1926 2426 1995 quid
2456 1942 2693 1996 unquam
2731 1927 2869 1981 bene
2900 1927 3072 1980 merui
3104 1941 3136 1981 a
3169 1929 3257 1992 te‘,
3290 1927 3453 1982 liceat
3499 1926 3612 1979 vita:
3651 1928 3760 1995 quod

2225 2029 2475 2088 superest
2530 2020 2584 2074 in
2638 2019 2974 2075 ttionasterio
3027 2001 3295 2090 transigis
3331 2019 3495 2075 Salvo
3540 2019 3670 2074 circa
3698 2037 3762 2072 me

2219 2124 2405 2164 amore
2447 2120 2569 2177 tuo,
2605 2118 2658 2166 et
2687 2111 2753 2165 da
2785 2109 2995 2165 mecum
3029 2110 3141 2165 Deo
3172 2127 3294 2180 qua:
3330 2111 3518 2167 habui.
3553 2130 3570 2162 ι
3598 2111 3762 2166 Habita:

2215 2201 2304 2256 diu
2329 2201 2845 2280 delibera-tioniﬁnis
2876 2204 2980 2258 iste
3030 2205 3310 2270 consedit;
3344 2205 3510 2260 corde
3539 2205 3588 2259 in
3619 2204 3759 2273 lacry-

2208 2284 2320 2348 mis
2349 2295 2624 2350 concitato
2671 2297 2944 2352 sustinere
2971 2299 3160 2368 nequit
3191 2298 3283 2354 ille
3314 2297 3543 2352 ulterius
3577 2295 3758 2366 loquen-

2220 2395 2325 2441 tem
2348 2428 2362 2452 ,
2403 2388 2606 2459 abripit
2643 2405 2703 2444 se
2734 2390 2788 2444 in
2818 2405 3116 2446 cameram.
3171 2389 3356 2445 Pietas
3385 2390 3612 2444 humana
3647 2389 3690 2442 in
3714 2403 3764 2442 eo

2218 2481 2382 2534 inulta
2415 2490 2534 2534 erat
2567 2481 2711 2536 circa
2751 2481 2900 2536 illum
2942 2484 3172 2538 militem
3210 2498 3407 2546 suum,
3440 2481 3604 2536 multa
3637 2488 3683 2535 et
3704 2481 3762 2533 illi

2216 2571 2360 2626 circa
2399 2573 2709 2627 Dominum.
2742 2573 2822 2629 Ac
2853 2574 2939 2628 vix
2970 2576 3037 2630 ab
3069 2591 3134 2630 eo
3170 2574 3488 2629 missionem
3531 2572 3765 2642 requirere

2215 2662 2472 2728 valebat,
2527 2664 2621 2720 sed
2679 2665 3006 2735 prmvalebat
3064 2667 3224 2740 fortis
3280 2674 3342 2720 ut
3397 2679 3549 2719 mors
3590 2661 3765 2717 dilectio

2219 2754 2398 2832 (Cant.
2443 2773 2570 2822 vut,
2603 2757 2679 2827 6).
2729 2758 2970 2813 Tandem
3013 2758 3332 2829 gratissimo
3372 2756 3558 2811 clienti
3592 2755 3762 2825 expeti-

2221 2854 2329 2898 tam
2375 2848 2658 2912 concedit,
2697 2857 2805 2903 tam
2849 2850 2930 2903 sui
2968 2866 3131 2919 quam
3178 2864 3402 2904 suorum
3441 2849 3669 2904 omniurn
3703 2845 3763 2898 fa-

2219 2937 2512 3006 cultatem,
2555 2956 2716 3010 quem
2749 2949 2979 2997 eatenus
3014 2949 3074 2996 ut
3103 2942 3242 2998 bene
3275 2939 3656 3010 obsequentem
3685 2937 3765 2990 sibi

2217 3041 2524 3098 amaverat,
2549 3033 2662 3103 jam
2691 3034 2858 3104 erepit
2883 3048 3071 3088 amare
3099 3042 3159 3088 ut
3189 3032 3504 3096 dominum,
3537 3045 3598 3086 ac
3629 3029 3768 3083 libens

2218 3123 2627 3192 obsequebatur
2677 3123 2752 3178 illi
2793 3124 2978 3195 plures
3025 3126 3177 3190 dies,
3213 3125 3388 3180 multo
3432 3138 3556 3178 cum
3601 3122 3768 3176 honore

525 3213 591 3266 Et
621 3214 746 3282 quia
779 3229 877 3284 pro
905 3213 1016 3268 Deo
1049 3215 1292 3280 abjcctus
1319 3230 1440 3269 esse
1477 3229 1814 3283 nequaquam
1861 3212 2107 3278 erubuit;
2141 3205 2185 3242 υ
2221 3214 2501 3269 detentum
2533 3215 2676 3286 apud
2707 3231 2767 3271 se
2793 3216 2972 3271 debita
3004 3216 3423 3272 honoriﬁcentia
3451 3230 3564 3270 rem
3583 3211 3766 3276 sit,,di-

521 3321 630 3360 nec
678 3304 820 3360 Deus
857 3305 1006 3360 illum
1049 3306 1398 3371 erubescens,
1438 3320 1601 3375 super
1649 3315 1850 3360 terram
1895 3318 2112 3374 quoque

531 3395 923 3464 atnplissimam
957 3397 1028 3452 illi
1066 3398 1301 3452 restituit
1333 3398 1526 3452 vicem.

593 3487 788 3542 Comes
827 3488 1164 3543 Gislebertus
1201 3489 1266 3543 de
1301 3486 1579 3556 cujusdam
1617 3486 1991 3556 compatriota:
2015 3484 2099 3540 sui

527 3579 727 3633 damno
766 3597 954 3651 agens,
997 3582 1138 3652 quod
1189 3584 1239 3635 iu
1289 3581 1434 3635 illius
1474 3580 1729 3651 vergebat
1768 3578 2066 3649 perniciem
2093 3618 2108 3643 ,

525 3671 594 3724 ad
636 3670 934 3740 principem
971 3671 1342 3727 Northmaniaz
1378 3671 1710 3732 Robertum,
1757 3668 1912 3736 cujus
1955 3667 2111 3737 quid-

523 3761 655 3828 quid
701 3775 866 3830 super
909 3762 1013 3816 hoc
1053 3763 1314 3832 agebatur
1364 3762 1656 3825 intererat,
1703 3759 1961 3828 praedicto
1994 3758 2111 3812 viro

523 3850 628 3905 hac
658 3851 724 3906 de
751 3867 808 3907 re
845 3852 1102 3922 imposuit
1131 3853 1511 3923 allegationctn
1537 3868 1552 3916 ;
1584 3859 1639 3904 at
1677 3850 1761 3904 vir
1791 3850 1940 3919 pacis
1969 3847 2111 3903 ferre

521 3943 788 4000 damnosa
838 3945 1000 4000 alicui
1049 3946 1491 4001 machinamenta
1549 3944 1765 4014 penitus
1813 3943 2107 3996 recusavit.

520 4034 739 4090 Perstat
764 4037 1014 4093 dominus
1038 4037 1090 4092 in
1114 4040 1384 4092 sententia
1416 4037 1641 4092 hortans
1662 4045 1715 4090 et
1746 4035 2108 4101 comminans,

520 4137 578 4180 ut
609 4129 772 4184 homo
801 4129 900 4185 sibi
942 4131 1166 4186 intimus
1193 4131 1422 4186 verbum
1470 4129 1681 4184 consilii
1719 4128 1799 4184 sui
1830 4129 1896 4182 ad
1935 4128 2110 4184 domi-

518 4233 650 4272 nttm
682 4235 839 4275 suum
871 4221 1222 4291 perferendo,
1275 4221 1500 4276 referat.
1533 4221 1729 4292 Agitur
1767 4230 1824 4276 ut
1863 4221 1978 4292 jam
2023 4236 2112 4277 os-

517 4313 706 4367 tendat
751 4313 908 4369 miles
948 4315 1016 4370 ad
1069 4323 1249 4370 utrum
1294 4313 1426 4370 libet
1471 4315 1716 4385 positus,
1769 4314 1856 4368 cui
1903 4314 2110 4370 servire

517 4415 785 4470 superno,
831 4420 902 4458 an
951 4415 1169 4460 terreno
1213 4405 1433 4460 domino
1501 4404 1671 4460 malit.
1723 4404 1826 4459 Sed
1879 4420 2002 4458 mox
2053 4413 2111 4457 ut

516 4496 737 4565 superni
787 4511 949 4552 causa
997 4498 1211 4552 Domini
1261 4497 1482 4566 exegit,
1535 4497 1679 4553 illico
1726 4499 1825 4572 iste
1881 4496 2104 4560 itinera,

2219 3306 2352 3361 tioni
2407 3307 2575 3380 illius,
2624 3323 2690 3362 ac
2740 3309 2967 3366 servitio
3013 3309 3239 3364 tradens
3285 3305 3551 3378 quidquid
3594 3304 3768 3374 paterni

2214 3397 2354 3470 juris
2421 3398 2695 3454 habebant
2741 3400 2940 3456 fratres
2986 3402 3111 3467 sui,
3162 3399 3256 3471 qui
3307 3399 3501 3454 eadem
3547 3394 3770 3466 dignitate

2213 3491 2379 3560 geniti
2399 3506 2556 3560 pares
2573 3493 2893 3547 exstiterant
2907 3492 3032 3560 sibi,
3047 3493 3173 3563 quia
3190 3492 3424 3562 dignior,
3438 3499 3496 3546 et
3517 3504 3634 3544 vera
3651 3487 3768 3541 nobi-
3862 3559 3863 3564 γ

2213 3581 2365 3635 litate
2377 3584 2688 3653 generosior
2704 3584 2974 3654 germanis
2989 3583 3353 3649 efﬁciebatur,
3375 3582 3502 3653 jure
3534 3581 3599 3634 ab
3622 3577 3689 3634 eis
3710 3576 3768 3630 illi

2213 3675 2436 3743 subjici,
2469 3692 2569 3730 nec
2599 3676 2878 3746 indignum
2941 3686 3035 3731 aut
3064 3675 3386 3744 injuriosum
3417 3671 3768 3729 aestimabatur.

2287 3767 2541 3822 Protinus
2569 3768 2620 3821 in
2646 3767 2770 3822 villa
2793 3783 2914 3837 quae
2939 3768 3145 3823 dicitur
3169 3765 3507 3830 Buruevilla,
3524 3771 3772 3818 exstruen-

2214 3860 2341 3913 dum
2389 3859 2615 3914 servitio
2649 3859 2742 3914 Dei
2773 3875 2910 3929 opus
2938 3859 3170 3930 arripuit
3196 3873 3304 3913 non
3349 3871 3613 3926 parvum,
3649 3849 3771 3906 breri

2213 3961 2533 4022 peractum;
2570 3952 2687 4022 ipse
2732 3968 2838 4006 nou
2880 3951 3056 4007 solum
3103 3951 3256 4022 operi
3299 3947 3657 4020 praesidebat,
3696 3941 3772 3997 sed

2215 4059 2352 4108 opus
2400 4044 2574 4114 ipsum
2621 4043 2930 4110 efﬁciebat,
2967 4053 3168 4098 terram
3214 4042 3453 4108 fodiens,
3490 4040 3678 4096 fossam
3711 4034 3771 4089 ef-

2215 4135 2419 4201 ferens,
2453 4135 2680 4206 lapides,
2707 4135 2991 4202 sabulum,
3031 4121 3346 4206 calcemque
3381 4132 3622 4190 humeris
3655 4143 3772 4184 eont-

2215 4234 2480 4295 portans,
2530 4242 2595 4282 ac
2633 4241 2697 4282 ea
2745 4228 2799 4283 in
2847 4227 3113 4297 parietem
3163 4227 3395 4297 ipsemet
3441 4234 3770 4294 componens;

2216 4317 2417 4386 quibus
2455 4317 2545 4372 alii
2591 4318 3084 4382 horishaberant,
3145 4319 3262 4389 ipse
3310 4316 3640 4387 congerebat
3678 4327 3774 4380 qua:
3859 4305 3863 4324 ⁴

2214 4409 2281 4462 ad
2309 4425 2444 4479 opus
2473 4409 2850 4480 exigebantur,
2875 4410 3169 4466 excludens
3196 4409 3370 4464 otium
3396 4409 3466 4462 ab
3487 4406 3631 4462 etnni
3651 4409 3775 4474 parte

2214 4501 2343 4556 diei.
2383 4500 2598 4568 Quanto
2644 4503 2888 4558 vanitate
2921 4503 3126 4558 tumida
3157 4502 3286 4556 olim
3317 4501 3624 4564 delicatior,
3654 4505 3774 4552 tanto

515 4602 626 4656 (1υο
683 4588 784 4644 δυΙ)
842 4589 1049 4644 ιθιτθηί
1097 4587 1323 4643 servulo
1361 4589 1564 4644 domini
1617 4569 1987 4651 relillébalur.
2011 4585 2110 4640 ab-
2147 4569 2187 4622 θ
2217 4609 2346 4647 vera
2376 4593 2687 4649 humilitate
2710 4611 2856 4649 nunc
2882 4595 2949 4648 ad
2979 4609 3198 4650 onmem
3228 4593 3436 4659 laboris
3467 4589 3774 4648 tolerantiam

519 4679 687 4747 rupit.
727 4677 995 4733 Abdicata
1027 4678 1252 4733 omnino
1288 4679 1556 4750 legatione
1588 4680 1819 4736 discedit
1861 4695 1891 4732 a
1931 4677 2104 4732 curia.

519 4768 660 4834 Quin
696 4779 878 4826 tamen
923 4772 1026 4826 iret
1069 4787 1254 4828 comes
1278 4772 1613 4830 Gislebertus
1653 4772 1962 4828 nullomodo
1997 4771 2106 4826 dis-

521 4864 754 4918 credens
781 4873 903 4933 post
940 4863 1051 4937 34
1093 4882 1294 4936 paucos
1338 4868 1453 4924 dies
1482 4867 1690 4923 curiam
1733 4867 1856 4932 ivit,
1905 4865 2108 4919 rescire

524 4953 712 5009 volens
754 4956 884 5025 quid
923 4959 1030 5012 dux
1083 4961 1465 5030 responderet;
1513 4976 1701 5015 verum
1747 4968 1805 5014 ut
1854 4959 2109 5028 cognovit

517 5047 588 5102 ad
611 5062 732 5102 cum
766 5065 868 5104 non
906 5049 1072 5108 fuisse
1106 5055 1406 5122 perlatum,
1436 5052 1692 5138 eﬁ'eratus
1730 5053 1783 5106 in
1833 5051 1982 5105 illum
2018 5050 2104 5105 cui

520 5151 885 5209 imposuerat,
921 5145 1145 5200 mandat
1190 5145 1384 5202 abduci
1416 5144 1678 5215 quidquid
1709 5143 1978 5199 habebant
2022 5143 2120 5225 ille

519 5241 575 5287 et
604 5235 708 5288 sui.
745 5236 1014 5295 Continuo
1042 5241 1389 5311 abripiuntur
1413 5238 1596 5293 omnia
1627 5253 1723 5294 sua
1742 5279 1756 5304 ,
1787 5253 1888 5292 nec
1917 5246 2071 5292 curat
2097 5253 2110 5302 ;

520 5336 806 5384 vastantur
831 5347 1048 5404 qu0que
1077 5348 1343 5404 pauperes
1366 5331 1478 5397 sui,
1514 5331 1655 5386 unde
1683 5346 1790 5385 non
1814 5345 1978 5400 parva
2006 5331 2108 5385 sol-

520 5417 765 5478 licitatur
796 5438 960 5491 cura;
994 5439 1297 5494 pauperum
1341 5438 1472 5494 ergo
1518 5424 1872 5477 transmissus
1916 5431 2106 5491 questu

518 5520 575 5567 et
615 5503 1051 5586 l:.ct'ytnis,'post
1081 5532 1248 5584 parva
1280 5516 1490 5571 dierqu
1526 5514 1808 5570 intervalla
1843 5517 2000 5572 rediit
2043 5519 2108 5570 ad

521 5604 804 5660 dominum
823 5647 838 5672 ,
867 5608 1180 5678 nullamque
1211 5609 1292 5664 sui
1329 5625 1512 5664 curant
1541 5625 1738 5680 gerens
1767 5610 1873 5680 egit
1904 5609 2109 5680 suppli-

523 5686 661 5781 citer
710 5716 936 5754 causam
972 5701 1345 5770 innoxiorum;
1381 5703 1682 5758 accersitur
1715 5705 1988 5772 negotium
2035 5714 2088 5759 to

527 5789 634 5846 tius
683 5791 883 5858 curia),
925 5795 1192 5852 acerrime
1234 5797 1285 5852 in
1334 5812 1554 5852 causam
1597 5796 1899 5852 deducitur.
1941 5795 2113 5852 lutcu-

2219 4695 2442 4756 propter
2476 4685 2646 4741 Deum
2675 4687 2990 4756 patientior.
3021 4685 3212 4741 Cibum
3241 4693 3441 4754 praeter
3479 4683 3668 4754 quibus
3691 4693 3774 4734 non

2218 4776 2348 4832 licet
2373 4778 2586 4842 diebus,
2617 4778 2788 4834 semel
2830 4778 3166 4849 accipiebat,
3209 4792 3312 4833 nec
3357 4777 3709 4848 exquisitum,
3735 4779 3779 4824 et

2216 4882 2381 4938 parce
2407 4868 2562 4934 satis,
2595 4868 2815 4940 expleto
2843 4884 2968 4923 cum
2999 4869 3088 4924 die
3126 4883 3292 4938 opere
3324 4884 3447 4924 suo.
3483 4867 3551 4922 Et
3575 4866 3689 4937 quia
3715 4863 3777 4915 in-

2223 4961 2396 5016 terdiu
2430 4963 2719 5032 nequibat,
2763 4962 3055 5018 ediscendo
3090 4961 3350 5032 psalterio
3397 4970 3611 5017 noctem
3658 4970 3770 5025 pene

2220 5060 2389 5109 totam
2423 5055 2787 5126 impendebat.
2832 5055 2926 5111 His
2964 5055 3242 5110 exercitiis
3281 5053 3450 5108 multa
3478 5050 3780 5125 jucuuditatc

2215 5145 2574 5201 exercebatur
2608 5161 2779 5202 novus
2812 5147 2916 5200 tiro
2950 5145 3180 5202 Christi.

2286 5238 2467 5294 Prima
2500 5239 2803 5295 litterarum
2828 5239 3095 5296 elementa
3119 5239 3347 5307 didicit,
3378 5254 3504 5296 cum
3547 5240 3655 5311 jam
3689 5236 3781 5291 es?-

2213 5341 2384 5390 slcret
2433 5349 2698 5388 annorum
2734 5347 2903 5410 prope
2945 5333 3336 5404 quadraginta,
3373 5342 3430 5388 et
3473 5333 3650 5388 divina
3691 5329 3784 5397 opi-
3859 5323 3863 5338 “

2217 5425 2425 5482 tulaute
2470 5426 2644 5496 gratia
2689 5441 2754 5481 eo
2802 5440 2973 5494 usque
3021 5425 3326 5495 processit,
3371 5434 3432 5480 ut
3470 5425 3636 5480 etiam
3675 5421 3784 5492 ipsis

2221 5533 2466 5589 apprime
2507 5519 2740 5575 eruditis
2770 5519 3158 5589 grammatica,
3192 5519 3245 5574 in
3273 5518 3612 5589 exponendis
3635 5531 3692 5570 ac
3715 5513 3782 5566 iu-

2224 5611 2529 5682 telligendis
2556 5610 2861 5665 divinarum
2892 5609 3302 5678 Scripturarum
3343 5609 3665 5670 sententiis,
3698 5621 3784 5658 tne-

2228 5705 2330 5758 rito
2376 5703 2672 5758 haberetur
2702 5701 3072 5767 admirabilis;
3119 5701 3260 5772 quod
3283 5742 3296 5761 .
3330 5711 3390 5755 tit
3416 5700 3588 5756 solius
3620 5697 3787 5772 divitne

2221 5796 2403 5868 gratia
2435 5793 2742 5851 efﬁcientia:
2771 5802 2950 5851 actum
2981 5792 3258 5861 credatur,
3290 5793 3581 5849 nocturnis
3611 5797 3788 5847 tantum
