3864 6304
76 379 149 434 70f
842 372 999 429 VITA
1044 373 1103 430 S.
1140 373 1464 433 llERLUlNl
1504 376 1795 437 ABBATIS
1839 382 2209 441 BECCENSIS
2250 386 2455 443 Nil-ill.

3188 394 3293 447 702

78 492 197 549 boris
242 489 360 545 huic
393 490 573 546 studio
613 488 874 550 vacabat,
905 490 1028 557 quia
1061 496 1283 558 propter
1316 489 1602 545 lectionem
1638 501 1681 553 A
1709 496 2043 567 perfringere
2068 498 2384 564 conabatur,
2411 502 2504 555 sed
2529 503 2653 574 lat,
2678 502 2865 575 nunc.]
2890 520 3154 559 eonmnen
3181 504 3299 572 cjrs

74 597 307 652 nunquam
354 582 536 637 diurni
586 581 769 650 operis
827 580 1118 634 intermisit
1179 583 1607 636 exsecutionem.

74 675 166 731 Non
189 673 348 729 solum
397 674 452 728 in
487 674 714 744 cythara
745 672 998 728 confiteri
1039 673 1297 737 Domino,
1327 687 1513 727 verum
1561 682 1616 727 et

76 772 115 822 in
138 766 372 837 psalterio
401 766 591 822 decem
620 766 952 822 chordarum
981 763 1156 835 (Paul.
1187 781 1336 819 χχιιι
1356 806 1370 829 ,
1393 766 1452 835 2)
1476 764 1613 835 psal-

75 862 161 916 lere
194 859 483 931 gestiebat,
543 874 780 930 congrua
835 866 1139 927 letnpotttm
1188 856 1614 924 distributione,

76 967 190 1006 nuiic
220 959 453 1006 attentus
483 952 638 1007 bona:
669 949 904 1014 actioni,
934 965 1080 1004 nunc
1108 948 1352 1005 intentus
1394 949 1614 1005 lectioni

74 1053 202 1112 atque
220 1043 473 1097 orationi.

128 1135 251 1188 Nova
274 1150 462 1190 rursus
489 1134 770 1190 molimina
802 1143 991 1189 contra
1020 1147 1143 1189 eum
1166 1134 1341 1190 hostis
1362 1134 1617 1204 antiquus

76 1229 272 1292 invenit,
299 1228 445 1297 quod
478 1243 753 1306 summum
792 1227 844 1281 in
876 1227 1112 1280 humana
1145 1228 1251 1281 vita
1282 1226 1371 1282 ille
1407 1229 1619 1298 excogi-

78 1329 272 1384 taverat,
316 1319 726 1374 monasterialis
757 1318 1012 1373 videlicet
1052 1318 1262 1373 ordinis
1308 1319 1613 1391 fastigium,

76 1426 183 1478 pene
221 1411 471 1466 dissuasit
512 1412 598 1467 bis
635 1412 1040 1467 occasionibus.
1086 1412 1408 1467 Cmnobium
1447 1415 1617 1483 quod-

76 1503 170 1555 dam
195 1502 316 1556 adiit
359 1504 536 1572 gratia
584 1503 892 1574 inquirendi
931 1504 998 1557 de
1037 1504 1145 1557 vita
1184 1506 1613 1571 monachorum;

77 1593 223 1647 habita
272 1595 561 1659 oratione,
609 1596 842 1651 accessit
892 1596 1041 1651 omni
1088 1612 1212 1650 eum
1269 1598 1571 1652 reverentia
1599 1639 1614 1662 ,

75 1684 210 1740 multo
236 1700 355 1740 cum
386 1688 589 1742 timore
619 1688 686 1742 ad
726 1688 924 1743 ostium
957 1688 1216 1755 claustri,
1246 1688 1395 1745 velut
1424 1692 1490 1745 ad
1530 1706 1617 1745 os-

75 1777 177 1829 tium
211 1778 477 1847 paradisi,
510 1779 1057 1835 desiderantissimus
1103 1782 1247 1835 scire
1286 1782 1377 1850 qui
1424 1797 1616 1836 mona-

1712 604 1874 642 omnc
1904 589 2303 655 frustrabatur,
2343 592 2483 645 hunc
2522 592 2677 646 malis
2708 609 2994 660 pravorum
3032 594 3297 664 exemplis

1714 678 1986 734 suffodere
2019 680 2258 735 molitur.
2292 683 2486 736 Vermn
2523 693 2582 737 ut
2618 684 2669 737 in
2705 685 2941 739 Canticis
2964 686 3297 740 canticorum

1716 769 1943 840 legimus
1972 787 1985 825 :
2021 769 2444 843 Uniuscujutque
2475 774 2575 827 viri
2605 776 2743 829 ensis
2769 792 2923 846 super
2950 775 3123 845 femur
3146 792 3299 829 suum

1714 872 1927 931 prapter
1956 863 2170 918 timores
2208 876 2488 919 nocturnos
2521 865 2701 935 (Cant.
2747 883 2828 930 nt,
2872 866 2949 936 8),
2980 883 3073 922 seu
3110 866 3300 920 diurna

1708 954 2122 1022 'oppugnatione
2148 968 2240 1008 seu
2267 962 2528 1008 nocturna
2554 955 2795 1020 subdole,
2827 955 3052 1009 rationis
3078 952 3305 1025 alicujus

1716 1043 2063 1112 suggestione
2107 1045 2367 1109 accedat,
2420 1045 2621 1098 invenit
2675 1060 2799 1099 eum
2844 1046 3201 1099 excubantem
3253 1046 3304 1099 in

1716 1134 2161 1204 prepugnaculis,
2190 1135 2329 1205 gerit
2356 1137 2407 1189 in
2436 1152 2594 1189 manu
2622 1134 2879 1205 gladium,
2910 1137 3002 1207 qui
3026 1137 3309 1191 universas

1718 1225 1895 1280 hostis
1923 1241 2211 1296 compages
2232 1242 2298 1280 ac
2326 1227 2586 1281 medullas
2606 1230 2942 1298 exsequitur,
2985 1230 3309 1300 dignoscens

1717 1330 1781 1369 ac
1802 1316 2172 1371 exterminans
2226 1331 2455 1386 qumque
2500 1318 2567 1370 ab
2619 1317 2708 1373 illo
2750 1318 3105 1387 cogitationes
3148 1329 3312 1387 atque

1719 1407 2045 1462 intentiones
2069 1419 2460 1478 suggeruntur;
2495 1410 2561 1463 ad
2601 1410 2957 1480 excipiendos,
2980 1412 3148 1475 ictus,
3193 1411 3308 1465 lon-

1717 1499 2068 1568 ganimitatis.
2093 1511 2146 1554 et
2175 1502 2449 1569 patientite
2483 1502 2607 1555 forti
2643 1503 2830 1573 clypeo
2859 1505 3124 1570 nnmitur;
3158 1505 3302 1572 posi-

1721 1603 1804 1645 tus
1850 1591 1988 1645 infra
2024 1593 2220 1647 divina:
2262 1593 2519 1647 ειιειοιιίιυ
2573 1611 2785 1647 murum
2830 1594 2894 1648 ad
2941 1596 3120 1649 omnia
3170 1595 3313 1651 illius

1720 1683 2021 1748 molimina,
2078 1701 2106 1737 a
2151 1685 2325 1754 vigilis
2373 1685 2453 1739 sui
2503 1686 2924 1740 cnnnnouitione
2972 1686 3311 1751 sollicitatur,

1720 1776 1810 1843 qui
1844 1792 1945 1827 non
1968 1776 2293 1838 domitabit,
2330 1795 2490 1847 neque
2521 1778 2739 1833 dormiet
2773 1780 2858 1849 qui
2890 1781 3113 1832 custodit
3144 1778 3314 1833 Israel

76 1870 255 1922 chorum
300 1870 553 1937 habitus,
598 1871 691 1939 qui
724 1885 903 1926 ιιιοι-ρε
983 1887 1103 1939 qua:
1144 1872 1196 1925 in
1246 1872 1486 1928 claustro
1530 1888 1615 1928 se-
1643 1868 1690 1927 Β
1721 1863 1894 1936 (Prol.
1923 1867 2334 1938 cxx,4).lgitur
2363 1884 2467 1923 non
2490 1868 2785 1939 exploratis
2808 1870 2872 1924 ad
2888 1881 3067 1924 votum
3088 1886 3205 1939 qua:
3222 1886 3314 1923 vo—

74 1959 198 2012 dendi
219 1961 284 2015 sit
305 1961 516 2033 religio.
542 1961 709 2028 Vidit,
734 1963 894 2032 longe
922 1969 989 2017 ab
1022 1978 1086 2018 ea
1110 1978 1271 2033 quam
1293 1965 1609 2020 coenobialis

75 2050 177 2105 ordo
222 2055 492 2123 exposcit,
547 2055 819 2127 gravitate
869 2072 1080 2111 morum
1134 2071 1325 2113 oumes
1378 2058 1608 2124 haberi;

76 2138 281 2195 turbatus
306 2152 387 2197 est
430 2142 551 2211 jam
584 2160 651 2199 ac
678 2145 903 2200 omnino
940 2145 1185 2201 incertus
1216 2147 1358 2215 quod
1397 2147 1614 2202 vivendi

76 2246 209 2299 genus
245 2238 594 2305 approbaret.
653 2236 733 2290 Ad
781 2237 897 2291 haec
930 2237 1024 2307 qui
1070 2238 1384 2293 monasterii
1432 2246 1616 2293 custos

76 2334 195 2390 erat,
225 2335 278 2380 ut
307 2327 456 2383 illum
487 2329 574 2385 sic
606 2329 876 2385 introrsus
905 2329 1257 2385 accedentem
1293 2330 1613 2400 conspexit,

76 2417 213 2472 furem
248 2420 560 2490 suspicatus
599 2421 850 2477 immisso
874 2464 889 2489 ,
917 2430 1124 2492 quanta
1154 2423 1205 2476 vi
1250 2422 1448 2492 potuit,
1481 2421 1618 2477 collo

79 2509 189 2566 illius
232 2527 439 2584 pugno,
492 2529 597 2580 per
636 2514 868 2583 capillos
911 2514 1043 2569 foris
1091 2531 1264 2583 usque
1307 2516 1372 2568 ad
1418 2515 1617 2569 ostium

78 2606 286 2660 extrusit.
315 2612 383 2663 At
408 2624 497 2663 vrr
526 2609 961 2679 patientissimus
988 2623 1087 2678 pro
1114 2608 1262 2662 illata
1290 2609 1393 2663 sibi
1425 2608 1618 2679 injuria

81 2695 241 2751 nullout
286 2699 553 2754 monacho
602 2698 773 2753 laicus
824 2698 1051 2754 verbum
1116 2698 1473 2767 impatientia:
1535 2713 1621 2754 re-

79 2788 266 2852 spondit.
312 2789 534 2845 Talibus
584 2790 803 2859 quidem
857 2789 1119 2844 accedere
1148 2790 1440 2859 plurimum
1482 2790 1621 2845 exti-

82 2876 206 2939 muit,
229 2878 314 2932 sed
340 2879 552 2949 palmes
580 2889 906 2949 propagatus
930 2880 997 2933 ab
1023 2893 1084 2932 ea
1106 2920 1121 2945 ,
1149 2896 1269 2949 qua:
1316 2880 1452 2935 Vitis
1495 2896 1621 2935 vera

79 2965 415 3030 existit,nullo
466 2970 866 3024 adversitatmn
920 2977 1059 3023 testu
1115 2984 1366 3023 arescere
1419 2977 1619 3038 potest,

81 3054 163 3110 alte
195 3058 450 3114 radicatus
479 3060 535 3114 in
567 3059 711 3114 illius
740 3059 1011 3115 eharitate
1051 3074 1170 3129 qua:
1235 3060 1411 3113 omnia
1437 3060 1623 3129 stt/fert

83 3142 120 3211 (Ι
146 3143 249 3199 Cor.
280 3163 392 3215 xm,
418 3148 496 3219 7).

1714 1957 1854 2011 lebat
1877 1966 2179 2013 castrorum
2204 1959 2449 2025 Domini,
2474 1961 2612 2016 redit
2637 1962 2949 2016 lirmaturus
2981 1978 3135 2016 sumn
3168 1962 3311 2030 quod

1714 2059 1901 2104 contra
1920 2052 2229 2120 spirituales
2244 2053 2792 2110 incursnsextruehat
2809 2073 2822 2109 ;
2838 2056 3033 2110 avulsit
3055 2056 3195 2110 illico
3220 2072 3313 2125 pa-

1717 2150 1897 2196 ternas
1908 2142 2264 2209 domos,unde
2274 2159 2554 2200 servormn
2568 2145 2659 2200 Dei
2675 2145 2976 2200 habitacula
2994 2146 3313 2201 construxit.

1797 2230 2022 2286 Saetata
2051 2248 2180 2288 vero
2199 2249 2361 2303 quam
2387 2236 2690 2289 construxit
2714 2235 2943 2290 ecclesia
2969 2236 3036 2289 ab
3060 2236 3316 2305 episcopo

1719 2321 1964 2387 Lexovii,
1993 2324 2212 2378 nomine
2237 2324 2523 2386 Ilerberto,
2543 2340 2751 2378 comam
2774 2326 3027 2390 totondit,
3054 2341 3117 2379 ac
3147 2342 3317 2379 saseu-

1720 2414 1886 2470 larem
1929 2417 2173 2470 habitmn
2204 2417 2481 2487 deponens
2509 2418 2575 2471 ab
2615 2419 2804 2472 eodem
2851 2417 3104 2488 pontilice
3150 2433 3318 2471 sacra:

1722 2508 1962 2562 habitum
2021 2508 2298 2578 religionis
2347 2510 2591 2578 accepit,
2642 2508 2797 2563 miles
2845 2509 3047 2563 Christi
3098 2524 3194 2577 per
3242 2517 3319 2562 tot

1727 2601 1970 2671 pericula
2021 2600 2177 2655 fortis
2207 2610 2334 2654 ante
2359 2610 2646 2670 expertus;
2680 2599 2920 2669 ejusdem
2961 2601 3166 2653 ordinis
3196 2614 3317 2652 cum

1723 2709 1788 2748 eo
1827 2693 2015 2763 jugum
2056 2693 2341 2748 subierunt
2371 2693 2477 2747 duo
2506 2693 2612 2746 sui.
2656 2692 3001 2747 Postmodum
3033 2708 3061 2744 a
3094 2690 3319 2761 prtcfato

1721 2782 1957 2853 praesule
1990 2783 2247 2836 sacerdos
2269 2790 2645 2847 consecratus,
2671 2780 2910 2851 pluribus
2930 2780 3146 2835 dttCatui
3172 2780 3315 2833 illius

1716 2874 1829 2944 jam
1872 2875 2097 2930 adscitis
2134 2874 2395 2929 fratribus
2440 2874 2610 2929 abbas
2649 2873 2982 2943 prodicitur;
3024 2882 3140 2927 tuto
3194 2874 3320 2927 imi-

1727 2968 1927 3022 tandus
1955 2967 2079 3022 aliis
2118 2967 2488 3037 prmponitur,
2520 2966 2611 3035 qui
2644 2980 2736 3035 per
2766 2980 2937 3019 annos
2980 2975 3090 3020 tres
3117 2966 3321 3035 impro-

1726 3060 1935 3129 perium
1992 3059 2116 3113 vita:
2171 3057 2474 3127 spiritualis
2525 3057 2921 3127 patientissime
2975 3057 3097 3111 tulit
3135 3072 3320 3111 coram

1729 3150 2084 3205 saecularibus
2114 3150 2385 3204 alienatus
2421 3150 2744 3218 speetaculis
2764 3190 2777 3212 ,
2811 3150 3006 3219 quibus
3028 3149 3324 3203 innutritus

137 3233 230 3291 lloc
254 3237 314 3291 de
344 3239 433 3293 illo
461 3238 713 3295 referens
736 3240 1113 3296 zediticationis
1141 3240 1394 3297 solatium
1418 3283 1431 3299 .
1475 3241 1620 3297 aliud
1652 3224 1692 3282 (ἶ
1727 3243 1969 3313 quotidie
1994 3242 2131 3296 alios
2156 3241 2682 3306 videbatoblectari;
2718 3242 2951 3309 rigorem
2980 3240 3322 3295 abstinentia:

83 3338 130 3375 ea
154 3326 208 3379 de
235 3341 286 3379 re
314 3330 562 3397 proximo
591 3330 757 3384 natali
792 3330 1072 3385 Dominico
1100 3331 1239 3385 adiit
1271 3332 1496 3399 majoris
1526 3349 1623 3386 no-

87 3412 214 3468 minis
233 3418 529 3473 ceenobium
549 3457 566 3482 ,
596 3419 787 3472 festiva
814 3420 1163 3487 processione
1189 3437 1312 3475 eum
1343 3421 1540 3476 fratres
1571 3423 1623 3475 in

85 3499 148 3553 die
188 3503 529 3562 solenmitatis
597 3508 877 3572 exissent,
930 3509 1063 3562 vidit
1126 3509 1397 3564 indecenti
1456 3512 1619 3566 bene-

88 3591 276 3650 volentia
325 3600 626 3655 monachos
676 3600 876 3670 passim
924 3602 1167 3655 arridere
1212 3603 1386 3666 laicis,
1427 3619 1627 3674 aggau-

87 3684 187 3740 dere
234 3688 282 3744 in
327 3691 696 3761 paratioribus
757 3694 1110 3747 ornamentis
1170 3694 1505 3749 ostendendo
1562 3710 1625 3749 ea

88 3776 208 3844 aliis,
239 3782 299 3837 ad
342 3783 630 3840 introitum
673 3787 1019 3840 contentiOso
1050 3787 1281 3841 tumultu
1322 3789 1627 3858 anticipare

89 3867 271 3925 aditum.
316 3874 392 3928 Ad
424 3876 546 3931 haec
597 3875 937 3931 insistentem
984 3876 1085 3931 sibi
1128 3878 1358 3933 nimium
1399 3878 1625 3936 fratrem

90 3957 266 4021 quidam
296 3967 595 4022 monachus
635 3967 962 4022 monachum
1016 3984 1195 4039 pugno
1248 3986 1627 4040 repercussum

90 4048 292 4117 avertit,
346 4068 411 4108 ac
472 4056 775 4125 impulsum
831 4057 1040 4126 supinis
1099 4060 1354 4115 dentibus
1412 4061 1628 4116 demisit

89 4135 139 4187 ad
179 4140 371 4209 solum;
419 4147 604 4201 adhuc
645 4147 831 4213 enim,
880 4158 938 4203 ut
987 4149 1192 4204 dictum
1247 4162 1375 4217 est,
1432 4168 1627 4208 omnes

88 4228 283 4286 omnium
329 4250 422 4304 per
472 4234 894 4291 Nortbmaniam
950 4254 1131 4295 mores
1182 4240 1400 4296 barbari
1445 4252 1623 4298 erant.

90 4311 176 4371 Hac
201 4335 364 4379 rerum
401 4327 693 4382 insolentia
732 4344 800 4382 ne
858 4330 1069 4385 bonum
1115 4331 1400 4386 damnaret
1448 4334 1623 4388 ineo:-

91 4419 242 4480 ptum,
270 4425 466 4475 tantam
507 4429 730 4475 actuum
766 4420 1083 4489 levitatem,
1119 4434 1325 4478 tantam
1361 4425 1623 4494 improbi-

93 4504 221 4555 tatem
247 4521 448 4563 morum
477 4519 748 4565 contuens
786 4511 841 4565 in
876 4511 987 4566 illis
1014 4513 1083 4567 ad
1114 4529 1344 4582 quorum
1375 4514 1482 4586 35
1507 4532 1627 4570 nor-

94 4601 205 4645 mam
223 4606 371 4651 Vitam
401 4615 559 4657 suam
594 4616 874 4672 corrigere
904 4604 1153 4670 nolebat,
1189 4606 1283 4659 Dei
1318 4622 1511 4661 manus
1541 4608 1624 4661 ef-

94 4674 193 4734 fecit
225 4688 538 4746 subveniens
587 4692 817 4748 labanti.
872 4692 1136 4762 Sequenti
1182 4704 1370 4759 nocte,
1409 4696 1626 4765 expleto

96 4778 426 4840 tuatutinorum
464 4785 687 4852 officio,
723 4787 813 4849 diu
853 4796 982 4843 ante
1026 4787 1199 4844 lucem
1236 4788 1360 4842 aliis
1402 4791 1621 4845 emissis

96 4874 306 4927 oraturus
345 4877 458 4946 ipse
490 4879 759 4934 remansit
796 4880 1104 4935 occultatus
1148 4880 1202 4934 in
1244 4884 1478 4950 quodam
1527 4899 1625 4936 ait-

98 4959 191 5025 ευΙο
221 4970 462 5031 oratorii;
499 4987 625 5027 mox
667 4974 885 5043 quidam
925 4975 1227 5030 monaelms
1252 4991 1319 5030 eo
1355 4992 1461 5031 non
1510 4978 1625 5032 viso

98 5062 227 5121 Prope
250 5062 479 5117 constitit
508 5064 575 5117 ad
605 5067 904 5130 orandum,
940 5067 1035 5136 qui
1067 5084 1214 5123 nunc
1247 5076 1360 5123 toto
1394 5084 1625 5139 corpore

100 5152 372 5214 Pmatratus,
403 5168 546 5208 nunc
577 5163 792 5209 tantum
824 5156 1055 5224 genibus
1084 5157 1264 5224 ﬂexis,
1294 5174 1419 5214 cum
1449 5160 1628 5229 laery-

98 5229 177 5320 tuis
210 5249 356 5295 orans
395 5257 567 5311 usque
611 5246 681 5298 ad
730 5261 890 5300 mane
936 5248 1146 5302 clarum
1186 5251 1448 5317 perstitit.
1500 5250 1628 5320 Ejus

100 5319 227 5389 igitur
249 5336 481 5405 exemplo
504 5352 729 5394 omnino
751 5338 1155 5411 redintegratus
1179 5352 1285 5397 est.

151 5414 420 5484 Referimus
462 5430 763 5497 miracula,
802 5434 897 5487 sed
942 5432 1045 5498 eis,
1089 5434 1230 5487 unde
1279 5434 1471 5505 vulgus
1522 5434 1623 5489 fert

99 5512 393 5582 sententiam,
437 5520 661 5575 multum
700 5520 955 5589 pauciora
978 5562 993 5587 ,
1022 5538 1333 5591 quanquam
1380 5541 1486 5578 non
1528 5525 1622 5578 de-

104 5592 288 5685 iuetunt
309 5618 361 5660 et
390 5610 521 5676 ipsa.
550 5613 690 5681 Quid
730 5616 875 5669 enim
921 5615 1242 5685 gloriosms,
1272 5629 1413 5685 queo
1454 5616 1625 5670 vietus

102 5684 227 5743 abeo
251 5695 432 5768 ubique
455 5702 643 5769 hostis,
672 5706 782 5760 Deo
803 5706 1073 5771 vincente,
1097 5707 1379 5763 succubuit
1400 5710 1421 5760 Υ
1442 5708 1626 5764 Robur

103 5792 365 5851 wnstantize
382 5797 537 5869 illius,
560 5801 708 5858 duris
732 5803 994 5859 hactenus
1018 5802 1404 5859 adversitatum
1431 5806 1626 5862 ictibus

1730 3348 1838 3388 non
1872 3333 2125 3387 relaxans
2157 3332 2300 3385 inter
2329 3329 2766 3384 amuentissimas
2796 3330 3137 3384 dominorum
3173 3345 3325 3383 men-

1729 3438 1841 3487 sas,
1874 3421 2021 3475 omni
2047 3420 2279 3488 denique
2305 3419 2592 3489 abjectioni
2625 3434 2821 3488 corpus
2848 3434 3004 3474 suum
3029 3418 3324 3487 subiiciens

1728 3514 1779 3567 in
1815 3513 1991 3566 curia.
2030 3511 2175 3576 Quos
2204 3527 2332 3580 ergo
2379 3510 2641 3577 regendos
2672 3519 2956 3578 acceperat
2993 3508 3319 3572 arctissime,

1731 3606 1825 3659 sed
1882 3620 2032 3657 more
2076 3602 2296 3656 Patrum
2342 3601 2552 3670 piorum
2618 3599 2738 3671 [al.,
2775 3598 3042 3670 priorum]
3079 3598 3320 3669 regebat.

1730 3696 1975 3758 Videres,
2018 3704 2236 3765 peracto
2286 3709 2337 3746 ιιι
2387 3692 2618 3747 ecclesia
2644 3691 2839 3755 ofﬁcio,
2875 3691 3123 3745 abbatem
3177 3690 3318 3744 collo

1729 3793 2057 3849 sementem,
2087 3799 2247 3838 manu
2296 3793 2526 3838 rastrum
2571 3783 2655 3837 vel
2690 3782 2962 3838 sarculum
2995 3790 3322 3853 gestantem,

1728 3879 1793 3932 ad
1809 3878 2194 3947 agriculturam
2218 3877 2411 3947 lineire
2434 3880 2731 3933 monachos
2754 3892 2969 3942 omnes,
3008 3876 3150 3929 ruris
3171 3877 3322 3945 operi

1729 3971 1830 4027 sub
1861 3972 1964 4026 diei
1998 3972 2286 4026 terminum
2325 3970 2603 4035 insistere,
2641 3970 2885 4025 sentibus
2940 3976 2994 4021 et
3027 3967 3200 4036 spinis
3234 3967 3323 4021 alii

1730 4078 1918 4131 agrum
1966 4064 2366 4127 cmundabant,
2411 4062 2501 4116 alii
2556 4061 2740 4116 fimum
2784 4060 3021 4129 scapulis
3071 4075 3323 4129 compor-

1732 4162 1909 4207 tantes
1935 4155 2284 4225 spargebant,
2318 4154 2372 4208 hi
2403 4154 2736 4218 sarriebant,
2770 4152 2843 4205 illi
2875 4150 3140 4215 ferebant,
3164 4165 3326 4203 nemo

1730 4260 1920 4314 panem
1950 4248 2261 4301 assumebat
2289 4248 2340 4299 in
2371 4246 2502 4307 otio,
2536 4246 2600 4297 ad
2632 4245 2819 4298 horam
2861 4242 3053 4311 agendi
3083 4239 3240 4294 oliicii
3272 4240 3324 4292 iu

1729 4335 1957 4390 ecclesia
1987 4351 2178 4390 omnes
2219 4337 2285 4387 ad
2329 4336 2762 4404 unamquamque
2803 4333 2991 4385 horam
3031 4329 3325 4384 convenie-

1728 4428 1880 4480 bant.
1919 4425 2101 4479 V'ictus
2134 4424 2483 4494 quotidianus
2518 4425 2673 4492 panis
2700 4421 3013 4491 siligineus,
3042 4431 3097 4473 et
3137 4418 3322 4473 herbae.

1732 4536 1852 4576 cum
1884 4521 1997 4575 sale
2033 4530 2287 4590 etaqna;
2322 4534 2461 4589 aqua
2493 4536 2598 4573 non
2628 4518 2729 4573 nisi
2763 4517 3024 4583 lutulena,
3054 4515 3179 4586 quia
3206 4513 3326 4569 fons

1735 4627 2001 4681 nusquam
2032 4620 2233 4681 praeter
2277 4610 2341 4664 ad
2388 4613 2495 4665 duo
2536 4609 2786 4663 milliaria
2833 4609 3155 4664 habebatur.
3196 4605 3324 4661 Cte-

1733 4704 1890 4767 leste,
1947 4702 2183 4767 aiebant,
2234 4702 2556 4757 beneficium
2610 4717 2732 4755 cum
2788 4701 2942 4771 panis
3000 4700 3223 4764 melior,
3273 4708 3327 4753 et

1735 4813 1946 4860 caseus,
1980 4798 2065 4851 vel
2093 4796 2299 4865 aliquid
2329 4797 2473 4849 aliud
2504 4796 2741 4850 ednlimn
2772 4795 3126 4863 undecunque
3158 4792 3326 4847 habe-

1732 4892 1916 4945 batur.
1974 4890 2293 4959 Exemplum
2356 4889 2632 4958 magistri,
2682 4897 2736 4942 et
2793 4895 3051 4951 conatus,
3105 4901 3324 4940 omnem

1734 4982 2105 5038 murmurandi
2123 4980 2444 5036 excludebat
2460 4980 2687 5033 aditum.
2708 4980 2890 5034 Abbas
2908 4980 3057 5048 prior
3078 4978 3145 5030 ad
3167 4992 3323 5045 opus,

1730 5074 1796 5128 ab
1811 5088 1977 5142 opere
2003 5072 2315 5127 discedebat
2339 5072 2579 5138 ultimus,
2602 5083 2853 5141 Operator
2875 5070 2988 5139 ipse
3008 5068 3321 5122 continuus.

1731 5166 1909 5221 Simili
1938 5181 1996 5221 se
2028 5165 2158 5219 inibi
2187 5173 2406 5234 pr0pter
2439 5166 2606 5218 Deum
2642 5163 2889 5218 servituti
2925 5161 3120 5215 nobilis
3154 5167 3325 5212 mater

1729 5257 1845 5327 ejus
1873 5255 2104 5321 addixit,
2132 5264 2186 5310 et
2215 5256 2490 5311 concessis
2519 5256 2627 5309 Deo
2658 5254 2893 5324 praediis,
2926 5269 3045 5321 qua:
3069 5249 3321 5315 habebat,

1733 5348 1943 5403 ancillae
1980 5349 2301 5418 fungebatur
2338 5347 2548 5411 officio,
2581 5346 2931 5400 servientium
2968 5344 3078 5398 Deo
3116 5358 3322 5412 pannos

1736 5441 1989 5503 abluens,
2039 5449 2096 5493 et
2138 5440 2401 5509 quidquid
2453 5437 2831 5508 injungebatur
2873 5436 3100 5491 extremi
3142 5435 3323 5503 operis

1736 5532 2141 5587 accuratissime
2175 5548 2359 5601 agens.

1806 5623 1885 5674 Ad
1914 5638 2050 5691 opus
2087 5638 2367 5677 servorum
2406 5622 2495 5676 Dei
2530 5620 2760 5691 quadam
2794 5620 2880 5675 die
2904 5636 3023 5674 cum
3053 5606 3337 5674 annonam.

1739 5723 1993 5778 torreret,
2035 5713 2218 5768 nescio
2255 5728 2363 5779 quo
2400 5727 2527 5767 casu
2562 5714 2753 5767 domus
2793 5710 3030 5781 undique
3060 5727 3319 5766 succensa

1737 5815 1835 5861 est.
1862 5805 2113 5862 Cucurrit
2139 5804 2356 5875 quidam
2382 5804 2629 5873 ejulando
2655 5805 2909 5861 tmntiaus
2931 5804 3111 5860 abbati
3133 5804 3323 5857 domos
