3886 6292
536 330 641 386 7οἶ

1498 333 1588 388 ΔΙ)
1627 331 1853 390 OPERA
1895 334 1952 391 Β.
1996 332 2131 389 LAN

2239 334 2387 392 ANCI
2424 335 2782 395 APPENDIX.
3664 346 3741 405 ῖοι

534 452 877 513 combustas,
909 453 961 502 et
1005 454 1233 502 matrem
1270 463 1385 519 eius
1424 448 1556 503 inibi
1601 464 1722 504 esse
1755 449 2117 517 combustam;
2149 462 2194 516 Α
2224 453 2369 507 dium
2399 462 2573 509 morte
2601 457 2773 511 subita
2800 465 3104 526 praeventus
3133 473 3409 513 nominem
3432 467 3601 514 cxmt.
3623 456 3742 529 Quod

534 547 590 591 at
612 537 701 589 ille
725 536 847 590 licet
872 535 1129 608 lacrymis
1143 536 1376 594 sulfusus
1396 539 1462 593 ad
1486 538 1650 594 Deum
1678 556 1869 594 manus
1889 538 2113 597 levavit:

540 647 557 679 ι
608 626 824 682 Gratias
858 627 975 696 libi,
1009 629 1171 696 Deus,
1211 631 1492 701 inquiens,
1526 633 1669 701 quod
1712 632 1765 686 in
1801 631 1974 688 olIicio
2005 648 2120 688 ser-

532 718 796 773 vientium
818 718 910 774 tibi
936 730 1163 775 matrem
1188 737 1362 775 meam
1388 722 1525 793 ignis
1563 722 1872 793 assumpsit.
1896 742 1915 775 ι
1942 722 2132 789 Fortis~

533 808 586 863 in
615 824 799 865 amore
835 808 928 866 Dei
976 813 1282 867 constantia
1323 828 1443 883 quae
1489 821 1569 869 tot
1606 815 1806 870 diaboli
1853 814 2117 871 arietibus

533 898 766 970 impulsa
812 900 997 956 labare
1035 918 1142 957 non
1194 903 1442 973 poterat!
1475 902 1699 958 malleos
1739 919 1803 958 ac
1840 921 1990 974 Ignes
2016 905 2119 959 iui-

539 989 715 1045 micus
732 992 1052 1063 suggerebat
1074 993 1341 1061 nesciens,
1358 993 1553 1063 quibus
1573 994 1657 1049 vir
1675 995 1887 1064 patiens
1903 996 2122 1052 minime

538 1079 881 1147 fundebatur,
920 1081 1015 1137 sed
1043 1091 1301 1153 purgatus
1328 1083 1395 1137 ad
1418 1098 1672 1139 coronam
1700 1086 1886 1158 gloriae
1924 1086 2123 1143 forma-

535 1171 716 1226 batur.
750 1171 894 1228 Nihil
926 1182 1102 1228 tamen
1144 1174 1269 1228 mali
1304 1176 1361 1230 in
1400 1175 1491 1231 illa
1531 1175 1953 1248 conﬂagratione
1981 1195 2121 1250 pra:-

535 1261 678 1315 dicta
700 1263 911 1317 domina
934 1279 1091 1334 passa
1134 1263 1256 1318 fuit.

606 1351 737 1406 Dein
788 1364 909 1422 post
962 1353 1301 1423 aliquantum
1345 1362 1604 1428 temporis
1637 1374 1735 1430 per
1769 1361 1945 1416 visum
1985 1362 2124 1417 divi-

534 1440 681 1495 nitus
698 1443 1058 1497 commonitus
1074 1453 1180 1509 est,
1200 1455 1253 1499 ut
1269 1446 1489 1502 dimissa
1504 1449 1794 1507 solitudine
1810 1453 2123 1523 campestri,

541 1547 662 1600 quae
692 1536 1019 1603 competenti
1047 1538 1450 1608 opportunitate
1479 1543 1699 1599 omuiuo
1729 1545 1968 1608 carebat,
2000 1559 2123 1600 eum

534 1623 600 1677 ad
634 1623 805 1680 locum
830 1626 910 1680 sui
936 1627 1078 1698 juris
1110 1630 1446 1686 mansionem
1477 1632 1803 1689 transferret
1829 1636 1921 1705 qui
1947 1651 1977 1690 a
2010 1637 2125 1691 rivo

534 1714 647 1770 illic
694 1720 936 1773 mananti
983 1720 1187 1776 Beccus
1234 1721 1559 1793 appellatur,
1608 1727 1676 1781 ad
1731 1727 2042 1783 milliarium
2089 1744 2118 1783 a

538 1818 726 1863 castro
766 1812 907 1880 quod
940 1821 1164 1867 vocatur
1190 1814 1504 1873 Brionnium
1537 1818 1692 1874 valle.
1740 1820 1834 1875 Est
1859 1821 1947 1877 hic
1973 1822 2124 1877 locus

538 1898 590 1952 in
621 1901 737 1969 ipso
765 1903 929 1970 saltu,
954 1903 1274 1962 Brionnensi
1303 1909 1445 1965 valle
1476 1912 1601 1976 ima,
1628 1913 1905 1968 montibus
1927 1913 2124 1970 saltuo-

538 1991 611 2043 sis
651 1992 776 2047 hinc
816 1995 939 2049 inde
978 1997 1212 2063 occlusa,
1257 2001 1403 2056 omni
1445 2003 1847 2072 opportunitate
1887 2005 2124 2061 humano

541 2084 662 2138 usui
704 2088 1020 2143 commodus
1066 2101 1288 2162 pr0pter
1316 2094 1661 2160 densitatem,
1688 2110 1755 2151 ac
1784 2094 1884 2151 rivi
1914 2112 2125 2153 recrea-

541 2174 778 2242 tionem;
813 2175 1047 2234 ferarum
1080 2181 1208 2237 illuc
1239 2183 1466 2239 multum
1497 2194 1617 2240 erat
1646 2202 1931 2253 accursus,
1965 2190 2123 2242 trium

537 2270 743 2318 tantum
768 2267 1193 2326 molendinorum
1221 2283 1331 2328 tres
1346 2273 1538 2332 domus
1556 2275 1663 2334 illic
1678 2288 1855 2343 erant,
1872 2288 1927 2335 et
1951 2280 2126 2334 solum

536 2356 832 2413 habitabile
862 2363 1256 2429 permodicum.
1295 2365 1435 2432 Quid
1472 2384 1602 2440 ergo
1643 2371 1887 2426 taceret?
1917 2373 2125 2428 molen-

537 2443 791 2500 dinorum
834 2449 886 2502 in
932 2467 1039 2507 uno
1078 2469 1205 2523 pars
1256 2455 1360 2511 sibi
1408 2458 1579 2525 nulla,
1624 2461 1852 2516 aliorum
1899 2465 2125 2521 duorum

538 2549 636 2589 sua
681 2552 809 2606 pars
844 2550 963 2594 erat
1002 2546 1182 2611 tertia,
1221 2561 1320 2601 nec
1350 2554 1527 2603 tamen
1560 2550 1659 2605 soli
1704 2552 1929 2609 liberum
1960 2570 2130 2625 quan-

540 2638 652 2682 tum
694 2642 997 2698 opportuna
1035 2636 1289 2690 domuum
1323 2640 1597 2707 eapacitas
1629 2644 1903 2714 exigebat.
1935 2646 2129 2703 Comes

538 2720 942 2778 Gilebertusnil
975 2742 1197 2796 usquam
1222 2744 1287 2783 co
1315 2730 1455 2785 saltu
1486 2735 1774 2802 pretiosius
1801 2738 2126 2807 possidebat.

538 2811 676 2878 Quid
721 2815 923 2885 plura?
957 2833 1053 2887 spe
1092 2819 1144 2872 in
1186 2818 1294 2874 Deo
1326 2822 1561 2889 ﬁrmata,
1596 2827 1761 2897 carpit
1795 2830 2028 2897 operari,
2067 2847 2130 2886 ac

539 2903 683 2959 Deus
731 2907 1138 2963 evidentissime
1190 2898 1493 2982 cooperari',
1548 2932 1670 2969 nam
1723 2927 2037 2986 consortes,
2077 2931 2131 2975 et

539 2998 860 3051 contermini
883 3015 1019 3068 quas
1048 3000 1117 3055 ibi
1145 3002 1411 3059 habebant
1438 3016 1641 3076 partes,
1669 3023 1762 3063 seu
1790 3011 2125 3077 venditione,

542 3102 637 3141 seu
668 3089 909 3158 gratuita
941 3091 1229 3149 donatione
1249 3135 1261 3158 ,
1292 3112 1481 3153 omnes
1509 3099 1609 3153 sibi
1641 3114 1768 3155 suas
1809 3103 2007 3158 dedere
2027 3144 2042 3169 ,
2067 3119 2132 3157 ac

545 3176 701 3233 brevi
728 3179 828 3234 sub
854 3188 1095 3251 tempore
1116 3183 1303 3239 silvam
1328 3185 1589 3255 Brionnii,
1615 3206 1735 3260 qua:
1757 3192 1964 3248 circum
1992 3204 2129 3259 erat,

545 3281 713 3327 totam
751 3275 1003 3333 obtinuit.

618 3363 968 3438 Consecrata,
1011 3388 1197 3441 pauens
1249 3385 1523 3432 exstructa
1576 3377 1759 3442 annis,
1812 3394 1920 3434 non
1967 3394 2132 3448 parva

545 3456 800 3522 ecclesia,
843 3460 1111 3517 columnis
1143 3479 1209 3518 ex
1247 3465 1436 3536 ligneis
1473 3467 1767 3523 claustrum
1806 3471 2132 3535 construxit,

523 3562 597 3619 ,ιη
627 3564 734 3617 quo
762 3551 828 3605 ad
867 3568 1073 3608 morem
1108 3556 1296 3624 patriae
1337 3558 1532 3611 fratres
1559 3559 1670 3629 jam
1707 3575 1972 3630 nusquam
2006 3576 2134 3628 pro-

542 3657 830 3709 gressuros
870 3647 1155 3702 considere
1191 3649 1440 3703 instituit.
1478 3648 1646 3707 Nocte
1685 3668 1812 3705 vero
1848 3652 2133 3707 subsecuta

548 3735 784 3788 orationi
830 3750 895 3790 eo
938 3737 1144 3792 intento
1192 3740 1245 3794 in
1292 3750 1461 3795 stratu
1513 3758 1647 3807 suo,
1679 3743 1926 3817 diabolus
1970 3744 2135 3799 futuri

529 3821 659 3875 'illie
682 3822 946 3880 bonorum
968 3842 1192 3896 eperum
1219 3830 1538 3887 incrementi
1565 3831 1860 3902 primordia
1882 3848 2135 3900 cernens,

545 3911 1017 3981 impatientissime
1040 3920 1176 3984 tulit,
1197 3929 1393 3977 tectum
1420 3924 1723 3977 dormitorii
1751 3925 1916 3978 umlta
1941 3925 1990 3979 vi
2009 3940 2138 3980 eon-

552 4004 784 4059 scendit.
816 4006 968 4063 Unde
994 4011 1147 4079 quasi
1171 4012 1282 4083 36
1302 4014 1587 4068 conamine
1606 4014 1862 4084 colligens
1892 4030 1951 4070 se
1976 4033 2135 4085 supra

546 4110 742 4149 novam
784 4112 1047 4154 novorum
1092 4104 1358 4170 parietum
1396 4102 1585 4157 insiliit
1621 4112 2029 4173 coeperturatu,
2073 4121 2138 4161 ac

548 4184 601 4239 in
638 4202 805 4241 unum
846 4190 912 4243 ad
943 4202 1143 4246 terram
1180 4194 1434 4247 universa
1474 4194 1688 4264 dejecit.
1722 4193 1919 4249 Verum
1957 4197 2002 4252 is
2031 4212 2137 4252 non

545 4284 663 4328 erat
695 4292 879 4332 semen
910 4282 1051 4349 quod
1090 4282 1141 4335 in
1179 4285 1413 4351 petrosis
1442 4291 1622 4337 ortum
1653 4293 1837 4350 areat,
1872 4286 1997 4355 quia
2030 4303 2137 4341 non

547 4366 713 4421 habet
747 4368 1057 4437 humorem,
1103 4373 1197 4425 sed
1229 4374 1408 4443 pingui
1456 4383 1597 4428 terra
1635 4385 1917 4445 exceptum
1960 4377 2141 4431 attulit

549 4456 782 4512 fructum
811 4460 861 4512 in
890 4463 1184 4529 patientia;
1210 4478 1369 4518 mane
1395 4470 1520 4534 qttia
1541 4465 1791 4522 inimicus
1817 4467 2141 4524 liocfeccrat
2174 4500 2215 4554 ο

551 4548 809 4605 indicavit
840 4551 1128 4620 fratribus,
1161 4564 1216 4609 et
1244 4554 1481 4623 dejectos
1506 4574 1693 4613 eorum
1718 4562 1931 4615 animos
1959 4562 2141 4617 redin—

552 4651 789 4711 tegratis,
835 4644 1130 4699 claustrum
1178 4663 1241 4701 ex
1298 4649 1561 4718 lapidibus
1604 4653 1934 4708 retetiificare
1978 4653 2144 4722 cmpit

555 4740 696 4787 usta.
730 4734 954 4790 Vicinus
982 4738 1232 4808 degebat,
1257 4754 1473 4797 nomine
1511 4742 1796 4809 Radulfus,
1821 4744 2144 4815 cognomine

552 4824 848 4890 l’incellus,
895 4829 1058 4882 homo
1100 4832 1282 4885 saeculi
1314 4834 1607 4902 plurimum
1651 4836 1898 4891 addictus
1948 4851 2147 4890 concu-

553 4915 867 4982 piseeutiis,
901 4917 991 4986 qui
1025 4918 1091 4972 ab
1132 4920 1247 4989 ipso
1274 4922 1468 4978 abbate
1500 4940 1622 4978 cum
1653 4940 1793 4993 sche
1825 4941 2051 4980 numero
2078 4926 2145 4979 ad

553 5006 692 5061 bene
742 5009 1030 5063 vivendum
1083 5023 1428 5079 moueretur,
1485 5016 1881 5085 spernabatur,
1935 5018 2147 5071 ridebat

555 5090 862 5165 irridendo;
903 5118 1026 5155 cum
1067 5102 1136 5157 ab
1179 5107 1343 5161 armis
1391 5107 1638 5163 defessus
1703 5124 1767 5163 ac
1817 5109 2002 5163 mundi
2050 5125 2148 5165 vo-

556 5193 766 5261 luptate
788 5192 1015 5247 satiatus
1039 5204 1203 5262 esset,
1229 5199 1553 5253 monachum
1578 5212 1635 5253 se
1659 5197 1899 5253 futurum
1922 5215 2148 5271 respou-

559 5283 743 5338 debat.
782 5282 1026 5350 Quadam
1068 5301 1199 5359 ergo
1248 5288 1336 5344 die
1385 5289 1665 5344 Dominica
1695 5304 1792 5360 pro
1828 5290 2148 5360 quibusdam

562 5372 978 5433 altercationem
1045 5380 1471 5446 controversiis,
1528 5380 1846 5452 praedictum
1900 5381 2151 5436 abbatem

565 5466 723 5536 adiit,
769 5484 937 5539 penes
982 5488 1144 5544 quem
1184 5474 1498 5529 demoratus
1543 5474 1597 5527 in
1634 5488 1955 5545 vesperum;
1993 5484 2152 5530 nocte

524 5557 676 5627 .jam
716 5563 1003 5635 ingruente
1046 5579 1201 5619 more
1238 5564 1397 5619 solito
1434 5565 1762 5631 admomtus,
1817 5575 2056 5636 rogatus,
2099 5574 2155 5621 et

568 5652 801 5711 irridens
826 5658 1045 5710 domum
1078 5657 1259 5723 rediit,
1296 5667 1351 5714 et
1380 5658 1523 5714 circa
1557 5658 1799 5728 ejusdem
1841 5658 2013 5715 noctis
2044 5672 2153 5714 me-

638 5749 750 5818 (77)
789 5749 1017 5817 Reliqua
1049 5762 1263 5806 exstant
1296 5754 1349 5807 in
1383 5751 1498 5809 Vita
1526 5752 1784 5823 eiusdem.

2220 543 2386 597 abbas
2407 544 2520 613 ipse
2539 546 2726 599 eadem
2752 546 2883 600 hora
2911 549 3130 617 agnovit
3156 549 3399 602 animam
3421 547 3557 603 illius
3576 562 3744 620 raptam

2219 648 2252 687 a
2282 635 2633 701 daemonibus,
2659 637 2887 692 audiens
2910 639 3207 694 miserabili
3236 640 3454 709 planctu
3480 640 3742 707 eiulantem.

2220 735 2276 782 et
2302 727 2373 782 ita
2413 743 2510 797 per
2534 728 2749 799 longum
2787 731 3047 799 temporis
3073 740 3131 786 et
3168 732 3274 787 loci
3324 732 3647 788 intervallum
3675 737 3751 801 ab;

2223 819 2367 886 duci,
2401 820 2565 875 mittit
2592 821 2690 876 sub
2726 820 3119 878 acceleratioue
3160 823 3290 893 quid
3322 824 3392 878 de
3429 823 3516 877 illo
3544 836 3753 893 ageretur

2223 913 2538 983 inquisitum
2571 915 2668 980 iri;
2695 915 2902 986 legatus
2924 915 3050 971 illuc
3077 916 3371 987 pervolaus
3390 914 3614 986 pulsatus
3637 915 3755 973 fores

2224 1004 2494 1075 irrumpit,
2521 1007 2825 1076 irrumpens
2849 1006 2916 1061 ad
2943 1007 3120 1063 cubile
3143 1007 3413 1077 pervenit,
3436 1006 3488 1060 in
3511 1007 3652 1062 cubili
3666 1008 3756 1077 jam

2223 1097 2480 1170 gelidum,
2494 1114 2560 1155 ac
2575 1099 2833 1154 membris
2848 1099 3099 1155 omnibus
3111 1099 3344 1169 rigidum
3366 1098 3437 1152 ad
3460 1096 3589 1151 latus
3599 1100 3759 1154 nesciae

2224 1192 2411 1247 uxoris
2432 1206 2542 1247 sua:
2566 1192 2792 1248 invenit.
2824 1191 2993 1261 Hujus
3027 1192 3274 1247 miraculi
3300 1206 3466 1245 unum
3488 1205 3521 1244 e
3545 1189 3759 1245 fratribus

2228 1292 2419 1338 testem
2449 1284 2672 1349 habuit,
2710 1284 2799 1352 qui
2832 1299 2955 1339 cum
2985 1299 3053 1338 eo
3075 1284 3294 1338 eosdem
3325 1281 3554 1349 eiulatus
3575 1283 3757 1335 audivit.

2295 1374 2541 1440 Quadam
2570 1375 2657 1430 die
2683 1374 2828 1429 circa
2856 1374 3197 1442 vespertinas
3228 1372 3395 1427 horas
3422 1386 3542 1425 cum
3574 1368 3688 1424 foris
3709 1372 3762 1425 ad

2225 1478 2362 1533 opus
2408 1467 2690 1533 resideret,
2750 1467 2884 1522 vidit
2926 1469 3225 1522 daemonem
3271 1466 3373 1520 sub
3397 1466 3577 1519 habitu
3615 1463 3763 1518 clerici

2226 1574 2394 1630 prope
2424 1560 2600 1616 locum
2666 1561 2920 1626 transire,
2959 1570 3015 1615 et
3052 1575 3174 1615 eam
3207 1557 3511 1615 dormitorii
3542 1555 3765 1612 ofﬁcinam

2227 1650 2280 1705 in
2320 1667 2425 1722 qua
2475 1651 2697 1708 fratrem
2745 1653 2813 1707 ad
2856 1652 3166 1708 necessaria
3204 1663 3459 1705 secessus
3494 1656 3591 1712 est,
3616 1647 3764 1711 adire;

2224 1758 2417 1799 revera
2447 1745 2754 1814 suspicatus
2791 1743 3071 1805 clericum,
3120 1751 3175 1797 et
3213 1741 3360 1809 quod
3404 1739 3474 1794 ad
3512 1738 3767 1795 oratorium

2155 1810 2199 1864 Β
2226 1835 2303 1890 ire
2332 1810 2614 1902 voluisset,
2649 1836 2777 1892 fecit
2802 1852 2833 1890 a
2861 1834 3235 1906 compluribus
3266 1829 3547 1886 inclamari
3567 1844 3659 1889 qua
3680 1828 3771 1882 ibat

2224 1944 2332 1983 non
2378 1943 2503 1984 esse
2547 1929 2692 1983 viam
2736 1929 2988 1995 oratorii;
3045 1938 3394 1997 nequaquam
3435 1922 3769 1978 exaudientem

2225 2022 2573 2091 prosequitur
2634 2022 2833 2076 missus
2865 2022 2958 2091 qui
2996 2028 3311 2076 revocaret.
3340 2016 3440 2072 sed
3466 2013 3630 2079 elapsi
3658 2012 3772 2067 nulla

2226 2129 2454 2183 prorsus
2493 2115 2725 2185 vestigia
2766 2114 2992 2169 invenit.
3029 2111 3298 2168 lntellexit
3342 2113 3561 2164 tandem
3609 2104 3772 2160 inimici

2228 2206 2564 2276 praestigium
2592 2246 2609 2271 ,
2666 2221 2730 2261 ac
2784 2206 2859 2261 rei
2915 2214 3175 2260 eventum
3231 2197 3585 2271 exspectavit.
3642 2194 3775 2249 Nocte

2225 2298 2474 2366 proxima
2513 2297 2731 2367 quidam
2771 2296 3099 2360 monachus,
3130 2295 3198 2350 de
3227 2290 3561 2348 monasterio
3584 2285 3775 2357 fugiens,

2226 2405 2323 2459 per
2371 2391 2560 2447 eadem
2605 2390 2721 2444 loca
2768 2405 3021 2460 egressus
3068 2386 3356 2449 discessit,
3405 2390 3467 2439 ut
3512 2396 3544 2437 e
3591 2380 3779 2449 vettigio

2229 2484 2553 2541 subsecutus
2588 2484 2845 2553 prodidit.
2887 2482 3042 2549 Quod
3091 2494 3252 2535 mane
3300 2477 3397 2533 ille
3438 2491 3562 2531 cum
3602 2487 3781 2541 compc-
3872 2480 3873 2549 ς

2230 2579 2395 2633 risset
2415 2577 2570 2641 dixit,
2597 2577 2682 2631 cui
2708 2576 2969 2631 militabat
2993 2572 3294 2642 etquieum
3320 2570 3593 2624 abducere
3616 2564 3781 2632 sategit
3872 2570 3873 2573 ‘

2230 2686 2261 2723 a
2319 2669 2644 2738 vespertinis
2695 2667 2846 2721 horis
2906 2664 3326 2736 prmstolabatur
3378 2660 3454 2714 ibi
3514 2655 3783 2711 immundus
3872 2708 3873 2713 η

2232 2762 2603 2824 immundum,
2647 2759 2899 2813 dominus
2940 2756 3224 2812 satellitem
3261 2766 3361 2822 per
3400 2747 3663 2803 immunda
3691 2743 3785 2811 jure

2232 2854 2587 2908 abducturus.
2623 2851 2801 2907 Variis
2841 2865 2973 2919 ergo
3009 2844 3382 2903 simultatibus
3415 2855 3537 2910 quae
3571 2851 3696 2906 sape
3719 2837 3785 2887 in-

2234 2956 2439 3000 trorsus
2465 2943 2785 2999 oriebantur
2814 2941 2982 3010 cmpit
3018 2937 3203 2994 dolere
3235 2932 3469 2989 multum
3497 2938 3550 2984 et
3575 2925 3785 2985 anxiari;

2232 3036 2296 3090 ad
2333 3052 2395 3092 ea
2433 3035 2576 3090 enim
2617 3032 2989 3103 componenda
3025 3028 3116 3098 qui
3148 3028 3201 3081 in
3231 3024 3474 3080 claustro
3514 3017 3790 3089 praesideret
3872 3058 3873 3061 η

2234 3128 2458 3183 minime
2486 3134 2604 3181 erat
2624 3166 2639 3190 ,
2667 3132 2978 3192 sumptuum
3014 3116 3488 3188 congerendorum
3529 3106 3790 3165 necessitas

2238 3219 2384 3272 illum
2410 3227 2567 3271 extra
2596 3213 2874 3269 immorari
2896 3209 3287 3280 compellebat:
3318 3207 3423 3260 hae
3447 3205 3514 3258 de
3542 3217 3598 3256 re
3627 3198 3788 3254 multo-

2239 3313 2336 3366 ties
2361 3310 2645 3365 Dominum
2670 3325 2792 3364 cum
2818 3308 2931 3378 jam
2959 3314 3242 3361 exorasset
3264 3342 3281 3369 ,
3316 3300 3501 3355 divina
3531 3296 3630 3352 sibi
3654 3295 3789 3349 mise-

2236 3403 2377 3457 ratio
2398 3400 2827 3456 accommodavit
2861 3398 3144 3465 auxilium,
3173 3393 3453 3449 sulIiciens
3480 3390 3548 3445 ad
3575 3388 3791 3443 universa

2236 3511 2356 3565 quae
2380 3494 2586 3565 agenda
2614 3492 2791 3547 forent
2821 3490 3157 3561 suffragium.

2307 3588 2470 3643 Ortus
2508 3586 2657 3640 Italia
2699 3584 2917 3654 quidam
2958 3583 3043 3636 vir
3086 3589 3231 3645 erat,
3279 3592 3444 3649 quem
3468 3573 3720 3630 Latinitas
3751 3570 3793 3621 in

2239 3680 2521 3748 antiquum
2564 3677 2632 3732 ab
2670 3691 2739 3731 eo
2772 3674 3025 3730 restituta
3061 3671 3304 3726 scientia:
3341 3676 3546 3723 statum
3587 3671 3689 3719 tota
3723 3675 3794 3760 su-

2238 3786 2509 3841 premum,
2565 3768 2747 3824 debito
2790 3783 2913 3821 cum
2962 3779 3147 3819 amore
3189 3771 3245 3817 et
3292 3762 3534 3821 honore,
3585 3760 3796 3827 agnoscit

2239 3862 2585 3930 magistrum,
2618 3858 2839 3913 nomine
2864 3856 3223 3915 Lanfraneus,
3254 3861 3361 3907 etc.
3389 3851 3528 3921 (77).

2309 3952 2492 4006 Abbas
2523 3950 2732 4021 peritus
2764 3958 2884 4005 erat
2916 3948 2969 4002 in
2996 3945 3311 4002 dirimendis
3339 3953 3627 3998 causarum
3653 3950 3798 3992 saecu-

2241 4042 2434 4097 larium
2460 4040 2867 4107 controversiis,
2895 4038 3135 4121 prudens
3156 4038 3210 4091 in
3237 4038 3302 4091 iis
3324 4051 3449 4106 quae
3475 4034 3544 4088 ad
3563 4028 3797 4086 exteriora

2240 4136 2551 4206 pertinent,
2581 4134 2634 4187 in
2663 4131 2983 4187 mdifieando
3020 4139 3075 4183 et
3102 4128 3448 4199 procurando
3485 4140 3608 4196 quae
3642 4130 3800 4175 neces-

2242 4225 2386 4280 saria
2432 4223 2628 4287 forent,
2659 4237 2763 4277 nec
2810 4220 3127 4293 prudentior
3155 4234 3331 4288 neque
3374 4215 3644 4272 eﬂieacior
3680 4210 3796 4265 salva

2242 4317 2502 4387 religione
2548 4324 2766 4385 poterat
2808 4328 2961 4378 esse;
3009 4312 3298 4383 praesentia
3350 4307 3651 4378 corporalis
3680 4302 3799 4400 foris

2244 4408 2392 4462 inter
2433 4420 2595 4462 curas
2632 4404 2818 4459 mundi
2871 4419 2993 4458 cum
3050 4402 3339 4463 residebat,
3382 4400 3601 4453 animus
3632 4394 3696 4449 ad
3736 4394 3801 4445 sui

2473 4507 2528 4552 et
2562 4510 2799 4551 amorem
2827 4497 2921 4550 Dei
2959 4494 3228 4565 praecipue
3264 4490 3604 4553 intendebat,
3634 4485 3801 4540 nullam

2243 4590 2521 4648 saecularis
2555 4603 2764 4658 pompae
2792 4601 2979 4641 curam
3021 4598 3238 4656 gerens,
3265 4581 3364 4636 soli
3393 4580 3510 4636 Deo
3546 4579 3597 4632 iu
3627 4574 3801 4631 actibus

2244 4685 2359 4740 suis
2404 4680 2702 4755 gratiﬁcari
2749 4680 3033 4752 gestiebat.
3077 4675 3455 4737 Humillimus.
3486 4683 3708 4727 summa
3735 4679 3805 4735 pa-

2247 4775 2492 4839 tientiae,
2554 4775 2606 4829 in
2661 4772 3006 4842 exsequendo
3059 4769 3241 4825 carnis
3296 4766 3557 4857 appetitu
3596 4764 3807 4857 modesto

2250 4867 2432 4936 rigore
2462 4862 2998 4929 continentissimus,
3037 4874 3253 4930 semper
3280 4858 3349 4913 ad
3386 4851 3693 4912 orationem
3727 4851 3809 4918 pri-

2248 4974 2371 5013 mus
2394 4956 2740 5025 exsurgebat,
2765 4969 2864 5009 nee
2889 4953 3068 5008 dittrui
3098 4952 3297 5007 laboris
3328 4948 3500 5005 multa
3530 4941 3810 5015 defatigatio

2251 5048 2402 5101 illum
2436 5048 2488 5100 in
2531 5047 2672 5101 lecto
2717 5053 2838 5115 post
2886 5044 3025 5098 alios
3063 5042 3361 5098 retinebat'
3404 5055 3517 5129 quo
3557 5039 3701 5108 jure,
3729 5046 3811 5129 qua

2252 5135 2649 5205 tranquillitate
2690 5134 2939 5189 subditos
2979 5132 3081 5188 sibi
3122 5131 3365 5200 regebat.
3407 5128 3613 5199 Legum
3658 5128 3815 5194 patria:

2251 5226 2678 5284 scientissimus.
2717 5224 3027 5294 praesidium
3072 5222 3184 5277 suis
3225 5229 3347 5277 erat
3387 5228 3583 5275 contra
3632 5215 3817 5284 iniquos

2253 5329 2560 5383 exactores,
2586 5327 2643 5373 et
2680 5316 2725 5372 si
2768 5317 2895 5386 quid
2938 5317 3078 5369 inter
3112 5328 3206 5369 eos
3232 5309 3630 5367 controversiae
3663 5317 3817 5361 nasce-

2252 5410 2435 5473 batur,
2463 5406 2774 5476 zequissimo
2813 5403 3099 5459 confestim
3135 5410 3277 5457 statu
3315 5398 3703 5469 componebat.
3736 5391 3819 5447 [no

2254 5500 2554 5569 dccunque,
2586 5498 2672 5553 vel
2700 5497 3112 5568 quibuscunque
3148 5492 3479 5563 loquebatur
3512 5504 3696 5546 sermo
3728 5484 3819 5553 ejus

2255 5592 2574 5663 dignitatem
2605 5590 2658 5645 in
2697 5604 2756 5645 se
2793 5589 3084 5643 maximam
3113 5599 3309 5656 gerens
3347 5584 3821 5639 obaudiebatur.at

2256 5684 2443 5738 doctor
2498 5680 2585 5737 ille
2639 5680 2905 5735 maximus
2953 5679 3005 5733 in
3062 5677 3302 5733 claustro
3356 5690 3585 5730 omnem
3637 5682 3821 5742 operam
