  <div class='ocr_page' id='page_1' title='image "/cluster/home/n/w/nwhite01/storage/ocr_20150623/150/hvd.32044015473788/356.png"; bbox 0 0 3864 6304; ppageno 0'>
   <div class='ocr_carea' id='block_1_1' title="bbox 67 391 3291 463">
    <p class='ocr_par' dir='ltr' id='par_1_1' title="bbox 67 391 3291 463">
     <span class='ocr_line' id='line_1_1' title="bbox 67 391 3291 463; baseline 0.004 -15"><span class='ocrx_word' id='word_1_1' title='bbox 67 395 149 449; x_wconf 80' lang='grc'><strong>705</strong></span> <span class='ocrx_word' id='word_1_2' title='bbox 862 393 1017 447; x_wconf 77' lang='lat' dir='ltr'><strong>VITA</strong></span> <span class='ocrx_word' id='word_1_3' title='bbox 1057 392 1116 449; x_wconf 88' lang='lat' dir='ltr'><strong>S.</strong></span> <span class='ocrx_word' id='word_1_4' title='bbox 1158 391 1487 449; x_wconf 78' lang='lat' dir='ltr'><strong>HERLUINI</strong></span> <span class='ocrx_word' id='word_1_5' title='bbox 1516 393 1806 449; x_wconf 83' lang='lat' dir='ltr'><strong>ABBATIS</strong></span> <span class='ocrx_word' id='word_1_6' title='bbox 1840 393 2219 452; x_wconf 75' lang='lat' dir='ltr'><strong>BECCENSIS</strong></span> <span class='ocrx_word' id='word_1_7' title='bbox 2257 396 2467 454; x_wconf 76' lang='lat' dir='ltr'><strong>PRIMI.</strong></span> <span class='ocrx_word' id='word_1_8' title='bbox 3187 405 3291 463; x_wconf 81' lang='lat'><strong>706</strong></span> 
     </span>
    </p>
   </div>
   <div class='ocr_carea' id='block_1_2' title="bbox 67 506 3310 585">
    <p class='ocr_par' dir='ltr' id='par_1_2' title="bbox 67 506 3310 585">
     <span class='ocr_line' id='line_1_2' title="bbox 67 506 3310 585; baseline 0.004 -20"><span class='ocrx_word' id='word_1_9' title='bbox 67 508 374 581; x_wconf 87' lang='lat' dir='ltr'><strong>impendebat</strong></span> <span class='ocrx_word' id='word_1_10' title='bbox 424 516 632 578; x_wconf 79' lang='lat' dir='ltr'><strong>quieti,</strong></span> <span class='ocrx_word' id='word_1_11' title='bbox 682 518 734 562; x_wconf 89' lang='lat' dir='ltr'><strong>et</strong></span> <span class='ocrx_word' id='word_1_12' title='bbox 782 510 996 564; x_wconf 82' lang='lat' dir='ltr'><strong>silentio</strong></span> <span class='ocrx_word' id='word_1_13' title='bbox 1044 511 1225 564; x_wconf 82' lang='lat' dir='ltr'><strong>cordis</strong></span> <span class='ocrx_word' id='word_1_14' title='bbox 1276 510 1357 563; x_wconf 91' lang='lat' dir='ltr'><strong>sui</strong></span> <span class='ocrx_word' id='word_1_15' title='bbox 1411 508 1620 562; x_wconf 87' lang='lat' dir='ltr'><strong>novalia</strong></span> <span class='ocrx_word' id='word_1_16' title='bbox 1651 510 1692 564; x_wconf 89' lang='lat' dir='ltr'><strong>A</strong></span> <span class='ocrx_word' id='word_1_17' title='bbox 1722 522 1909 560; x_wconf 85' lang='lat' dir='ltr'><strong>verum</strong></span> <span class='ocrx_word' id='word_1_18' title='bbox 1956 506 2282 561; x_wconf 88' lang='lat' dir='ltr'><strong>intrantibus</strong></span> <span class='ocrx_word' id='word_1_19' title='bbox 2326 509 2436 574; x_wconf 92' lang='lat' dir='ltr'><strong>eis,</strong></span> <span class='ocrx_word' id='word_1_20' title='bbox 2484 507 2616 563; x_wconf 89' lang='lat' dir='ltr'><strong>vidit</strong></span> <span class='ocrx_word' id='word_1_21' title='bbox 2651 513 2899 569; x_wconf 88' lang='lat' dir='ltr'><strong>eumdem</strong></span> <span class='ocrx_word' id='word_1_22' title='bbox 2930 515 3042 585; x_wconf 87' lang='lat' dir='ltr'><strong>jam</strong></span> <span class='ocrx_word' id='word_1_23' title='bbox 3085 518 3137 574; x_wconf 91' lang='lat' dir='ltr'><strong>in</strong></span> <span class='ocrx_word' id='word_1_24' title='bbox 3182 522 3310 579; x_wconf 70' lang='grc' dir='ltr'><strong>ιημί</strong></span> 
     </span>
    </p>
   </div>
   <div class='ocr_carea' id='block_1_3' title="bbox 65 591 3304 683">
    <p class='ocr_par' dir='ltr' id='par_1_3' title="bbox 65 591 3304 683">
     <span class='ocr_line' id='line_1_3' title="bbox 65 591 3304 683; baseline 0.005 -33"><span class='ocrx_word' id='word_1_25' title='bbox 65 600 185 654; x_wconf 80' lang='lat' dir='ltr'><strong>verbi</strong></span> <span class='ocrx_word' id='word_1_26' title='bbox 227 599 363 652; x_wconf 86' lang='lat' dir='ltr'><strong>sacri</strong></span> <span class='ocrx_word' id='word_1_27' title='bbox 410 598 687 661; x_wconf 78' lang='lat' dir='ltr'><strong>excoleris,</strong></span> <span class='ocrx_word' id='word_1_28' title='bbox 730 599 946 653; x_wconf 86' lang='lat' dir='ltr'><strong>assidua</strong></span> <span class='ocrx_word' id='word_1_29' title='bbox 998 599 1225 653; x_wconf 89' lang='lat' dir='ltr'><strong>lectione</strong></span> <span class='ocrx_word' id='word_1_30' title='bbox 1275 598 1506 667; x_wconf 91' lang='lat' dir='ltr'><strong>irrigans</strong></span> <span class='ocrx_word' id='word_1_31' title='bbox 1553 612 1615 651; x_wconf 88' lang='lat' dir='ltr'><strong>ea</strong></span> <span class='ocrx_word' id='word_1_32' title='bbox 1721 591 1840 647; x_wconf 80' lang='lat' dir='ltr'><strong>loco</strong></span> <span class='ocrx_word' id='word_1_33' title='bbox 1888 595 2146 651; x_wconf 85' lang='lat' dir='ltr'><strong>eminenti</strong></span> <span class='ocrx_word' id='word_1_34' title='bbox 2198 600 2526 654; x_wconf 85' lang='lat' dir='ltr'><strong>consedisse.</strong></span> <span class='ocrx_word' id='word_1_35' title='bbox 2570 600 2884 673; x_wconf 70' lang='lat' dir='ltr'><strong>Suspicatus</strong></span> <span class='ocrx_word' id='word_1_36' title='bbox 2928 607 3087 677; x_wconf 87' lang='lat' dir='ltr'><strong>igitur</strong></span> <span class='ocrx_word' id='word_1_37' title='bbox 3127 614 3304 683; x_wconf 82' lang='lat' dir='ltr'><strong>magni</strong></span> 
     </span>
    </p>
   </div>
   <div class='ocr_carea' id='block_1_4' title="bbox 64 683 3306 767">
    <p class='ocr_par' dir='ltr' id='par_1_4' title="bbox 64 683 3306 767">
     <span class='ocr_line' id='line_1_4' title="bbox 64 683 3306 767; baseline 0.01 -40"><span class='ocrx_word' id='word_1_38' title='bbox 64 690 180 745; x_wconf 70' lang='lat' dir='ltr'><strong>dulci</strong></span> <span class='ocrx_word' id='word_1_39' title='bbox 221 705 377 760; x_wconf 76' lang='lat' dir='ltr'><strong>quam</strong></span> <span class='ocrx_word' id='word_1_40' title='bbox 433 705 580 760; x_wconf 62' lang='lat' dir='ltr'><strong>smne</strong></span> <span class='ocrx_word' id='word_1_41' title='bbox 619 691 902 745; x_wconf 59' lang='lat' dir='ltr'><strong>obtinebat</strong></span> <span class='ocrx_word' id='word_1_42' title='bbox 945 690 1307 761; x_wconf 64' lang='lat' dir='ltr'><strong>lacrymarun)</strong></span> <span class='ocrx_word' id='word_1_43' title='bbox 1355 706 1618 760; x_wconf 63' lang='grc' dir='ltr'><strong>(εοηιρυιι-</strong></span> <span class='ocrx_word' id='word_1_44' title='bbox 1721 683 1951 753; x_wconf 86' lang='lat' dir='ltr'><strong>alicujus</strong></span> <span class='ocrx_word' id='word_1_45' title='bbox 1980 689 2157 742; x_wconf 84' lang='lat' dir='ltr'><strong>meriti</strong></span> <span class='ocrx_word' id='word_1_46' title='bbox 2183 689 2329 743; x_wconf 80' lang='lat' dir='ltr'><strong>illum</strong></span> <span class='ocrx_word' id='word_1_47' title='bbox 2360 692 2612 756; x_wconf 81' lang='lat' dir='ltr'><strong>existere,</strong></span> <span class='ocrx_word' id='word_1_48' title='bbox 2644 695 2733 763; x_wconf 70' lang='lat' dir='ltr'><strong>(Illi</strong></span> <span class='ocrx_word' id='word_1_49' title='bbox 2760 711 2961 767; x_wconf 73' lang='grc' dir='ltr'><strong>ρειιιρον</strong></span> <span class='ocrx_word' id='word_1_50' title='bbox 2988 701 3218 757; x_wconf 83' lang='lat' dir='ltr'><strong>habebat</strong></span> <span class='ocrx_word' id='word_1_51' title='bbox 3248 684 3306 761; x_wconf 53' lang='grc' dir='ltr'><strong>δέ</strong></span> 
     </span>
    </p>
   </div>
   <div class='ocr_carea' id='block_1_5' title="bbox 65 777 1591 853">
    <p class='ocr_par' dir='ltr' id='par_1_5' title="bbox 65 779 1591 850">
     <span class='ocr_line' id='line_1_5' title="bbox 65 779 1591 850; baseline 0.003 -16"><span class='ocrx_word' id='word_1_52' title='bbox 65 782 230 835; x_wconf 89' lang='lat' dir='ltr'><strong>ctione.</strong></span> <span class='ocrx_word' id='word_1_53' title='bbox 274 779 366 835; x_wconf 77' lang='lat' dir='ltr'><strong>Sic</strong></span> <span class='ocrx_word' id='word_1_54' title='bbox 404 795 507 850; x_wconf 91' lang='lat' dir='ltr'><strong>per</strong></span> <span class='ocrx_word' id='word_1_55' title='bbox 556 791 665 837; x_wconf 88' lang='lat' dir='ltr'><strong>tres</strong></span> <span class='ocrx_word' id='word_1_56' title='bbox 701 797 873 837; x_wconf 91' lang='lat' dir='ltr'><strong>annos</strong></span> <span class='ocrx_word' id='word_1_57' title='bbox 912 783 1047 836; x_wconf 83' lang='lat' dir='ltr'><strong>vixit</strong></span> <span class='ocrx_word' id='word_1_58' title='bbox 1087 783 1359 838; x_wconf 90' lang='lat' dir='ltr'><strong>solitarius</strong></span> <span class='ocrx_word' id='word_1_59' title='bbox 1403 784 1452 836; x_wconf 92' lang='lat' dir='ltr'><strong>iu</strong></span> <span class='ocrx_word' id='word_1_60' title='bbox 1505 783 1591 838; x_wconf 82' lang='lat' dir='ltr'><strong>fre</strong></span> 
     </span>
    </p>
   </div>
   <div class='ocr_carea' id='block_1_6' title="bbox 1780 777 3306 853">
    <p class='ocr_par' dir='ltr' id='par_1_6' title="bbox 1780 777 3306 853">
     <span class='ocr_line' id='line_1_6' title="bbox 1780 777 3306 853; baseline 0.016 -27"><span class='ocrx_word' id='word_1_61' title='bbox 1780 791 1826 827; x_wconf 81' lang='lat' dir='ltr'><strong>nt</strong></span> <span class='ocrx_word' id='word_1_62' title='bbox 1868 777 2155 845; x_wconf 86' lang='lat' dir='ltr'><strong>imperiose</strong></span> <span class='ocrx_word' id='word_1_63' title='bbox 2195 782 2440 836; x_wconf 81' lang='lat' dir='ltr'><strong>assidens</strong></span> <span class='ocrx_word' id='word_1_64' title='bbox 2472 799 2637 853; x_wconf 90' lang='lat' dir='ltr'><strong>prope</strong></span> <span class='ocrx_word' id='word_1_65' title='bbox 2678 786 2819 839; x_wconf 89' lang='lat' dir='ltr'><strong>circa</strong></span> <span class='ocrx_word' id='word_1_66' title='bbox 2862 788 3007 843; x_wconf 89' lang='lat' dir='ltr'><strong>illum</strong></span> <span class='ocrx_word' id='word_1_67' title='bbox 3049 796 3306 851; x_wconf 67' lang='lat' dir='ltr'><strong>attentius</strong></span> 
     </span>
    </p>
   </div>
   <div class='ocr_carea' id='block_1_7' title="bbox 63 866 3304 952">
    <p class='ocr_par' dir='ltr' id='par_1_7' title="bbox 63 866 3304 952">
     <span class='ocr_line' id='line_1_7' title="bbox 63 866 3304 952; baseline 0.008 -41"><span class='ocrx_word' id='word_1_68' title='bbox 63 872 249 943; x_wconf 57' lang='lat' dir='ltr'><strong>quentia</strong></span> <span class='ocrx_word' id='word_1_69' title='bbox 292 871 615 936; x_wconf 52' lang='lat' dir='ltr'><strong>hominum,</strong></span> <span class='ocrx_word' id='word_1_70' title='bbox 669 873 911 944; x_wconf 69' lang='lat' dir='ltr'><strong>gaudens</strong></span> <span class='ocrx_word' id='word_1_71' title='bbox 961 876 1101 942; x_wconf 67' lang='lat' dir='ltr'><strong>quod</strong></span> <span class='ocrx_word' id='word_1_72' title='bbox 1151 874 1223 929; x_wconf 75' lang='lat' dir='ltr'><strong>ibi</strong></span> <span class='ocrx_word' id='word_1_73' title='bbox 1276 876 1617 927; x_wconf 52' lang='lat' dir='ltr'><strong>nesciebatur</strong></span> <span class='ocrx_word' id='word_1_74' title='bbox 1722 868 1995 920; x_wconf 87' lang='lat' dir='ltr'><strong>manebat.</strong></span> <span class='ocrx_word' id='word_1_75' title='bbox 2036 866 2199 924; x_wconf 83' lang='lat' dir='ltr'><strong>Navis</strong></span> <span class='ocrx_word' id='word_1_76' title='bbox 2224 886 2347 925; x_wconf 92' lang='lat' dir='ltr'><strong>cum</strong></span> <span class='ocrx_word' id='word_1_77' title='bbox 2379 873 2431 925; x_wconf 89' lang='lat' dir='ltr'><strong>in</strong></span> <span class='ocrx_word' id='word_1_78' title='bbox 2470 873 2635 927; x_wconf 89' lang='lat' dir='ltr'><strong>altum</strong></span> <span class='ocrx_word' id='word_1_79' title='bbox 2675 893 2824 931; x_wconf 89' lang='lat' dir='ltr'><strong>mare</strong></span> <span class='ocrx_word' id='word_1_80' title='bbox 2865 890 3050 934; x_wconf 65' lang='lat' dir='ltr'><strong>evecta</strong></span> <span class='ocrx_word' id='word_1_81' title='bbox 3093 881 3304 952; x_wconf 82' lang='lat' dir='ltr'><strong>fuisset,</strong></span> 
     </span>
    </p>
   </div>
   <div class='ocr_carea' id='block_1_8' title="bbox 62 958 3305 1043">
    <p class='ocr_par' dir='ltr' id='par_1_8' title="bbox 62 958 3305 1043">
     <span class='ocr_line' id='line_1_8' title="bbox 62 958 3305 1043; baseline 0.01 -47"><span class='ocrx_word' id='word_1_82' title='bbox 62 976 226 1035; x_wconf 44' lang='lat' dir='ltr'><strong>praeter</strong></span> <span class='ocrx_word' id='word_1_83' title='bbox 270 967 635 1034; x_wconf 66' lang='lat' dir='ltr'><strong>paucissimos</strong></span> <span class='ocrx_word' id='word_1_84' title='bbox 680 968 879 1036; x_wconf 67' lang='lat' dir='ltr'><strong>quibus</strong></span> <span class='ocrx_word' id='word_1_85' title='bbox 932 966 1222 1035; x_wconf 63' lang='lat' dir='ltr'><strong>aliquando</strong></span> <span class='ocrx_word' id='word_1_86' title='bbox 1274 965 1611 1034; x_wconf 59' lang='lat' dir='ltr'><strong>loquebatur,</strong></span> <span class='ocrx_word' id='word_1_87' title='bbox 1720 958 1890 1011; x_wconf 83' lang='lat' dir='ltr'><strong>territi</strong></span> <span class='ocrx_word' id='word_1_88' title='bbox 1922 972 2045 1013; x_wconf 88' lang='lat' dir='ltr'><strong>sunt</strong></span> <span class='ocrx_word' id='word_1_89' title='bbox 2075 972 2253 1016; x_wconf 65' lang='lat' dir='ltr'><strong>nauta:</strong></span> <span class='ocrx_word' id='word_1_90' title='bbox 2281 964 2598 1031; x_wconf 72' lang='lat' dir='ltr'><strong>quibusdam</strong></span> <span class='ocrx_word' id='word_1_91' title='bbox 2636 971 2896 1023; x_wconf 83' lang='lat' dir='ltr'><strong>monstris</strong></span> <span class='ocrx_word' id='word_1_92' title='bbox 2940 988 3059 1043; x_wconf 73' lang='lat' dir='ltr'><strong>qua:</strong></span> <span class='ocrx_word' id='word_1_93' title='bbox 3100 975 3150 1028; x_wconf 92' lang='lat' dir='ltr'><strong>in</strong></span> <span class='ocrx_word' id='word_1_94' title='bbox 3192 978 3305 1031; x_wconf 86' lang='lat' dir='ltr'><strong>salo</strong></span> 
     </span>
    </p>
   </div>
   <div class='ocr_carea' id='block_1_9' title="bbox 61 1046 1587 1131">
    <p class='ocr_par' dir='ltr' id='par_1_9' title="bbox 61 1054 1587 1127">
     <span class='ocr_line' id='line_1_9' title="bbox 61 1054 1587 1127; baseline 0.003 -20"><span class='ocrx_word' id='word_1_95' title='bbox 61 1054 273 1109; x_wconf 88' lang='lat' dir='ltr'><strong>omnibus</strong></span> <span class='ocrx_word' id='word_1_96' title='bbox 300 1054 549 1109; x_wconf 89' lang='lat' dir='ltr'><strong>innotus.</strong></span> <span class='ocrx_word' id='word_1_97' title='bbox 570 1055 778 1110; x_wconf 82' lang='lat' dir='ltr'><strong>Rumor</strong></span> <span class='ocrx_word' id='word_1_98' title='bbox 804 1066 863 1110; x_wconf 91' lang='lat' dir='ltr'><strong>ut</strong></span> <span class='ocrx_word' id='word_1_99' title='bbox 891 1058 994 1111; x_wconf 92' lang='lat' dir='ltr'><strong>hoc</strong></span> <span class='ocrx_word' id='word_1_100' title='bbox 1028 1056 1234 1110; x_wconf 77' lang='lat' dir='ltr'><strong>factum</strong></span> <span class='ocrx_word' id='word_1_101' title='bbox 1275 1057 1531 1127; x_wconf 83' lang='lat' dir='ltr'><strong>prodidit,</strong></span> <span class='ocrx_word' id='word_1_102' title='bbox 1560 1072 1587 1111; x_wconf 92' lang='lat' dir='ltr'><strong>e</strong></span> 
     </span>
    </p>
   </div>
   <div class='ocr_carea' id='block_1_10' title="bbox 1776 1046 3302 1131">
    <p class='ocr_par' dir='ltr' id='par_1_10' title="bbox 1776 1047 3302 1131">
     <span class='ocr_line' id='line_1_10' title="bbox 1776 1047 3302 1131; baseline 0.012 -30"><span class='ocrx_word' id='word_1_103' title='bbox 1776 1047 1989 1102; x_wconf 71' lang='lat' dir='ltr'><strong>ﬂebant.</strong></span> <span class='ocrx_word' id='word_1_104' title='bbox 2042 1050 2154 1105; x_wconf 86' lang='lat' dir='ltr'><strong>Hac</strong></span> <span class='ocrx_word' id='word_1_105' title='bbox 2189 1053 2603 1109; x_wconf 86' lang='lat' dir='ltr'><strong>tutuultuatinne</strong></span> <span class='ocrx_word' id='word_1_106' title='bbox 2648 1064 3119 1128; x_wconf 80' lang='lat' dir='ltr'><strong>prospectantibus</strong></span> <span class='ocrx_word' id='word_1_107' title='bbox 3158 1064 3302 1131; x_wconf 89' lang='lat' dir='ltr'><strong>aliis,</strong></span> 
     </span>
    </p>
   </div>
   <div class='ocr_carea' id='block_1_11' title="bbox 61 1136 1587 1219">
    <p class='ocr_par' dir='ltr' id='par_1_11' title="bbox 61 1146 1575 1219">
     <span class='ocr_line' id='line_1_11' title="bbox 61 1146 1575 1219; baseline 0.003 -21"><span class='ocrx_word' id='word_1_108' title='bbox 61 1148 186 1216; x_wconf 82' lang='lat' dir='ltr'><strong>longe</strong></span> <span class='ocrx_word' id='word_1_109' title='bbox 214 1146 427 1216; x_wconf 85' lang='lat' dir='ltr'><strong>lateque</strong></span> <span class='ocrx_word' id='word_1_110' title='bbox 462 1148 723 1216; x_wconf 89' lang='lat' dir='ltr'><strong>protulit,</strong></span> <span class='ocrx_word' id='word_1_111' title='bbox 754 1160 808 1204; x_wconf 91' lang='lat' dir='ltr'><strong>et</strong></span> <span class='ocrx_word' id='word_1_112' title='bbox 844 1149 983 1203; x_wconf 82' lang='lat' dir='ltr'><strong>fama</strong></span> <span class='ocrx_word' id='word_1_113' title='bbox 1017 1149 1119 1203; x_wconf 91' lang='lat' dir='ltr'><strong>viri</strong></span> <span class='ocrx_word' id='word_1_114' title='bbox 1163 1149 1575 1219; x_wconf 63' lang='lat' dir='ltr'><strong>praeclarissima</strong></span> 
     </span>
    </p>
   </div>
   <div class='ocr_carea' id='block_1_12' title="bbox 1820 1136 3346 1219">
    <p class='ocr_par' dir='ltr' id='par_1_12' title="bbox 1830 1140 3346 1215">
     <span class='ocr_line' id='line_1_12' title="bbox 1830 1140 3346 1215; baseline 0.012 -24"><span class='ocrx_word' id='word_1_115' title='bbox 1830 1140 1979 1209; x_wconf 80' lang='lat' dir='ltr'><strong>gravi</strong></span> <span class='ocrx_word' id='word_1_116' title='bbox 2010 1144 2238 1211; x_wconf 82' lang='lat' dir='ltr'><strong>quadam</strong></span> <span class='ocrx_word' id='word_1_117' title='bbox 2264 1146 2526 1215; x_wconf 76' lang='lat' dir='ltr'><strong>dignitate</strong></span> <span class='ocrx_word' id='word_1_118' title='bbox 2548 1147 2857 1214; x_wconf 90' lang='lat' dir='ltr'><strong>subridens,</strong></span> <span class='ocrx_word' id='word_1_119' title='bbox 2885 1161 3086 1205; x_wconf 85' lang='lat' dir='ltr'><strong>metum</strong></span> <span class='ocrx_word' id='word_1_120' title='bbox 3111 1169 3300 1209; x_wconf 92' lang='lat' dir='ltr'><strong>eorum</strong></span> <span class='ocrx_word' id='word_1_121' title='bbox 3344 1151 3346 1155; x_wconf 58' lang='grc'><strong><em>⁷</em></strong></span> 
     </span>
    </p>
   </div>
   <div class='ocr_carea' id='block_1_13' title="bbox 60 1229 1586 1312">
    <p class='ocr_par' dir='ltr' id='par_1_13' title="bbox 60 1238 1586 1312">
     <span class='ocr_line' id='line_1_13' title="bbox 60 1238 1586 1312; baseline 0.003 -20"><span class='ocrx_word' id='word_1_122' title='bbox 60 1238 250 1292; x_wconf 86' lang='lat' dir='ltr'><strong>Bcccutu</strong></span> <span class='ocrx_word' id='word_1_123' title='bbox 276 1248 328 1292; x_wconf 90' lang='lat' dir='ltr'><strong>et</strong></span> <span class='ocrx_word' id='word_1_124' title='bbox 350 1238 611 1294; x_wconf 84' lang='lat' dir='ltr'><strong>abbatem</strong></span> <span class='ocrx_word' id='word_1_125' title='bbox 639 1241 958 1297; x_wconf 81' lang='lat' dir='ltr'><strong>Herluinum</strong></span> <span class='ocrx_word' id='word_1_126' title='bbox 994 1243 1145 1297; x_wconf 83' lang='lat' dir='ltr'><strong>brevi</strong></span> <span class='ocrx_word' id='word_1_127' title='bbox 1172 1257 1268 1312; x_wconf 82' lang='lat' dir='ltr'><strong>per</strong></span> <span class='ocrx_word' id='word_1_128' title='bbox 1292 1243 1476 1298; x_wconf 84' lang='lat' dir='ltr'><strong>orbem</strong></span> <span class='ocrx_word' id='word_1_129' title='bbox 1507 1251 1586 1298; x_wconf 91' lang='lat' dir='ltr'><strong>ter</strong></span> 
     </span>
    </p>
   </div>
   <div class='ocr_carea' id='block_1_14' title="bbox 1778 1229 3304 1312">
    <p class='ocr_par' dir='ltr' id='par_1_14' title="bbox 1778 1229 3304 1306">
     <span class='ocr_line' id='line_1_14' title="bbox 1778 1229 3304 1306; baseline 0.013 -25"><span class='ocrx_word' id='word_1_130' title='bbox 1778 1229 2164 1297; x_wconf 89' lang='lat' dir='ltr'><strong>prchendehat.</strong></span> <span class='ocrx_word' id='word_1_131' title='bbox 2211 1233 2364 1290; x_wconf 84' lang='lat' dir='ltr'><strong>Tune</strong></span> <span class='ocrx_word' id='word_1_132' title='bbox 2406 1238 2616 1305; x_wconf 89' lang='lat' dir='ltr'><strong>primo,</strong></span> <span class='ocrx_word' id='word_1_133' title='bbox 2661 1248 2717 1291; x_wconf 93' lang='lat' dir='ltr'><strong>ut</strong></span> <span class='ocrx_word' id='word_1_134' title='bbox 2756 1241 2993 1306; x_wconf 88' lang='lat' dir='ltr'><strong>aiebant,</strong></span> <span class='ocrx_word' id='word_1_135' title='bbox 3046 1245 3192 1299; x_wconf 89' lang='lat' dir='ltr'><strong>visus</strong></span> <span class='ocrx_word' id='word_1_136' title='bbox 3234 1247 3304 1301; x_wconf 90' lang='lat' dir='ltr'><strong>ab</strong></span> 
     </span>
    </p>
   </div>
   <div class='ocr_carea' id='block_1_15' title="bbox 62 1319 1588 1406">
    <p class='ocr_par' dir='ltr' id='par_1_15' title="bbox 62 1328 1584 1397">
     <span class='ocr_line' id='line_1_15' title="bbox 62 1328 1584 1397; baseline 0.006 -19"><span class='ocrx_word' id='word_1_137' title='bbox 62 1343 207 1381; x_wconf 82' lang='lat' dir='ltr'><strong>rarum</strong></span> <span class='ocrx_word' id='word_1_138' title='bbox 242 1328 459 1383; x_wconf 84' lang='lat' dir='ltr'><strong>extulit.</strong></span> <span class='ocrx_word' id='word_1_139' title='bbox 486 1330 580 1385; x_wconf 59' lang='lat' dir='ltr'><strong>Act</strong></span> <span class='ocrx_word' id='word_1_140' title='bbox 603 1341 795 1385; x_wconf 89' lang='lat' dir='ltr'><strong>urruut</strong></span> <span class='ocrx_word' id='word_1_141' title='bbox 834 1333 1040 1397; x_wconf 85' lang='lat' dir='ltr'><strong>clerici,</strong></span> <span class='ocrx_word' id='word_1_142' title='bbox 1072 1333 1263 1387; x_wconf 88' lang='lat' dir='ltr'><strong>dueum</strong></span> <span class='ocrx_word' id='word_1_143' title='bbox 1305 1333 1399 1386; x_wconf 81' lang='lat' dir='ltr'><strong>lilii</strong></span> <span class='ocrx_word' id='word_1_144' title='bbox 1442 1333 1584 1387; x_wconf 87' lang='lat' dir='ltr'><strong>nomi</strong></span> 
     </span>
    </p>
   </div>
   <div class='ocr_carea' id='block_1_16' title="bbox 1777 1319 3303 1406">
    <p class='ocr_par' dir='ltr' id='par_1_16' title="bbox 1777 1322 3303 1406">
     <span class='ocr_line' id='line_1_16' title="bbox 1777 1322 3303 1406; baseline 0.013 -34"><span class='ocrx_word' id='word_1_145' title='bbox 1777 1335 1811 1383; x_wconf 73' lang='grc' dir='ltr'><strong>ς,</strong></span> <span class='ocrx_word' id='word_1_146' title='bbox 1856 1322 2195 1389; x_wconf 73' lang='lat' dir='ltr'><strong>exigentibus</strong></span> <span class='ocrx_word' id='word_1_147' title='bbox 2232 1326 2525 1381; x_wconf 62' lang='lat' dir='ltr'><strong>’conl‘estim</strong></span> <span class='ocrx_word' id='word_1_148' title='bbox 2569 1331 2749 1385; x_wconf 89' lang='lat' dir='ltr'><strong>nautis</strong></span> <span class='ocrx_word' id='word_1_149' title='bbox 2798 1334 2919 1400; x_wconf 87' lang='lat' dir='ltr'><strong>quis</strong></span> <span class='ocrx_word' id='word_1_150' title='bbox 2965 1333 3127 1402; x_wconf 83' lang='lat' dir='ltr'><strong>foret,</strong></span> <span class='ocrx_word' id='word_1_151' title='bbox 3182 1338 3303 1406; x_wconf 85' lang='lat' dir='ltr'><strong>quis</strong></span> 
     </span>
    </p>
   </div>
   <div class='ocr_carea' id='block_1_17' title="bbox 59 1410 1585 1496">
    <p class='ocr_par' dir='ltr' id='par_1_17' title="bbox 59 1420 1584 1496">
     <span class='ocr_line' id='line_1_17' title="bbox 59 1420 1584 1496; baseline 0.005 -25"><span class='ocrx_word' id='word_1_152' title='bbox 59 1420 301 1487; x_wconf 87' lang='lat' dir='ltr'><strong>natissimi,</strong></span> <span class='ocrx_word' id='word_1_153' title='bbox 343 1424 658 1478; x_wconf 77' lang='lat' dir='ltr'><strong>scholarum</strong></span> <span class='ocrx_word' id='word_1_154' title='bbox 687 1424 996 1479; x_wconf 84' lang='lat' dir='ltr'><strong>Latinitatis</strong></span> <span class='ocrx_word' id='word_1_155' title='bbox 1038 1426 1318 1496; x_wconf 87' lang='lat' dir='ltr'><strong>magistri,</strong></span> <span class='ocrx_word' id='word_1_156' title='bbox 1356 1424 1477 1481; x_wconf 90' lang='lat' dir='ltr'><strong>laici</strong></span> <span class='ocrx_word' id='word_1_157' title='bbox 1517 1440 1584 1495; x_wconf 90' lang='lat' dir='ltr'><strong>po</strong></span> 
     </span>
    </p>
   </div>
   <div class='ocr_carea' id='block_1_18' title="bbox 1778 1410 3304 1496">
    <p class='ocr_par' dir='ltr' id='par_1_18' title="bbox 1778 1410 3304 1490">
     <span class='ocr_line' id='line_1_18' title="bbox 1778 1410 3304 1490; baseline 0.014 -26"><span class='ocrx_word' id='word_1_158' title='bbox 1778 1410 2037 1479; x_wconf 79' lang='lat' dir='ltr'><strong>duxisset,</strong></span> <span class='ocrx_word' id='word_1_159' title='bbox 2072 1417 2155 1469; x_wconf 86' lang='lat' dir='ltr'><strong>vel</strong></span> <span class='ocrx_word' id='word_1_160' title='bbox 2176 1431 2284 1486; x_wconf 88' lang='lat' dir='ltr'><strong>quo</strong></span> <span class='ocrx_word' id='word_1_161' title='bbox 2314 1420 2493 1489; x_wconf 90' lang='lat' dir='ltr'><strong>pretio</strong></span> <span class='ocrx_word' id='word_1_162' title='bbox 2522 1436 2714 1476; x_wconf 89' lang='lat' dir='ltr'><strong>navem</strong></span> <span class='ocrx_word' id='word_1_163' title='bbox 2756 1432 2956 1479; x_wconf 65' lang='lat' dir='ltr'><strong>uocaret</strong></span> <span class='ocrx_word' id='word_1_164' title='bbox 2982 1442 2995 1490; x_wconf 91' lang='lat'><strong>;</strong></span> <span class='ocrx_word' id='word_1_165' title='bbox 3024 1441 3089 1481; x_wconf 93' lang='lat' dir='ltr'><strong>co</strong></span> <span class='ocrx_word' id='word_1_166' title='bbox 3113 1439 3304 1485; x_wconf 86' lang='lat' dir='ltr'><strong>aucto-</strong></span> 
     </span>
    </p>
   </div>
   <div class='ocr_carea' id='block_1_19' title="bbox 59 1503 3301 1589">
    <p class='ocr_par' dir='ltr' id='par_1_19' title="bbox 59 1503 3301 1589">
     <span class='ocr_line' id='line_1_19' title="bbox 59 1503 3301 1589; baseline 0.009 -42"><span class='ocrx_word' id='word_1_167' title='bbox 59 1522 199 1568; x_wconf 61' lang='grc' dir='ltr'><strong>ιεηιρε</strong></span> <span class='ocrx_word' id='word_1_168' title='bbox 235 1515 336 1569; x_wconf 63' lang='lat' dir='ltr'><strong>ana</strong></span> <span class='ocrx_word' id='word_1_169' title='bbox 382 1516 704 1581; x_wconf 54' lang='lat' dir='ltr'><strong>nobilium,</strong></span> <span class='ocrx_word' id='word_1_170' title='bbox 742 1518 847 1572; x_wconf 61' lang='lat' dir='ltr'><strong>viri</strong></span> <span class='ocrx_word' id='word_1_171' title='bbox 874 1517 1024 1572; x_wconf 72' lang='lat' dir='ltr'><strong>mum</strong></span> <span class='ocrx_word' id='word_1_172' title='bbox 1066 1534 1164 1589; x_wconf 67' lang='lat' dir='ltr'><strong>pro</strong></span> <span class='ocrx_word' id='word_1_173' title='bbox 1208 1518 1375 1589; x_wconf 67' lang='lat' dir='ltr'><strong>ipsius</strong></span> <span class='ocrx_word' id='word_1_174' title='bbox 1423 1534 1609 1572; x_wconf 67' lang='lat' dir='ltr'><strong>amore</strong></span> <span class='ocrx_word' id='word_1_175' title='bbox 1712 1503 1875 1559; x_wconf 91' lang='lat' dir='ltr'><strong>ritate</strong></span> <span class='ocrx_word' id='word_1_176' title='bbox 1903 1506 2070 1561; x_wconf 90' lang='lat' dir='ltr'><strong>multa</strong></span> <span class='ocrx_word' id='word_1_177' title='bbox 2101 1523 2160 1563; x_wconf 90' lang='lat' dir='ltr'><strong>se</strong></span> <span class='ocrx_word' id='word_1_178' title='bbox 2192 1509 2444 1578; x_wconf 89' lang='lat' dir='ltr'><strong>habente,</strong></span> <span class='ocrx_word' id='word_1_179' title='bbox 2478 1522 2532 1566; x_wconf 91' lang='lat' dir='ltr'><strong>et</strong></span> <span class='ocrx_word' id='word_1_180' title='bbox 2565 1515 2637 1568; x_wconf 88' lang='lat' dir='ltr'><strong>nil</strong></span> <span class='ocrx_word' id='word_1_181' title='bbox 2669 1517 2891 1569; x_wconf 88' lang='lat' dir='ltr'><strong>omnino</strong></span> <span class='ocrx_word' id='word_1_182' title='bbox 2921 1522 3301 1588; x_wconf 81' lang='lat' dir='ltr'><strong>respondente,</strong></span> 
     </span>
    </p>
   </div>
   <div class='ocr_carea' id='block_1_20' title="bbox 56 1593 3302 1678">
    <p class='ocr_par' dir='ltr' id='par_1_20' title="bbox 56 1593 3302 1678">
     <span class='ocr_line' id='line_1_20' title="bbox 56 1593 3302 1678; baseline 0.008 -23"><span class='ocrx_word' id='word_1_183' title='bbox 56 1603 217 1658; x_wconf 83' lang='lat' dir='ltr'><strong>multas</strong></span> <span class='ocrx_word' id='word_1_184' title='bbox 237 1605 411 1660; x_wconf 88' lang='lat' dir='ltr'><strong>eidem</strong></span> <span class='ocrx_word' id='word_1_185' title='bbox 437 1608 686 1662; x_wconf 74' lang='lat' dir='ltr'><strong>ecclesia:</strong></span> <span class='ocrx_word' id='word_1_186' title='bbox 709 1618 881 1664; x_wconf 91' lang='lat' dir='ltr'><strong>terras</strong></span> <span class='ocrx_word' id='word_1_187' title='bbox 906 1608 1202 1664; x_wconf 73' lang='lat' dir='ltr'><strong>contulere.</strong></span> <span class='ocrx_word' id='word_1_188' title='bbox 1229 1609 1443 1663; x_wconf 87' lang='lat' dir='ltr'><strong>Ditatur</strong></span> <span class='ocrx_word' id='word_1_189' title='bbox 1466 1608 1608 1663; x_wconf 90' lang='lat' dir='ltr'><strong>illico</strong></span> <span class='ocrx_word' id='word_1_190' title='bbox 1710 1593 2023 1652; x_wconf 65' lang='grc' dir='ltr'><strong>ἀίκίιίηηθτ</strong></span> <span class='ocrx_word' id='word_1_191' title='bbox 2037 1599 2126 1667; x_wconf 65' lang='lat' dir='ltr'><strong>(liii</strong></span> <span class='ocrx_word' id='word_1_192' title='bbox 2144 1597 2256 1668; x_wconf 68' lang='lat' dir='ltr'><strong>iam</strong></span> <span class='ocrx_word' id='word_1_193' title='bbox 2279 1602 2369 1655; x_wconf 67' lang='lat' dir='ltr'><strong>di“</strong></span> <span class='ocrx_word' id='word_1_194' title='bbox 2394 1617 2516 1656; x_wconf 65' lang='lat' dir='ltr'><strong>etim</strong></span> <span class='ocrx_word' id='word_1_195' title='bbox 2544 1606 2752 1660; x_wconf 61' lang='lat' dir='ltr'><strong>Viderat</strong></span> <span class='ocrx_word' id='word_1_196' title='bbox 2770 1624 2781 1658; x_wconf 74' lang='grc' dir='ltr'><strong>ε</strong></span> <span class='ocrx_word' id='word_1_197' title='bbox 2802 1628 2819 1656; x_wconf 66' lang='grc' dir='ltr'>κ</span> <span class='ocrx_word' id='word_1_198' title='bbox 2840 1606 2916 1661; x_wconf 63' lang='lat' dir='ltr'><strong>Ex</strong></span> <span class='ocrx_word' id='word_1_199' title='bbox 2940 1609 3302 1678; x_wconf 69' lang='lat' dir='ltr'><strong>’l&#39;“)litaniam</strong></span> 
     </span>
    </p>
   </div>
   <div class='ocr_carea' id='block_1_21' title="bbox 56 1685 3303 1771">
    <p class='ocr_par' dir='ltr' id='par_1_21' title="bbox 56 1685 3303 1771">
     <span class='ocr_line' id='line_1_21' title="bbox 56 1685 3303 1771; baseline 0.007 -22"><span class='ocrx_word' id='word_1_200' title='bbox 56 1695 300 1752; x_wconf 81' lang='lat' dir='ltr'><strong>Beccensis</strong></span> <span class='ocrx_word' id='word_1_201' title='bbox 321 1696 477 1754; x_wconf 88' lang='lat' dir='ltr'><strong>locus</strong></span> <span class='ocrx_word' id='word_1_202' title='bbox 520 1701 874 1765; x_wconf 89' lang='lat' dir='ltr'><strong>ornamentis,</strong></span> <span class='ocrx_word' id='word_1_203' title='bbox 894 1700 1343 1770; x_wconf 82' lang='lat' dir='ltr'><strong>possessionibus,</strong></span> <span class='ocrx_word' id='word_1_204' title='bbox 1363 1701 1608 1771; x_wconf 86' lang='lat' dir='ltr'><strong>personis</strong></span> <span class='ocrx_word' id='word_1_205' title='bbox 1709 1685 1966 1754; x_wconf 64' lang='grc' dir='ltr'>ἀίκίιηιιεν</span> <span class='ocrx_word' id='word_1_206' title='bbox 2004 1691 2054 1743; x_wconf 65' lang='lat' dir='ltr'><strong>in</strong></span> <span class='ocrx_word' id='word_1_207' title='bbox 2086 1699 2247 1761; x_wconf 72' lang='grc' dir='ltr'><strong>Ροηυ</strong></span> <span class='ocrx_word' id='word_1_208' title='bbox 2280 1694 2559 1749; x_wconf 62' lang='grc' dir='ltr'><strong>ιιοὺίδευῐη</strong></span> <span class='ocrx_word' id='word_1_209' title='bbox 2593 1708 2798 1760; x_wconf 52' lang='lat' dir='ltr'><strong>&quot;lima,</strong></span> <span class='ocrx_word' id='word_1_210' title='bbox 2829 1707 2882 1751; x_wconf 70' lang='grc' dir='ltr'>ει</span> <span class='ocrx_word' id='word_1_211' title='bbox 2907 1709 2964 1753; x_wconf 81' lang='grc' dir='ltr'>υῑ</span> <span class='ocrx_word' id='word_1_212' title='bbox 2989 1700 3152 1754; x_wconf 63' lang='lat' dir='ltr'><strong>cred&quot;</strong></span> <span class='ocrx_word' id='word_1_213' title='bbox 3184 1701 3303 1770; x_wconf 66' lang='lat' dir='ltr'><strong>Plus</strong></span> 
     </span>
    </p>
   </div>
   <div class='ocr_carea' id='block_1_22' title="bbox 56 1783 1582 1865">
    <p class='ocr_par' dir='ltr' id='par_1_22' title="bbox 56 1787 1582 1865">
     <span class='ocr_line' id='line_1_22' title="bbox 56 1787 1582 1865; baseline 0.005 -26"><span class='ocrx_word' id='word_1_214' title='bbox 56 1787 277 1844; x_wconf 86' lang='lat' dir='ltr'><strong>nobilibus</strong></span> <span class='ocrx_word' id='word_1_215' title='bbox 310 1797 364 1844; x_wconf 89' lang='lat' dir='ltr'><strong>et</strong></span> <span class='ocrx_word' id='word_1_216' title='bbox 397 1791 670 1858; x_wconf 89' lang='lat' dir='ltr'><strong>honestis,</strong></span> <span class='ocrx_word' id='word_1_217' title='bbox 704 1792 933 1848; x_wconf 89' lang='lat' dir='ltr'><strong>interius</strong></span> <span class='ocrx_word' id='word_1_218' title='bbox 968 1794 1157 1865; x_wconf 80' lang='lat' dir='ltr'><strong>religio</strong></span> <span class='ocrx_word' id='word_1_219' title='bbox 1188 1803 1350 1863; x_wconf 91' lang='lat' dir='ltr'><strong>atque</strong></span> <span class='ocrx_word' id='word_1_220' title='bbox 1372 1793 1582 1849; x_wconf 76' lang='lat' dir='ltr'><strong>Cl‘lltiilit</strong></span> 
     </span>
    </p>
   </div>
   <div class='ocr_carea' id='block_1_23' title="bbox 1771 1783 3297 1865">
    <p class='ocr_par' dir='ltr' id='par_1_23' title="bbox 1771 1783 3297 1864">
     <span class='ocr_line' id='line_1_23' title="bbox 1771 1783 3297 1864; baseline 0.009 -30"><span class='ocrx_word' id='word_1_221' title='bbox 1771 1812 1772 1820; x_wconf 61' lang='grc' dir='ltr'><strong>η</strong></span> <span class='ocrx_word' id='word_1_222' title='bbox 1820 1783 2115 1854; x_wconf 86' lang='lat' dir='ltr'><strong>navigium,</strong></span> <span class='ocrx_word' id='word_1_223' title='bbox 2166 1799 2329 1854; x_wconf 90' lang='lat' dir='ltr'><strong>quam</strong></span> <span class='ocrx_word' id='word_1_224' title='bbox 2381 1790 2496 1857; x_wconf 88' lang='lat' dir='ltr'><strong>ipse</strong></span> <span class='ocrx_word' id='word_1_225' title='bbox 2534 1790 2655 1843; x_wconf 90' lang='lat' dir='ltr'><strong>navi</strong></span> <span class='ocrx_word' id='word_1_226' title='bbox 2686 1790 2910 1861; x_wconf 83' lang='lat' dir='ltr'><strong>indiget.</strong></span> <span class='ocrx_word' id='word_1_227' title='bbox 2947 1811 2963 1842; x_wconf 77' lang='grc' dir='ltr'><strong>ι</strong></span> <span class='ocrx_word' id='word_1_228' title='bbox 3004 1792 3297 1864; x_wconf 69' lang='lat' dir='ltr'><strong>Cmpzrunt</strong></span> 
     </span>
    </p>
   </div>
   <div class='ocr_carea' id='block_1_24' title="bbox 59 1861 3304 1950">
    <p class='ocr_par' dir='ltr' id='par_1_24' title="bbox 59 1861 3304 1950">
     <span class='ocr_line' id='line_1_24' title="bbox 59 1861 3304 1950; baseline 0.007 -33"><span class='ocrx_word' id='word_1_229' title='bbox 59 1879 245 1934; x_wconf 55' lang='lat' dir='ltr'><strong>mullum</strong></span> <span class='ocrx_word' id='word_1_230' title='bbox 280 1896 628 1950; x_wconf 61' lang='lat' dir='ltr'><strong>accrescere,</strong></span> <span class='ocrx_word' id='word_1_231' title='bbox 662 1885 903 1940; x_wconf 48' lang='lat' dir='ltr'><strong>exterius</strong></span> <span class='ocrx_word' id='word_1_232' title='bbox 930 1861 1110 1939; x_wconf 61' lang='grc' dir='ltr'>ι-εηηῖι</span> <span class='ocrx_word' id='word_1_233' title='bbox 1142 1861 1383 1940; x_wconf 50' lang='lat' dir='ltr'><strong>omnium</strong></span> <span class='ocrx_word' id='word_1_234' title='bbox 1419 1901 1606 1940; x_wconf 70' lang='lat' dir='ltr'><strong>&quot;eccs-</strong></span> <span class='ocrx_word' id='word_1_235' title='bbox 1640 1861 1681 1915; x_wconf 83' lang='grc' dir='ltr'><strong>Β</strong></span> <span class='ocrx_word' id='word_1_236' title='bbox 1708 1888 1837 1943; x_wconf 79' lang='lat' dir='ltr'><strong>ergo</strong></span> <span class='ocrx_word' id='word_1_237' title='bbox 1870 1875 2090 1942; x_wconf 89' lang='lat' dir='ltr'><strong>mirari,</strong></span> <span class='ocrx_word' id='word_1_238' title='bbox 2119 1886 2173 1931; x_wconf 92' lang='lat' dir='ltr'><strong>et</strong></span> <span class='ocrx_word' id='word_1_239' title='bbox 2205 1878 2452 1932; x_wconf 84' lang='lat' dir='ltr'><strong>mirando</strong></span> <span class='ocrx_word' id='word_1_240' title='bbox 2490 1880 2637 1934; x_wconf 91' lang='lat' dir='ltr'><strong>illum</strong></span> <span class='ocrx_word' id='word_1_241' title='bbox 2680 1897 2871 1937; x_wconf 81' lang='lat' dir='ltr'><strong>()lllllcS</strong></span> <span class='ocrx_word' id='word_1_242' title='bbox 2909 1885 3178 1939; x_wconf 89' lang='lat' dir='ltr'><strong>contueri.</strong></span> <span class='ocrx_word' id='word_1_243' title='bbox 3214 1886 3304 1940; x_wconf 83' lang='lat' dir='ltr'><strong>Vi-</strong></span> 
     </span>
    </p>
   </div>
   <div class='ocr_carea' id='block_1_25' title="bbox 56 1964 1582 2048">
    <p class='ocr_par' dir='ltr' id='par_1_25' title="bbox 56 1972 1579 2048">
     <span class='ocr_line' id='line_1_25' title="bbox 56 1972 1579 2048; baseline 0.007 -26"><span class='ocrx_word' id='word_1_244' title='bbox 56 1972 276 2026; x_wconf 84' lang='lat' dir='ltr'><strong>sariarum</strong></span> <span class='ocrx_word' id='word_1_245' title='bbox 300 1974 741 2031; x_wconf 89' lang='lat' dir='ltr'><strong>subministratio</strong></span> <span class='ocrx_word' id='word_1_246' title='bbox 788 1978 949 2047; x_wconf 75' lang='lat' dir='ltr'><strong>ccepit</strong></span> <span class='ocrx_word' id='word_1_247' title='bbox 972 1979 1038 2032; x_wconf 90' lang='lat' dir='ltr'><strong>ad</strong></span> <span class='ocrx_word' id='word_1_248' title='bbox 1067 1978 1280 2048; x_wconf 89' lang='lat' dir='ltr'><strong>plenum</strong></span> <span class='ocrx_word' id='word_1_249' title='bbox 1304 1979 1579 2034; x_wconf 88' lang='lat' dir='ltr'><strong>abundare</strong></span> 
     </span>
    </p>
   </div>
   <div class='ocr_carea' id='block_1_26' title="bbox 1770 1964 3296 2048">
    <p class='ocr_par' dir='ltr' id='par_1_26' title="bbox 1770 1965 3296 2037">
     <span class='ocr_line' id='line_1_26' title="bbox 1770 1965 3296 2037; baseline 0.01 -24"><span class='ocrx_word' id='word_1_250' title='bbox 1770 1972 1862 2015; x_wconf 66' lang='lat' dir='ltr'><strong>:rat</strong></span> <span class='ocrx_word' id='word_1_251' title='bbox 1898 1965 2064 2019; x_wconf 81' lang='lat' dir='ltr'><strong>abbas</strong></span> <span class='ocrx_word' id='word_1_252' title='bbox 2101 1968 2386 2035; x_wconf 88' lang='lat' dir='ltr'><strong>quenulam</strong></span> <span class='ocrx_word' id='word_1_253' title='bbox 2417 1970 2503 2023; x_wconf 91' lang='lat' dir='ltr'><strong>cui</strong></span> <span class='ocrx_word' id='word_1_254' title='bbox 2532 1969 2686 2025; x_wconf 88' lang='lat' dir='ltr'><strong>valde</strong></span> <span class='ocrx_word' id='word_1_255' title='bbox 2720 1972 3017 2027; x_wconf 80' lang='lat' dir='ltr'><strong>conformis</strong></span> <span class='ocrx_word' id='word_1_256' title='bbox 3056 1983 3201 2037; x_wconf 89' lang='lat' dir='ltr'><strong>erat,</strong></span> <span class='ocrx_word' id='word_1_257' title='bbox 3241 1982 3296 2028; x_wconf 90' lang='lat' dir='ltr'><strong>et</strong></span> 
     </span>
    </p>
   </div>
   <div class='ocr_carea' id='block_1_27' title="bbox 57 2055 3299 2137">
    <p class='ocr_par' dir='ltr' id='par_1_27' title="bbox 57 2055 3299 2137">
     <span class='ocr_line' id='line_1_27' title="bbox 57 2055 3299 2137; baseline 0.006 -39"><span class='ocrx_word' id='word_1_258' title='bbox 57 2061 333 2132; x_wconf 61' lang='grc' dir='ltr'><strong>λαξωριειυτ</strong></span> <span class='ocrx_word' id='word_1_259' title='bbox 362 2066 509 2121; x_wconf 65' lang='lat' dir='ltr'><strong>visio</strong></span> <span class='ocrx_word' id='word_1_260' title='bbox 565 2082 687 2137; x_wconf 60' lang='lat' dir='ltr'><strong>qum</strong></span> <span class='ocrx_word' id='word_1_261' title='bbox 716 2066 766 2121; x_wconf 67' lang='lat' dir='ltr'><strong>in</strong></span> <span class='ocrx_word' id='word_1_262' title='bbox 803 2072 990 2124; x_wconf 66' lang='lat' dir='ltr'><strong>eodem</strong></span> <span class='ocrx_word' id='word_1_263' title='bbox 1018 2070 1351 2125; x_wconf 54' lang='lat' dir='ltr'><strong>monasterio</strong></span> <span class='ocrx_word' id='word_1_264' title='bbox 1378 2072 1492 2126; x_wconf 66' lang='lat' dir='ltr'><strong>visa</strong></span> <span class='ocrx_word' id='word_1_265' title='bbox 1523 2064 1631 2125; x_wconf 61' lang='grc' dir='ltr'><strong>ρει</strong></span> <span class='ocrx_word' id='word_1_266' title='bbox 1708 2055 1960 2123; x_wconf 75' lang='lat' dir='ltr'><strong>qutesivit</strong></span> <span class='ocrx_word' id='word_1_267' title='bbox 2000 2059 2323 2113; x_wconf 85' lang='lat' dir='ltr'><strong>nominatim</strong></span> <span class='ocrx_word' id='word_1_268' title='bbox 2355 2076 2423 2114; x_wconf 90' lang='lat' dir='ltr'><strong>an</strong></span> <span class='ocrx_word' id='word_1_269' title='bbox 2456 2059 2504 2116; x_wconf 90' lang='lat' dir='ltr'><strong>is</strong></span> <span class='ocrx_word' id='word_1_270' title='bbox 2533 2071 2696 2117; x_wconf 80' lang='lat' dir='ltr'><strong>esset.</strong></span> <span class='ocrx_word' id='word_1_271' title='bbox 2726 2062 2817 2116; x_wconf 91' lang='lat' dir='ltr'><strong>Ille</strong></span> <span class='ocrx_word' id='word_1_272' title='bbox 2844 2064 3116 2134; x_wconf 88' lang='lat' dir='ltr'><strong>paululum</strong></span> <span class='ocrx_word' id='word_1_273' title='bbox 3152 2065 3299 2118; x_wconf 86' lang='lat' dir='ltr'><strong>vultu</strong></span> 
     </span>
    </p>
   </div>
   <div class='ocr_carea' id='block_1_28' title="bbox 55 2145 1581 2227">
    <p class='ocr_par' dir='ltr' id='par_1_28' title="bbox 55 2158 1581 2227">
     <span class='ocr_line' id='line_1_28' title="bbox 55 2158 1581 2227; baseline 0.007 -23"><span class='ocrx_word' id='word_1_274' title='bbox 55 2167 216 2220; x_wconf 79' lang='lat' dir='ltr'><strong>paucos</strong></span> <span class='ocrx_word' id='word_1_275' title='bbox 254 2165 379 2211; x_wconf 88' lang='lat' dir='ltr'><strong>ante</strong></span> <span class='ocrx_word' id='word_1_276' title='bbox 426 2158 548 2213; x_wconf 90' lang='lat' dir='ltr'><strong>dies</strong></span> <span class='ocrx_word' id='word_1_277' title='bbox 587 2174 750 2227; x_wconf 88' lang='lat' dir='ltr'><strong>quam</strong></span> <span class='ocrx_word' id='word_1_278' title='bbox 797 2160 880 2214; x_wconf 87' lang='lat' dir='ltr'><strong>vir</strong></span> <span class='ocrx_word' id='word_1_279' title='bbox 919 2160 1007 2216; x_wconf 91' lang='lat' dir='ltr'><strong>ille</strong></span> <span class='ocrx_word' id='word_1_280' title='bbox 1037 2171 1216 2216; x_wconf 89' lang='lat' dir='ltr'><strong>tantus</strong></span> <span class='ocrx_word' id='word_1_281' title='bbox 1254 2162 1319 2215; x_wconf 89' lang='lat' dir='ltr'><strong>ad</strong></span> <span class='ocrx_word' id='word_1_282' title='bbox 1358 2163 1581 2218; x_wconf 91' lang='lat' dir='ltr'><strong>ordinen</strong></span> 
     </span>
    </p>
   </div>
   <div class='ocr_carea' id='block_1_29' title="bbox 1773 2145 3299 2227">
    <p class='ocr_par' dir='ltr' id='par_1_29' title="bbox 1782 2145 3299 2221">
     <span class='ocr_line' id='line_1_29' title="bbox 1782 2145 3299 2221; baseline 0.007 -23"><span class='ocrx_word' id='word_1_283' title='bbox 1782 2145 2015 2202; x_wconf 85' lang='lat' dir='ltr'><strong>hilarate</strong></span> <span class='ocrx_word' id='word_1_284' title='bbox 2035 2190 2049 2213; x_wconf 97' lang='lat'><strong>,</strong></span> <span class='ocrx_word' id='word_1_285' title='bbox 2088 2147 2191 2204; x_wconf 86' lang='lat' dir='ltr'><strong>hoc</strong></span> <span class='ocrx_word' id='word_1_286' title='bbox 2227 2150 2398 2205; x_wconf 88' lang='lat' dir='ltr'><strong>solum</strong></span> <span class='ocrx_word' id='word_1_287' title='bbox 2441 2153 2719 2221; x_wconf 86' lang='lat' dir='ltr'><strong>respondit</strong></span> <span class='ocrx_word' id='word_1_288' title='bbox 2745 2166 2760 2205; x_wconf 90' lang='lat'><strong>:</strong></span> <span class='ocrx_word' id='word_1_289' title='bbox 2790 2171 2808 2203; x_wconf 79' lang='grc' dir='ltr'><strong>ι</strong></span> <span class='ocrx_word' id='word_1_290' title='bbox 2830 2154 2944 2208; x_wconf 80' lang='lat' dir='ltr'><strong>Non</strong></span> <span class='ocrx_word' id='word_1_291' title='bbox 2976 2170 3117 2208; x_wconf 89' lang='lat' dir='ltr'><strong>sum.</strong></span> <span class='ocrx_word' id='word_1_292' title='bbox 3147 2174 3166 2206; x_wconf 83' lang='grc'><strong>)</strong></span> <span class='ocrx_word' id='word_1_293' title='bbox 3186 2154 3299 2208; x_wconf 81' lang='lat' dir='ltr'><strong>Hoc</strong></span> 
     </span>
    </p>
   </div>
   <div class='ocr_carea' id='block_1_30' title="bbox 56 2241 3295 2315">
    <p class='ocr_par' dir='ltr' id='par_1_30' title="bbox 56 2241 3295 2315">
     <span class='ocr_line' id='line_1_30' title="bbox 56 2241 3295 2315; baseline 0.007 -19"><span class='ocrx_word' id='word_1_294' title='bbox 56 2247 364 2303; x_wconf 72' lang='lat' dir='ltr'><strong>cmnobialem</strong></span> <span class='ocrx_word' id='word_1_295' title='bbox 397 2249 664 2305; x_wconf 87' lang='lat' dir='ltr'><strong>venisset.</strong></span> <span class='ocrx_word' id='word_1_296' title='bbox 698 2250 841 2306; x_wconf 82' lang='lat' dir='ltr'><strong>Fons</strong></span> <span class='ocrx_word' id='word_1_297' title='bbox 880 2252 1171 2307; x_wconf 86' lang='lat' dir='ltr'><strong>videbatur</strong></span> <span class='ocrx_word' id='word_1_298' title='bbox 1204 2264 1353 2308; x_wconf 91' lang='lat' dir='ltr'><strong>ortus</strong></span> <span class='ocrx_word' id='word_1_299' title='bbox 1384 2253 1435 2307; x_wconf 90' lang='lat' dir='ltr'><strong>in</strong></span> <span class='ocrx_word' id='word_1_300' title='bbox 1470 2254 1605 2307; x_wconf 88' lang='lat' dir='ltr'><strong>valle</strong></span> <span class='ocrx_word' id='word_1_301' title='bbox 1707 2254 1873 2293; x_wconf 77' lang='lat' dir='ltr'><strong>&quot;&quot;&quot;m</strong></span> <span class='ocrx_word' id='word_1_302' title='bbox 1916 2241 1969 2295; x_wconf 78' lang='grc' dir='ltr'><strong>ίη</strong></span> <span class='ocrx_word' id='word_1_303' title='bbox 2004 2249 2114 2297; x_wconf 70' lang='grc' dir='ltr'><strong>ιοίο</strong></span> <span class='ocrx_word' id='word_1_304' title='bbox 2148 2258 2209 2298; x_wconf 66' lang='lat' dir='ltr'><strong>ea</strong></span> <span class='ocrx_word' id='word_1_305' title='bbox 2248 2245 2593 2315; x_wconf 67' lang='grc' dir='ltr'><strong>ιιθνῑςθιίοηε</strong></span> <span class='ocrx_word' id='word_1_306' title='bbox 2623 2247 2845 2314; x_wconf 55' lang='lat' dir='ltr'><strong>(&quot;omni</strong></span> <span class='ocrx_word' id='word_1_307' title='bbox 2880 2247 3123 2301; x_wconf 65' lang='grc' dir='ltr'><strong>νθνδυηι·</strong></span> <span class='ocrx_word' id='word_1_308' title='bbox 3164 2244 3295 2301; x_wconf 64' lang='grc' dir='ltr'><strong>Νηνί</strong></span> 
     </span>
    </p>
   </div>
   <div class='ocr_carea' id='block_1_31' title="bbox 56 2332 1582 2411">
    <p class='ocr_par' dir='ltr' id='par_1_31' title="bbox 56 2339 1582 2411">
     <span class='ocr_line' id='line_1_31' title="bbox 56 2339 1582 2411; baseline 0.008 -25"><span class='ocrx_word' id='word_1_309' title='bbox 56 2340 319 2393; x_wconf 85' lang='lat' dir='ltr'><strong>monasterii</strong></span> <span class='ocrx_word' id='word_1_310' title='bbox 366 2339 529 2409; x_wconf 86' lang='lat' dir='ltr'><strong>cujus</strong></span> <span class='ocrx_word' id='word_1_311' title='bbox 570 2357 710 2411; x_wconf 88' lang='lat' dir='ltr'><strong>aqua</strong></span> <span class='ocrx_word' id='word_1_312' title='bbox 750 2342 815 2396; x_wconf 91' lang='lat' dir='ltr'><strong>ad</strong></span> <span class='ocrx_word' id='word_1_313' title='bbox 862 2344 1125 2398; x_wconf 90' lang='lat' dir='ltr'><strong>montium</strong></span> <span class='ocrx_word' id='word_1_314' title='bbox 1175 2347 1455 2398; x_wconf 89' lang='lat' dir='ltr'><strong>cacumina</strong></span> <span class='ocrx_word' id='word_1_315' title='bbox 1506 2358 1582 2398; x_wconf 80' lang='lat' dir='ltr'><strong>ex-</strong></span> 
     </span>
    </p>
   </div>
   <div class='ocr_carea' id='block_1_32' title="bbox 1768 2332 3294 2411">
    <p class='ocr_par' dir='ltr' id='par_1_32' title="bbox 1768 2332 3294 2408">
     <span class='ocr_line' id='line_1_32' title="bbox 1768 2332 3294 2408; baseline 0.005 -25"><span class='ocrx_word' id='word_1_316' title='bbox 1768 2332 2072 2399; x_wconf 83' lang='lat' dir='ltr'><strong>osperrimo</strong></span> <span class='ocrx_word' id='word_1_317' title='bbox 2096 2348 2257 2388; x_wconf 81' lang='lat' dir='ltr'><strong>cursu</strong></span> <span class='ocrx_word' id='word_1_318' title='bbox 2276 2338 2416 2403; x_wconf 89' lang='lat' dir='ltr'><strong>apud</strong></span> <span class='ocrx_word' id='word_1_319' title='bbox 2449 2335 2783 2389; x_wconf 75' lang='lat' dir='ltr'><strong>Doll‘reusem</strong></span> <span class='ocrx_word' id='word_1_320' title='bbox 2810 2347 3023 2406; x_wconf 89' lang='lat' dir='ltr'><strong>portum</strong></span> <span class='ocrx_word' id='word_1_321' title='bbox 3050 2337 3294 2408; x_wconf 84' lang='lat' dir='ltr'><strong>appulsa,</strong></span> 
     </span>
    </p>
   </div>
   <div class='ocr_carea' id='block_1_33' title="bbox 56 2423 3296 2505">
    <p class='ocr_par' dir='ltr' id='par_1_33' title="bbox 56 2423 3296 2505">
     <span class='ocr_line' id='line_1_33' title="bbox 56 2423 3296 2505; baseline 0.007 -43"><span class='ocrx_word' id='word_1_322' title='bbox 56 2443 287 2495; x_wconf 56' lang='grc' dir='ltr'><strong>πρεσϐεις,</strong></span> <span class='ocrx_word' id='word_1_323' title='bbox 318 2432 444 2487; x_wconf 72' lang='lat' dir='ltr'><strong>hinc</strong></span> <span class='ocrx_word' id='word_1_324' title='bbox 485 2434 612 2489; x_wconf 68' lang='lat' dir='ltr'><strong>inde</strong></span> <span class='ocrx_word' id='word_1_325' title='bbox 637 2432 828 2500; x_wconf 54' lang='lat' dir='ltr'><strong>effusa,</strong></span> <span class='ocrx_word' id='word_1_326' title='bbox 866 2449 964 2505; x_wconf 68' lang='lat' dir='ltr'><strong>per</strong></span> <span class='ocrx_word' id='word_1_327' title='bbox 990 2438 1372 2505; x_wconf 54' lang='lat' dir='ltr'><strong>campestrium</strong></span> <span class='ocrx_word' id='word_1_328' title='bbox 1409 2435 1605 2491; x_wconf 65' lang='lat' dir='ltr'><strong>dim&quot;...</strong></span> <span class='ocrx_word' id='word_1_329' title='bbox 1705 2434 1803 2487; x_wconf 88' lang='lat' dir='ltr'><strong>per</strong></span> <span class='ocrx_word' id='word_1_330' title='bbox 1823 2423 2114 2479; x_wconf 82' lang='lat' dir='ltr'><strong>comitatus</strong></span> <span class='ocrx_word' id='word_1_331' title='bbox 2137 2425 2535 2497; x_wconf 88' lang='lat' dir='ltr'><strong>hominttmqui</strong></span> <span class='ocrx_word' id='word_1_332' title='bbox 2561 2428 2614 2481; x_wconf 89' lang='lat' dir='ltr'><strong>in</strong></span> <span class='ocrx_word' id='word_1_333' title='bbox 2639 2427 2865 2483; x_wconf 85' lang='lat' dir='ltr'><strong>navibus</strong></span> <span class='ocrx_word' id='word_1_334' title='bbox 2886 2439 3043 2483; x_wconf 87' lang='lat' dir='ltr'><strong>erant</strong></span> <span class='ocrx_word' id='word_1_335' title='bbox 3068 2429 3296 2484; x_wconf 84' lang='lat' dir='ltr'><strong>multum</strong></span> 
     </span>
    </p>
   </div>
   <div class='ocr_carea' id='block_1_34' title="bbox 58 2512 1584 2594">
    <p class='ocr_par' dir='ltr' id='par_1_34' title="bbox 58 2520 1579 2594">
     <span class='ocr_line' id='line_1_34' title="bbox 58 2520 1579 2594; baseline 0.007 -22"><span class='ocrx_word' id='word_1_336' title='bbox 58 2520 241 2575; x_wconf 84' lang='lat' dir='ltr'><strong>debatur</strong></span> <span class='ocrx_word' id='word_1_337' title='bbox 272 2522 707 2594; x_wconf 89' lang='lat' dir='ltr'><strong>amplitudinem.</strong></span> <span class='ocrx_word' id='word_1_338' title='bbox 741 2526 926 2581; x_wconf 91' lang='lat' dir='ltr'><strong>Abbas</strong></span> <span class='ocrx_word' id='word_1_339' title='bbox 956 2527 1075 2582; x_wconf 75' lang='lat' dir='ltr'><strong>fons</strong></span> <span class='ocrx_word' id='word_1_340' title='bbox 1111 2538 1229 2582; x_wconf 89' lang='lat' dir='ltr'><strong>erat</strong></span> <span class='ocrx_word' id='word_1_341' title='bbox 1259 2528 1308 2581; x_wconf 93' lang='lat' dir='ltr'><strong>in</strong></span> <span class='ocrx_word' id='word_1_342' title='bbox 1339 2527 1579 2583; x_wconf 90' lang='lat' dir='ltr'><strong>convalle</strong></span> 
     </span>
    </p>
   </div>
   <div class='ocr_carea' id='block_1_35' title="bbox 1768 2512 3294 2594">
    <p class='ocr_par' dir='ltr' id='par_1_35' title="bbox 1769 2512 3294 2589">
     <span class='ocr_line' id='line_1_35' title="bbox 1769 2512 3294 2589; baseline 0.008 -26"><span class='ocrx_word' id='word_1_343' title='bbox 1769 2512 2026 2579; x_wconf 91' lang='lat' dir='ltr'><strong>quisitus,</strong></span> <span class='ocrx_word' id='word_1_344' title='bbox 2058 2514 2146 2571; x_wconf 92' lang='lat' dir='ltr'><strong>ille</strong></span> <span class='ocrx_word' id='word_1_345' title='bbox 2171 2532 2355 2572; x_wconf 89' lang='lat' dir='ltr'><strong>comes</strong></span> <span class='ocrx_word' id='word_1_346' title='bbox 2392 2518 2593 2587; x_wconf 78' lang='lat' dir='ltr'><strong>navigii</strong></span> <span class='ocrx_word' id='word_1_347' title='bbox 2624 2534 2890 2588; x_wconf 85' lang='lat' dir='ltr'><strong>nusquam</strong></span> <span class='ocrx_word' id='word_1_348' title='bbox 2918 2521 3177 2589; x_wconf 90' lang='lat' dir='ltr'><strong>reperiri,</strong></span> <span class='ocrx_word' id='word_1_349' title='bbox 3209 2523 3294 2576; x_wconf 88' lang='lat' dir='ltr'><strong>vel</strong></span> 
     </span>
    </p>
   </div>
   <div class='ocr_carea' id='block_1_36' title="bbox 56 2604 1582 2688">
    <p class='ocr_par' dir='ltr' id='par_1_36' title="bbox 56 2610 1582 2688">
     <span class='ocr_line' id='line_1_36' title="bbox 56 2610 1582 2688; baseline 0.008 -25"><span class='ocrx_word' id='word_1_350' title='bbox 56 2610 213 2668; x_wconf 83' lang='lat' dir='ltr'><strong>scilicet</strong></span> <span class='ocrx_word' id='word_1_351' title='bbox 255 2612 583 2671; x_wconf 82' lang='lat' dir='ltr'><strong>humilitatis</strong></span> <span class='ocrx_word' id='word_1_352' title='bbox 623 2627 880 2683; x_wconf 81' lang='lat' dir='ltr'><strong>exortus,</strong></span> <span class='ocrx_word' id='word_1_353' title='bbox 952 2633 1105 2688; x_wconf 70' lang='lat' dir='ltr'><strong>aqua:</strong></span> <span class='ocrx_word' id='word_1_354' title='bbox 1152 2619 1490 2674; x_wconf 73' lang='lat' dir='ltr'><strong>exttndantes</strong></span> <span class='ocrx_word' id='word_1_355' title='bbox 1547 2635 1582 2675; x_wconf 82' lang='lat' dir='ltr'><strong>e‘</strong></span> 
     </span>
    </p>
   </div>
   <div class='ocr_carea' id='block_1_37' title="bbox 1766 2604 3292 2688">
    <p class='ocr_par' dir='ltr' id='par_1_37' title="bbox 1766 2604 3292 2678">
     <span class='ocr_line' id='line_1_37' title="bbox 1766 2604 3292 2678; baseline 0.007 -22"><span class='ocrx_word' id='word_1_356' title='bbox 1766 2604 1796 2656; x_wconf 87' lang='lat' dir='ltr'><strong>Ii</strong></span> <span class='ocrx_word' id='word_1_357' title='bbox 1823 2618 1947 2659; x_wconf 91' lang='lat' dir='ltr'><strong>eum</strong></span> <span class='ocrx_word' id='word_1_358' title='bbox 1970 2607 2171 2663; x_wconf 79' lang='lat' dir='ltr'><strong>exiisse</strong></span> <span class='ocrx_word' id='word_1_359' title='bbox 2192 2609 2439 2676; x_wconf 86' lang='lat' dir='ltr'><strong>vidisset,</strong></span> <span class='ocrx_word' id='word_1_360' title='bbox 2463 2611 2655 2678; x_wconf 89' lang='lat' dir='ltr'><strong>potuit.</strong></span> <span class='ocrx_word' id='word_1_361' title='bbox 2687 2611 2818 2665; x_wconf 89' lang='lat' dir='ltr'><strong>Dein</strong></span> <span class='ocrx_word' id='word_1_362' title='bbox 2842 2612 3083 2666; x_wconf 89' lang='lat' dir='ltr'><strong>omnium</strong></span> <span class='ocrx_word' id='word_1_363' title='bbox 3108 2627 3292 2667; x_wconf 86' lang='lat' dir='ltr'><strong>rerum</strong></span> 
     </span>
    </p>
   </div>
   <div class='ocr_carea' id='block_1_38' title="bbox 57 2698 1583 2783">
    <p class='ocr_par' dir='ltr' id='par_1_38' title="bbox 57 2702 1583 2779">
     <span class='ocr_line' id='line_1_38' title="bbox 57 2702 1583 2779; baseline 0.009 -26"><span class='ocrx_word' id='word_1_364' title='bbox 57 2702 151 2757; x_wconf 85' lang='lat' dir='ltr'><strong>hinc</strong></span> <span class='ocrx_word' id='word_1_365' title='bbox 178 2705 287 2760; x_wconf 87' lang='lat' dir='ltr'><strong>inde</strong></span> <span class='ocrx_word' id='word_1_366' title='bbox 330 2706 599 2762; x_wconf 88' lang='lat' dir='ltr'><strong>latissime</strong></span> <span class='ocrx_word' id='word_1_367' title='bbox 634 2707 913 2764; x_wconf 84' lang='lat' dir='ltr'><strong>cl&#39;lluentes</strong></span> <span class='ocrx_word' id='word_1_368' title='bbox 946 2710 1229 2774; x_wconf 87' lang='lat' dir='ltr'><strong>monachi,</strong></span> <span class='ocrx_word' id='word_1_369' title='bbox 1266 2710 1356 2779; x_wconf 91' lang='lat' dir='ltr'><strong>qui</strong></span> <span class='ocrx_word' id='word_1_370' title='bbox 1405 2710 1472 2765; x_wconf 88' lang='lat' dir='ltr'><strong>ab</strong></span> <span class='ocrx_word' id='word_1_371' title='bbox 1510 2710 1583 2766; x_wconf 82' lang='lat' dir='ltr'><strong>illt</strong></span> 
     </span>
    </p>
   </div>
   <div class='ocr_carea' id='block_1_39' title="bbox 1764 2698 3290 2783">
    <p class='ocr_par' dir='ltr' id='par_1_39' title="bbox 1764 2698 3290 2783">
     <span class='ocr_line' id='line_1_39' title="bbox 1764 2698 3290 2783; baseline 0.008 -36"><span class='ocrx_word' id='word_1_372' title='bbox 1764 2712 1824 2749; x_wconf 73' lang='lat' dir='ltr'><strong>Im</strong></span> <span class='ocrx_word' id='word_1_373' title='bbox 1877 2698 2251 2756; x_wconf 89' lang='lat' dir='ltr'><strong>incolumitate</strong></span> <span class='ocrx_word' id='word_1_374' title='bbox 2304 2702 2494 2772; x_wconf 86' lang='lat' dir='ltr'><strong>quinto</strong></span> <span class='ocrx_word' id='word_1_375' title='bbox 2549 2703 2637 2757; x_wconf 91' lang='lat' dir='ltr'><strong>die</strong></span> <span class='ocrx_word' id='word_1_376' title='bbox 2698 2705 2765 2757; x_wconf 86' lang='lat' dir='ltr'><strong>ad</strong></span> <span class='ocrx_word' id='word_1_377' title='bbox 2822 2704 3290 2783; x_wconf 80' lang='lat' dir='ltr'><strong>archiepiscopum</strong></span> 
     </span>
    </p>
   </div>
   <div class='ocr_carea' id='block_1_40' title="bbox 56 2790 2169 2870">
    <p class='ocr_par' dir='ltr' id='par_1_40' title="bbox 56 2790 2169 2870">
     <span class='ocr_line' id='line_1_40' title="bbox 56 2790 2169 2870; baseline 0.009 -26"><span class='ocrx_word' id='word_1_378' title='bbox 56 2792 396 2851; x_wconf 87' lang='lat' dir='ltr'><strong>incrementum</strong></span> <span class='ocrx_word' id='word_1_379' title='bbox 430 2808 768 2869; x_wconf 89' lang='lat' dir='ltr'><strong>acceperunt</strong></span> <span class='ocrx_word' id='word_1_380' title='bbox 798 2799 1077 2870; x_wconf 83' lang='lat' dir='ltr'><strong>religionis</strong></span> <span class='ocrx_word' id='word_1_381' title='bbox 1104 2800 1318 2864; x_wconf 68' lang='lat' dir='ltr'><strong>divinae,</strong></span> <span class='ocrx_word' id='word_1_382' title='bbox 1350 2800 1601 2857; x_wconf 85' lang='lat' dir='ltr'><strong>videlicet</strong></span> <span class='ocrx_word' id='word_1_383' title='bbox 1702 2790 1871 2847; x_wconf 66' lang='lat' dir='ltr'><strong>abbas</strong></span> <span class='ocrx_word' id='word_1_384' title='bbox 1901 2793 2169 2861; x_wconf 69' lang='grc' dir='ltr'><strong>Ρθτνεηίῑ·</strong></span> 
     </span>
    </p>
   </div>
   <div class='ocr_carea' id='block_1_41' title="bbox 56 2885 1582 2963">
    <p class='ocr_par' dir='ltr' id='par_1_41' title="bbox 56 2887 1582 2963">
     <span class='ocr_line' id='line_1_41' title="bbox 56 2887 1582 2963; baseline 0.009 -26"><span class='ocrx_word' id='word_1_385' title='bbox 56 2887 323 2945; x_wconf 79' lang='lat' dir='ltr'><strong>eruditionis</strong></span> <span class='ocrx_word' id='word_1_386' title='bbox 364 2891 710 2962; x_wconf 86' lang='lat' dir='ltr'><strong>disciplinam</strong></span> <span class='ocrx_word' id='word_1_387' title='bbox 737 2932 752 2958; x_wconf 95' lang='lat'><strong>,</strong></span> <span class='ocrx_word' id='word_1_388' title='bbox 789 2908 894 2963; x_wconf 90' lang='lat' dir='ltr'><strong>qua</strong></span> <span class='ocrx_word' id='word_1_389' title='bbox 938 2893 1091 2947; x_wconf 90' lang='lat' dir='ltr'><strong>multi</strong></span> <span class='ocrx_word' id='word_1_390' title='bbox 1135 2895 1203 2949; x_wconf 90' lang='lat' dir='ltr'><strong>ab</strong></span> <span class='ocrx_word' id='word_1_391' title='bbox 1241 2892 1431 2949; x_wconf 89' lang='lat' dir='ltr'><strong>eodem</strong></span> <span class='ocrx_word' id='word_1_392' title='bbox 1480 2894 1582 2950; x_wconf 81' lang='lat' dir='ltr'><strong>loct</strong></span> 
     </span>
    </p>
   </div>
   <div class='ocr_carea' id='block_1_42' title="bbox 1766 2885 3292 2963">
    <p class='ocr_par' dir='ltr' id='par_1_42' title="bbox 1773 2885 3292 2951">
     <span class='ocr_line' id='line_1_42' title="bbox 1773 2885 3292 2951; baseline 0.008 -15"><span class='ocrx_word' id='word_1_393' title='bbox 1773 2885 1904 2951; x_wconf 74' lang='lat' dir='ltr'><strong>Qua:</strong></span> <span class='ocrx_word' id='word_1_394' title='bbox 1937 2893 2066 2940; x_wconf 91' lang='lat' dir='ltr'><strong>tunc</strong></span> <span class='ocrx_word' id='word_1_395' title='bbox 2109 2886 2251 2941; x_wconf 89' lang='lat' dir='ltr'><strong>inter</strong></span> <span class='ocrx_word' id='word_1_396' title='bbox 2284 2901 2379 2942; x_wconf 89' lang='lat' dir='ltr'><strong>eos</strong></span> <span class='ocrx_word' id='word_1_397' title='bbox 2418 2886 2764 2943; x_wconf 86' lang='lat' dir='ltr'><strong>submittendi</strong></span> <span class='ocrx_word' id='word_1_398' title='bbox 2806 2905 2927 2945; x_wconf 86' lang='lat' dir='ltr'><strong>sese</strong></span> <span class='ocrx_word' id='word_1_399' title='bbox 2962 2892 3026 2945; x_wconf 92' lang='lat' dir='ltr'><strong>ad</strong></span> <span class='ocrx_word' id='word_1_400' title='bbox 3064 2891 3292 2948; x_wconf 89' lang='lat' dir='ltr'><strong>invicem</strong></span> 
     </span>
    </p>
   </div>
   <div class='ocr_carea' id='block_1_43' title="bbox 58 2975 1584 3051">
    <p class='ocr_par' dir='ltr' id='par_1_43' title="bbox 58 2976 1102 3051">
     <span class='ocr_line' id='line_1_43' title="bbox 58 2976 1102 3051; baseline 0.013 -26"><span class='ocrx_word' id='word_1_401' title='bbox 58 2976 175 3047; x_wconf 75' lang='lat' dir='ltr'><strong>longe</strong></span> <span class='ocrx_word' id='word_1_402' title='bbox 199 2978 396 3051; x_wconf 87' lang='lat' dir='ltr'><strong>lateque</strong></span> <span class='ocrx_word' id='word_1_403' title='bbox 426 2993 620 3051; x_wconf 88' lang='lat' dir='ltr'><strong>postea</strong></span> <span class='ocrx_word' id='word_1_404' title='bbox 661 2994 784 3037; x_wconf 90' lang='lat' dir='ltr'><strong>sunt</strong></span> <span class='ocrx_word' id='word_1_405' title='bbox 817 2984 1102 3039; x_wconf 87' lang='lat' dir='ltr'><strong>meliorati.</strong></span> 
     </span>
    </p>
   </div>
   <div class='ocr_carea' id='block_1_44' title="bbox 1768 2975 3294 3051">
    <p class='ocr_par' dir='ltr' id='par_1_44' title="bbox 1768 2977 3294 3039">
     <span class='ocr_line' id='line_1_44' title="bbox 1768 2977 3294 3039; baseline 0.005 -9"><span class='ocrx_word' id='word_1_406' title='bbox 1768 2992 1787 3029; x_wconf 71' lang='grc' dir='ltr'><strong>ι</strong></span> <span class='ocrx_word' id='word_1_407' title='bbox 1844 2977 2170 3033; x_wconf 80' lang='lat' dir='ltr'><strong>contentio?</strong></span> <span class='ocrx_word' id='word_1_408' title='bbox 2221 2994 2465 3033; x_wconf 91' lang='lat' dir='ltr'><strong>summus</strong></span> <span class='ocrx_word' id='word_1_409' title='bbox 2519 2979 2743 3035; x_wconf 88' lang='lat' dir='ltr'><strong>antistes</strong></span> <span class='ocrx_word' id='word_1_410' title='bbox 2816 2989 2871 3035; x_wconf 89' lang='lat' dir='ltr'><strong>et</strong></span> <span class='ocrx_word' id='word_1_411' title='bbox 2925 2982 2978 3036; x_wconf 91' lang='lat' dir='ltr'><strong>in</strong></span> <span class='ocrx_word' id='word_1_412' title='bbox 3032 2982 3294 3039; x_wconf 86' lang='lat' dir='ltr'><strong>Ecclesiis</strong></span> 
     </span>
    </p>
   </div>
   <div class='ocr_carea' id='block_1_45' title="bbox 107 3068 1633 3147">
    <p class='ocr_par' dir='ltr' id='par_1_45' title="bbox 107 3068 1593 3147">
     <span class='ocr_line' id='line_1_45' title="bbox 107 3068 1593 3147; baseline 0.007 -25"><span class='ocrx_word' id='word_1_413' title='bbox 107 3068 232 3125; x_wconf 82' lang='lat' dir='ltr'><strong>lianc</strong></span> <span class='ocrx_word' id='word_1_414' title='bbox 273 3072 551 3129; x_wconf 78' lang='lat' dir='ltr'><strong>fructuum</strong></span> <span class='ocrx_word' id='word_1_415' title='bbox 592 3075 699 3129; x_wconf 91' lang='lat' dir='ltr'><strong>Deo</strong></span> <span class='ocrx_word' id='word_1_416' title='bbox 730 3076 1172 3130; x_wconf 79' lang='lat' dir='ltr'><strong>suavissimorum</strong></span> <span class='ocrx_word' id='word_1_417' title='bbox 1221 3075 1593 3147; x_wconf 81' lang='lat' dir='ltr'><strong>ﬂagrantiam,</strong></span> 
     </span>
    </p>
   </div>
   <div class='ocr_carea' id='block_1_46' title="bbox 1768 3068 3294 3147">
    <p class='ocr_par' dir='ltr' id='par_1_46' title="bbox 1770 3069 3294 3142">
     <span class='ocr_line' id='line_1_46' title="bbox 1770 3069 3294 3142; baseline 0.009 -24"><span class='ocrx_word' id='word_1_418' title='bbox 1770 3069 2083 3124; x_wconf 89' lang='lat' dir='ltr'><strong>msmariuis</strong></span> <span class='ocrx_word' id='word_1_419' title='bbox 2113 3071 2261 3125; x_wconf 89' lang='lat' dir='ltr'><strong>vices</strong></span> <span class='ocrx_word' id='word_1_420' title='bbox 2286 3070 2613 3140; x_wconf 89' lang='lat' dir='ltr'><strong>apostolieas</strong></span> <span class='ocrx_word' id='word_1_421' title='bbox 2639 3087 2833 3142; x_wconf 87' lang='lat' dir='ltr'><strong>gerens</strong></span> <span class='ocrx_word' id='word_1_422' title='bbox 2856 3073 3209 3130; x_wconf 87' lang='lat' dir='ltr'><strong>submittebat</strong></span> <span class='ocrx_word' id='word_1_423' title='bbox 3234 3090 3294 3131; x_wconf 89' lang='lat' dir='ltr'><strong>se</strong></span> 
     </span>
    </p>
   </div>
   <div class='ocr_carea' id='block_1_47' title="bbox 58 3159 3291 3268">
    <p class='ocr_par' dir='ltr' id='par_1_47' title="bbox 58 3159 3291 3268">
     <span class='ocr_line' id='line_1_47' title="bbox 58 3159 3291 3268; baseline 0.006 -64"><span class='ocrx_word' id='word_1_424' title='bbox 58 3159 175 3226; x_wconf 70' lang='lat' dir='ltr'><strong>cujus</strong></span> <span class='ocrx_word' id='word_1_425' title='bbox 200 3177 259 3217; x_wconf 73' lang='grc' dir='ltr'><strong>εχ</strong></span> <span class='ocrx_word' id='word_1_426' title='bbox 289 3167 453 3222; x_wconf 65' lang='lat' dir='ltr'><strong>odore</strong></span> <span class='ocrx_word' id='word_1_427' title='bbox 497 3166 691 3222; x_wconf 75' lang='lat' dir='ltr'><strong>domus</strong></span> <span class='ocrx_word' id='word_1_428' title='bbox 724 3167 818 3222; x_wconf 69' lang='lat' dir='ltr'><strong>Dei</strong></span> <span class='ocrx_word' id='word_1_429' title='bbox 865 3183 963 3237; x_wconf 67' lang='lat' dir='ltr'><strong>per</strong></span> <span class='ocrx_word' id='word_1_430' title='bbox 992 3169 1177 3223; x_wconf 68' lang='lat' dir='ltr'><strong>orbem</strong></span> <span class='ocrx_word' id='word_1_431' title='bbox 1222 3168 1439 3239; x_wconf 62' lang='lat' dir='ltr'><strong>impleta</strong></span> <span class='ocrx_word' id='word_1_432' title='bbox 1483 3184 1586 3237; x_wconf 67' lang='grc' dir='ltr'><strong>ρει,</strong></span> <span class='ocrx_word' id='word_1_433' title='bbox 1617 3207 1661 3268; x_wconf 80' lang='lat' dir='ltr'>C</span> <span class='ocrx_word' id='word_1_434' title='bbox 1700 3174 1798 3214; x_wconf 90' lang='lat' dir='ltr'><strong>suo</strong></span> <span class='ocrx_word' id='word_1_435' title='bbox 1828 3160 2099 3229; x_wconf 89' lang='lat' dir='ltr'><strong>quondam</strong></span> <span class='ocrx_word' id='word_1_436' title='bbox 2133 3162 2335 3225; x_wconf 86' lang='lat' dir='ltr'><strong>abbati,</strong></span> <span class='ocrx_word' id='word_1_437' title='bbox 2367 3172 2425 3216; x_wconf 86' lang='grc' dir='ltr'><strong>ιιι</strong></span> <span class='ocrx_word' id='word_1_438' title='bbox 2455 3162 2591 3217; x_wconf 91' lang='lat' dir='ltr'><strong>alius</strong></span> <span class='ocrx_word' id='word_1_439' title='bbox 2619 3163 2796 3232; x_wconf 90' lang='lat' dir='ltr'><strong>quivis</strong></span> <span class='ocrx_word' id='word_1_440' title='bbox 2854 3167 3153 3221; x_wconf 89' lang='lat' dir='ltr'><strong>monachus</strong></span> <span class='ocrx_word' id='word_1_441' title='bbox 3183 3176 3291 3223; x_wconf 89' lang='lat' dir='ltr'><strong>etc.</strong></span> 
     </span>
    </p>
   </div>
   <div class='ocr_carea' id='block_1_48' title="bbox 57 3250 3293 3333">
    <p class='ocr_par' dir='ltr' id='par_1_48' title="bbox 57 3250 3293 3333">
     <span class='ocr_line' id='line_1_48' title="bbox 57 3250 3293 3333; baseline 0.006 -39"><span class='ocrx_word' id='word_1_442' title='bbox 57 3268 132 3319; x_wconf 70' lang='lat' dir='ltr'><strong>qua</strong></span> <span class='ocrx_word' id='word_1_443' title='bbox 170 3264 217 3310; x_wconf 72' lang='grc' dir='ltr'>ει</span> <span class='ocrx_word' id='word_1_444' title='bbox 260 3258 366 3328; x_wconf 71' lang='lat' dir='ltr'><strong>ipse</strong></span> <span class='ocrx_word' id='word_1_445' title='bbox 414 3258 589 3315; x_wconf 60' lang='lat' dir='ltr'><strong>abbas</strong></span> <span class='ocrx_word' id='word_1_446' title='bbox 634 3262 829 3316; x_wconf 58' lang='lat' dir='ltr'><strong>absens</strong></span> <span class='ocrx_word' id='word_1_447' title='bbox 870 3262 1262 3333; x_wconf 70' lang='lat' dir='ltr'><strong>jocundissime</strong></span> <span class='ocrx_word' id='word_1_448' title='bbox 1306 3273 1583 3329; x_wconf 53' lang='lat' dir='ltr'><strong>senserat,</strong></span> <span class='ocrx_word' id='word_1_449' title='bbox 1618 3250 1661 3268; x_wconf 68' lang='grc' dir='ltr'>υ</span> <span class='ocrx_word' id='word_1_450' title='bbox 1692 3250 1956 3307; x_wconf 68' lang='lat' dir='ltr'><strong>Prtedicto</strong></span> <span class='ocrx_word' id='word_1_451' title='bbox 2011 3252 2191 3307; x_wconf 88' lang='lat' dir='ltr'><strong>abbati</strong></span> <span class='ocrx_word' id='word_1_452' title='bbox 2260 3266 2452 3307; x_wconf 85' lang='lat' dir='ltr'><strong>rursus</strong></span> <span class='ocrx_word' id='word_1_453' title='bbox 2519 3253 2750 3308; x_wconf 89' lang='lat' dir='ltr'><strong>mirabili</strong></span> <span class='ocrx_word' id='word_1_454' title='bbox 2799 3269 2979 3310; x_wconf 86' lang='lat' dir='ltr'><strong>rerum</strong></span> <span class='ocrx_word' id='word_1_455' title='bbox 3032 3272 3293 3313; x_wconf 87' lang='lat' dir='ltr'><strong>successu</strong></span> 
     </span>
    </p>
   </div>
   <div class='ocr_carea' id='block_1_49' title="bbox 57 3343 3291 3425">
    <p class='ocr_par' dir='ltr' id='par_1_49' title="bbox 57 3343 3291 3425">
     <span class='ocr_line' id='line_1_49' title="bbox 57 3343 3291 3425; baseline 0.003 -32"><span class='ocrx_word' id='word_1_456' title='bbox 57 3356 199 3410; x_wconf 86' lang='lat' dir='ltr'><strong>postea</strong></span> <span class='ocrx_word' id='word_1_457' title='bbox 217 3364 440 3418; x_wconf 67' lang='lat' dir='ltr'><strong>prmsens</strong></span> <span class='ocrx_word' id='word_1_458' title='bbox 462 3361 667 3422; x_wconf 89' lang='lat' dir='ltr'><strong>quanto</strong></span> <span class='ocrx_word' id='word_1_459' title='bbox 686 3355 1402 3425; x_wconf 82' lang='lat' dir='ltr'><strong>vicinius,tantojocundius</strong></span> <span class='ocrx_word' id='word_1_460' title='bbox 1421 3357 1588 3410; x_wconf 55' lang='lat' dir='ltr'><strong>sensit</strong></span> <span class='ocrx_word' id='word_1_461' title='bbox 1704 3343 1771 3396; x_wconf 88' lang='lat' dir='ltr'><strong>ad</strong></span> <span class='ocrx_word' id='word_1_462' title='bbox 1809 3352 1990 3398; x_wconf 85' lang='lat' dir='ltr'><strong>votum</strong></span> <span class='ocrx_word' id='word_1_463' title='bbox 2038 3345 2219 3398; x_wconf 90' lang='lat' dir='ltr'><strong>omnia</strong></span> <span class='ocrx_word' id='word_1_464' title='bbox 2260 3356 2560 3408; x_wconf 85' lang='lat' dir='ltr'><strong>cesserunt,</strong></span> <span class='ocrx_word' id='word_1_465' title='bbox 2606 3360 2729 3400; x_wconf 79' lang='lat' dir='ltr'><strong>mox</strong></span> <span class='ocrx_word' id='word_1_466' title='bbox 2778 3353 2835 3398; x_wconf 88' lang='lat' dir='ltr'><strong>ut</strong></span> <span class='ocrx_word' id='word_1_467' title='bbox 2885 3346 3065 3401; x_wconf 88' lang='lat' dir='ltr'><strong>redire</strong></span> <span class='ocrx_word' id='word_1_468' title='bbox 3112 3347 3291 3418; x_wconf 89' lang='lat' dir='ltr'><strong>dispo-</strong></span> 
     </span>
    </p>
   </div>
   <div class='ocr_carea' id='block_1_50' title="bbox 58 3436 3286 3515">
    <p class='ocr_par' dir='ltr' id='par_1_50' title="bbox 58 3436 3286 3515">
     <span class='ocr_line' id='line_1_50' title="bbox 58 3436 3286 3515; baseline 0.007 -29"><span class='ocrx_word' id='word_1_469' title='bbox 58 3437 281 3500; x_wconf 83' lang='lat' dir='ltr'><strong>prnl&#39;ectus</strong></span> <span class='ocrx_word' id='word_1_470' title='bbox 304 3442 368 3497; x_wconf 89' lang='lat' dir='ltr'><strong>ad</strong></span> <span class='ocrx_word' id='word_1_471' title='bbox 392 3460 521 3498; x_wconf 89' lang='lat' dir='ltr'><strong>eum</strong></span> <span class='ocrx_word' id='word_1_472' title='bbox 550 3444 602 3497; x_wconf 90' lang='lat' dir='ltr'><strong>in</strong></span> <span class='ocrx_word' id='word_1_473' title='bbox 628 3443 900 3515; x_wconf 84' lang='lat' dir='ltr'><strong>Angliam.</strong></span> <span class='ocrx_word' id='word_1_474' title='bbox 928 3446 1044 3513; x_wconf 85' lang='lat' dir='ltr'><strong>Quo</strong></span> <span class='ocrx_word' id='word_1_475' title='bbox 1071 3446 1124 3500; x_wconf 89' lang='lat' dir='ltr'><strong>in</strong></span> <span class='ocrx_word' id='word_1_476' title='bbox 1151 3446 1342 3501; x_wconf 90' lang='lat' dir='ltr'><strong>itinere</strong></span> <span class='ocrx_word' id='word_1_477' title='bbox 1370 3447 1589 3501; x_wconf 81' lang='lat' dir='ltr'><strong>eviden-</strong></span> <span class='ocrx_word' id='word_1_478' title='bbox 1690 3436 1823 3501; x_wconf 61' lang='lat' dir='ltr'><strong>Silii;</strong></span> <span class='ocrx_word' id='word_1_479' title='bbox 1865 3450 1989 3488; x_wconf 67' lang='lat' dir='ltr'><strong>nam</strong></span> <span class='ocrx_word' id='word_1_480' title='bbox 2027 3436 2114 3490; x_wconf 67' lang='lat' dir='ltr'><strong>die</strong></span> <span class='ocrx_word' id='word_1_481' title='bbox 2160 3451 2263 3506; x_wconf 69' lang='grc'><strong>(1⁸³³</strong></span> <span class='ocrx_word' id='word_1_482' title='bbox 2296 3436 2466 3491; x_wconf 63' lang='lat' dir='ltr'><strong>vomit</strong></span> <span class='ocrx_word' id='word_1_483' title='bbox 2496 3437 2641 3491; x_wconf 63' lang='lat' dir='ltr'><strong>Circa</strong></span> <span class='ocrx_word' id='word_1_484' title='bbox 2693 3448 2901 3492; x_wconf 55' lang='lat' dir='ltr'><strong>sum“</strong></span> <span class='ocrx_word' id='word_1_485' title='bbox 2954 3437 3060 3491; x_wconf 66' lang='lat' dir='ltr'><strong>diei</strong></span> <span class='ocrx_word' id='word_1_486' title='bbox 3094 3437 3286 3493; x_wconf 65' lang='lat' dir='ltr'><strong>horam</strong></span> 
     </span>
    </p>
   </div>
   <div class='ocr_carea' id='block_1_51' title="bbox 60 3524 3287 3607">
    <p class='ocr_par' dir='ltr' id='par_1_51' title="bbox 60 3524 3287 3607">
     <span class='ocr_line' id='line_1_51' title="bbox 60 3524 3287 3607; baseline 0.004 -34"><span class='ocrx_word' id='word_1_487' title='bbox 60 3524 165 3580; x_wconf 79' lang='lat' dir='ltr'><strong>libus</strong></span> <span class='ocrx_word' id='word_1_488' title='bbox 202 3532 580 3589; x_wconf 69' lang='lat' dir='ltr'><strong>miraculorum</strong></span> <span class='ocrx_word' id='word_1_489' title='bbox 628 3535 796 3605; x_wconf 70' lang='lat' dir='ltr'><strong>signis</strong></span> <span class='ocrx_word' id='word_1_490' title='bbox 844 3536 1012 3589; x_wconf 62' lang='lat' dir='ltr'><strong>multa</strong></span> <span class='ocrx_word' id='word_1_491' title='bbox 1044 3537 1187 3591; x_wconf 76' lang='lat' dir='ltr'><strong>circa</strong></span> <span class='ocrx_word' id='word_1_492' title='bbox 1231 3536 1377 3591; x_wconf 72' lang='lat' dir='ltr'><strong>illum</strong></span> <span class='ocrx_word' id='word_1_493' title='bbox 1416 3538 1587 3607; x_wconf 66' lang='lat' dir='ltr'><strong>grmia</strong></span> <span class='ocrx_word' id='word_1_494' title='bbox 1690 3528 2034 3582; x_wconf 89' lang='lat' dir='ltr'><strong>venientibus</strong></span> <span class='ocrx_word' id='word_1_495' title='bbox 2082 3544 2233 3598; x_wconf 73' lang='grc' dir='ltr'>(ιιιος</span> <span class='ocrx_word' id='word_1_496' title='bbox 2250 3529 2316 3582; x_wconf 87' lang='lat' dir='ltr'><strong>ad</strong></span> <span class='ocrx_word' id='word_1_497' title='bbox 2352 3543 2502 3583; x_wconf 89' lang='lat' dir='ltr'><strong>mare</strong></span> <span class='ocrx_word' id='word_1_498' title='bbox 2534 3530 2977 3601; x_wconf 88' lang='lat' dir='ltr'><strong>archiepiscopus</strong></span> <span class='ocrx_word' id='word_1_499' title='bbox 3006 3533 3287 3602; x_wconf 51' lang='lat' dir='ltr'><strong>praemise-</strong></span> 
     </span>
    </p>
   </div>
   <div class='ocr_carea' id='block_1_52' title="bbox 60 3613 3292 3691">
    <p class='ocr_par' dir='ltr' id='par_1_52' title="bbox 60 3613 3292 3691">
     <span class='ocr_line' id='line_1_52' title="bbox 60 3613 3292 3691; baseline 0.007 -27"><span class='ocrx_word' id='word_1_500' title='bbox 60 3613 197 3670; x_wconf 79' lang='lat' dir='ltr'><strong>divina</strong></span> <span class='ocrx_word' id='word_1_501' title='bbox 220 3620 478 3689; x_wconf 88' lang='lat' dir='ltr'><strong>innotuit;</strong></span> <span class='ocrx_word' id='word_1_502' title='bbox 506 3639 625 3677; x_wconf 89' lang='lat' dir='ltr'><strong>cum</strong></span> <span class='ocrx_word' id='word_1_503' title='bbox 648 3626 792 3679; x_wconf 82' lang='lat' dir='ltr'><strong>enim</strong></span> <span class='ocrx_word' id='word_1_504' title='bbox 815 3624 1090 3680; x_wconf 86' lang='lat' dir='ltr'><strong>Boloniam</strong></span> <span class='ocrx_word' id='word_1_505' title='bbox 1121 3627 1377 3691; x_wconf 82' lang='lat' dir='ltr'><strong>venisset,</strong></span> <span class='ocrx_word' id='word_1_506' title='bbox 1401 3627 1587 3683; x_wconf 87' lang='lat' dir='ltr'><strong>volens</strong></span> <span class='ocrx_word' id='word_1_507' title='bbox 1692 3627 1799 3687; x_wconf 72' lang='lat' dir='ltr'><strong>Tal,</strong></span> <span class='ocrx_word' id='word_1_508' title='bbox 1853 3635 1919 3675; x_wconf 75' lang='lat' dir='ltr'><strong>ac</strong></span> <span class='ocrx_word' id='word_1_509' title='bbox 1955 3619 2396 3676; x_wconf 71' lang='lat' dir='ltr'><strong>rentllllianlibtls</strong></span> <span class='ocrx_word' id='word_1_510' title='bbox 2427 3632 2646 3677; x_wconf 71' lang='lat' dir='ltr'><strong>Vettium</strong></span> <span class='ocrx_word' id='word_1_511' title='bbox 2682 3624 2909 3680; x_wconf 77' lang='lat' dir='ltr'><strong>omnino</strong></span> <span class='ocrx_word' id='word_1_512' title='bbox 2952 3626 3292 3680; x_wconf 70' lang='lat' dir='ltr'><strong>militarium</strong></span> 
     </span>
    </p>
   </div>
   <div class='ocr_carea' id='block_1_53' title="bbox 59 3710 1585 3789">
    <p class='ocr_par' dir='ltr' id='par_1_53' title="bbox 59 3713 1585 3789">
     <span class='ocr_line' id='line_1_53' title="bbox 59 3713 1585 3789; baseline 0.002 -18"><span class='ocrx_word' id='word_1_513' title='bbox 59 3713 197 3771; x_wconf 64' lang='lat' dir='ltr'><strong>0gretli</strong></span> <span class='ocrx_word' id='word_1_514' title='bbox 236 3717 295 3769; x_wconf 84' lang='lat' dir='ltr'><strong>ad</strong></span> <span class='ocrx_word' id='word_1_515' title='bbox 332 3730 551 3788; x_wconf 89' lang='lat' dir='ltr'><strong>portum</strong></span> <span class='ocrx_word' id='word_1_516' title='bbox 593 3719 681 3787; x_wconf 89' lang='lat' dir='ltr'><strong>qui</strong></span> <span class='ocrx_word' id='word_1_517' title='bbox 721 3721 838 3789; x_wconf 92' lang='lat' dir='ltr'><strong>plus</strong></span> <span class='ocrx_word' id='word_1_518' title='bbox 866 3735 957 3775; x_wconf 84' lang='lat' dir='ltr'><strong>sex</strong></span> <span class='ocrx_word' id='word_1_519' title='bbox 1001 3720 1171 3776; x_wconf 88' lang='lat' dir='ltr'><strong>leucis</strong></span> <span class='ocrx_word' id='word_1_520' title='bbox 1208 3720 1275 3774; x_wconf 85' lang='lat' dir='ltr'><strong>ab</strong></span> <span class='ocrx_word' id='word_1_521' title='bbox 1312 3720 1441 3777; x_wconf 80' lang='lat' dir='ltr'><strong>urbe</strong></span> <span class='ocrx_word' id='word_1_522' title='bbox 1480 3736 1585 3776; x_wconf 91' lang='lat' dir='ltr'><strong>non</strong></span> 
     </span>
    </p>
   </div>
   <div class='ocr_carea' id='block_1_54' title="bbox 1768 3710 3294 3789">
    <p class='ocr_par' dir='ltr' id='par_1_54' title="bbox 1768 3710 3294 3781">
     <span class='ocr_line' id='line_1_54' title="bbox 1768 3710 3294 3781; baseline 0.007 -19"><span class='ocrx_word' id='word_1_523' title='bbox 1768 3724 1829 3774; x_wconf 67' lang='grc' dir='ltr'><strong>ιθ,</strong></span> <span class='ocrx_word' id='word_1_524' title='bbox 1862 3717 1915 3763; x_wconf 92' lang='lat' dir='ltr'><strong>et</strong></span> <span class='ocrx_word' id='word_1_525' title='bbox 1946 3710 2168 3781; x_wconf 84' lang='lat' dir='ltr'><strong>pelagus</strong></span> <span class='ocrx_word' id='word_1_526' title='bbox 2198 3710 2451 3766; x_wconf 83' lang='lat' dir='ltr'><strong>infestum</strong></span> <span class='ocrx_word' id='word_1_527' title='bbox 2472 3753 2486 3778; x_wconf 94' lang='lat'><strong>,</strong></span> <span class='ocrx_word' id='word_1_528' title='bbox 2517 3724 2732 3768; x_wconf 89' lang='lat' dir='ltr'><strong>assueta</strong></span> <span class='ocrx_word' id='word_1_529' title='bbox 2776 3715 2827 3769; x_wconf 92' lang='lat' dir='ltr'><strong>in</strong></span> <span class='ocrx_word' id='word_1_530' title='bbox 2866 3715 2974 3770; x_wconf 90' lang='lat' dir='ltr'><strong>Deo</strong></span> <span class='ocrx_word' id='word_1_531' title='bbox 3002 3716 3095 3771; x_wconf 90' lang='lat' dir='ltr'><strong>ille</strong></span> <span class='ocrx_word' id='word_1_532' title='bbox 3125 3717 3294 3772; x_wconf 85' lang='lat' dir='ltr'><strong>conli-</strong></span> 
     </span>
    </p>
   </div>
   <div class='ocr_carea' id='block_1_55' title="bbox 61 3800 3286 3881">
    <p class='ocr_par' dir='ltr' id='par_1_55' title="bbox 61 3800 3286 3881">
     <span class='ocr_line' id='line_1_55' title="bbox 61 3800 3286 3881; baseline 0.007 -28"><span class='ocrx_word' id='word_1_533' title='bbox 61 3800 199 3865; x_wconf 71' lang='lat' dir='ltr'><strong>distat,</strong></span> <span class='ocrx_word' id='word_1_534' title='bbox 224 3812 433 3866; x_wconf 84' lang='lat' dir='ltr'><strong>tentavit</strong></span> <span class='ocrx_word' id='word_1_535' title='bbox 467 3810 559 3881; x_wconf 90' lang='lat' dir='ltr'><strong>qui</strong></span> <span class='ocrx_word' id='word_1_536' title='bbox 588 3826 713 3865; x_wconf 90' lang='lat' dir='ltr'><strong>cum</strong></span> <span class='ocrx_word' id='word_1_537' title='bbox 741 3826 805 3865; x_wconf 90' lang='lat' dir='ltr'><strong>eo</strong></span> <span class='ocrx_word' id='word_1_538' title='bbox 835 3811 943 3865; x_wconf 89' lang='lat' dir='ltr'><strong>ibat</strong></span> <span class='ocrx_word' id='word_1_539' title='bbox 969 3817 1278 3868; x_wconf 83' lang='lat' dir='ltr'><strong>comitatus.</strong></span> <span class='ocrx_word' id='word_1_540' title='bbox 1302 3810 1587 3867; x_wconf 89' lang='lat' dir='ltr'><strong>Comitissa</strong></span> <span class='ocrx_word' id='word_1_541' title='bbox 1691 3801 1871 3855; x_wconf 79' lang='lat' dir='ltr'><strong>demia</strong></span> <span class='ocrx_word' id='word_1_542' title='bbox 1929 3803 2179 3857; x_wconf 78' lang='lat' dir='ltr'><strong>discessit</strong></span> <span class='ocrx_word' id='word_1_543' title='bbox 2219 3804 2286 3858; x_wconf 79' lang='lat' dir='ltr'><strong>ad</strong></span> <span class='ocrx_word' id='word_1_544' title='bbox 2334 3818 2485 3859; x_wconf 84' lang='lat' dir='ltr'><strong>mare</strong></span> <span class='ocrx_word' id='word_1_545' title='bbox 2541 3805 2943 3862; x_wconf 58' lang='lat' dir='ltr'><strong>obium-antibus</strong></span> <span class='ocrx_word' id='word_1_546' title='bbox 2990 3808 3286 3875; x_wconf 70' lang='lat' dir='ltr'><strong>universis,</strong></span> 
     </span>
    </p>
   </div>
   <div class='ocr_carea' id='block_1_56' title="bbox 60 3894 3293 3973">
    <p class='ocr_par' dir='ltr' id='par_1_56' title="bbox 60 3894 3293 3973">
     <span class='ocr_line' id='line_1_56' title="bbox 60 3894 3293 3973; baseline 0.009 -31"><span class='ocrx_word' id='word_1_547' title='bbox 60 3905 228 3963; x_wconf 85' lang='lat' dir='ltr'><strong>quoque</strong></span> <span class='ocrx_word' id='word_1_548' title='bbox 262 3902 476 3956; x_wconf 88' lang='lat' dir='ltr'><strong>comitis</strong></span> <span class='ocrx_word' id='word_1_549' title='bbox 518 3901 792 3956; x_wconf 86' lang='lat' dir='ltr'><strong>Eustachii</strong></span> <span class='ocrx_word' id='word_1_550' title='bbox 836 3902 945 3973; x_wconf 81' lang='lat'><strong>37</strong></span> <span class='ocrx_word' id='word_1_551' title='bbox 985 3903 1181 3971; x_wconf 78' lang='lat' dir='ltr'><strong>conjux</strong></span> <span class='ocrx_word' id='word_1_552' title='bbox 1228 3904 1432 3959; x_wconf 78' lang='lat' dir='ltr'><strong>femina</strong></span> <span class='ocrx_word' id='word_1_553' title='bbox 1481 3904 1588 3959; x_wconf 88' lang='lat' dir='ltr'><strong>Deo</strong></span> <span class='ocrx_word' id='word_1_554' title='bbox 1691 3901 1745 3947; x_wconf 79' lang='grc' dir='ltr'><strong>θῑ</strong></span> <span class='ocrx_word' id='word_1_555' title='bbox 1794 3904 1954 3949; x_wconf 71' lang='grc' dir='ltr'><strong>ηοοῗθ</strong></span> <span class='ocrx_word' id='word_1_556' title='bbox 2004 3894 2117 3964; x_wconf 68' lang='lat' dir='ltr'><strong>iam</strong></span> <span class='ocrx_word' id='word_1_557' title='bbox 2168 3895 2451 3964; x_wconf 60' lang='lat' dir='ltr'><strong>ingruente</strong></span> <span class='ocrx_word' id='word_1_558' title='bbox 2496 3912 2637 3967; x_wconf 73' lang='grc' dir='ltr'><strong>(ῐηον</strong></span> <span class='ocrx_word' id='word_1_559' title='bbox 2689 3897 2854 3952; x_wconf 66' lang='lat' dir='ltr'><strong>&quot;mm</strong></span> <span class='ocrx_word' id='word_1_560' title='bbox 2902 3909 3060 3970; x_wconf 70' lang='grc' dir='ltr'><strong>Ρθτίθ</strong></span> <span class='ocrx_word' id='word_1_561' title='bbox 3113 3903 3293 3957; x_wconf 69' lang='grc' dir='ltr'><strong>ηοοῑίδ</strong></span> 
     </span>
    </p>
   </div>
   <div class='ocr_carea' id='block_1_57' title="bbox 61 3983 3290 4064">
    <p class='ocr_par' dir='ltr' id='par_1_57' title="bbox 61 3983 3290 4064">
     <span class='ocr_line' id='line_1_57' title="bbox 61 3983 3290 4064; baseline 0.01 -33"><span class='ocrx_word' id='word_1_562' title='bbox 61 3983 257 4042; x_wconf 84' lang='lat' dir='ltr'><strong>amabilis</strong></span> <span class='ocrx_word' id='word_1_563' title='bbox 296 3991 627 4059; x_wconf 85' lang='lat' dir='ltr'><strong>persuadere</strong></span> <span class='ocrx_word' id='word_1_564' title='bbox 677 3992 967 4060; x_wconf 85' lang='lat' dir='ltr'><strong>plurimum</strong></span> <span class='ocrx_word' id='word_1_565' title='bbox 1018 3994 1214 4064; x_wconf 77' lang='lat' dir='ltr'><strong>sategit</strong></span> <span class='ocrx_word' id='word_1_566' title='bbox 1263 4002 1326 4048; x_wconf 88' lang='lat' dir='ltr'><strong>ut</strong></span> <span class='ocrx_word' id='word_1_567' title='bbox 1361 3994 1413 4047; x_wconf 90' lang='lat' dir='ltr'><strong>iu</strong></span> <span class='ocrx_word' id='word_1_568' title='bbox 1454 3996 1589 4050; x_wconf 87' lang='lat' dir='ltr'><strong>urbe</strong></span> <span class='ocrx_word' id='word_1_569' title='bbox 1691 3996 1902 4053; x_wconf 61' lang='lat'><strong>033013:</strong></span> <span class='ocrx_word' id='word_1_570' title='bbox 1954 3987 2299 4056; x_wconf 64' lang='grc' dir='ltr'><strong>Ρυτνθηίυιιδ»</strong></span> <span class='ocrx_word' id='word_1_571' title='bbox 2337 3996 2556 4042; x_wconf 64' lang='lat' dir='ltr'><strong>Venuli“</strong></span> <span class='ocrx_word' id='word_1_572' title='bbox 2610 4005 2768 4058; x_wconf 57' lang='lat' dir='ltr'><strong>(illam</strong></span> <span class='ocrx_word' id='word_1_573' title='bbox 2804 3990 3041 4058; x_wconf 54' lang='lat' dir='ltr'><strong>V0101)“,</strong></span> <span class='ocrx_word' id='word_1_574' title='bbox 3097 4002 3151 4048; x_wconf 75' lang='grc' dir='ltr'>ει</span> <span class='ocrx_word' id='word_1_575' title='bbox 3199 3993 3290 4062; x_wconf 68' lang='lat' dir='ltr'><strong>qui</strong></span> 
     </span>
    </p>
   </div>
   <div class='ocr_carea' id='block_1_58' title="bbox 63 4080 1589 4158">
    <p class='ocr_par' dir='ltr' id='par_1_58' title="bbox 63 4085 1589 4154">
     <span class='ocr_line' id='line_1_58' title="bbox 63 4085 1589 4154; baseline 0.013 -31"><span class='ocrx_word' id='word_1_576' title='bbox 63 4087 341 4148; x_wconf 85' lang='lat' dir='ltr'><strong>remaneret,</strong></span> <span class='ocrx_word' id='word_1_577' title='bbox 375 4086 636 4153; x_wconf 85' lang='lat' dir='ltr'><strong>quoniam</strong></span> <span class='ocrx_word' id='word_1_578' title='bbox 680 4085 732 4138; x_wconf 92' lang='lat' dir='ltr'><strong>in</strong></span> <span class='ocrx_word' id='word_1_579' title='bbox 776 4093 938 4154; x_wconf 90' lang='lat' dir='ltr'><strong>portu</strong></span> <span class='ocrx_word' id='word_1_580' title='bbox 979 4086 1132 4139; x_wconf 88' lang='lat' dir='ltr'><strong>navis</strong></span> <span class='ocrx_word' id='word_1_581' title='bbox 1178 4085 1321 4139; x_wconf 90' lang='lat' dir='ltr'><strong>nulla</strong></span> <span class='ocrx_word' id='word_1_582' title='bbox 1357 4096 1504 4151; x_wconf 88' lang='lat' dir='ltr'><strong>erat,</strong></span> <span class='ocrx_word' id='word_1_583' title='bbox 1537 4097 1589 4143; x_wconf 89' lang='lat' dir='ltr'><strong>ct</strong></span> 
     </span>
    </p>
   </div>
   <div class='ocr_carea' id='block_1_59' title="bbox 1766 4080 3292 4158">
    <p class='ocr_par' dir='ltr' id='par_1_59' title="bbox 1766 4080 3292 4158">
     <span class='ocr_line' id='line_1_59' title="bbox 1766 4080 3292 4158; baseline 0.006 -25"><span class='ocrx_word' id='word_1_584' title='bbox 1766 4080 2025 4137; x_wconf 90' lang='lat' dir='ltr'><strong>mmodior</strong></span> <span class='ocrx_word' id='word_1_585' title='bbox 2055 4092 2173 4137; x_wconf 87' lang='lat' dir='ltr'><strong>erat</strong></span> <span class='ocrx_word' id='word_1_586' title='bbox 2216 4083 2282 4136; x_wconf 92' lang='lat' dir='ltr'><strong>ad</strong></span> <span class='ocrx_word' id='word_1_587' title='bbox 2314 4084 2750 4139; x_wconf 79' lang='lat' dir='ltr'><strong>transferendum</strong></span> <span class='ocrx_word' id='word_1_588' title='bbox 2787 4084 2839 4158; x_wconf 73' lang='grc' dir='ltr'>[ι’</span> <span class='ocrx_word' id='word_1_589' title='bbox 2881 4127 2896 4150; x_wconf 85' lang='grc'><em>,</em></span> <span class='ocrx_word' id='word_1_590' title='bbox 2930 4088 3292 4143; x_wconf 80' lang='lat' dir='ltr'><strong>transfretan-</strong></span> 
     </span>
    </p>
   </div>
   <div class='ocr_carea' id='block_1_60' title="bbox 62 4172 3292 4249">
    <p class='ocr_par' dir='ltr' id='par_1_60' title="bbox 62 4172 3292 4249">
     <span class='ocr_line' id='line_1_60' title="bbox 62 4172 3292 4249; baseline 0.006 -36"><span class='ocrx_word' id='word_1_591' title='bbox 62 4176 211 4223; x_wconf 85' lang='lat' dir='ltr'><strong>ventus</strong></span> <span class='ocrx_word' id='word_1_592' title='bbox 242 4173 324 4242; x_wconf 83' lang='lat' dir='ltr'><strong>qui</strong></span> <span class='ocrx_word' id='word_1_593' title='bbox 362 4177 429 4231; x_wconf 72' lang='lat' dir='ltr'><strong>de</strong></span> <span class='ocrx_word' id='word_1_594' title='bbox 478 4177 858 4231; x_wconf 75' lang='lat' dir='ltr'><strong>transnmrinis</strong></span> <span class='ocrx_word' id='word_1_595' title='bbox 908 4192 1002 4233; x_wconf 78' lang='lat' dir='ltr'><strong>eos</strong></span> <span class='ocrx_word' id='word_1_596' title='bbox 1049 4178 1275 4233; x_wconf 72' lang='lat' dir='ltr'><strong>referret</strong></span> <span class='ocrx_word' id='word_1_597' title='bbox 1336 4178 1449 4249; x_wconf 75' lang='lat' dir='ltr'><strong>jam</strong></span> <span class='ocrx_word' id='word_1_598' title='bbox 1495 4196 1592 4249; x_wconf 75' lang='lat' dir='ltr'><strong>per</strong></span> <span class='ocrx_word' id='word_1_599' title='bbox 1692 4172 1846 4245; x_wconf 76' lang='lat' dir='ltr'><strong>dum]</strong></span> <span class='ocrx_word' id='word_1_600' title='bbox 1874 4174 2003 4229; x_wconf 87' lang='lat' dir='ltr'><strong>hora</strong></span> <span class='ocrx_word' id='word_1_601' title='bbox 2054 4176 2244 4229; x_wconf 91' lang='lat' dir='ltr'><strong>eadem</strong></span> <span class='ocrx_word' id='word_1_602' title='bbox 2280 4186 2480 4244; x_wconf 64' lang='lat' dir='ltr'><strong>priesto</strong></span> <span class='ocrx_word' id='word_1_603' title='bbox 2529 4176 2736 4230; x_wconf 87' lang='lat' dir='ltr'><strong>habuit.</strong></span> <span class='ocrx_word' id='word_1_604' title='bbox 2786 4177 3005 4231; x_wconf 84' lang='lat' dir='ltr'><strong>Interim</strong></span> <span class='ocrx_word' id='word_1_605' title='bbox 3037 4193 3292 4234; x_wconf 90' lang='lat' dir='ltr'><strong>somnum</strong></span> 
     </span>
    </p>
   </div>
   <div class='ocr_carea' id='block_1_61' title="bbox 65 4262 3292 4341">
    <p class='ocr_par' dir='ltr' id='par_1_61' title="bbox 65 4262 3292 4341">
     <span class='ocr_line' id='line_1_61' title="bbox 65 4262 3292 4341; baseline 0.008 -31"><span class='ocrx_word' id='word_1_606' title='bbox 65 4262 358 4333; x_wconf 81' lang='lat' dir='ltr'><strong>quadraginta</strong></span> <span class='ocrx_word' id='word_1_607' title='bbox 396 4267 513 4323; x_wconf 77' lang='lat' dir='ltr'><strong>fere</strong></span> <span class='ocrx_word' id='word_1_608' title='bbox 559 4269 673 4325; x_wconf 87' lang='lat' dir='ltr'><strong>dies</strong></span> <span class='ocrx_word' id='word_1_609' title='bbox 709 4270 889 4324; x_wconf 92' lang='lat' dir='ltr'><strong>nullus</strong></span> <span class='ocrx_word' id='word_1_610' title='bbox 924 4271 1145 4326; x_wconf 91' lang='lat' dir='ltr'><strong>omnino</strong></span> <span class='ocrx_word' id='word_1_611' title='bbox 1183 4272 1503 4339; x_wconf 75' lang='lat' dir='ltr'><strong>exstiterat;</strong></span> <span class='ocrx_word' id='word_1_612' title='bbox 1536 4282 1591 4327; x_wconf 87' lang='lat' dir='ltr'><strong>at</strong></span> <span class='ocrx_word' id='word_1_613' title='bbox 1691 4266 1914 4334; x_wconf 73' lang='lat' dir='ltr'><strong>capiens</strong></span> <span class='ocrx_word' id='word_1_614' title='bbox 1976 4265 2102 4321; x_wconf 80' lang='lat' dir='ltr'><strong>dum</strong></span> <span class='ocrx_word' id='word_1_615' title='bbox 2155 4282 2321 4322; x_wconf 72' lang='lat' dir='ltr'><strong>MVCS</strong></span> <span class='ocrx_word' id='word_1_616' title='bbox 2370 4268 2438 4323; x_wconf 75' lang='lat' dir='ltr'><strong>ad</strong></span> <span class='ocrx_word' id='word_1_617' title='bbox 2487 4282 2639 4322; x_wconf 65' lang='lat' dir='ltr'><strong>mare</strong></span> <span class='ocrx_word' id='word_1_618' title='bbox 2689 4268 3058 4337; x_wconf 73' lang='lat' dir='ltr'><strong>impelluntur.</strong></span> <span class='ocrx_word' id='word_1_619' title='bbox 3113 4271 3292 4341; x_wconf 71' lang='lat' dir='ltr'><strong>Primo</strong></span> 
     </span>
    </p>
   </div>
   <div class='ocr_carea' id='block_1_62' title="bbox 64 4344 3287 4433">
    <p class='ocr_par' dir='ltr' id='par_1_62' title="bbox 64 4344 3287 4433">
     <span class='ocr_line' id='line_1_62' title="bbox 64 4344 3287 4433; baseline 0.006 -36"><span class='ocrx_word' id='word_1_620' title='bbox 64 4344 130 4401; x_wconf 86' lang='lat' dir='ltr'><strong>ille</strong></span> <span class='ocrx_word' id='word_1_621' title='bbox 156 4355 428 4411; x_wconf 82' lang='lat' dir='ltr'><strong>certissima</strong></span> <span class='ocrx_word' id='word_1_622' title='bbox 466 4359 519 4413; x_wconf 92' lang='lat' dir='ltr'><strong>in</strong></span> <span class='ocrx_word' id='word_1_623' title='bbox 556 4358 667 4414; x_wconf 91' lang='lat' dir='ltr'><strong>Deo</strong></span> <span class='ocrx_word' id='word_1_624' title='bbox 706 4377 799 4430; x_wconf 90' lang='lat' dir='ltr'><strong>spe</strong></span> <span class='ocrx_word' id='word_1_625' title='bbox 837 4361 954 4415; x_wconf 87' lang='lat' dir='ltr'><strong>ait:</strong></span> <span class='ocrx_word' id='word_1_626' title='bbox 996 4381 1015 4413; x_wconf 71' lang='grc' dir='ltr'>ί</span> <span class='ocrx_word' id='word_1_627' title='bbox 1052 4361 1251 4417; x_wconf 83' lang='lat' dir='ltr'><strong>ibimus</strong></span> <span class='ocrx_word' id='word_1_628' title='bbox 1280 4363 1346 4416; x_wconf 85' lang='lat' dir='ltr'><strong>ad</strong></span> <span class='ocrx_word' id='word_1_629' title='bbox 1380 4364 1587 4416; x_wconf 81' lang='lat' dir='ltr'><strong>navalia</strong></span> <span class='ocrx_word' id='word_1_630' title='bbox 1693 4356 1828 4412; x_wconf 84' lang='lat' dir='ltr'><strong>lucis</strong></span> <span class='ocrx_word' id='word_1_631' title='bbox 1854 4357 1953 4413; x_wconf 92' lang='lat' dir='ltr'><strong>sub</strong></span> <span class='ocrx_word' id='word_1_632' title='bbox 1982 4368 2177 4413; x_wconf 75' lang='lat' dir='ltr'><strong>exortu</strong></span> <span class='ocrx_word' id='word_1_633' title='bbox 2224 4373 2416 4413; x_wconf 89' lang='lat' dir='ltr'><strong>navem</strong></span> <span class='ocrx_word' id='word_1_634' title='bbox 2457 4359 2752 4429; x_wconf 88' lang='lat' dir='ltr'><strong>ingressus,</strong></span> <span class='ocrx_word' id='word_1_635' title='bbox 2809 4368 2915 4413; x_wconf 92' lang='lat' dir='ltr'><strong>tam</strong></span> <span class='ocrx_word' id='word_1_636' title='bbox 2967 4361 3080 4430; x_wconf 91' lang='lat' dir='ltr'><strong>ipse</strong></span> <span class='ocrx_word' id='word_1_637' title='bbox 3126 4378 3287 4433; x_wconf 90' lang='lat' dir='ltr'><strong>quam</strong></span> 
     </span>
    </p>
   </div>
   <div class='ocr_carea' id='block_1_63' title="bbox 65 4442 3292 4522">
    <p class='ocr_par' dir='ltr' id='par_1_63' title="bbox 65 4442 3292 4522">
     <span class='ocr_line' id='line_1_63' title="bbox 65 4442 3292 4522; baseline 0.007 -38"><span class='ocrx_word' id='word_1_638' title='bbox 65 4449 189 4493; x_wconf 87' lang='lat' dir='ltr'><strong>naves</strong></span> <span class='ocrx_word' id='word_1_639' title='bbox 215 4442 319 4499; x_wconf 82' lang='lat' dir='ltr'><strong>sine</strong></span> <span class='ocrx_word' id='word_1_640' title='bbox 340 4463 489 4501; x_wconf 86' lang='lat' dir='ltr'><strong>mora</strong></span> <span class='ocrx_word' id='word_1_641' title='bbox 516 4448 1004 4505; x_wconf 76' lang='lat' dir='ltr'><strong>habiturizl&#39;ralrcs</strong></span> <span class='ocrx_word' id='word_1_642' title='bbox 1029 4452 1119 4520; x_wconf 91' lang='lat' dir='ltr'><strong>qui</strong></span> <span class='ocrx_word' id='word_1_643' title='bbox 1149 4451 1291 4506; x_wconf 92' lang='lat' dir='ltr'><strong>domi</strong></span> <span class='ocrx_word' id='word_1_644' title='bbox 1318 4467 1590 4506; x_wconf 87' lang='lat' dir='ltr'><strong>remanse-</strong></span> <span class='ocrx_word' id='word_1_645' title='bbox 1693 4464 1885 4505; x_wconf 79' lang='lat' dir='ltr'><strong>omnes</strong></span> <span class='ocrx_word' id='word_1_646' title='bbox 1943 4448 2026 4502; x_wconf 87' lang='lat' dir='ltr'><strong>sui</strong></span> <span class='ocrx_word' id='word_1_647' title='bbox 2076 4447 2362 4503; x_wconf 81' lang='lat' dir='ltr'><strong>cenl‘estim</strong></span> <span class='ocrx_word' id='word_1_648' title='bbox 2411 4450 2706 4504; x_wconf 85' lang='lat' dir='ltr'><strong>transvecti</strong></span> <span class='ocrx_word' id='word_1_649' title='bbox 2754 4459 2881 4504; x_wconf 91' lang='lat' dir='ltr'><strong>sunt</strong></span> <span class='ocrx_word' id='word_1_650' title='bbox 2919 4454 3292 4522; x_wconf 85' lang='lat' dir='ltr'><strong>prosperrimo</strong></span> 
     </span>
    </p>
   </div>
   <div class='ocr_carea' id='block_1_64' title="bbox 66 4535 3289 4615">
    <p class='ocr_par' dir='ltr' id='par_1_64' title="bbox 66 4535 3289 4615">
     <span class='ocr_line' id='line_1_64' title="bbox 66 4535 3289 4615; baseline 0.008 -40"><span class='ocrx_word' id='word_1_651' title='bbox 66 4535 162 4579; x_wconf 82' lang='lat' dir='ltr'><strong>runt</strong></span> <span class='ocrx_word' id='word_1_652' title='bbox 195 4537 377 4589; x_wconf 87' lang='lat' dir='ltr'><strong>oraturi</strong></span> <span class='ocrx_word' id='word_1_653' title='bbox 423 4553 524 4607; x_wconf 87' lang='lat' dir='ltr'><strong>pro</strong></span> <span class='ocrx_word' id='word_1_654' title='bbox 569 4540 724 4594; x_wconf 85' lang='lat' dir='ltr'><strong>nobis</strong></span> <span class='ocrx_word' id='word_1_655' title='bbox 768 4540 887 4595; x_wconf 90' lang='lat' dir='ltr'><strong>sine</strong></span> <span class='ocrx_word' id='word_1_656' title='bbox 927 4543 1270 4597; x_wconf 91' lang='lat' dir='ltr'><strong>cunctatione</strong></span> <span class='ocrx_word' id='word_1_657' title='bbox 1309 4542 1464 4597; x_wconf 90' lang='lat' dir='ltr'><strong>nobis</strong></span> <span class='ocrx_word' id='word_1_658' title='bbox 1500 4558 1591 4596; x_wconf 86' lang='lat' dir='ltr'><strong>eas</strong></span> <span class='ocrx_word' id='word_1_659' title='bbox 1623 4551 1672 4613; x_wconf 84' lang='grc' dir='ltr'>ι)</span> <span class='ocrx_word' id='word_1_660' title='bbox 1694 4540 1840 4595; x_wconf 88' lang='lat' dir='ltr'><strong>onmi</strong></span> <span class='ocrx_word' id='word_1_661' title='bbox 1871 4540 2068 4610; x_wconf 78' lang='lat' dir='ltr'><strong>navigii</strong></span> <span class='ocrx_word' id='word_1_662' title='bbox 2095 4548 2312 4594; x_wconf 90' lang='lat' dir='ltr'><strong>eventu.</strong></span> <span class='ocrx_word' id='word_1_663' title='bbox 2346 4539 2461 4596; x_wconf 84' lang='lat' dir='ltr'><strong>Non</strong></span> <span class='ocrx_word' id='word_1_664' title='bbox 2492 4540 2886 4611; x_wconf 82' lang='lat' dir='ltr'><strong>atnplillcamns</strong></span> <span class='ocrx_word' id='word_1_665' title='bbox 2917 4559 3030 4599; x_wconf 90' lang='lat' dir='ltr'><strong>rem</strong></span> <span class='ocrx_word' id='word_1_666' title='bbox 3057 4555 3289 4615; x_wconf 83' lang='lat' dir='ltr'><strong>gestam,</strong></span> 
     </span>
    </p>
   </div>
   <div class='ocr_carea' id='block_1_65' title="bbox 66 4628 3288 4707">
    <p class='ocr_par' dir='ltr' id='par_1_65' title="bbox 66 4628 3288 4707">
     <span class='ocr_line' id='line_1_65' title="bbox 66 4628 3288 4707; baseline 0.005 -32"><span class='ocrx_word' id='word_1_667' title='bbox 66 4632 218 4685; x_wconf 68' lang='lat' dir='ltr'><strong>prtesto</strong></span> <span class='ocrx_word' id='word_1_668' title='bbox 242 4628 525 4687; x_wconf 71' lang='lat' dir='ltr'><strong>habebunt.</strong></span> <span class='ocrx_word' id='word_1_669' title='bbox 578 4651 597 4685; x_wconf 73' lang='grc' dir='ltr'><strong>ι</strong></span> <span class='ocrx_word' id='word_1_670' title='bbox 637 4632 811 4699; x_wconf 79' lang='lat' dir='ltr'><strong>Dixit,</strong></span> <span class='ocrx_word' id='word_1_671' title='bbox 843 4643 899 4689; x_wconf 92' lang='lat' dir='ltr'><strong>et</strong></span> <span class='ocrx_word' id='word_1_672' title='bbox 928 4636 1109 4689; x_wconf 90' lang='lat' dir='ltr'><strong>statim</strong></span> <span class='ocrx_word' id='word_1_673' title='bbox 1143 4642 1336 4690; x_wconf 89' lang='lat' dir='ltr'><strong>ventus</strong></span> <span class='ocrx_word' id='word_1_674' title='bbox 1361 4650 1583 4689; x_wconf 81' lang='lat' dir='ltr'><strong>conver-</strong></span> <span class='ocrx_word' id='word_1_675' title='bbox 1691 4630 1784 4687; x_wconf 85' lang='lat' dir='ltr'><strong>sed</strong></span> <span class='ocrx_word' id='word_1_676' title='bbox 1818 4630 2045 4699; x_wconf 87' lang='lat' dir='ltr'><strong>simplici</strong></span> <span class='ocrx_word' id='word_1_677' title='bbox 2096 4630 2408 4685; x_wconf 89' lang='lat' dir='ltr'><strong>narratione</strong></span> <span class='ocrx_word' id='word_1_678' title='bbox 2454 4630 2755 4687; x_wconf 88' lang='lat' dir='ltr'><strong>scribentes</strong></span> <span class='ocrx_word' id='word_1_679' title='bbox 2790 4632 3147 4707; x_wconf 85' lang='lat' dir='ltr'><strong>relinquimus</strong></span> <span class='ocrx_word' id='word_1_680' title='bbox 3168 4649 3288 4691; x_wconf 89' lang='lat' dir='ltr'><strong>eam</strong></span> 
     </span>
    </p>
   </div>
   <div class='ocr_carea' id='block_1_66' title="bbox 69 4710 3289 4796">
    <p class='ocr_par' dir='ltr' id='par_1_66' title="bbox 69 4710 3289 4796">
     <span class='ocr_line' id='line_1_66' title="bbox 69 4710 3289 4796; baseline 0.006 -33"><span class='ocrx_word' id='word_1_681' title='bbox 69 4710 183 4768; x_wconf 85' lang='lat' dir='ltr'><strong>titur.</strong></span> <span class='ocrx_word' id='word_1_682' title='bbox 219 4716 320 4775; x_wconf 91' lang='lat' dir='ltr'><strong>ltur</strong></span> <span class='ocrx_word' id='word_1_683' title='bbox 358 4725 459 4779; x_wconf 90' lang='lat' dir='ltr'><strong>sub</strong></span> <span class='ocrx_word' id='word_1_684' title='bbox 500 4724 647 4778; x_wconf 91' lang='lat' dir='ltr'><strong>omni</strong></span> <span class='ocrx_word' id='word_1_685' title='bbox 693 4725 1084 4780; x_wconf 83' lang='lat' dir='ltr'><strong>acceleratione</strong></span> <span class='ocrx_word' id='word_1_686' title='bbox 1125 4725 1192 4779; x_wconf 85' lang='lat' dir='ltr'><strong>ad</strong></span> <span class='ocrx_word' id='word_1_687' title='bbox 1233 4734 1447 4795; x_wconf 89' lang='lat' dir='ltr'><strong>portum</strong></span> <span class='ocrx_word' id='word_1_688' title='bbox 1483 4741 1590 4796; x_wconf 92' lang='lat' dir='ltr'><strong>quo</strong></span> <span class='ocrx_word' id='word_1_689' title='bbox 1691 4724 1813 4778; x_wconf 87' lang='lat' dir='ltr'><strong>aliis</strong></span> <span class='ocrx_word' id='word_1_690' title='bbox 1841 4722 2317 4780; x_wconf 86' lang='lat' dir='ltr'><strong>considerandam.</strong></span> <span class='ocrx_word' id='word_1_691' title='bbox 2349 4723 2621 4796; x_wconf 85' lang='lat' dir='ltr'><strong>dignaque</strong></span> <span class='ocrx_word' id='word_1_692' title='bbox 2667 4724 3093 4796; x_wconf 82' lang='lat' dir='ltr'><strong>ampliﬁcatione</strong></span> <span class='ocrx_word' id='word_1_693' title='bbox 3123 4728 3289 4783; x_wconf 88' lang='lat' dir='ltr'><strong>attol-</strong></span> 
     </span>
    </p>
   </div>
   <div class='ocr_carea' id='block_1_67' title="bbox 70 4807 2711 4889">
    <p class='ocr_par' dir='ltr' id='par_1_67' title="bbox 70 4807 2711 4889">
     <span class='ocr_line' id='line_1_67' title="bbox 70 4807 2711 4889; baseline -0.002 -23"><span class='ocrx_word' id='word_1_694' title='bbox 70 4807 166 4858; x_wconf 70' lang='lat' dir='ltr'><strong>lunc</strong></span> <span class='ocrx_word' id='word_1_695' title='bbox 210 4812 344 4879; x_wconf 87' lang='lat' dir='ltr'><strong>prius</strong></span> <span class='ocrx_word' id='word_1_696' title='bbox 394 4816 673 4871; x_wconf 79' lang='lat' dir='ltr'><strong>sexdecim</strong></span> <span class='ocrx_word' id='word_1_697' title='bbox 724 4832 888 4872; x_wconf 88' lang='lat' dir='ltr'><strong>naves</strong></span> <span class='ocrx_word' id='word_1_698' title='bbox 939 4817 1144 4888; x_wconf 88' lang='lat' dir='ltr'><strong>appulit</strong></span> <span class='ocrx_word' id='word_1_699' title='bbox 1192 4826 1382 4872; x_wconf 85' lang='lat' dir='ltr'><strong>ventus</strong></span> <span class='ocrx_word' id='word_1_700' title='bbox 1426 4833 1587 4889; x_wconf 88' lang='lat' dir='ltr'><strong>quam</strong></span> <span class='ocrx_word' id='word_1_701' title='bbox 1691 4814 1929 4869; x_wconf 88' lang='lat' dir='ltr'><strong>lendam.</strong></span> <span class='ocrx_word' id='word_1_702' title='bbox 2704 4828 2711 4835; x_wconf 58' lang='grc' dir='ltr'><strong>ι</strong></span> 
     </span>
    </p>
   </div>
   <div class='ocr_carea' id='block_1_68' title="bbox 67 4901 3290 4979">
    <p class='ocr_par' dir='ltr' id='par_1_68' title="bbox 67 4901 3290 4979">
     <span class='ocr_line' id='line_1_68' title="bbox 67 4901 3290 4979; baseline 0.006 -34"><span class='ocrx_word' id='word_1_703' title='bbox 67 4901 400 4962; x_wconf 75' lang='lat' dir='ltr'><strong>pervenissent.</strong></span> <span class='ocrx_word' id='word_1_704' title='bbox 452 4906 638 4962; x_wconf 83' lang='lat' dir='ltr'><strong>Noctis</strong></span> <span class='ocrx_word' id='word_1_705' title='bbox 684 4917 798 4963; x_wconf 90' lang='lat' dir='ltr'><strong>erat</strong></span> <span class='ocrx_word' id='word_1_706' title='bbox 849 4917 974 4964; x_wconf 92' lang='lat' dir='ltr'><strong>tunc</strong></span> <span class='ocrx_word' id='word_1_707' title='bbox 1017 4909 1402 4979; x_wconf 90' lang='lat' dir='ltr'><strong>primordium,</strong></span> <span class='ocrx_word' id='word_1_708' title='bbox 1438 4908 1590 4977; x_wconf 88' lang='lat' dir='ltr'><strong>cujus</strong></span> <span class='ocrx_word' id='word_1_709' title='bbox 1763 4907 1838 4960; x_wconf 89' lang='lat' dir='ltr'><strong>De</strong></span> <span class='ocrx_word' id='word_1_710' title='bbox 1874 4904 2086 4961; x_wconf 88' lang='lat' dir='ltr'><strong>arboris</strong></span> <span class='ocrx_word' id='word_1_711' title='bbox 2115 4902 2258 4961; x_wconf 90' lang='lat' dir='ltr'><strong>illius</strong></span> <span class='ocrx_word' id='word_1_712' title='bbox 2301 4918 2513 4977; x_wconf 69' lang='lat' dir='ltr'><strong>magna:</strong></span> <span class='ocrx_word' id='word_1_713' title='bbox 2556 4905 2830 4963; x_wconf 88' lang='lat' dir='ltr'><strong>radicibus</strong></span> <span class='ocrx_word' id='word_1_714' title='bbox 2873 4922 2994 4978; x_wconf 72' lang='lat' dir='ltr'><strong>qua:</strong></span> <span class='ocrx_word' id='word_1_715' title='bbox 3042 4908 3095 4964; x_wconf 90' lang='lat' dir='ltr'><strong>in</strong></span> <span class='ocrx_word' id='word_1_716' title='bbox 3131 4911 3290 4965; x_wconf 89' lang='lat' dir='ltr'><strong>horto</strong></span> 
     </span>
    </p>
   </div>
   <div class='ocr_carea' id='block_1_69' title="bbox 70 4994 3289 5070">
    <p class='ocr_par' dir='ltr' id='par_1_69' title="bbox 70 4994 3289 5070">
     <span class='ocr_line' id='line_1_69' title="bbox 70 4994 3289 5070; baseline 0.007 -37"><span class='ocrx_word' id='word_1_717' title='bbox 70 4994 165 5040; x_wconf 86' lang='lat' dir='ltr'><strong>ante</strong></span> <span class='ocrx_word' id='word_1_718' title='bbox 189 4994 401 5051; x_wconf 81' lang='lat' dir='ltr'><strong>medium</strong></span> <span class='ocrx_word' id='word_1_719' title='bbox 441 5013 630 5052; x_wconf 88' lang='lat' dir='ltr'><strong>rursus</strong></span> <span class='ocrx_word' id='word_1_720' title='bbox 666 5000 941 5067; x_wconf 88' lang='lat' dir='ltr'><strong>aspiraute</strong></span> <span class='ocrx_word' id='word_1_721' title='bbox 964 5008 1123 5055; x_wconf 89' lang='lat' dir='ltr'><strong>vento</strong></span> <span class='ocrx_word' id='word_1_722' title='bbox 1151 5001 1238 5070; x_wconf 91' lang='lat' dir='ltr'><strong>qui</strong></span> <span class='ocrx_word' id='word_1_723' title='bbox 1275 4998 1590 5054; x_wconf 78' lang='lat' dir='ltr'><strong>transferret</strong></span> <span class='ocrx_word' id='word_1_724' title='bbox 1691 5016 1789 5056; x_wconf 92' lang='lat' dir='ltr'><strong>suo</strong></span> <span class='ocrx_word' id='word_1_725' title='bbox 1844 5007 2266 5063; x_wconf 89' lang='lat' dir='ltr'><strong>remanserunt,</strong></span> <span class='ocrx_word' id='word_1_726' title='bbox 2321 5008 2380 5052; x_wconf 83' lang='grc' dir='ltr'><strong>ιιι</strong></span> <span class='ocrx_word' id='word_1_727' title='bbox 2428 5014 2526 5067; x_wconf 88' lang='lat' dir='ltr'><strong>per</strong></span> <span class='ocrx_word' id='word_1_728' title='bbox 2574 5015 2822 5053; x_wconf 89' lang='lat' dir='ltr'><strong>somnum</strong></span> <span class='ocrx_word' id='word_1_729' title='bbox 2870 5000 3101 5066; x_wconf 88' lang='lat' dir='ltr'><strong>viderat,</strong></span> <span class='ocrx_word' id='word_1_730' title='bbox 3150 5002 3289 5057; x_wconf 80' lang='lat' dir='ltr'><strong>vidit</strong></span> 
     </span>
    </p>
   </div>
   <div class='ocr_carea' id='block_1_70' title="bbox 69 5074 3289 5161">
    <p class='ocr_par' dir='ltr' id='par_1_70' title="bbox 69 5074 3289 5161">
     <span class='ocr_line' id='line_1_70' title="bbox 69 5074 3289 5161; baseline 0.003 -25"><span class='ocrx_word' id='word_1_731' title='bbox 69 5074 176 5133; x_wconf 73' lang='lat' dir='ltr'><strong>Circa</strong></span> <span class='ocrx_word' id='word_1_732' title='bbox 207 5100 397 5144; x_wconf 75' lang='lat' dir='ltr'><strong>aurora:</strong></span> <span class='ocrx_word' id='word_1_733' title='bbox 435 5100 685 5145; x_wconf 83' lang='lat' dir='ltr'><strong>exortum</strong></span> <span class='ocrx_word' id='word_1_734' title='bbox 728 5105 930 5160; x_wconf 85' lang='lat' dir='ltr'><strong>puppes</strong></span> <span class='ocrx_word' id='word_1_735' title='bbox 961 5104 1149 5145; x_wconf 85' lang='lat' dir='ltr'><strong>omnes</strong></span> <span class='ocrx_word' id='word_1_736' title='bbox 1186 5090 1238 5144; x_wconf 86' lang='lat' dir='ltr'><strong>in</strong></span> <span class='ocrx_word' id='word_1_737' title='bbox 1277 5089 1470 5146; x_wconf 85' lang='lat' dir='ltr'><strong>ﬂuctus</strong></span> <span class='ocrx_word' id='word_1_738' title='bbox 1505 5107 1587 5145; x_wconf 89' lang='lat' dir='ltr'><strong>rc-</strong></span> <span class='ocrx_word' id='word_1_739' title='bbox 1691 5101 1877 5161; x_wconf 79' lang='lat' dir='ltr'><strong>postea</strong></span> <span class='ocrx_word' id='word_1_740' title='bbox 1918 5089 2294 5161; x_wconf 78' lang='lat' dir='ltr'><strong>praedicandus</strong></span> <span class='ocrx_word' id='word_1_741' title='bbox 2336 5090 2418 5144; x_wconf 69' lang='lat' dir='ltr'><strong>vir</strong></span> <span class='ocrx_word' id='word_1_742' title='bbox 2465 5090 2790 5159; x_wconf 85' lang='lat' dir='ltr'><strong>pullulantes</strong></span> <span class='ocrx_word' id='word_1_743' title='bbox 2817 5091 3079 5160; x_wconf 69' lang='lat' dir='ltr'><strong>quasdam</strong></span> <span class='ocrx_word' id='word_1_744' title='bbox 3103 5090 3289 5161; x_wconf 84' lang='lat' dir='ltr'><strong>virgu-</strong></span> 
     </span>
    </p>
   </div>
   <div class='ocr_carea' id='block_1_71' title="bbox 72 5170 3291 5254">
    <p class='ocr_par' dir='ltr' id='par_1_71' title="bbox 72 5170 3291 5254">
     <span class='ocr_line' id='line_1_71' title="bbox 72 5170 3291 5254; baseline 0.004 -32"><span class='ocrx_word' id='word_1_745' title='bbox 72 5170 324 5234; x_wconf 83' lang='lat' dir='ltr'><strong>trahuutur.</strong></span> <span class='ocrx_word' id='word_1_746' title='bbox 356 5179 635 5254; x_wconf 79' lang='lat' dir='ltr'><strong>Ingressus</strong></span> <span class='ocrx_word' id='word_1_747' title='bbox 680 5183 860 5236; x_wconf 85' lang='lat' dir='ltr'><strong>navim</strong></span> <span class='ocrx_word' id='word_1_748' title='bbox 910 5182 1031 5236; x_wconf 89' lang='lat' dir='ltr'><strong>aliis</strong></span> <span class='ocrx_word' id='word_1_749' title='bbox 1077 5183 1143 5236; x_wconf 91' lang='lat' dir='ltr'><strong>ad</strong></span> <span class='ocrx_word' id='word_1_750' title='bbox 1188 5182 1291 5237; x_wconf 91' lang='lat' dir='ltr'><strong>alia</strong></span> <span class='ocrx_word' id='word_1_751' title='bbox 1322 5198 1442 5253; x_wconf 73' lang='lat' dir='ltr'><strong>qua:</strong></span> <span class='ocrx_word' id='word_1_752' title='bbox 1480 5194 1585 5237; x_wconf 88' lang='lat' dir='ltr'><strong>tam</strong></span> <span class='ocrx_word' id='word_1_753' title='bbox 1691 5186 1771 5240; x_wconf 87' lang='lat' dir='ltr'><strong>las</strong></span> <span class='ocrx_word' id='word_1_754' title='bbox 1801 5185 1854 5239; x_wconf 92' lang='lat' dir='ltr'><strong>in</strong></span> <span class='ocrx_word' id='word_1_755' title='bbox 1907 5184 2131 5238; x_wconf 86' lang='lat' dir='ltr'><strong>arbores</strong></span> <span class='ocrx_word' id='word_1_756' title='bbox 2170 5198 2396 5252; x_wconf 86' lang='lat' dir='ltr'><strong>magnas</strong></span> <span class='ocrx_word' id='word_1_757' title='bbox 2424 5185 2757 5246; x_wconf 80' lang='lat' dir='ltr'><strong>excrevisse,</strong></span> <span class='ocrx_word' id='word_1_758' title='bbox 2796 5182 2997 5238; x_wconf 88' lang='lat' dir='ltr'><strong>multos</strong></span> <span class='ocrx_word' id='word_1_759' title='bbox 3034 5182 3291 5238; x_wconf 84' lang='lat' dir='ltr'><strong>videlicet</strong></span> 
     </span>
    </p>
   </div>
   <div class='ocr_carea' id='block_1_72' title="bbox 73 5266 3289 5346">
    <p class='ocr_par' dir='ltr' id='par_1_72' title="bbox 73 5266 3289 5346">
     <span class='ocr_line' id='line_1_72' title="bbox 73 5266 3289 5346; baseline 0.006 -35"><span class='ocrx_word' id='word_1_760' title='bbox 73 5266 356 5328; x_wconf 67' lang='lat' dir='ltr'><strong>tumultuosa:</strong></span> <span class='ocrx_word' id='word_1_761' title='bbox 411 5276 487 5331; x_wconf 88' lang='lat' dir='ltr'><strong>rei</strong></span> <span class='ocrx_word' id='word_1_762' title='bbox 540 5276 869 5331; x_wconf 85' lang='lat' dir='ltr'><strong>conveniunt</strong></span> <span class='ocrx_word' id='word_1_763' title='bbox 924 5274 1184 5340; x_wconf 89' lang='lat' dir='ltr'><strong>intentis,</strong></span> <span class='ocrx_word' id='word_1_764' title='bbox 1242 5274 1408 5330; x_wconf 86' lang='lat' dir='ltr'><strong>abbas</strong></span> <span class='ocrx_word' id='word_1_765' title='bbox 1466 5291 1587 5329; x_wconf 81' lang='lat' dir='ltr'><strong>cum</strong></span> <span class='ocrx_word' id='word_1_766' title='bbox 1690 5277 1758 5332; x_wconf 86' lang='lat' dir='ltr'><strong>ad</strong></span> <span class='ocrx_word' id='word_1_767' title='bbox 1806 5291 2003 5346; x_wconf 90' lang='lat' dir='ltr'><strong>magna</strong></span> <span class='ocrx_word' id='word_1_768' title='bbox 2050 5275 2315 5329; x_wconf 93' lang='lat' dir='ltr'><strong>honorum</strong></span> <span class='ocrx_word' id='word_1_769' title='bbox 2354 5290 2579 5346; x_wconf 88' lang='lat' dir='ltr'><strong>operum</strong></span> <span class='ocrx_word' id='word_1_770' title='bbox 2627 5276 2960 5331; x_wconf 89' lang='lat' dir='ltr'><strong>incrementa</strong></span> <span class='ocrx_word' id='word_1_771' title='bbox 3008 5288 3106 5344; x_wconf 91' lang='lat' dir='ltr'><strong>per</strong></span> <span class='ocrx_word' id='word_1_772' title='bbox 3144 5273 3289 5330; x_wconf 89' lang='lat' dir='ltr'><strong>illius</strong></span> 
     </span>
    </p>
   </div>
   <div class='ocr_carea' id='block_1_73' title="bbox 72 5361 3287 5437">
    <p class='ocr_par' dir='ltr' id='par_1_73' title="bbox 72 5361 3287 5437">
     <span class='ocr_line' id='line_1_73' title="bbox 72 5361 3287 5437; baseline 0.004 -31"><span class='ocrx_word' id='word_1_773' title='bbox 72 5361 301 5417; x_wconf 83' lang='lat' dir='ltr'><strong>monachis</strong></span> <span class='ocrx_word' id='word_1_774' title='bbox 347 5364 483 5421; x_wconf 88' lang='lat' dir='ltr'><strong>haud</strong></span> <span class='ocrx_word' id='word_1_775' title='bbox 537 5367 725 5437; x_wconf 86' lang='lat' dir='ltr'><strong>procul</strong></span> <span class='ocrx_word' id='word_1_776' title='bbox 777 5367 1019 5421; x_wconf 89' lang='lat' dir='ltr'><strong>litaniam</strong></span> <span class='ocrx_word' id='word_1_777' title='bbox 1067 5363 1297 5421; x_wconf 91' lang='lat' dir='ltr'><strong>dicebat.</strong></span> <span class='ocrx_word' id='word_1_778' title='bbox 1349 5364 1590 5434; x_wconf 72' lang='lat' dir='ltr'><strong>Repente</strong></span> <span class='ocrx_word' id='word_1_779' title='bbox 1691 5368 2089 5424; x_wconf 80' lang='lat' dir='ltr'><strong>institutionem</strong></span> <span class='ocrx_word' id='word_1_780' title='bbox 2144 5366 2471 5433; x_wconf 86' lang='lat' dir='ltr'><strong>accessisse;</strong></span> <span class='ocrx_word' id='word_1_781' title='bbox 2544 5366 2690 5422; x_wconf 90' lang='lat' dir='ltr'><strong>illius</strong></span> <span class='ocrx_word' id='word_1_782' title='bbox 2757 5367 2959 5422; x_wconf 91' lang='lat' dir='ltr'><strong>etenim</strong></span> <span class='ocrx_word' id='word_1_783' title='bbox 3026 5366 3287 5421; x_wconf 89' lang='lat' dir='ltr'><strong>sementis</strong></span> 
     </span>
    </p>
   </div>
   <div class='ocr_carea' id='block_1_74' title="bbox 70 5439 3286 5531">
    <p class='ocr_par' dir='ltr' id='par_1_74' title="bbox 70 5439 3286 5531">
     <span class='ocr_line' id='line_1_74' title="bbox 70 5439 3286 5531; baseline 0.002 -23"><span class='ocrx_word' id='word_1_784' title='bbox 70 5439 186 5508; x_wconf 77' lang='lat' dir='ltr'><strong>iuxta</strong></span> <span class='ocrx_word' id='word_1_785' title='bbox 208 5456 427 5525; x_wconf 85' lang='lat' dir='ltr'><strong>quidam,</strong></span> <span class='ocrx_word' id='word_1_786' title='bbox 454 5462 696 5516; x_wconf 81' lang='lat' dir='ltr'><strong>nescitur</strong></span> <span class='ocrx_word' id='word_1_787' title='bbox 720 5461 887 5524; x_wconf 88' lang='lat' dir='ltr'><strong>unde,</strong></span> <span class='ocrx_word' id='word_1_788' title='bbox 911 5461 1081 5515; x_wconf 91' lang='lat' dir='ltr'><strong>astitit</strong></span> <span class='ocrx_word' id='word_1_789' title='bbox 1112 5460 1270 5513; x_wconf 90' lang='lat' dir='ltr'><strong>homo</strong></span> <span class='ocrx_word' id='word_1_790' title='bbox 1294 5458 1590 5529; x_wconf 64' lang='lat' dir='ltr'><strong>gt&#39;audurvtt!</strong></span> <span class='ocrx_word' id='word_1_791' title='bbox 1690 5462 1879 5518; x_wconf 68' lang='lat' dir='ltr'><strong>existit</strong></span> <span class='ocrx_word' id='word_1_792' title='bbox 1910 5456 2169 5531; x_wconf 86' lang='lat' dir='ltr'><strong>quidquid</strong></span> <span class='ocrx_word' id='word_1_793' title='bbox 2220 5474 2457 5530; x_wconf 87' lang='lat' dir='ltr'><strong>unquam</strong></span> <span class='ocrx_word' id='word_1_794' title='bbox 2499 5459 2627 5514; x_wconf 91' lang='lat' dir='ltr'><strong>boni</strong></span> <span class='ocrx_word' id='word_1_795' title='bbox 2674 5459 2882 5514; x_wconf 83' lang='lat' dir='ltr'><strong>fructus</strong></span> <span class='ocrx_word' id='word_1_796' title='bbox 2926 5459 2978 5513; x_wconf 93' lang='lat' dir='ltr'><strong>in</strong></span> <span class='ocrx_word' id='word_1_797' title='bbox 3028 5459 3286 5515; x_wconf 85' lang='lat' dir='ltr'><strong>Beccensi</strong></span> 
     </span>
    </p>
   </div>
   <div class='ocr_carea' id='block_1_75' title="bbox 74 5540 3287 5620">
    <p class='ocr_par' dir='ltr' id='par_1_75' title="bbox 74 5540 3287 5620">
     <span class='ocr_line' id='line_1_75' title="bbox 74 5540 3287 5620; baseline 0.004 -28"><span class='ocrx_word' id='word_1_798' title='bbox 74 5540 234 5607; x_wconf 61' lang='lat' dir='ltr'><strong>inlatis,</strong></span> <span class='ocrx_word' id='word_1_799' title='bbox 282 5558 331 5603; x_wconf 92' lang='lat' dir='ltr'><strong>et</strong></span> <span class='ocrx_word' id='word_1_800' title='bbox 370 5555 776 5611; x_wconf 65' lang='lat' dir='ltr'><strong>modestissimus</strong></span> <span class='ocrx_word' id='word_1_801' title='bbox 834 5553 1175 5618; x_wconf 83' lang='lat' dir='ltr'><strong>alacritatis;</strong></span> <span class='ocrx_word' id='word_1_802' title='bbox 1253 5546 1422 5604; x_wconf 75' lang='lat' dir='ltr'><strong>frater</strong></span> <span class='ocrx_word' id='word_1_803' title='bbox 1500 5550 1588 5619; x_wconf 79' lang='lat' dir='ltr'><strong>qui</strong></span> <span class='ocrx_word' id='word_1_804' title='bbox 1692 5551 1963 5617; x_wconf 82' lang='lat' dir='ltr'><strong>coenobio,</strong></span> <span class='ocrx_word' id='word_1_805' title='bbox 2010 5552 2093 5605; x_wconf 80' lang='lat' dir='ltr'><strong>vel</strong></span> <span class='ocrx_word' id='word_1_806' title='bbox 2134 5552 2201 5606; x_wconf 89' lang='lat' dir='ltr'><strong>ab</strong></span> <span class='ocrx_word' id='word_1_807' title='bbox 2232 5567 2296 5607; x_wconf 82' lang='lat' dir='ltr'><strong>co</strong></span> <span class='ocrx_word' id='word_1_808' title='bbox 2331 5551 2623 5606; x_wconf 78' lang='lat' dir='ltr'><strong>exstiterit.</strong></span> <span class='ocrx_word' id='word_1_809' title='bbox 2662 5551 2843 5604; x_wconf 88' lang='lat' dir='ltr'><strong>Arbor</strong></span> <span class='ocrx_word' id='word_1_810' title='bbox 2871 5551 3140 5606; x_wconf 80' lang='lat' dir='ltr'><strong>fructibus</strong></span> <span class='ocrx_word' id='word_1_811' title='bbox 3188 5565 3287 5620; x_wconf 84' lang='lat' dir='ltr'><strong>op-</strong></span> 
     </span>
    </p>
   </div>
   <div class='ocr_carea' id='block_1_76' title="bbox 74 5624 3286 5714">
    <p class='ocr_par' dir='ltr' id='par_1_76' title="bbox 74 5624 3286 5714">
     <span class='ocr_line' id='line_1_76' title="bbox 74 5624 3286 5714; baseline 0.006 -36"><span class='ocrx_word' id='word_1_812' title='bbox 74 5624 267 5690; x_wconf 84' lang='lat' dir='ltr'><strong>litaniam</strong></span> <span class='ocrx_word' id='word_1_813' title='bbox 291 5644 588 5710; x_wconf 79' lang='lat' dir='ltr'><strong>proferebat</strong></span> <span class='ocrx_word' id='word_1_814' title='bbox 655 5646 798 5702; x_wconf 91' lang='lat' dir='ltr'><strong>illum</strong></span> <span class='ocrx_word' id='word_1_815' title='bbox 825 5646 964 5701; x_wconf 80' lang='lat' dir='ltr'><strong>vidit</strong></span> <span class='ocrx_word' id='word_1_816' title='bbox 998 5653 1053 5699; x_wconf 88' lang='lat' dir='ltr'><strong>et</strong></span> <span class='ocrx_word' id='word_1_817' title='bbox 1089 5644 1156 5700; x_wconf 86' lang='lat' dir='ltr'><strong>ah</strong></span> <span class='ocrx_word' id='word_1_818' title='bbox 1192 5641 1458 5699; x_wconf 87' lang='lat' dir='ltr'><strong>universis</strong></span> <span class='ocrx_word' id='word_1_819' title='bbox 1494 5658 1593 5711; x_wconf 58' lang='lat' dir='ltr'><strong>pit-</strong></span> <span class='ocrx_word' id='word_1_820' title='bbox 1694 5647 1822 5699; x_wconf 88' lang='lat' dir='ltr'><strong>tima</strong></span> <span class='ocrx_word' id='word_1_821' title='bbox 1850 5642 1952 5699; x_wconf 78' lang='lat' dir='ltr'><strong>fui:</strong></span> <span class='ocrx_word' id='word_1_822' title='bbox 1976 5642 2300 5697; x_wconf 87' lang='lat' dir='ltr'><strong>venerabilis</strong></span> <span class='ocrx_word' id='word_1_823' title='bbox 2329 5643 2620 5696; x_wconf 85' lang='lat' dir='ltr'><strong>Anselmns</strong></span> <span class='ocrx_word' id='word_1_824' title='bbox 2649 5640 2903 5696; x_wconf 71' lang='lat' dir='ltr'><strong>Ecclesice</strong></span> <span class='ocrx_word' id='word_1_825' title='bbox 2925 5642 3286 5714; x_wconf 83' lang='lat' dir='ltr'><strong>Anguslensis</strong></span> 
     </span>
    </p>
   </div>
   <div class='ocr_carea' id='block_1_77' title="bbox 76 5719 3281 5809">
    <p class='ocr_par' dir='ltr' id='par_1_77' title="bbox 76 5719 3281 5809">
     <span class='ocr_line' id='line_1_77' title="bbox 76 5719 3281 5809; baseline 0.003 -35"><span class='ocrx_word' id='word_1_826' title='bbox 76 5719 191 5778; x_wconf 78' lang='lat' dir='ltr'><strong>labat</strong></span> <span class='ocrx_word' id='word_1_827' title='bbox 213 5744 450 5806; x_wconf 78' lang='lat' dir='ltr'><strong>conspici,</strong></span> <span class='ocrx_word' id='word_1_828' title='bbox 480 5740 752 5793; x_wconf 62' lang='lat' dir='ltr'><strong>aestimans</strong></span> <span class='ocrx_word' id='word_1_829' title='bbox 778 5753 1071 5809; x_wconf 83' lang='lat' dir='ltr'><strong>pauperem</strong></span> <span class='ocrx_word' id='word_1_830' title='bbox 1104 5750 1225 5792; x_wconf 80' lang='lat' dir='ltr'><strong>esse</strong></span> <span class='ocrx_word' id='word_1_831' title='bbox 1253 5734 1344 5808; x_wconf 86' lang='lat' dir='ltr'><strong>qui</strong></span> <span class='ocrx_word' id='word_1_832' title='bbox 1373 5744 1591 5805; x_wconf 68' lang='lat' dir='ltr'><strong>prmsto—</strong></span> <span class='ocrx_word' id='word_1_833' title='bbox 1692 5733 1946 5797; x_wconf 84' lang='lat' dir='ltr'><strong>clericus,</strong></span> <span class='ocrx_word' id='word_1_834' title='bbox 1983 5730 2073 5800; x_wconf 85' lang='lat' dir='ltr'><strong>qui</strong></span> <span class='ocrx_word' id='word_1_835' title='bbox 2110 5731 2254 5784; x_wconf 91' lang='lat' dir='ltr'><strong>illum</strong></span> <span class='ocrx_word' id='word_1_836' title='bbox 2285 5731 2560 5785; x_wconf 89' lang='lat' dir='ltr'><strong>doctorem</strong></span> <span class='ocrx_word' id='word_1_837' title='bbox 2598 5728 2890 5784; x_wconf 82' lang='lat' dir='ltr'><strong>maximum</strong></span> <span class='ocrx_word' id='word_1_838' title='bbox 2922 5732 2989 5786; x_wconf 91' lang='lat' dir='ltr'><strong>ad</strong></span> <span class='ocrx_word' id='word_1_839' title='bbox 3035 5731 3281 5787; x_wconf 86' lang='lat' dir='ltr'><strong>ordinem</strong></span> 
     </span>
    </p>
   </div>
   <div class='ocr_carea' id='block_1_78' title="bbox 76 5806 3283 5898">
    <p class='ocr_par' dir='ltr' id='par_1_78' title="bbox 76 5806 3283 5898">
     <span class='ocr_line' id='line_1_78' title="bbox 76 5806 3283 5898; baseline 0.004 -30"><span class='ocrx_word' id='word_1_840' title='bbox 76 5806 258 5888; x_wconf 76' lang='lat' dir='ltr'><strong>larctur,</strong></span> <span class='ocrx_word' id='word_1_841' title='bbox 281 5836 334 5882; x_wconf 92' lang='lat' dir='ltr'><strong>ut</strong></span> <span class='ocrx_word' id='word_1_842' title='bbox 354 5828 514 5887; x_wconf 89' lang='lat' dir='ltr'><strong>linitis</strong></span> <span class='ocrx_word' id='word_1_843' title='bbox 536 5829 739 5886; x_wconf 89' lang='lat' dir='ltr'><strong>litaniis</strong></span> <span class='ocrx_word' id='word_1_844' title='bbox 764 5806 1062 5898; x_wconf 78' lang='lat' dir='ltr'><strong>postularet</strong></span> <span class='ocrx_word' id='word_1_845' title='bbox 1084 5806 1287 5897; x_wconf 86' lang='lat' dir='ltr'><strong>aliquid</strong></span> <span class='ocrx_word' id='word_1_846' title='bbox 1306 5830 1407 5887; x_wconf 87' lang='lat' dir='ltr'><strong>sibi</strong></span> <span class='ocrx_word' id='word_1_847' title='bbox 1438 5830 1550 5885; x_wconf 82' lang='lat' dir='ltr'><strong>dari</strong></span> <span class='ocrx_word' id='word_1_848' title='bbox 1575 5846 1589 5884; x_wconf 91' lang='lat'><strong>:</strong></span> <span class='ocrx_word' id='word_1_849' title='bbox 1699 5826 2086 5883; x_wconf 84' lang='lat' dir='ltr'><strong>monachorum</strong></span> <span class='ocrx_word' id='word_1_850' title='bbox 2119 5824 2458 5891; x_wconf 87' lang='lat' dir='ltr'><strong>subsecutus,</strong></span> <span class='ocrx_word' id='word_1_851' title='bbox 2486 5825 2551 5881; x_wconf 87' lang='lat' dir='ltr'><strong>ad</strong></span> <span class='ocrx_word' id='word_1_852' title='bbox 2575 5826 2872 5896; x_wconf 89' lang='lat' dir='ltr'><strong>prioratum</strong></span> <span class='ocrx_word' id='word_1_853' title='bbox 2899 5840 3114 5897; x_wconf 84' lang='lat' dir='ltr'><strong>quoque</strong></span> <span class='ocrx_word' id='word_1_854' title='bbox 3138 5827 3283 5897; x_wconf 83' lang='lat' dir='ltr'><strong>ejus-</strong></span> 
     </span>
    </p>
   </div>
  </div>
