3852 6308
546 348 647 404 707

1539 344 1624 400 AD
1664 340 1888 401 OPERA
1926 341 1984 394 Β.
2026 336 2421 394 LANFRANCI
2452 336 2812 395 APPENDIX.
3658 345 3733 404 tot
3822 318 3823 323 γ

532 476 653 517 (lem
683 464 913 518 connubii
962 462 1250 518 Beccensm
1302 468 1422 531 post
1470 474 1593 515 eum
1639 467 1899 521 accessit;
1940 465 1995 511 ct
2036 457 2127 510 de—
2155 455 2199 511 A
2228 454 2371 508 circa
2402 456 2695 510 monachos
2742 469 2870 510 suos
2920 454 3178 520 intentus,
3214 456 3453 514 districta
3498 473 3583 515 eos
3615 462 3735 519 diser

534 555 717 607 functo
756 556 924 608 beatae
963 553 1237 608 memorite
1282 551 1595 620 supradicto
1631 550 1891 605 llerluino
1940 546 2118 601 abbati

531 647 813 711 successit,
855 662 921 701 ac
957 647 1173 701 demum
1205 652 1325 715 post
1372 649 1545 714 ipsum
1580 642 1946 697 Lanf'raucum
1973 684 1988 707 ,
2035 658 2122 696 ar-

531 741 912 810 chiepiscopus
976 738 1391 793 Cantuarieusrs
1470 738 1720 801 exstitit,
1771 736 1857 791 vir
1907 736 2122 807 ingenio

532 832 890 895 admirabilis,
925 831 1177 885 facundia
1228 846 1331 885 non
1379 830 1595 900 impari,
1628 838 1681 884 et
1710 870 1725 895 ,
1756 829 1896 898 quod
1926 829 1992 882 ad
2025 828 2124 882 litt-

536 943 756 981 manum
788 935 992 997 spectat
1022 925 1307 994 judicium,
1346 941 1558 980 morum
1603 928 1843 979 omnium
1872 926 2118 996 insignis.

530 1018 683 1084 Quod
708 1018 773 1073 de
800 1020 1033 1088 approba
1047 1018 1147 1072 uda
1180 1027 1398 1071 actuum
1431 1032 1547 1088 eius
1576 1018 1861 1073 honestate
1895 1018 2122 1072 dicimus

530 1109 783 1163 vicinitas
812 1110 1061 1163 universa
1097 1118 1339 1172 testatur,
1372 1109 1531 1181 longe
1556 1110 1769 1178 lateque
1791 1108 2122 1163 Northman-

538 1200 627 1255 nia
659 1208 960 1263 attestatur,
976 1210 1030 1255 et
1049 1200 1217 1257 Gallia
1239 1201 1567 1271 amplissime
1584 1209 1933 1257 contestatur.
1949 1198 2127 1256 Arbor

531 1298 803 1350 lrttctumn
849 1295 1195 1362 jucunditate
1264 1295 1556 1365 plttrimum
1627 1296 1973 1364 acceptabilis
2023 1294 2126 1351 fuit

529 1386 784 1445 Ecclesiae
830 1387 1214 1443 Cormeliensis
1268 1388 1438 1442 abbas
1485 1387 1831 1450 Willclmus,
1885 1387 2126 1457 apprime

531 1475 771 1528 nutritus
807 1475 883 1528 vel
936 1477 1199 1529 eruditus.
1248 1476 1425 1530 Arbor
1469 1475 1576 1529 alta
1636 1482 1799 1545 atque
1848 1474 2123 1531 fructuosa

529 1568 739 1622 exstitit
794 1568 1061 1622 Henricus
1108 1567 1518 1623 Cantuariensis
1566 1567 1820 1623 Ecclesize
1865 1569 2122 1634 decanos,

530 1660 621 1728 qui
665 1661 1007 1728 postmodum
1054 1659 1222 1715 abbas
1248 1657 1351 1712 fuit
1375 1658 1442 1713 de
1467 1658 1635 1725 Bello,
1666 1659 1750 1713 vir
1782 1659 2119 1715 ecclesiasti-

531 1753 612 1807 cis
635 1752 886 1806 omnibus
915 1751 1216 1822 disciplinis
1256 1751 1460 1821 optimc
1516 1752 1836 1807 instructus.
1886 1751 2125 1808 Arbores

533 1843 795 1897 honorum
847 1859 1071 1913 operum
1147 1841 1429 1897 fertilitate
1494 1842 1723 1897 multum
1780 1844 2016 1915 gravida:
2065 1844 2119 1898 in

532 1934 693 1987 domo
772 1933 983 1987 Domini
1060 1933 1387 1988 exstiterunt
1443 1932 1765 1988 venerabilis
1810 1933 2119 1999 Hernotus,

532 2024 790 2079 Ecclesia:
839 2022 1108 2079 Roffensis
1153 2026 1456 2094 episcopus,
1512 2034 1567 2078 et
1622 2025 1712 2093 qui
1762 2025 1811 2079 ei
1862 2024 1928 2078 ad
1981 2025 2123 2081 idem

532 2116 773 2171 ofﬁcium
834 2118 1029 2172 ibidem
1079 2116 1383 2183 successit,
1436 2117 1520 2171 vir
1567 2131 1780 2171 morum
1835 2119 2124 2174 sanctitate

531 2209 823 2263 admodum
877 2209 1226 2274 reverendus,
1258 2208 1609 2278 Gondulphus
1657 2208 1965 2279 episcOpns.
2012 2210 2124 2265 llos

534 2298 790 2354 Ecclesia:
836 2315 946 2355 sua:
977 2299 1114 2355 ﬁlios
1160 2300 1291 2355 vidit
1318 2300 1640 2371 grandtevus
1668 2299 1831 2355 Pater
1871 2300 1992 2355 aliis
2019 2301 2122 2357 Ec-

532 2390 716 2445 clesiis
749 2399 929 2460 patres
958 2391 1296 2445 constitutos.
1331 2389 1395 2445 Hi
1442 2400 1569 2444 sunt
1602 2391 1694 2444 ﬁlii
1745 2389 1813 2446 de
1840 2392 2037 2462 quibus
2068 2392 2123 2446 in

533 2483 737 2554 psalmo
765 2482 988 2555 (cxxvtt,
1037 2483 1091 2547 5)
1123 2483 1326 2538 dicitur
1381 2501 1393 2537 :
1444 2482 1575 2537 Filii
1614 2484 1693 2537 tui
1736 2485 1870 2538 sicut
1913 2484 2127 2539 novella:

534 2575 811 2638 olivarum,
847 2575 936 2645 qui
968 2575 1034 2629 ab
1063 2574 1410 2631 inferioribus
1438 2577 1713 2631 extenuati
1742 2579 1809 2631 ad
1840 2579 2123 2646 superiora

537 2664 798 2730 roborati,
823 2666 1110 2720 charitatis
1156 2666 1248 2721 Dei
1279 2666 1436 2734 adipe
1463 2674 1517 2720 et
1545 2666 1875 2735 pinguedine
1915 2667 2124 2736 repleti,

532 2746 760 2809 alioru't‘n
774 2756 984 2810 animas
1001 2757 1179 2811 verbis
1196 2771 1261 2810 ac
1277 2756 1432 2810 bonis
1454 2757 1716 2826 exemplis
1736 2758 2027 2813 reficiendo
2043 2774 2130 2813 ro-

534 2845 732 2899 borant
766 2847 1072 2901 roborando
1099 2855 1424 2912 sustentant,
1453 2848 1808 2903 sustentando
1828 2849 1894 2904 ad
1919 2838 2129 2904 summa

536 2936 797 2988 virtutum
817 2937 1147 2992 incrementa
1171 2938 1426 2992 educunt.
1454 2936 1671 2992 Multam
1696 2952 1911 3007 quoque
1934 2940 2131 2994 educa-

536 3035 691 3080 verat
720 3028 959 3082 sobolem
986 3043 1080 3098 spe
1119 3028 1418 3083 certissima
1463 3028 1799 3098 posteritatis
1839 3028 2133 3099 Spirituali-

544 3123 629 3167 ter
659 3116 711 3168 in
743 3115 995 3183 Domino,
1019 3117 1129 3186 jam
1158 3117 1386 3186 juvenes
1405 3127 1643 3183 centum,
1676 3118 2130 3175 nobilissimorum
2160 3145 2201 3202 ο

539 3209 740 3262 ‹·ι‹ιιίιη
802 3220 965 3279 atque
1003 3210 1375 3280 cptintormn,
1436 3219 1544 3264 tam
1605 3210 1922 3266 clericorum
1972 3228 2133 3283 quam

537 3298 919 3367 laieorum,ex
969 3301 1154 3356 multis
1213 3302 1459 3371 partibus
1511 3300 1659 3356 orbis
1717 3302 1823 3356 illic
1869 3304 2134 3357 adunatus

543 3405 828 3459 numerus,
856 3393 921 3447 ad
946 3395 1314 3449 centenariam
1346 3395 1685 3464 pertingebat
1719 3410 2005 3449 summam.
2040 3397 2131 3452 Vi-

536 3481 615 3535 dit
667 3482 807 3538 ﬁlios
855 3484 1108 3548 liliorum,
1159 3500 1224 3539 cx
1280 3495 1468 3540 saneto
1524 3485 1769 3541 videlicet
1812 3487 2132 3544 Cadomensi

530 3574 787 3629 emnobio
827 3575 1020 3630 fratres
1069 3576 1137 3629 ad
1181 3574 1292 3645 38
1354 3575 1495 3629 idem
1528 3591 1663 3645 opus
1702 3588 2028 3646 assumptos,
2077 3579 2129 3632 in

531 3667 791 3719 extremis
816 3668 1122 3721 nationibus
1147 3669 1344 3722 multos
1372 3668 1592 3737 gignere
1626 3668 1679 3720 in
1712 3668 1959 3723 Doznino.

604 3760 887 3828 Carpat-ea:
907 3775 1029 3814 eum
1065 3761 1206 3814 vires
1229 3761 1340 3830 jam
1368 3761 1715 3824 deserebant,
1754 3777 1887 3828 quas
1919 3777 2013 3830 per
2053 3771 2130 3817 tot

535 3863 708 3901 annos
757 3848 957 3903 laboris
1005 3850 1346 3904 vehementia
1377 3891 1390 3913 ,
1438 3851 1783 3920 vigiliarum,
1835 3860 1889 3905 et
1941 3853 2129 3907 inediae

535 3939 872 3993 con-inuatio
932 3939 1223 4007 plurimum
1296 3940 1625 4002 attriverat,
1680 3944 1825 3995 visus
1891 3944 2127 3999 maxime

535 4030 932 4084 destituebatur
956 4028 1154 4093 ofﬁcio,
1197 4038 1251 4083 et
1280 4032 1348 4085 ab
1381 4031 1526 4085 horis
1554 4032 1877 4099 veSpertinis
1918 4032 2125 4103 indige-

533 4117 627 4172 b.t
654 4119 959 4173 dueamine.
990 4118 1351 4186 Quamobrem
1403 4136 1506 4174 non
1558 4120 1610 4172 in
1663 4121 1977 4175 dormitorio
2003 4137 2124 4177 cum

534 4210 818 4277 fratribus,
852 4224 1026 4281 neque
1055 4212 1120 4265 ad
1151 4211 1489 4281 psallendum
1518 4214 1685 4267 choro
1712 4214 1981 4270 interesse
2012 4216 2123 4283 jam

532 4318 596 4354 va
623 4305 766 4369 ebat,
801 4305 895 4359 sed
943 4314 1122 4358 tamett
1169 4306 1235 4359 ad
1276 4306 1595 4361 nocturnalc
1638 4305 1869 4362 officium
1919 4311 2124 4378 primus

533 4397 809 4463 surgebat,
840 4411 941 4451 nec
972 4395 1081 4451 ulla
1120 4392 1298 4451 diurni
1331 4398 1531 4453 laboris
1562 4398 1879 4469 defatigatio
1906 4400 1957 4453 in
1985 4406 2123 4458 lecto

535 4484 684 4537 illum
712 4495 835 4553 post
855 4488 993 4542 alios
1024 4488 1311 4543 retinebat.
1346 4491 1462 4544 Cibi
1496 4506 1557 4545 ac
1580 4501 1740 4560 potus
1766 4493 2123 4563 parcimonia,

534 4590 655 4644 quae
692 4578 742 4630 in
767 4577 1071 4645 juventntc,
1119 4581 1307 4634 eadem
1358 4584 1676 4637 servabatur
1722 4586 1774 4638 in
1825 4594 2124 4650 senectute,

535 4680 732 4735 prreter
777 4671 918 4738 quod
978 4674 1045 4725 ab
1094 4675 1239 4726 omni
1283 4675 1507 4729 fratrum
1563 4686 1828 4731 conventu
1885 4690 2125 4748 coactus,

533 4764 777 4828 exceptis
808 4762 1055 4830 legalium
1075 4761 1402 4831 ieiuniorum
1437 4767 1629 4822 diebus
1651 4809 1664 4829 ,
1700 4770 1782 4821 bis
1812 4772 2128 4825 comedebat

535 4852 588 4906 in
622 4852 729 4907 die.
776 4851 930 4919 Quod
966 4855 1183 4931 quidem
1242 4856 1415 4925 ipsum
1469 4875 1574 4914 non
1634 4870 1739 4913 tam
1791 4862 2121 4917 reloe'dlandi

533 4943 660 5000 lassi
692 4945 938 5015 corporis
963 4961 1091 4999 cura
1126 4958 1504 5012 concesserat,
1536 4964 1701 5018 quam
1734 4960 1790 5005 ut
1823 4950 2002 5006 escam
2031 4969 2126 5007 su-

532 5052 687 5092 mens
718 5037 797 5094 cis
845 5038 1207 5104 sumentibns,
1255 5040 1453 5109 quibus
1507 5043 1575 5095 ad
1623 5057 1757 5112 opus
1802 5043 2126 5112 prtesidebat

526 5131 781 5186 insistere
811 5139 1015 5202 posset,
1067 5130 1219 5201 operi
1269 5145 1442 5202 usque
1483 5132 1550 5187 ad
1587 5148 1891 5203 vesperam,
1917 5149 1980 5189 ac
2006 5150 2125 5204 per-

526 5238 670 5293 smpe
694 5225 861 5280 etiam
900 5238 1072 5294 usque
1118 5223 1170 5277 in
1205 5233 1416 5279 noctem
1445 5223 1752 5279 insistebat.
1804 5225 1986 5281 Otium
2030 5236 2124 5282 aut

523 5314 774 5384 voluptas
811 5315 1016 5369 nullum
1052 5315 1103 5369 in
1144 5328 1211 5369 eo
1257 5314 1357 5368 sibi
1408 5314 1583 5371 locum
1635 5316 1824 5370 sortita
1865 5326 1967 5371 est.
2007 5316 2121 5371 Non

523 5414 656 5459 astas
691 5421 814 5460 eum
841 5422 1108 5461 annorum
1142 5420 1427 5460 numerum
1470 5406 1580 5477 jam
1604 5408 1893 5473 excedens,
1921 5409 1988 5463 de
2013 5423 2121 5478 quo

525 5494 723 5550 dieitttr
752 5497 805 5550 in
838 5499 1046 5566 [saluto
1077 5516 1089 5551 :
1121 5509 1168 5552 et
1211 5499 1437 5568 amplius
1464 5514 1643 5553 eorum
1689 5498 1839 5553 labor
1881 5509 1928 5554 et
1970 5499 2122 5553 dolor

527 5584 700 5654 (Psal.
726 5603 944 5655 Lxxxtx,
970 5591 1079 5659 10).
1108 5589 1222 5644 Non
1242 5580 1536 5647 vehemens
1578 5607 1683 5661 qua
1708 5591 1932 5645 multum
1978 5606 2119 5661 smpe

528 5676 582 5729 in
610 5676 836 5731 internis
864 5680 1163 5748 angebatur
1192 5682 1499 5746 inﬁrmitas,
1538 5683 1687 5737 illum
1718 5683 1786 5735 ab
1815 5682 2119 5738 actionibus

529 5768 856 5830 necessariis
910 5771 1201 5826 retinebat.
1247 5774 1483 5832 Paterno
1531 5774 1726 5830 alfectu
1778 5779 1926 5830 omni
1959 5774 2117 5830 modo

2226 547 2370 615 plina
2402 547 2639 614 regebat.
2664 558 2718 601 et
2744 547 3195 603 affectuosissime
3217 564 3399 607 amore
3425 552 3662 623 diligebat.
3695 556 3735 613 Si

2223 654 2384 708 quem
2416 640 2555 692 inter
2605 637 2800 693 fratres
2843 656 3088 711 segnem.
3122 642 3167 697 si
3192 657 3351 711 quem
3377 644 3457 698 sui
3488 646 3662 702 ordinis
3691 665 3736 705 at:

2224 731 2386 786 studii
2442 730 2740 785 litterarmn
2791 732 3148 802 negligentem
3174 776 3188 799 ,
3219 736 3265 789 si
3297 752 3453 806 quem
3493 738 3542 794 in
3564 740 3735 800 ecclcsia

2224 814 2619 878 somnolentum
2652 824 3088 895 deprehendebat
3114 868 3130 893 ,
3161 828 3303 884 hunc
3332 831 3541 887 omnino
3566 834 3735 890 invisum
3822 836 3823 895 ἡ

2225 915 2495 981 habebat;
2525 932 2755 986 semper,
2784 918 3031 988 inquith
3072 940 3085 975 :
3118 939 3139 974 ι
3184 922 3358 979 Homo
3396 926 3738 994 litterarum.et

2227 1012 2600 1063 mandatorum
2634 1010 2727 1063 Dei
2780 1014 3017 1076 nescius,
3077 1015 3207 1084 quid
3250 1021 3507 1087 praestat?
3554 1041 3570 1074 ι
3614 1022 3736 1089 Quem
3822 1040 3823 1083 ἢ

2225 1098 2605 1153 considerabat
2646 1102 3064 1173 vigilantiorem,
3103 1109 3500 1173 studiosiorem.
3529 1114 3587 1168 ad
3612 1117 3733 1171 virtu-
3822 1116 3823 1129 ‘

2229 1198 2337 1244 tum
2389 1191 2649 1247 exercitia
2690 1196 3105 1264 promptiorem;
3142 1198 3301 1267 hujus
3333 1216 3437 1256 non
3483 1204 3644 1267 abbas,
3670 1210 3734 1261 rei

2228 1297 2412 1335 servus
2461 1286 2741 1351 exstabat;
2775 1286 3062 1357 plerosque
3111 1290 3230 1360 plus
3259 1293 3327 1347 ad
3362 1295 3577 1350 studium
3603 1298 3734 1356 incitt-
3822 1284 3823 1353 ἶ

2227 1374 2320 1428 bat
2348 1374 2488 1430 illius
2527 1376 2681 1433 favor
2709 1394 2871 1447 quam
2901 1381 3148 1436 scientiae
3181 1382 3351 1453 ipsius
3378 1400 3551 1451 amor;
3579 1389 3735 1443 sedula;

2226 1465 2370 1517 enim
2406 1467 2754 1535 perquircbat
2801 1470 2923 1538 quis
2970 1473 3211 1528 omnium
3260 1490 3445 1531 eorum
3476 1480 3733 1557 quierndic-

2226 1554 2424 1609 bantur
2473 1558 2831 1614 accuratioris
2882 1561 3084 1632 ingenii
3136 1573 3308 1631 esset,
3365 1554 3735 1635 quis'tenaciorit

2228 1644 2504 1699 memoriae
2536 1647 2814 1713 existeret,
2862 1652 2984 1718 quis
3015 1653 3396 1709 vehementius
3449 1657 3652 1724 instaret,
3675 1676 3735 1714 cn-

2223 1733 2311 1803 jus
2365 1736 2547 1790 studio
2591 1737 2831 1806 valeret;
2891 1741 3123 1811 dettique
3166 1759 3233 1797 ex
3282 1747 3527 1803 omnibus
3567 1750 3663 1819 quis
3693 1756 3735 1803 ad

2224 1828 2465 1895 singulas
2496 1828 2725 1887 virtutes
2764 1841 2821 1887 et
2884 1849 3127 1889 amorem
3181 1836 3273 1891 Dei
3327 1838 3445 1907 plus
3488 1840 3736 1903 intenderet.
3822 1850 3823 1855 ‘

2224 1934 2324 1973 nec
2355 1920 2533 1976 minus
2557 1936 2717 1991 quam
2749 1924 2801 1977 in
2834 1939 2893 1979 se
2922 1927 3159 1989 amabat,
3189 1938 3245 1982 et
3273 1931 3511 1985 enutrirc
3533 1936 3738 2003 satagunt

2223 2010 2485 2079 quidquid
2536 2014 2825 2068 amandum
2869 2014 3087 2070 videbat
3131 2017 3186 2071 in
3232 2020 3484 2091 singulis!
3522 2022 3738 2078 Litteratus

2224 2101 2423 2171 aliquis
2449 2103 2636 2159 volens
2673 2106 2789 2160 fieri
2826 2108 3150 2172 monachus,
3197 2113 3417 2180 quando
3445 2114 3505 2167 ad
3546 2115 3659 2168 illtnn
3679 2132 3736 2168 re-

2224 2195 2429 2261 niehat,
2481 2212 2587 2266 qua
2620 2198 2989 2255 exsultatione
3039 2202 3461 2273 suscipiebatur,
3488 2221 3589 2275 qua!
3612 2223 3737 2261 ωδε(-
3822 2202 3823 2265 l

2225 2294 2318 2363 pto
2379 2286 2726 2357 benignitas,
2771 2298 2828 2343 et
2871 2290 3154 2346 veneratio
3201 2292 3566 2349 exhibebatur.
3601 2294 3737 2350 laicus

2228 2396 2335 2451 qua
2371 2381 2627 2436 instantia
2660 2392 2717 2436 ttt
2747 2383 2813 2437 ad
2840 2383 3159 2439 discendum
3191 2386 3434 2456 psalmos
3460 2388 3735 2446 intenderent.

2229 2475 2457 2545 agebat!
2513 2476 2718 2543 Quibus
2788 2478 3007 2544 modis,
3090 2486 3149 2533 tit
3218 2482 3368 2549 quod
3439 2481 3737 2537 inchoaveram

2230 2560 2463 2620 amando
2493 2575 2760 2631 tenerent,
2793 2567 3063 2643 instabat!
3093 2568 3366 2625 Omnibus
3392 2571 3555 2626 omnia
3589 2586 3635 2625 se
3654 2586 3739 2625 conc

2231 2656 2490 2717 formans.
2543 2673 2734 2712 omnes
2787 2666 2845 2712 ut
2898 2658 3075 2727 ﬁlios,
3127 2669 3184 2715 et
3232 2660 3311 2717 illi
3360 2670 3419 2717 ut
3444 2670 3621 2733 patrem
3653 2676 3736 2714 cum

2232 2750 2507 2802 amabant.

2301 2838 2469 2903 Nova,
2517 2839 2746 2894 necdum
2797 2848 3012 2896 sacrata
3061 2850 3179 2897 erat
3237 2842 3505 2909 ecclesia,
3537 2857 3663 2914 quam
3693 2841 3736 2893 ab

2235 2931 2369 3001 ipso.
2424 2932 2578 3000 cujus
2638 2948 2756 2986 eam
2806 2933 3094 2989 consilium
3146 2935 3428 2992 inchoavit
3477 2945 3527 2990 et
3554 2934 3736 2990 auxilium

2235 3022 2353 3094 [αι.
2388 3023 2612 3079 consilio
2658 3032 2713 3077 et
2743 3022 2969 3097 auxilio]
2999 3029 3442 3093 consummavit,
3478 3023 3737 3097 exspectabat

2234 3113 2576 3177 consecrari;
2624 3113 2891 3168 instanter
2921 3115 3025 3170 hoc
3072 3131 3103 3168 a
3154 3114 3270 3173 Deo
3318 3131 3607 3187 exposcens,
3629 3111 3732 3178 cuiu

2238 3205 2479 3275 petitioni
2528 3204 2621 3273 qui
2668 3203 2735 3259 ad
2770 3213 2964 3259 cratera
3016 3207 3117 3261 sibi
3173 3208 3448 3280 benignus
3492 3208 3734 3265 exstiterat.

2235 3306 2476 3364 Optatum
2528 3296 2670 3350 Deus
2731 3297 3005 3352 concessit
3052 3296 3311 3354 effectum
3361 3299 3621 3370 adimplens
3675 3310 3735 3365 per

2234 3387 2412 3440 omnia
2454 3400 2618 3456 super
2663 3386 2766 3441 hac
2801 3403 2859 3442 re
2909 3387 3051 3442 illius
3105 3388 3363 3444 affectum
3408 3404 3424 3444 :
3468 3390 3607 3444 multo
3639 3390 3733 3442 enim

2234 3478 2482 3548 ampliori
2524 3495 2683 3548 quam
2736 3495 3068 3550 praesumere
3114 3490 3374 3552 poterat,
3417 3482 3733 3537 honoriﬁcentia

2234 3580 2545 3625 consecrata
2575 3580 2678 3635 est,
2729 3580 2782 3626 et
2833 3587 2864 3625 a
2912 3558 3021 3647 quo
3047 3574 3366 3641 exoptabat.
3410 3574 3530 3627 Nam
3563 3588 3637 3642 pro
3656 3571 3734 3640 qui-

2231 3659 2458 3713 busdam
2491 3660 2722 3729 negotiis
2751 3667 2860 3713 tam
2891 3660 3243 3716 saecularibus
3264 3679 3423 3733 quam
3449 3660 3734 3719 ecclesiaﬂicis

2231 3762 2373 3817 sirpe
2421 3763 2580 3817 supra
2644 3759 2977 3804 memoratus
3024 3753 3270 3822 gentium
3348 3752 3731 3808 transmarinarum

2229 3839 2559 3908 apostolicus
2610 3842 2675 3893 ad
2725 3842 2933 3895 curiam
3002 3844 3151 3898 venit
3210 3842 3599 3899 eminentissimi
3637 3840 3730 3904 regis

2228 3928 2522 3998 Anglorum
2580 3928 2841 3985 Willelmi
2889 3931 2943 3985 in
2988 3948 3086 3987 sua
3140 3943 3288 3989 terra
3336 3934 3729 3989 Northmannoruat

2231 4029 2359 4075 tunc
2392 4022 2800 4088 commorantis,
2834 4031 2943 4077 etc.

2300 4113 2424 4168 Dies
2476 4128 2606 4182 ergo
2660 4129 2690 4166 a
2751 4113 2933 4168 multis
2981 4129 3079 4183 per
3121 4114 3324 4170 multos
3372 4128 3529 4169 annos
3572 4108 3727 4165 multum

2227 4213 2510 4274 exeptatus
2568 4205 2725 4276 longe
2763 4205 2975 4276 lateque
3020 4207 3364 4273 insinuatur,
3409 4222 3471 4262 ex
3509 4199 3728 4272 longittqllis

2226 4299 2534 4369 regionibus
2558 4299 2658 4353 viri
2682 4300 3011 4359 consulares.
3038 4294 3725 4366 ecclesiasticorumgradum11

2225 4403 2450 4443 summa:
2484 4404 2747 4459 personae,
2791 4391 3069 4445 hominum
3108 4406 3279 4462 genus
3320 4390 3561 4445 inﬁnitum
3586 4384 3723 4437 adten-

2154 4484 2205 4545 D
2233 4489 2411 4535 turum
2458 4483 2873 4552 praenuntiatnr,
2921 4482 3281 4539 libentissime
3306 4481 3572 4550 accipitur;
3596 4484 3726 4538 ροηδε·

2230 4582 2424 4627 runtur
2475 4575 2695 4628 maximi
2756 4586 3002 4645 sumptus
3063 4576 3131 4629 ad
3200 4572 3576 4645 suscipiendum
3620 4574 3723 4617 omne

2229 4680 2398 4735 genus
2436 4664 2735 4722 hominum.
2793 4667 2888 4723 Ubi
2925 4667 3271 4737 aii-impletur,
3314 4666 3527 4736 plurium
3562 4659 3723 4713 τοιαίδ’

2230 4758 2364 4809 riam
2395 4760 2679 4828 segregabt't
2736 4759 2873 4813 Deus
2912 4760 3212 4814 Im'rctlituti
3265 4776 3377 4814 sua:
3423 4754 3576 4826 (Ptol.
3609 4758 3721 4803 util.

2230 4848 2343 4915 ⁸ο).
2381 4848 2619 4904 Niltilab
2661 4851 2839 4919 aliquo
2885 4863 3163 4916 exactum,
3216 4849 3351 4905 nihil
3396 4845 3722 4917 experiminic

2227 4940 2344 5011 ipso
2374 4942 2667 5007 sufﬁciens,
2698 4943 2840 5011 quod
2888 4952 3151 5013 coeperat,
3184 4940 3428 5012 perfecit.
3457 4940 3575 4993 Deus
3596 4928 3661 5001 qui
3680 4924 3723 4977 de

2227 5041 2470 5088 stercore
2499 5034 2678 5104 erigit,
2708 5049 2772 5088 ac
2804 5035 2856 5089 in
2886 5034 3103 5089 sublimi
3138 5047 3424 5103 pauperem
3451 5030 3721 5099 poneme

2227 5124 2404 5179 suevit
2447 5122 2621 5196 (Psal.
2670 5138 2817 5185 cxtr,
2852 5124 2906 5193 7)
2949 5124 3065 5179 solo
3111 5140 3225 5180 suae
3275 5136 3462 5178 manus
3484 5108 3720 5188 gestam:

2226 5213 2380 5282 cujus
2435 5216 2488 5269 in
2541 5214 3011 5270 consummatione
3059 5214 3220 5290 hujus
3265 5212 3440 5284 operis
3481 5207 3552 5264 sui
3590 5207 3721 5256 manu

2225 5306 2359 5361 adeo
2390 5305 2537 5378 larga
2575 5307 2814 5372 exstitit,
2862 5306 3007 5376 quod
3058 5321 3145 5361 res
3183 5299 3607 5373 sumptuosissimi:
3640 5294 3720 5340 πυ

2223 5399 2493 5453 universis
2524 5396 2589 5452 ad
2623 5408 2805 5453 votum
2839 5408 2892 5453 et
2928 5396 3309 5453 sufﬁcientiam
3353 5395 3467 5460 fuit,
3508 5401 3589 5445 nec
3611 5378 3719 5435 1³11³³³

2222 5490 2277 5544 ἱη
2293 5501 2568 5561 posterum
2592 5491 2867 5547 contraxit
2895 5491 3347 5562 indigentiam,ad
3370 5486 3563 5542 tantum
3580 5472 3718 5531 solem'

2222 5584 2410 5637 uitatis
2454 5592 2621 5637 tantae
2680 5583 2959 5654 gaudium.
2997 5581 3252 5653 Languor
3286 5580 3374 5650 qui
3398 5591 3486 5648 per
3514 5578 3612 5627 octo
3632 5567 3719 5653 “le

2220 5674 2337 5729 dies
2384 5674 2895 5729 vehementissimus
2953 5681 3202 5728 tenuerat
3249 5670 3430 5726 mortis
3469 5658 3718 5718 imminentis

2224 5774 2365 5821 metu
2412 5767 2586 5835 ipsum
2634 5764 2949 5821 monasterii
2980 5773 3188 5834 patrem
3221 5762 3404 5818 adesse
3430 5747 3712 5812 n‘JuitabaW'
