3852 6308
85 365 160 422 ῖῡο
864 351 1023 409 VITA
1062 348 1120 406 S.
1161 347 1493 404 HERLUINI
1532 345 1826 404 ABBATIS
1867 344 2246 403 BEGCENSIS
2281 346 2488 402 PRIMI.

3213 351 3323 407 7l0

79 481 216 531 Porro
243 471 477 543 nequod
526 468 775 549 mirareris
821 467 1062 522 nubilum
1109 465 1214 521 diei
1260 464 1402 519 illius
1448 464 1621 518 lucem
1652 465 1695 519 A
1724 463 2062 531 accipiebant
2092 464 2334 517 dicerent
2369 464 2583 517 modum
2632 463 2960 529 excessisse;
3014 478 3192 535 neque
3235 484 3324 523 so-

75 567 352 630 otl‘enderet,
381 563 498 617 Deo
525 561 840 625 miserante,
886 557 952 612 ad
981 557 1124 612 diem
1150 554 1464 625 plenissime
1492 568 1626 608 con-

76 659 232 713 valuit.
966 708 977 715 .

125 749 496 822 lgiturdecimo
527 744 797 800 Kalendas
819 743 1160 807 Novembris,
1189 756 1330 796 anno
1358 741 1428 795 ab
1446 740 1629 795 lucar-

74 844 253 898 natione
276 839 485 894 Domini
512 838 795 893 millesimo
824 834 1219 905 septuagesimo
1240 833 1630 903 septimo,sai:-

74 946 153 987 cia:
172 932 305 986 omni
339 928 598 985 Ecclesia:
649 926 976 982 reverendus
1015 923 1256 995 gentium
1315 921 1630 977 transmari-

75 1040 231 1077 narum
259 1036 507 1077 summus
554 1018 794 1090 pontifex
846 1016 1183 1071 Lanfrancus
1219 1000 1435 1069 advenit
1458 1054 1473 1076 ,
1504 1029 1627 1067 con-

74 1113 301 1168 secrando
342 1118 825 1168 consummaturus
897 1106 1184 1163 ecclesiam
1249 1121 1410 1176 quam
1457 1106 1631 1172 ittSpi-

77 1214 200 1258 mute
226 1204 345 1267 Deo,
379 1203 700 1266 inchoavit;
732 1210 788 1256 et
819 1204 872 1256 in
917 1198 1073 1268 cujus
1118 1197 1461 1254 exstruendis
1512 1196 1633 1250 fun-

74 1296 304 1351 damentis
342 1294 583 1363 lapidem
615 1294 911 1349 secundum
950 1292 1064 1361 ipse
1112 1306 1271 1345 manu
1309 1304 1406 1344 sua
1456 1289 1631 1356 impo-

74 1386 601 1440 suit.‘Convenerunt
651 1384 888 1437 universi
948 1380 1316 1436 Northn'ianiac
1368 1380 1631 1449 episc0pi,

74 1477 303 1541 alibates,
353 1482 410 1529 et
462 1475 557 1529 alii
631 1476 831 1544 quique
885 1472 1118 1543 religiosi
1171 1471 1308 1536 viri;
1361 1470 1634 1524 affuerunt

73 1582 285 1631 proceres
314 1566 492 1635 regni.
532 1565 647 1620 Rex
696 1565 817 1619 aliis
859 1564 1110 1619 detentus
1163 1562 1394 1631 negotiis
1443 1561 1633 1614 adesse

73 1675 154 1711 non
193 1657 379 1725 potuit.
414 1656 625 1726 Regina
674 1654 950 1709 Mathildis
994 1654 1168 1708 libens
1214 1651 1477 1716 alfuissct,
1529 1652 1631 1707 nisi

72 1749 203 1818 regiis
226 1749 438 1802 detenta
492 1746 944 1815 occupationibus
983 1744 1208 1810 fuisset;
1251 1742 1404 1797 afluit
1448 1754 1627 1797 tamen

1732 552 1838 605 lum
1876 569 1939 608 ea
1989 554 2095 618 die,
2129 556 2221 609 sed
2269 556 2453 609 nndtis
2492 570 2588 623 per
2629 556 2833 626 aliquot
2881 568 3009 612 ante
3053 558 3168 614 dies
3196 562 3325 615 dum

1729 646 2139 716 operiebantur,
2192 648 2264 703 ita
2315 649 2575 709 servitum
2627 658 2731 704 est.
2772 649 3110 707 Venerabilis
3158 653 3329 707 abbas

1733 736 2016 805 requirens
2046 754 2076 791 a
2117 738 2383 794 ministris
2410 780 2425 804 ,
2477 740 2566 807 qui
2622 740 2773 795 ibant
2815 756 2880 795 ac
2922 742 3192 810 redibant,
3229 761 3329 798 nec

1734 839 2012 887 momento
2062 849 2171 888 uno
2219 834 2337 888 loco
2381 842 2526 888 stare
2576 843 2844 903 poterant,
2893 836 3021 905 quid
3078 846 3324 908 agerent,

1733 920 1995 988 dicerent,
2045 940 2111 978 an
2160 935 2405 995 sumptus
2450 926 2628 981 adhuc
2663 925 3124 983 deficerent.cum
3147 931 3328 999 potius

1733 1014 2013 1071 abundare
2059 1017 2310 1072 audiebat
2355 1018 2423 1071 ab
2474 1018 2595 1080 eis,
2641 1017 2857 1087 quoties
2892 1018 2980 1072 illa
3020 1020 3105 1079 die
3151 1021 3323 1075 dixit:

1735 1104 1874 1169 Quid
1916 1109 2200 1161 retribuam
2246 1109 2472 1163 Domino
2507 1126 2602 1179 pro
2640 1110 2877 1164 omnibus
2919 1128 3036 1181 qua:
3089 1121 3195 1166 retr
3217 1114 3325 1166 (mit

1733 1195 2057 1265 milii(Psul.
2101 1214 2223 1264 cxv,
2274 1199 2395 1267 12);
2433 1208 2488 1254 et
2531 1200 2759 1256 dicendo
2805 1200 2908 1255 ista
2956 1202 3101 1257 solas
3168 1203 3327 1256 retri-

1735 1283 1933 1338 buenat
1965 1286 2192 1343 Domino
2225 1288 2494 1359 lacrymas
2540 1300 2766 1359 agentes
2813 1292 3018 1361 gratias
3069 1307 3165 1360 pro
3195 1307 3326 1347 con-

1734 1376 1903 1429 cessis
1948 1378 2050 1432 sibi
2107 1388 2184 1435 tot
2232 1379 2538 1446 beneﬁciis;
2572 1396 2638 1436 ac
2670 1383 2888 1447 merito,
2934 1382 3323 1452 quia,exclusa

1733 1467 1878 1519 omni
1909 1470 2130 1536 penuria
2151 1512 2164 1535 ,
2190 1472 2336 1526 omni
2372 1487 2401 1525 a
2430 1473 2539 1529 Deo
2571 1473 2984 1529 subministrata
3012 1475 3324 1530 servieban-

1738 1568 1826 1612 tur
1853 1560 2196 1617 sufﬁcientia.

1806 1649 1989 1705 'l‘ertio
2026 1652 2132 1715 die,
2164 1652 2377 1707 saeculis
2410 1657 2792 1710 memorandus
2824 1654 2937 1724 jam
2975 1672 3118 1727 sazpe
3147 1657 3325 1713 dictus

1736 1739 2153 1797 Cantuariorum
2180 1745 2642 1815 archiepiscopus,
2670 1758 2801 1810 etc.,
2824 1749 2891 1803 ab
2920 1751 3188 1805 univer5is
3210 1757 3320 1803 Ινετ-

71 1858 144 1912 ρει.
188 1842 568 1897 ροηαεοθηιεηι
642 1839 1018 1894 beneﬁcentia}
1070 1854 1205 1909 sua:~
1256 1836 1623 1906 largitionem,
1661 1814 1704 1871 υ
1738 1832 1910 1888 tribus
1937 1836 2096 1907 eundi
2134 1836 2447 1891 missionem
2478 1841 2740 1907 poposcit.
2775 1840 2907 1907 Quis
2929 1852 3135 1898 tantum
3161 1853 3324 1898 tanta:

72 1933 214 1987 Νοιυῖι
237 1932 344 1987 Rex
375 1945 650 2001 supernus
689 1930 840 2000 operi
890 1930 1077 1999 gratia:
1102 1944 1216 1985 sua:
1248 1945 1429 1999 regem
1461 1940 1632 1984 lerrc-
1736 1923 1878 1977 inter
1896 1940 1992 1979 COS
2012 1927 2363 1998 benignitatis
2391 1930 2566 1984 virum
2599 1931 2939 1988 recedentem
2968 1936 3129 1990 siccis
3154 1937 3326 1991 oculis

72 2040 169 2077 nam
195 2038 492 2092 supremam
548 2038 769 2075 manum
821 2024 1123 2090 imponere,
1169 2022 1272 2077 sibi
1326 2032 1494 2077 totum
1548 2037 1630 2075 re-
1734 2018 1976 2086 aspicere
2022 2022 2244 2090 potuit?
2290 2021 2491 2079 Omnes
2548 2035 2848 2094 eruperunt
2907 2028 2959 2082 in
3010 2028 3276 2100 lacryinas
3307 2071 3323 2092 ,

76 2131 258 2169 servans
299 2115 482 2184 operis
525 2115 893 2169 consummati
946 2114 1250 2183 gaudium,
1300 2115 1441 2182 quod
1489 2112 1630 2167 infra
1733 2110 1941 2173 parvuli
1991 2128 2097 2166 non
2134 2113 2385 2169 valebant
2412 2116 2714 2181 consolari;
2744 2120 2991 2175 consulto
3032 2122 3325 2175 maturavit

72 2209 299 2261 sexdecim
345 2224 524 2262 annos
569 2206 700 2261 solis
731 2222 1027 2276 pauperum
1057 2208 1312 2277 expensis
1341 2207 1630 2275 complevit
1734 2215 2032 2267 recessum.
2066 2214 2334 2279 quatenus
2364 2221 2392 2260 a
2428 2206 2552 2262 ﬂetu
2583 2224 2641 2263 se
2687 2220 3028 2267 continerent
3071 2216 3152 2267 vel
3204 2225 3325 2283 post

72 2298 440 2360 monasterium,
470 2314 598 2352 eum
623 2298 876 2352 omnibus
900 2296 1131 2352 ofﬁcinis
1180 2314 1317 2370 opus
1344 2298 1627 2365 pulchrum
1731 2292 1848 2360 ejus
1878 2294 2166 2349 dicessum.
2204 2298 2385 2353 Abbas
2433 2299 2748 2367 llerluinus,
2777 2316 2901 2356 cum
2941 2318 3103 2373 supra
3134 2320 3326 2359 omnes

70 2402 108 2444 el
129 2392 421 2447 maximum.
455 2392 745 2446 Aﬂ‘uerunt
784 2399 841 2445 et
872 2391 1019 2461 regni
1062 2390 1308 2445 Francia:
1337 2390 1626 2445 clarissimi
1732 2386 1990 2441 mortales
2037 2403 2252 2455 amans,
2285 2399 2340 2444 et
2370 2392 2438 2446 ab
2468 2407 2533 2446 eo
2563 2402 2799 2460 amatus,
2828 2395 3195 2452 discedentem
3228 2416 3323 2469 per

71 2484 299 2548 consules,
330 2493 384 2539 et
421 2500 491 2539 ex
521 2485 648 2538 aliis
681 2484 831 2553 regni
860 2481 1100 2551 ejusdem
1131 2483 1453 2553 primatibus
1481 2499 1631 2537 com-
1732 2478 1839 2532 duo
1870 2480 2118 2535 milliaria
2158 2492 2478 2551 prosccutus
2508 2496 2591 2539 est
2637 2487 2894 2553 amicum,
2922 2490 2988 2543 ad
3025 2505 3152 2544 suos
3179 2492 3325 2545 visus

71 2575 235 2641 plures,
278 2576 489 2640 clerici,
546 2574 798 2628 monachi
838 2590 903 2627 ex
943 2574 1213 2629 universis
1255 2573 1630 2641 adjaccntibus
1733 2585 2007 2641 nunquam
2040 2574 2092 2628 in
2123 2575 2226 2630 hac
2250 2578 2358 2630 vita
2390 2578 2617 2634 ulterius
2643 2580 2966 2635 rediturum.
2993 2581 3125 2648 Quae
3145 2584 3322 2640 cordis

73 2665 347 2731 provinciis,
392 2664 660 2720 confluxit
706 2664 1049 2718 innumerum
1104 2680 1275 2733 genus
1324 2664 1625 2719 hominum.
1731 2664 2069 2730 amaritudo,
2104 2668 2195 2736 qui
2246 2668 2406 2724 ﬂetus
2445 2671 2697 2738 quamvis
2747 2674 3235 2742 comprimerentur
3270 2678 3321 2731 in

72 2756 226 2821 Agitur
243 2757 504 2817 dedicatio
542 2756 820 2811 laetissima
858 2755 1224 2821 solemnitate,
1251 2765 1306 2811 et
1336 2756 1628 2812 solemnis-
1730 2750 1848 2822 ipso
1888 2754 2078 2809 ultimo
2113 2757 2262 2823 vale,
2300 2766 2383 2813 et
2421 2758 2612 2814 ultimo
2652 2761 2718 2816 ab
2762 2762 2993 2818 invicem
3046 2766 3319 2822 discessu!

74 2847 178 2898 siina
202 2848 427 2902 omnium
448 2848 760 2911 alacritate,
791 2847 1057 2902 alacritati
1087 2847 1366 2902 hominum
1395 2863 1491 2903 aer
1514 2848 1628 2917 ipse
1731 2843 2022 2914 Postquam
2062 2862 2311 2903 reversus
2337 2857 2440 2913 est.
2469 2850 2666 2906 εθάθηε
2690 2850 2743 2905 ill
2776 2865 2992 2907 camera
3022 2854 3170 2910 Solus
3199 2872 3321 2910 cum

73 2937 347 3001 purissimus
411 2939 645 3009 diesque
725 2939 1093 2995 lucidissimus
1145 2940 1455 3005 arridebat;
1516 2955 1627 3009 pra:
1722 2934 1866 3001 'solo,
1896 2939 1985 3007 qui
2017 2939 2119 2995 sibi
2149 2956 2216 2995 ex
2242 2942 2496 2998 omnibus
2527 2950 2648 2997 erat
2678 2942 3156 3011 familiarissimus,
3190 2963 3321 3004 can-

74 3027 262 3081 tumultu
286 3029 740 3085 circumeuntium
771 3029 1090 3099 populorum
1136 3029 1223 3083 vix
1260 3030 1625 3085 exaudiuniur
1728 3032 1910 3087 citatis
1976 3034 2294 3103 permittens
2346 3035 2601 3106 lacrymis
2654 3036 2937 3102 habenas,
2991 3040 3057 3094 ad
3119 3042 3320 3096 cmlum

74 3118 189 3173 chori
215 3123 540 3178 canentium.
594 3123 649 3176 ln
699 3132 848 3177 tanta
894 3122 1275 3192 compilatione
1321 3123 1497 3179 nullus
1523 3124 1615 3177 Ιςυ-
1641 3160 1686 3222 C
1728 3137 1919 3179 manus
1965 3124 2161 3180 levavit
2194 3144 2207 3180 :
2262 3136 2317 3182 et
2358 3128 2442 3181 his
2494 3129 2677 3183 verbis
2705 3128 2821 3183 ait:
2856 3148 2874 3182 ι
2912 3130 3067 3185 Nunc
3101 3133 3321 3186 dimittis

74 3214 205 3268 sinuis
230 3214 443 3283 alicujus
487 3215 797 3271 molestiam
846 3216 1048 3281 sensit;
1101 3217 1245 3271 nulla
1292 3218 1346 3271 in
1390 3219 1616 3287 agendis
1644 3206 1686 3222 υ
1723 3230 1927 3268 servum
1974 3226 2147 3281 tuum,
2192 3216 2433 3283 Domine,
2476 3218 2530 3271 in
2559 3235 2708 3287 pace,
2748 3221 2873 3288 quia
2913 3221 3149 3275 viderunt
3180 3206 3321 3277 arui

76 3303 265 3359 turbatio
290 3308 530 3361 obvenit,
578 3307 805 3361 Peracta
836 3306 1204 3377 processionc,
1260 3308 1348 3361 vix
1402 3310 1622 3378 ponti“-
1722 3304 1823 3356 mei
1855 3302 2007 3374 (Luc.
2040 3322 2098 3370 ll,
2141 3306 2256 3376 29).
2293 3306 2446 3374 Quod
2478 3316 2537 3363 ιιι
2567 3308 2804 3365 viderem
2856 3321 3146 3380 antequam
3197 3329 3317 3367 mo-

76 3392 195 3446 cibus
223 3395 413 3450 intrare
462 3398 595 3451 licet
642 3397 762 3452 sine
810 3396 1113 3452 collisione.
1160 3396 1354 3467 Irrupit
1389 3414 1621 3470 sequens
1722 3409 1877 3449 rerer
1930 3412 2275 3467 summopere
2326 3401 2625 3470 optabam.
2678 3410 2734 3457 et
2786 3402 3159 3459 indesinenter
3199 3420 3228 3459 a
3266 3414 3319 3461 te

78 3483 259 3550 populus
284 3487 480 3542 avulsis
530 3486 644 3557 39
688 3488 942 3543 omnibus
973 3486 1177 3556 januis,
1223 3488 1491 3543 universis
1536 3500 1618 3543 ta-
1722 3489 1988 3553 orabam;
2021 3490 2328 3560 adiniplesti
2375 3508 2496 3562 quae
2540 3493 2714 3558 volui;
2769 3510 2911 3549 nunc
2956 3512 3147 3551 servus
3193 3505 3318 3553 tuus

78 3587 171 3628 mea
210 3576 377 3633 illaasis
401 3619 419 3655 ,_
468 3587 740 3649 quantum
797 3578 1043 3635 ecclesia:
1086 3580 1399 3649 spaiiositas
1446 3583 1622 3651 potuit,
1722 3575 1874 3632 lactus
1904 3581 1969 3634 ad
2005 3590 2055 3636 te
2087 3583 2202 3645 ibit,
2235 3599 2557 3653 quacunque
2591 3585 2723 3638 hora
2756 3586 2847 3638 tbi
2874 3586 3155 3653 placuerit.
3182 3608 3199 3639 ι
3225 3588 3317 3643 Sic

79 3670 343 3740 astringere.
375 3673 790 3729 Distribuuntur
816 3674 1008 3727 altaria
1040 3675 1410 3745 consecranda
1443 3677 1619 3743 pouti-
1722 3670 1883 3724 verba
1915 3674 2256 3742 compressit,
2284 3675 2378 3730 sed
2410 3675 2774 3746 lacrymarnm
2808 3676 3134 3733 afﬂuentiam
3157 3680 3313 3735 cohi—

80 3761 248 3830 licibus,
282 3767 459 3835 ipsum
507 3766 812 3837 principale
840 3766 1164 3820 sacrandum
1213 3766 1619 3839 archiepiscopo
1723 3761 1851 3843 bere
1881 3777 1984 3817 “0"
2009 3764 2201 3833 Ροῑιιίίν
2221 3766 2391 3823 donec
2418 3766 2587 3821 "ille"
2609 3768 2699 3837 (Ιηί
2726 3784 2846 3822 C'lm
2876 3784 2942 3824 θο
2970 3769 3313 3840 Ιοίιιιυιιειιιιν.
3346 3794 3347 3797 ‘

78 3860 306 3912 remansit.
330 3860 730 3931 Fitpertotam
750 3858 1035 3913 ecclesiam
1071 3873 1280 3913 summa
1308 3858 1616 3925 celebritas,
1723 3852 1922 3908 diutius
1972 3871 2211 3925 nequens
2262 3860 2557 3925 sustinere,
2608 3859 2822 3915 aliunde
2879 3877 3184 3918 sermonem
3229 3864 3312 3918 in-

78 3954 119 3996 ct
138 3944 179 3998 in
206 3951 391 4019 agenda
420 3951 738 4006 celebritate
793 3951 880 4020 pia
906 3952 1151 4020 qumdam
1182 3953 1616 4007 contentiositas.
1724 3944 1893 3998 ιῖιικῖῑ-
1948 3945 2023 3999 EX
2081 3949 2401 4017 tunciomni
2445 3951 2810 4003 ηιθῐηειτονιυυ
2863 3950 3039 4007 οπῖείο
3093 3952 3313 4008 (Ῐθειίιυί

83 4032 155 4089 Vix
196 4043 528 4111 semetipsum
582 4042 815 4111 quisque
862 4044 1200 4096 cantantium
1244 4045 1463 4097 exaudit
1510 4059 1620 4114 [πω
1724 4036 1934 4103 Pelliti”
1960 4037 2144 4106 (ἴωβίιν
2194 4048 2247 4091 οι
2276 4038 2432 4108 longe
2467 4049 2593 4094 τιιιιθ
2625 4040 2727 4096 (“ei
2763 4040 2929 4109 ίβείυδ
2960 4042 3197 4096 animam
3226 4058 3313 4097 Γο-

80 4128 370 4189 multitudine
438 4131 881 4190 vociferantium.
940 4132 1090 4186 illiilli
1130 4133 1445 4201 jubilantes,
1491 4136 1621 4205 quid

1739 4126 2064 4182 volutionem
2095 4131 2234 4198 quod
2271 4142 2521 4186 oraverat
2554 4132 2651 4204 [f.,
2683 4128 3096 4198 revolutionem,
3131 4135 3313 4191 anima

80 4222 309 4280 uidebatur
351 4230 653 4285 nescientes
700 4226 823 4299 [al.,
864 4228 1228 4299 nesciebant],
1286 4238 1378 4284 aut
1424 4231 1622 4298 quibus

1739 4218 1864 4286 piod
1894 4220 2185 4292 oraverat]
2221 4223 2472 4277 obtinuit.
2518 4225 2676 4288 Nam,
2729 4226 2973 4293 proxime
3022 4226 3316 4281 subsecqu

80 4315 395 4384 concinerent,
425 4320 651 4375 minime
696 4318 1073 4374 attendebant.
1118 4318 1323 4374 Graves
1377 4318 1618 4388 ejusdem

1739 4325 1912 4365 nense
1938 4312 2202 4381 Augusto,
2233 4314 2313 4367 dea
2336 4313 2444 4368 imo
2480 4316 2637 4369 tertio
2664 4314 2940 4369 Kalendas
2969 4314 3310 4384 Septembris

84 4410 341 4462 monasterii
371 4426 615 4478 persona:
639 4451 653 4476 ,
696 4428 817 4482 quae
847 4419 1067 4480 propter
1118 4410 1340 4462 nimiam
1391 4411 1619 4464 aliorum
1725 4400 1812 4454 die
1842 4403 2143 4466 Douiinico,
2184 4420 2249 4458 ex
2280 4414 2390 4458 toto
2420 4406 2561 4460 lecto
2592 4406 2881 4473 decubuit;
2928 4409 3102 4462 sensit
3142 4410 3312 4463 certis

84 4496 426 4556 multitudinem
470 4518 656 4571 pauca,
695 4504 940 4569 aderam,
985 4500 1115 4556 solis
1154 4500 1405 4572 lacrymis
1447 4509 1501 4555 ei
1528 4502 1621 4555 de-
1653 4522 1698 4579 D
1726 4494 1939 4551 indiciis
1981 4495 2142 4551 Pater
2170 4498 2445 4569 longazvus
2482 4498 2595 4567 jam
2639 4499 2829 4555 adesse
2869 4510 3120 4555 mortem.
3157 4504 3313 4569 Quod

82 4588 257 4643 unione
282 4595 453 4649 conus
485 4592 887 4648 solemnitatem
934 4591 1249 4664 explebant.
1284 4593 1621 4649 Pcrsonabat
1724 4587 1814 4642 tibi
1858 4589 2241 4646 amantissima:
2264 4591 2670 4663 congregationi
2706 4592 2958 4656 innotuit,
3000 4609 3144 4648 mors
3166 4611 3315 4665 qum-

84 4674 123 4726 in
146 4679 246 4734 aliis
269 4698 361 4738 vox
393 4686 594 4741 lartitia‘:
618 4694 671 4739 et
690 4685 1124 4756 jocundationis,
1160 4686 1212 4740 in
1237 4684 1343 4740 illis
1372 4685 1620 4740 modula-
1723 4678 1846 4733 dam
1886 4680 2169 4737 universos
2213 4684 2477 4753 pervasit;
2512 4699 2702 4753 angor.
2743 4692 2799 4737 ει
2845 4699 3046 4754 angore
3090 4686 3312 4753 quidam

85 4767 209 4823 batur
245 4775 456 4834 Domino
502 4793 624 4832 cum
660 4776 917 4848 lacrymis
950 4776 1061 4832 sola
1092 4778 1193 4833 sibi
1232 4777 1333 4833 soli
1378 4760 1490 4834 tota
1540 4777 1621 4833 in-
1730 4780 1920 4849 stupor
1970 4774 2184 4849 animos
2236 4786 2555 4831 cunctorum
2604 4775 2835 4832 obsedit.
2893 4774 3058 4831 Cibus
3108 4778 3313 4848 percipi

86 4868 197 4915 tenta
241 4866 439 4924 aﬂ'ectio
490 4869 706 4925 mentis.
758 4870 896 4936 Quid
946 4870 1137 4940 plura?
1184 4870 1397 4925 Finitur
1425 4869 1617 4941 majori
1722 4881 1828 4921 non
1857 4875 2092 4937 poterat,
2133 4884 2358 4924 somnus
2402 4870 2628 4925 recessit
2670 4869 2738 4923 ab
2778 4868 2971 4923 oculis.
3013 4867 3195 4924 Tertio
3225 4873 3313 4926 die

86 4965 211 5016 iniam
236 4968 397 5028 coepta
445 4960 623 5015 fuerat
658 4959 997 5029 joconditate
1046 4961 1387 5028 solemnitas;
1414 4962 1521 5017 itur
1548 4963 1616 5018 ad
1719 4957 1928 5014 absolvi
1963 4975 2042 5024 se,
2083 4969 2139 5015 et
2176 4971 2371 5016 caetera
2409 4976 2530 5031 quae
2578 4961 2936 5016 morientibus
2985 4960 3312 5015 exhibentur

87 5042 382 5105 refectionem
408 5093 423 5118 ,
471 5051 765 5108 Paschales
802 5052 935 5108 nulli
992 5054 1280 5109 defuerunt
1319 5054 1490 5124 epulae
1516 5094 1533 5120 ,
1583 5069 1615 5107 a
1717 5048 1914 5118 oﬂicia,
1946 5051 2046 5106 sibi
2084 5052 2328 5107 exhiberi
2361 5052 2589 5122 rogavit.

86 5145 212 5191 “iane
253 5156 411 5213 usque
453 5146 521 5201 ad
563 5144 890 5217 profundam
939 5155 1152 5201 noctein
1204 5147 1613 5203 succedentibus
1778 5141 2003 5197 Adsunt
2062 5142 2156 5197 filii
2191 5144 2309 5198 vale
2353 5143 2552 5198 facturi
2599 5140 2976 5198 amantissimo
3020 5138 3192 5205 Patri,
3244 5154 3311 5195 eo

87 5222 271 5285 fratrum
319 5237 503 5292 turmis
530 5237 620 5308 qui
656 5238 724 5293 ad
769 5236 970 5293 festum
1006 5248 1301 5302 venerant,
1353 5245 1614 5308 quantum
1720 5233 1898 5304 primo
1922 5235 2177 5291 orbandi.
2220 5234 2502 5306 Lacrymis
2524 5248 2589 5289 ac
2614 5232 2939 5303 singultibus
2962 5230 3224 5300 psalmos,
3254 5240 3310 5287 et

88 5312 308 5377 refectorii
336 5324 525 5383 tabula:
553 5328 831 5383 continere
876 5328 1152 5393 valebant,
1199 5328 1467 5384 universis
1506 5338 1614 5384 tam
1720 5337 1946 5383 caeteras
1968 5328 2246 5384 orationes
2270 5326 2813 5397 interrumpentibus,
2836 5323 3055 5379 tandem
3083 5332 3309 5379 ventum

88 5411 199 5464 notis
223 5428 368 5484 quam
415 5421 629 5492 ignotis,
667 5437 767 5478 nec
813 5421 986 5478 solum
1010 5412 1072 5476 in
1107 5420 1355 5476 domibus
1382 5423 1615 5478 cireum-
1717 5420 1784 5473 ad
1827 5420 2090 5490 agendam
2127 5419 2547 5476 confessionem.
2597 5417 2854 5474 Confiteri
2903 5415 3089 5484 erepit,
3122 5431 3309 5472 verum

87 5500 257 5568 positis,
278 5522 454 5566 verum
485 5512 536 5567 in
566 5513 703 5569 villis
734 5514 898 5567 etiam
948 5514 1200 5580 remotis;
1235 5528 1356 5583 quae
1385 5513 1453 5567 ad
1487 5528 1617 5568 usus
1720 5513 2115 5575 remanentium
2164 5514 2364 5583 pietate
2413 5511 2644 5568 filiorum
2673 5517 2977 5581 superatus,
3010 5517 3066 5566 et
3110 5511 3224 5580 ipse
3256 5511 3308 5566 in

88 5598 374 5655 itecessarios
410 5604 698 5672 petierunt,
740 5611 995 5675 sponsata
1041 5604 1170 5669 Deo,
1219 5603 1330 5674 regi
1376 5602 1620 5657 Ecclesia
1719 5603 1990 5675 lacrymas
2020 5604 2223 5661 effusus
2254 5605 2437 5659 dicere
2465 5602 2596 5657 nihil
2628 5603 2819 5673 potuit.
2842 5600 2941 5657 Vix
2983 5611 3161 5659 tamen
3189 5604 3308 5659 elu-

88 5675 225 5739 liLens
252 5689 558 5750 ministravit
588 5693 857 5750 afﬂuentia
906 5696 1128 5765 nuptiali
1174 5696 1471 5766 majoribus
1502 5695 1621 5764 qni-
1721 5706 1899 5754 ctatus
1925 5697 1979 5752 in
2008 5714 2194 5754 vocem
2228 5696 2460 5753 absolvit
2491 5696 2646 5763 filios,
2696 5697 2939 5764 datisque
2976 5696 3309 5754 benedictio-

90 5767 258 5844 ’δυειιυε
303 5786 373 5841 sic
422 5790 485 5845 ad
531 5790 787 5860 placitum
839 5799 894 5845 ct
935 5788 1383 5846 sullicientissime
1430 5798 1489 5844 ut
1530 5785 1624 5858 qui
1726 5806 1849 5845 nem
1901 5801 1955 5845 et
2007 5807 2195 5864 pacem
2252 5790 2542 5859 omnibus,
2614 5800 2719 5847 tam
2779 5800 3076 5859 praesentes
3144 5806 3305 5862 quam
