3886 6292
492 352 598 420 me

1482 340 1572 393 AD
1613 330 1838 393 OPEiiA
1878 330 1940 385 Β.
1979 326 2372 385 LANFRANCI
2403 329 2763 388 APPENDIX.
3640 336 3715 396 712

489 468 739 521 absentes
766 458 1055 517 immortali
1103 470 1198 510 eos
1231 453 1381 509 Patri
1424 466 1613 506 omnes
1652 446 2068 506 coimueudavit,
2103 450 2145 505 Α
2179 462 2349 515 usque
2381 447 2447 500 ad
2475 462 2777 515 vesperam,
2812 461 2875 502 ac
2912 460 3053 518 sape
3077 446 3235 517 quasi
3267 444 3480 502 aliunde
3506 464 3713 509 reversus

498 569 563 608 sc
598 553 976 616 discedentes,
1026 549 1151 618 quia
1195 546 1317 615 plus
1365 559 1472 598 non
1511 548 1745 612 peierat,
1772 547 1831 591 ut
1878 551 1977 606 pro
2027 528 2087 590 se

488 654 709 701 orarent
762 642 1079 715 postulavit.
1135 638 1402 701 Dolores,
1459 635 1749 706 lacrymas,
1805 630 2086 686 orationes

488 740 707 803 fiebant,
737 737 993 807 quoniam
1023 735 1112 789 vix
1144 733 1213 786 ab
1253 731 1332 786 eis
1370 727 1610 799 psalmus
1659 724 1963 781 continuari
1998 738 2086 775 va-

487 830 668 895 lebat;
714 830 840 884 dum
879 830 1111 899 quisque
1160 826 1212 880 in
1266 824 1495 878 alterum
1543 818 1891 888 respiciebat,
1931 819 2083 885 quasi

483 922 598 992 jam
626 928 875 976 cerneret
906 918 1129 973 fratrem
1178 916 1342 970 Patre
1371 914 1643 976 orbatum,
1682 909 1998 978 erumpebat
2033 909 2084 963 in

487 1012 774 1083 lacrymas.
830 1012 1026 1067 Coram
1056 1009 1148 1063 illo
1209 1008 1467 1077 plangere
1525 1016 1863 1071 nequaquam
1921 1002 2087 1054 arnic-

488 1107 643 1171 bant,
669 1106 794 1175 quia
831 1119 927 1174 spe
972 1105 1112 1158 bona
1165 1099 1507 1155 lzctabuntlus
1552 1112 1657 1150 non
1700 1095 2084 1164 lacrymautes,

489 1197 583 1253 sed
622 1198 867 1252 lartantes
903 1211 997 1252 eos
1022 1207 1216 1248 omnes
1242 1192 1428 1246 videre
1460 1189 1709 1252 volebat;
1756 1188 1803 1242 si
1841 1185 1995 1254 cujus
2030 1187 2084 1241 in

490 1288 758 1361 lacrymas
812 1288 1066 1343 concitati
1114 1284 1408 1356 singultum
1462 1282 1766 1344 sentiebat,
1799 1279 2084 1335 confestim

490 1379 648 1434 solita
686 1380 955 1450 gravitate
997 1377 1396 1447 compcscebat.
1456 1373 1733 1428 Profunda
1759 1373 1872 1441 jam
1913 1380 2086 1429 non-is

493 1479 650 1540 parte
679 1480 951 1525 transacta
980 1486 1099 1541 quae
1129 1470 1181 1523 in
1208 1469 1505 1523 Sabbatum
1530 1465 1908 1530 “lucescebat,
1934 1466 2085 1536 cujus

492 1563 558 1615 ad
605 1577 890 1631 vesperum
940 1562 1103 1627 obiit;
1167 1558 1655 1615 reverendissimus
1705 1557 1790 1610 vir
1840 1558 2082 1625 ejusdem

495 1653 753 1708 Ecclesia:
784 1654 935 1723 prior
957 1652 1247 1707 Anselmus
1278 1650 1342 1705 de
1379 1649 1627 1719 proximo
1664 1648 1809 1703 illius
1836 1648 1941 1704 line
1977 1665 2082 1703 non

497 1756 605 1800 tam
631 1756 925 1816 suspectus
947 1761 1104 1815 quam
1129 1753 1335 1808 certus,
1360 1742 1645 1797 collocavit
1669 1756 1728 1796 se
1753 1741 2084 1812 longiuscule

496 1837 566 1891 ab
606 1850 693 1901 eo,
731 1849 786 1892 et
828 1836 1079 1893 clanculo
1120 1835 1309 1889 nolens
1346 1842 1406 1889 ut
1455 1833 1543 1888 ille
1587 1842 1925 1903 agnosceret,
1959 1835 2082 1902 quia

499 1914 724 1983 moleste
770 1930 976 1985 ferebat
1024 1928 1255 1997 aliquem
1304 1927 1451 1980 circa
1505 1940 1585 1979 se.
1623 1925 1817 1980 Verum
1861 1934 1919 1978 ut
1959 1942 2083 1980 mox

498 2022 732 2093 primum
763 2021 829 2074 ad
861 2020 1153 2073 matutinas
1181 2018 1365 2073 sonuit
1394 2018 1625 2087 signum,
1652 2017 1796 2073 illico
1824 2019 2085 2072 excitavit

504 2110 761 2164 domuum
798 2111 1048 2164 abbatem
1087 2110 1380 2177 Rogcrum,
1427 2109 1516 2177 qui
1562 2123 1719 2163 secus
1755 2118 1916 2178 caput
1968 2111 2083 2177 ejus

497 2200 883 2265 accumbebat,
931 2211 984 2256 et
1025 2201 1101 2255 ait
1161 2217 1174 2253 :
1239 2198 1489 2254 Excitarc
1541 2203 1800 2267 priorem,
1842 2212 1900 2253 ut
1945 2203 2085 2255 dicat

506 2300 773 2352 uobiscum
830 2298 1136 2351 matutinas.
1219 2294 1516 2351 Plurimum
1595 2307 1822 2353 miratus
1869 2308 1953 2354 est
2002 2300 2090 2355 ille

497 2390 773 2458 quomodo
800 2389 851 2443 id
884 2397 1214 2459 agnovisset,
1247 2392 1372 2460 quia
1408 2404 1505 2442 nec
1538 2403 1720 2442 coram
1750 2406 1816 2442 eo
1846 2403 2086 2456 venerat,

499 2495 599 2537 nec
625 2481 819 2550 aliquis
849 2482 896 2535 ei
933 2481 1171 2545 dixerat,
1218 2488 1274 2535 et
1313 2488 1437 2550 post
1480 2481 1826 2535 accubuerat.
1867 2482 2093 2538 Summo

500 2586 630 2626 vero
660 2587 820 2627 mane
850 2586 1041 2627 omnes
1071 2572 1176 2627 diei
1211 2573 1371 2626 horas
1412 2586 1596 2626 coram
1636 2587 1694 2626 se
1730 2573 1833 2629 dici
1861 2577 2088 2645 rogavit.

503 2665 749 2735 Denique
788 2664 902 2734 jam
951 2666 1291 2735 ingruentem
1344 2665 1535 2718 mortis
1583 2663 1774 2720 horam
1831 2669 2092 2734 sentiens,

502 2756 900 2812 couununicari
957 2771 1016 2812 se
1057 2755 1441 2825 exposmlavit,
1467 2762 1521 2809 et
1547 2755 1783 2810 animam
1813 2758 1914 2812 sibi
1944 2775 2097 2814 com-

501 2849 769 2904 mendari.
818 2848 1096 2903 Festinato
1129 2850 1224 2901 ivit
1268 2847 1438 2901 abbas
1482 2847 1745 2917 Rogerus,
1771 2854 1865 2905 sed
1895 2852 2095 2909 nullam

502 2937 556 2991 in
588 2938 918 2992 eucharistia
976 2937 1181 2992 invenit
1217 2936 1473 3001 hostiam,
1508 2939 1708 2993 turbati
1739 2950 1866 2996 sunt
1901 2942 2099 3001 fratres

508 3029 772 3093 universi,
813 3042 960 3083 mors
1019 3027 1276 3092 instabat,
1316 3038 1371 3082 et
1408 3028 1645 3085 salutare
1685 3032 1950 3090 Dominici
1981 3053 2101 3093 cor-

2187 539 2402 594 dicebat
2419 540 2597 595 abbati
2623 540 2853 609 ltogerio
2874 540 2970 611 qui
2998 541 3278 610 proximus
3300 538 3541 594 astabat:
3568 560 3585 592 ι
3608 543 3716 609 Quid

2188 633 2392 687 faciunt
2421 633 2624 688 domini
2664 634 2859 696 nostri,
2892 648 2990 687 cur
3019 632 3345 688 morantur?
3370 633 3493 701 quid
3521 649 3625 688 esse
3648 652 3721 707 pu-

2187 725 2316 779 tatis
2354 741 2453 780 cur
2496 740 2603 779 non
2641 725 2950 780 accedunt?
2982 746 3001 779 ι
3040 726 3135 781 ille
3176 740 3487 796 quanquam
3542 743 3647 781 eum
3674 730 3721 784 de

2186 817 2307 871 aliis
2335 818 2583 872 crederet
2627 816 2773 885 loqui
2816 817 3086 885 personis,
3115 818 3480 887 respondebat
3505 832 3564 872 ac
3588 820 3626 872 si
3667 820 3722 873 lu-

2186 919 2443 980 queretur
2497 910 2562 965 de
2594 910 2851 967 fratribus
2884 912 3214 966 monasterii.
3255 928 3275 962 ι
3316 910 3486 976 Quid.
3520 912 3722 979 inquiens

2180 1001 2380 1070 iubetis
2407 1002 2430 1054 ?
2459 1010 2586 1055 sunt
2618 1002 2672 1055 in
2703 1003 2963 1067 claustro,
3008 1012 3169 1057 orant
3211 1018 3314 1072 pro
3341 1001 3512 1065 vobis,
3540 1004 3725 1059 aderunt

2189 1108 2311 1149 mox
2327 1102 2385 1146 ut
2398 1092 2609 1149 voletis.
2637 1112 2655 1145 ι
2700 1093 2946 1157 Iacebat,
2967 1102 3021 1147 et
3037 1108 3260 1163 parvum
3286 1100 3407 1162 post
3435 1090 3724 1150 intervallum

2186 1191 2372 1241 eadem
2398 1186 2729 1241 commotius
2768 1186 3022 1240 iterabat.
3068 1185 3383 1240 Laborabat
3409 1183 3495 1237 ille
3522 1185 3726 1241 addicere

2186 1290 2415 1345 quorum
2460 1292 2669 1333 moram
2700 1278 3048 1342 causabatur,
3084 1286 3142 1329 et
3173 1290 3455 1330 accessum
3496 1264 3725 1345 prasiola-

2185 1370 2383 1435 batur;
2418 1385 2606 1426 verum
2640 1370 2772 1425 nihil
2807 1370 2876 1424 ab
2905 1385 2970 1424 eo
3000 1369 3120 1439 plus
3150 1369 3427 1423 audiebat.
3460 1365 3726 1436 Vespeiiina

2186 1476 2215 1514 a
2246 1461 2504 1516 fratribus
2533 1472 2753 1531 peracta
2785 1462 3000 1532 synaxi,
3032 1475 3153 1516 cum
3182 1458 3291 1515 dici
3325 1474 3387 1513 ac
3415 1458 3583 1513 diurni
3606 1456 3727 1512 ofﬁcii

2187 1553 2314 1619 fine,
2347 1554 2470 1608 vitae
2497 1554 2745 1609 humana:
2776 1554 3008 1608 stadium
3034 1553 3177 1607 felici
3201 1567 3366 1605 cursu
3395 1551 3586 1620 peregit
3606 1562 3729 1604 nocte

2180 1646 2293 1717 jam
2327 1647 2597 1719 proxima,
2642 1661 2764 1716 quae
2808 1646 2861 1700 in
2892 1646 3233 1700 Dominicum
3305 1642 3727 1698 illucescebatSe.

2190 1742 2355 1810 ptimo
2370 1740 2634 1795 Kalendas
2652 1738 3006 1808 Septembris.
3033 1737 3248 1792 lrruunt
3274 1736 3530 1798 universi,
3546 1749 3631 1788 nec
3644 1734 3728 1801 jam

2188 1833 2360 1887 solum
2391 1832 2665 1897 monachi,
2696 1846 2883 1886 verum
2916 1846 2982 1887 ex
3016 1828 3219 1882 familia
3250 1826 3562 1887 servientes,
3587 1834 3633 1876 et
3660 1826 3729 1892 qui

2187 1941 2253 1980 ex
2281 1925 2422 1979 villis
2465 1924 2860 1989 conﬂuxerant,
2914 1921 3056 1976 fores
3100 1928 3157 1975 et
3211 1919 3449 1974 claustra
3488 1916 3729 1985 eﬂ‘ringere

2188 2017 2391 2082 conati,
2442 2015 2800 2086 quos-abbas
2870 2013 3136 2083 Rogerius
3189 2011 3283 2080 qui
3340 2016 3525 2062 sancto
3552 2007 3649 2061 viro
3685 2009 3727 2059 in

2189 2109 2376 2162 ultima
2436 2108 2756 2177 mgritudine
2808 2104 3336 2176 obsequentissimus
3390 2100 3590 2160 fuerat,
3633 2115 3731 2166 pru-

2190 2203 2337 2257 denti
2359 2200 2756 2256 confortatione
2786 2199 3087 2253 adhortans
3109 2196 3364 2256 detinuit,
3389 2192 3556 2245 donec
3580 2206 3736 2259 corpus

2192 2296 2573 2352 decentissime
2628 2293 2980 2358 funeratum,
3049 2287 3278 2344 solemni
3334 2284 3659 2356 processione
3694 2284 3735 2335 in

2193 2389 2480 2445 ecclesiam
2513 2395 2597 2443 est
2657 2386 2945 2456 perlatum.
3014 2382 3070 2437 in
3122 2378 3401 2438 commun’
3452 2377 3613 2447 posito
3651 2374 3737 2442 jam

2194 2484 2320 2537 licet
2358 2480 2611 2536 omnibus
2651 2492 2996 2535 communem
3044 2472 3336 2530 lamentari
3376 2468 3735 2529 desolationem,

2196 2589 2316 2644 quae
2343 2575 2523 2627 vivum
2554 2586 2771 2641 semper
2801 2568 3216 2638 assequebatur,
3250 2565 3307 2618 in
3347 2562 3536 2617 funere
3566 2573 3739 2628 quoque

2198 2667 2347 2722 illum
2392 2666 2560 2736 gloria
2609 2663 2903 2719 comitatur
2943 2662 3011 2714 ad
3060 2656 3477 2728 persolvendum
3537 2652 3737 2706 ultimum

2198 2760 2516 2830 obsequium
2596 2756 2749 2812 fratri
2806 2755 2876 2827 [f
2914 2794 2929 2819 ,
2981 2750 3167 2822 Patri]
3238 2749 3330 2817 qui
3393 2746 3532 2817 apud
3593 2758 3739 2798 attines

2202 2855 2426 2914 maximi
2469 2853 2670 2907 amoris
2708 2858 2871 2919 atque
2908 2843 3231 2901 reverentia:
3261 2844 3332 2896 ob
3374 2842 3615 2895 eximiam
3641 2835 3740 2890 reli-

2201 2949 2415 3019 gionem
2467 2944 2586 2998 fuit.
2655 2942 2851 2995 Animo
2902 2938 3089 2993 libenti
3142 2932 3516 2990 cenvenerunt
3567 2927 3738 2997 plurimi

2204 3042 2450 3102 abhates,
2500 3034 2789 3104 multaeque
2840 3045 3089 3101 personae
3137 3023 3498 3081 venerabiles.
3538 3022 3739 3078 Advenit.

504 3120 654 3187 poris
699 3118 842 3187 quod
898 3118 986 3173 ille
1037 3119 1311 3187 acciperet
1384 3117 1498 3190 (78)
1543 3135 1649 3175 non
1689 3132 1828 3179 erat.
1888 3125 2089 3181 Verum
2131 3157 2174 3215 ρ
2207 3142 2262 3189 ct
2336 3139 2507 3186 totum
2573 3124 2885 3196 exsequiale
2959 3119 3193 3177 officium
3260 3116 3607 3172 celeberrime
3661 3112 3742 3179 egit

511 3210 658 3265 circa
693 3221 1013 3265 morientem
1042 3211 1263 3264 minime
1293 3208 1481 3275 defuit,
1513 3225 1632 3280 quae
1658 3214 1799 3269 circa
1830 3216 2097 3275 viventem

506 3302 1076 3357 miserationisdivinre
1089 3301 1257 3373 gratia
1270 3302 1592 3375 semper“
1603 3316 1798 3374 praesto
1813 3308 2101 3371 fuit.Forte

512 3404 646 3449 tunc
671 3395 929 3449 sacerdos
960 3394 1178 3465 quidam
1223 3409 1322 3464 pro
1355 3409 1420 3449 eo
1448 3396 1667 3451 missam
1696 3398 1976 3457 celebrans
2008 3421 2100 3458 su-

506 3486 758 3541 mendum
793 3488 968 3542 adhuc
1014 3487 1066 3541 in
1093 3488 1344 3542 manibus
1369 3487 1587 3543 tenebat
1634 3505 1831 3563 corpus
1862 3492 2103 3551 Domini-

508 3594 664 3645 cum;
694 3577 811 3646 ejus
847 3580 1027 3649 itaque
1053 3579 1387 3649 oblatiouis,’
1409 3596 1529 3651 quae
1551 3598 1648 3652 pro
1671 3587 2101 3644 commendando

512 3666 659 3720 illius
687 3669 833 3723 exitu
864 3668 1042 3724 oblata
1074 3670 1183 3724 Deo
1212 3668 1409 3737 fuerat,
1443 3672 1733 3741 praedictus
1763 3677 1932 3732 abbas
1973 3695 2099 3749 por-

509 3763 711 3817 tionem
743 3778 904 3817 uuam
930 3766 1189 3835 suscepit,
1215 3775 1270 3820 et
1296 3766 1347 3821 ei
1379 3768 1444 3823 ad
1472 3769 1732 3825 viaticum
1761 3771 1904 3828 tulit.
1936 3774 2098 3829 Com-

511 3854 815 3910 mentlaturi
847 3857 1076 3923 exitum,
1121 3858 1268 3913 illico
1307 3858 1503 3915 fratres
1545 3876 1736 3918 omnes
1779 3877 2093 3922 accurrunt.

510 3942 752 4010 Quorum
804 3944 1250 4016 lacrymationem
1290 3964 1388 4004 nec
1436 3960 1562 4006 tunc
1601 3953 1869 4009 sustinere
1898 3971 2100 4025 praeva-

516 4036 652 4102 lens,
681 4047 897 4119 peracta
938 4053 1005 4094 ex
1050 4056 1199 4096 more
1227 4042 1540 4098 Christiano
1584 4047 2097 4115 communicatione,

509 4143 619 4199 quo
647 4130 815 4184 valuit
850 4139 984 4185 nutu
1027 4133 1303 4203 verboque
1349 4136 1579 4199 monuit,
1609 4145 1667 4191 ut
1704 4137 1757 4192 in
1802 4138 2098 4196 claustrum

508 4223 755 4288 redeant,
810 4230 960 4279 tanto
1019 4224 1312 4281 instantius
1360 4226 1409 4281 ei
1463 4229 1847 4287 subvenientes
1896 4245 2100 4301 quanto

511 4316 579 4369 ad
619 4316 824 4370 exitum
873 4318 1242 4388 propinquare
1287 4319 1564 4374 videbant.
1594 4319 1713 4377 Jam
1755 4324 1868 4379 sola
1921 4327 2101 4383 exitus

510 4405 645 4461 hora
727 4410 1163 4477 exspectabatur,
1221 4423 1284 4464 ac
1347 4424 1564 4480 precum
1631 4420 1685 4466 et
1738 4412 2101 4486 laerymarum

2205 3222 2550 3281 Ebroicensis
2594 3219 2918 3289 cpiscopus,
2972 3215 3215 3268 honesta:
3264 3210 3431 3271 vitae,
3481 3218 3741 3274 magnaque

2206 3317 2511 3371 litterarum
2573 3308 2849 3371 scientite.
2904 3306 2987 3360 vir
3034 3302 3383 3358 venerandus
3440 3297 3739 3352 Gislebcrtus.

2202 3411 2400 3463 Actum
2440 3412 2524 3459 est
2566 3402 2616 3457 in
2657 3398 2892 3471 capitulo
2948 3396 3023 3451 illi
3070 3401 3484 3451 monumentum
3526 3389 3739 3443 bonorum

2204 3508 2447 3559 actuum,
2476 3505 2745 3551 aeternum
2791 3490 2915 3545 filiis
2954 3494 3392 3555 monumentum,
3418 3481 3554 3551 gjure
3583 3493 3671 3550 quo
3696 3477 3745 3531 de

2203 3590 2573 3662 spiritualibus
2604 3583 2837 3642 locuturi
2868 3583 3060 3639 studiis
3094 3578 3449 3641 conveniunt,
3490 3574 3621 3629 illius
3640 3586 3745 3641 prte-

2203 3690 2451 3739 seutatur
2502 3678 2762 3734 memoria
2790 3716 2805 3741 ,
2858 3675 2950 3745 qui
2997 3690 3061 3728 ex
3105 3684 3342 3743 tyranno
3373 3668 3667 3738 religiosus,
3694 3679 3741 3715 ex

2205 3773 2438 3827 multum
2481 3769 2725 3826 saeculari
2773 3767 2997 3822 omnino
3033 3760 3482 3833 supernuturalis,
3524 3759 3613 3812 loci
3639 3756 3744 3811 illius

2203 3875 2367 3935 atque
2410 3863 2618 3918 ordinis
2673 3860 2882 3932 primus
2932 3856 3142 3912 exstitit
3200 3853 3462 3907 fundator
3497 3860 3545 3905 et
3597 3848 3745 3900 abba.

2205 3958 2467 4013 Maximos
2510 3953 2672 4009 Patre
2756 3950 3134 4007 amantissimo
3189 3947 3503 4002 orbatornin
3561 3942 3743 3996 filiorum

2208 4058 2433 4120 questus
2465 4046 2670 4102 referre
2699 4043 3055 4114 supersedeo,
3105 4055 3171 4094 ne
3204 4039 3445 4093 dolorem
3488 4030 3659 4103 legeni
3687 4030 3745 4082 iti-

2204 4143 2398 4207 feram,
2428 4154 2533 4195 neu
2564 4139 2821 4193 lectorem
2850 4133 3131 4191 inferendo
3169 4145 3418 4186 moveam
3456 4129 3508 4183 in
3530 4128 3743 4193 laerynn-

2203 4236 2429 4291 tionem.
2484 4232 2579 4287 illo
2630 4230 2840 4286 decenti
2887 4223 3302 4283 honorificentia
3357 4221 3637 4279 tumulata,
3670 4213 3747 4266 lar-

2204 4326 2444 4401 gissimis
2495 4324 2751 4395 eapensis
2801 4328 3117 4377 recreantur
3164 4328 3446 4387 pauperes,
3496 4310 3581 4380 qui
3632 4315 3745 4401 erit:

2205 4397 2537 4478 vicinitatem
2598 4415 2995 4477 conﬂuxerunt.
3065 4408 3353 4465 Eternam
3404 4405 3589 4460 anima:
3638 4397 3747 4452 illius

512 4499 683 4553 armis
716 4501 1101 4556 commnnitur.
1150 4501 1377 4568 Quoties
1403 4517 1633 4558 camera:
1663 4505 1716 4560 in
1744 4522 1848 4576 qua
1877 4509 2099 4564 decum-
2132 4527 2177 4582 ι)
2201 4513 2599 4571 recreationem
2644 4515 2888 4580 puestet,
2924 4506 2975 4561 si
3014 4503 3155 4559 votis
3197 4516 3335 4571 opus
3365 4507 3470 4561 est.
3505 4496 3647 4553 DC'IS.
3672 4486 3745 4557 qui

513 4591 675 4645 beliat
714 4592 911 4646 ostium
961 4594 1329 4663 aperiebatur,
1370 4608 1567 4650 verens
1614 4592 1845 4669 quisque
1892 4615 1960 4656 ne
1986 4602 2097 4673 jam

514 4682 778 4751 migrasse
808 4685 1175 4750 nuntiaretur,
1207 4687 1468 4741 attonitus
1507 4690 1846 4757 prosiliebat,
1879 4702 1935 4746 et
1960 4693 2100 4762 quod

512 4770 806 4826 verebatur
850 4772 1039 4829 audire
1088 4776 1461 4844 exspectabat.
1510 4776 1799 4850 Transegit
1835 4781 1976 4837 diem
2025 4782 2105 4837 sic

2205 4606 2341 4662 vivit
2399 4614 2454 4661 et
2509 4610 2701 4676 regnat
2754 4615 2854 4673 per
2920 4597 3104 4654 omnia
3179 4592 3378 4649 stecula
3455 4586 3744 4645 seculorum.

2208 4699 2400 4754 Amen.

1036 4929 1266 5002 Explicit
1314 4929 1433 4988 l'rta
1467 4936 1644 4989 sancti
1668 4934 1915 4989 Herluini
1940 4938 2097 5006 primi
2130 4938 2332 4994 abbatis
2355 4952 2418 4991 ac
2440 4932 2740 5007 fundatoris
2770 4928 3044 4984 Beccensis
3065 4924 3305 4980 cmuobii.

1976 5137 2326 5182 ειιιτλινιιιυιι.

590 5221 708 5279 Hac
739 5225 930 5295 tegitur
959 5234 1105 5294 petra
1131 5225 1388 5295 fundator
1414 5228 1613 5297 primus
1638 5240 1686 5283 et
1715 5229 1873 5285 abbas

659 5314 837 5386 Hujus
868 5316 1106 5381 caenobii,
1137 5317 1425 5372 monac/tus
1455 5334 1521 5372 es;
1546 5319 1702 5373 laico.

591 5405 634 5459 Τ
635 5424 692 5461 cr
714 5418 827 5476 post
863 5409 1118 5473 undenos,
1147 5423 1209 5460 ac
1239 5418 1360 5471 tres,
1400 5419 1447 5463 et
1470 5422 1699 5479 quatuor
1724 5428 1894 5465 annos

658 5496 700 5551 (ἓ
708 5509 968 5552 remmota
996 5499 1271 5563 nescierat,
1293 5508 1507 5570 postque
1530 5503 1726 5571 peritus
1752 5502 1878 5555 obit.

592 5588 832 5655 Quatuor
856 5589 1117 5655 undecies,
1158 5593 1410 5661 transegit
1449 5593 1752 5648 canobialis

659 5684 859 5745 Annos,
888 5682 984 5735 rite
1005 5697 1127 5735 suos
1154 5683 1481 5739 dimidinndo
1508 5687 1639 5742 dies.

2291 5233 2423 5289 Cum
2460 5232 2685 5287 Pluzbus
2709 5246 2896 5285 novum
2925 5228 3021 5284 sub
3049 5228 3252 5299 virgine
3270 5218 3488 5297 protulit
3508 5233 3673 5281 ortum.

2358 5324 2765 5395 Commigrauda
2791 5324 2927 5376 diem
2957 5319 3168 5380 clausit,
3195 5332 3241 5372 et
3267 5315 3637 5371 hebdomadam.

2288 5417 2578 5472 Herluinus
2609 5427 2744 5481 erat,
2773 5418 2817 5470 si
2839 5417 2958 5487 quis
2994 5416 3058 5467 de
3085 5412 3294 5465 nomine
3317 5418 3536 5481 quierat,

2359 5510 2458 5566 Cui
2483 5527 2601 5565 cum
2626 5511 2821 5564 sanctis
2847 5509 2931 5562 det
2954 5504 3212 5577 quidquid
3243 5505 3316 5557 ris
3354 5502 3488 5556 Deus
3513 5506 3595 5553 cst.

2734 5616 2891 5658 Αιιυι)
2936 5613 3281 5655 EPITAPBI’UII.

2288 5695 2443 5750 Hunc
2464 5705 2700 5765 spectans
2722 5693 3004 5757 tumulum,
3023 5690 3173 5744 titulo
3195 5702 3443 5750 coquosce
3463 5680 3705 5752 sepultum,

595 5794 707 5861 (τε)
748 5793 989 5851 Pixidcm
1040 5810 1135 5852 seu
1191 5796 1455 5855 ciborium
1505 5810 1662 5857 vocat
1694 5802 2101 5869 eucharistiam,
2145 5806 2249 5865 hoc
2278 5816 2361 5863 est
2383 5819 2479 5862 vas
2514 5807 2565 5861 in
2598 5822 2705 5877 quo
2730 5803 3045 5861 reconditur
3073 5816 3271 5871 corpus
3298 5798 3520 5854 Dz'mini.

3849 0 3851 49 1

3850 888 3851 939 1

3850 942 3851 989 1
