3852 6308
116 372 209 435 ’115

235 483 328 543 Est
355 489 436 543 ria
466 490 675 545 uirtutis
711 506 861 545 nosse
883 493 1001 560 quis
1022 491 1131 560 ipse
1168 490 1288 559 fuit.

172 578 293 632 σωκ
314 589 499 648 quater
536 582 621 633 hic
646 579 803 634 denos
832 592 929 635 (rut
953 583 1168 635 renisset
1193 582 1260 634 ad
1291 600 1479 648 annos,

235 669 361 736 Quir
386 670 602 738 fuerant
631 673 752 726 secli
782 675 967 743 sprevit
1000 690 1177 727 nutare
1204 673 1322 727 Dei.

172 762 372 817 lutatus
398 781 524 833 ergo
554 766 685 819 uices
710 766 775 819 de
812 766 995 819 mundi
1029 765 1213 831 milite,
1239 767 1388 820 miles

232 852 315 908 Fit
347 852 570 920 Christi,
601 855 768 910 subito
804 856 1087 911 monachus
1131 874 1196 911 ea:
1231 856 1387 912 laico.

168 940 300 1002 Hine
322 948 422 1001 sibi
449 964 599 1005 more
632 959 840 1018 patrum
863 950 1069 1004 socians
1092 950 1307 1021 collegia
1334 952 1583 1021 fratrum,

224 1037 364 1093 Cura
384 1054 491 1108 qua
519 1041 712 1104 decuit,
743 1043 872 1095 rexit
896 1058 1007 1108 eos,
1032 1043 1188 1097 aluit.

169 1131 300 1197 Quas
324 1145 659 1203 quantasque
687 1137 827 1191 rides
852 1137 935 1190 hie
953 1137 1151 1205 primus
1174 1138 1405 1191 condidit
1434 1138 1590 1202 a'des,

131 1276 3029 1321 W

908 378 1067 448 YlTA
1102 377 1443 439 WlLLELMI
1480 377 1770 437 ABBATIS
1797 378 2166 439 BECCENSIS
2204 381 2450 438 'l‘ERTll.

3229 384 3335 459 ut

1911 493 2033 549 Non
2062 505 2167 549 tam
2204 496 2416 559 diririis,
2442 515 2593 567 quant
2624 499 2998 567 ﬁdeimeritis.

1847 584 1993 649 Quas
2022 603 2149 655 puer
2171 587 2312 640 haud
2347 588 2526 641 didicit
2552 592 2838 658 scripturus
2858 604 3035 662 postea
3062 594 3230 661 scivit,

1918 678 2109 732 Doctus
2141 694 2192 733 ut
2220 680 2482 733 indoctum
2516 684 2598 735 via:
2626 695 2921 751 sequeretur
2948 702 3087 740 eum.

1756 818 1761 823 .
1847 766 2117 841 Flentibus
2137 770 2275 824 hunc
2303 771 2447 825 nobis
2468 772 2584 825 tulit
2618 773 2946 829 inclementia
2977 778 3177 843 mortis,

1920 861 2133 918 Sextilis
2156 864 2336 932 quina,
2365 864 2537 933 bisque
2556 864 2640 920 die
2664 865 2887 920 decima.

1850 955 2099 1010 Ilerlu’ne
2124 954 2309 1022 Pater,
2342 958 2413 1011 sic
2440 956 2615 1010 ca‘lica
2647 960 2853 1012 scandis
2881 972 3093 1014 oranter
3115 1000 3127 1012 .

1914 1046 2133 1102 Credere
2158 1066 2378 1119 namque
2404 1050 2506 1104 tuis
2536 1050 2633 1102 hoc
2672 1051 2787 1106 licet
2817 1068 2880 1105 ex
2908 1053 3128 1106 meritis.
3168 1100 3169 1103 η

3036 1301 3304 1321 ο*

104 1412 514 1475 ΡΒᾸΞΡΛΤΙΟ
562 1417 640 1477 ιΝ
685 1417 920 1479 Vl'l‘AS
964 1418 1458 1478 BECCENSIUM
1504 1416 1884 1477 ABBATU.“
1921 1415 2357 1476 GUILLEIMI
2426 1418 2475 1477 Ε
2494 1419 2526 1475 l'
2572 1418 2925 1493 BOSONIS,
2975 1421 3348 1484 AUCTORE

991 1498 1298 1559 MILONE
1338 1494 1700 1558 CRISPINO
1754 1494 2128 1555 CANTORE
2181 1495 2428 1555 BECCI.

158 1728 248 1803 δι
281 1731 504 1800 Quoties
534 1751 853 1805 magnormn
881 1734 1020 1790 facta
1036 1735 1273 1791 virorum
1299 1735 1495 1792 litteris
1517 1737 1653 1792 assi-
1684 1742 1729 1801 Β
1757 1736 1950 1806 quibus
1979 1734 2272 1806 loquimur.
2306 1733 2611 1789 Willelmus
2639 1738 2967 1792 reverendus
2991 1738 3159 1793 abbas
3184 1738 3345 1796 Bccci

108 1834 243 1893 gnata
291 1825 621 1892 recitantur,
678 1828 745 1881 ad
794 1827 888 1881 Dei
936 1828 1150 1882 tandem
1200 1828 1266 1883 de
1316 1828 1469 1896 cujus
1524 1830 1665 1883 dono

107 1913 347 1977 existunt.
378 1926 597 1971 mentes
625 1918 961 1977 audientium
995 1920 1060 1972 ad
1092 1919 1231 1973 bene
1280 1920 1550 1988 agendum
1584 1920 1665 1973 in-

98 1998 403 2067 Tormantur,
437 2005 684 2061 ﬁdelium
712 2022 836 2077 spes
881 2007 1132 2077 erigitur,
1159 2016 1213 2061 ct
1246 2009 1311 2063 iis
1341 2009 1431 2079 qui
1465 2009 1519 2063 in
1547 2009 1664 2079 qui-

110 2091 304 2146 busdam
344 2110 742 2167 nonnunquam
778 2107 1085 2169 torpescere
1108 2101 1245 2156 solet
1289 2102 1473 2157 fervor
1497 2103 1662 2158 divini

107 2186 308 2249 amoris,
335 2189 748 2255 reaccenditur,
774 2189 900 2244 dum
928 2191 1111 2247 vident
1137 2190 1273 2247 alios
1299 2192 1492 2248 fecisse
1517 2194 1660 2262 quod

111 2274 190 2341 ipsi
219 2274 388 2331 facere
420 2288 740 2335 monentur.
774 2281 1117 2354 Quapropter
1141 2299 1244 2339 nos
1287 2285 1566 2354 cupientes
1595 2285 1661 2339 de

99 2379 265 2424 nostro
306 2360 505 2430 offerre
543 2374 600 2429 in
641 2376 992 2433 tabernaculo
1039 2378 1134 2433 Dei
1184 2379 1385 2450 aliquid
1432 2381 1498 2436 de
1548 2380 1660 2436 vita

111 2470 293 2535 patrum
348 2476 703 2531 nostros-imi,
753 2469 843 2537 qui
892 2485 995 2525 nos
1042 2471 1099 2525 in
1150 2480 1338 2526 sancta
1398 2471 1661 2541 religione

106 2551 473 2625 educaverunt,
506 2573 719 2628 pauca,
748 2568 911 2628 prout
935 2560 1170 2615 vidimus
1202 2560 1282 2615 vel
1320 2562 1625 2615 audivimus
1647 2599 1664 2625 ,

111 2639 216 2695 licet
273 2646 472 2702 inculto
548 2662 837 2713 sermone,
894 2650 961 2703 ad
1020 2650 1272 2704 notitiam
1326 2659 1666 2720 posterorum

110 2732 313 2789 scribere
342 2739 683 2793 curavimus.
716 2737 964 2794 Fuerunt
990 2756 1226 2811 namque
1275 2756 1373 2795 suo
1418 2749 1661 2811 tempore

113 2827 262 2894 magni
308 2831 580 2896 nominis,
632 2832 721 2900 qui
753 2841 937 2886 'erant
982 2832 1121 2887 bene
1166 2832 1439 2902 religiosi,
1474 2832 1659 2887 multis

111 2914 186 2970 Dei
211 2921 352 2977 donis
378 2924 601 2988 ornati,
632 2924 829 2993 quibus
859 2925 924 2978 ad
957 2924 1124 2977 vitam
1158 2923 1414 2994 pergendi
1447 2934 1654 2977 rectum

112 3010 344 3066 inmitem
403 3014 643 3069 subditis
699 3014 1095 3069 monstrabant.
1155 3013 1294 3069 Sunt
1348 3024 1530 3068 autem
1590 3014 1654 3067 de

1767 1828 1995 1891 tertius,
2043 1836 2128 1891 et,
2177 1827 2267 1897 qui
2300 1827 2348 1881 ei
2398 1829 2663 1883 successit
2710 1845 2763 1882 tn
2822 1830 3059 1899 regimen
3101 1832 3344 1901 ejusdem

1767 1919 2023 1984 caanobii,
2053 1918 2212 1984 Boso,
2241 1918 2460 1989 sapiens
2475 1919 2564 1973 vir
2584 1929 2635 1972 et
2660 1919 2866 1981 bonus;
2896 1938 3017 1974 nam
3046 1921 3111 1976 de
3141 1920 3347 1976 duobus

1767 2012 1961 2082 primis
2018 2013 2107 2080 qui
2170 2013 2302 2067 istos
2370 2013 2423 2066 in
2487 2014 2676 2068 eodem
2742 2012 2858 2068 loco
2916 2024 3345 2085 praecesserunt,

1766 2104 2087 2159 beatissimo
2111 2104 2317 2159 scilicet
2339 2102 2601 2158 Herluino
2646 2105 2820 2175 primo
2849 2104 3137 2161 Becceusis
3167 2122 3350 2160 emno-

1767 2194 1839 2249 bii
1876 2194 2162 2249 fuiulatore
2208 2203 2264 2248 et
2310 2206 2558 2263 pastore.
2597 2204 2649 2247 et
2701 2195 3049 2250 sanctissimo
3089 2198 3347 2251 Ansehno

1767 2283 2005 2353 ejusdem
2059 2285 2161 2339 loci
2214 2288 2451 2340 secundo
2505 2285 2735 2349 abbate,
2788 2296 3007 2341 exstant
3052 2288 3189 2357 apud
3251 2305 3348 2342 nos

1762 2377 2025 2447 praeclara
2070 2387 2126 2432 ct
2178 2394 2373 2448 magna
2414 2377 2591 2432 veraci
2641 2378 2781 2449 stylo
2813 2379 3017 2449 digesta
3050 2378 3346 2436 volumina.

1765 2466 1843 2521 De
1874 2468 2083 2521 duobus
2132 2484 2261 2538 ergo
2297 2468 2606 2537 praedictis,
2654 2466 2929 2523 Willelmo
2988 2468 3239 2524 videlicet
3292 2485 3350 2526 οι

1764 2558 2007 2623 Bosonc,
2043 2560 2106 2613 ad
2136 2561 2393 2613 honorem
2429 2559 2522 2613 Dei
2577 2567 2630 2613 et
2679 2560 2969 2614 utilitatem
3015 2560 3348 2631 legentium,

1770 2653 1911 2721 quod
1962 2652 2221 2706 Dominus
2269 2651 2481 2706 dederit
2531 2651 2712 2705 dicere
2758 2651 3036 2715 volumus,
3079 2662 3350 2721 quatenus

1768 2743 2018 2798 noverint
2046 2751 2168 2811 post
2217 2758 2314 2798 nos
2364 2744 2575 2798 venturi
2653 2744 2779 2812 qui,
2808 2743 2892 2797 vel
2926 2744 3067 2799 unde
3113 2743 3346 2810 fuerint,

1774 2833 2043 2905 quomodo
2086 2834 2355 2900 vixerint,
2407 2846 2503 2889 seu
2536 2834 2768 2905 qualiter
2812 2843 3133 2904 prmsentem
3180 2834 3347 2888 vitam

1765 2927 2195 2981 tcrminavcrint.
3296 2946 3297 2949 η

209 3163 427 3267 ἮΤΑ
480 3168 1130 3269 VENERABILIS
1200 3167 1719 3269 WlLLELMl
1785 3168 2290 3268 BECGENSIS
2362 3170 2700 3267 TERTH
2760 3172 3210 3269 ABBATlS.
3300 3132 3307 3219 ί

166 3347 478 3407 Venerabilis
525 3351 699 3406 abbas
749 3352 904 3407 Becci
939 3338 1275 3416 Willelmus,
1314 3351 1479 3408 nobili
1516 3351 1654 3405 Nor—
1687 3358 1729 3418 C
1758 3362 1816 3406 et
1841 3353 2025 3405 habitu
2055 3351 2214 3404 talem
2266 3366 2326 3404 se
2368 3350 2699 3417 exhibebat,
2752 3361 2810 3406 ut
2839 3352 2952 3422 jam
3011 3365 3139 3407 tunc
3185 3371 3320 3424 quas

116 3441 423 3497 tbmanorum
472 3445 731 3514 prosapia
777 3445 1039 3513 originem
1097 3445 1345 3508 trahens,
1392 3444 1447 3497 in
1499 3445 1665 3498 veteri

119 3543 273 3587 castro
301 3550 457 3603 super
488 3534 701 3588 llislam
733 3537 875 3604 quod
907 3535 1105 3588 dicitur
1136 3533 1476 3599 Monsfortis,
1505 3535 1667 3589 claris

120 3625 398 3690 parentibus
429 3635 511 3681 est
546 3636 793 3679 exortus.
821 3625 983 3681 Pater
1011 3624 1128 3694 ejus
1149 3626 1459 3690 Turst'mus,
1493 3636 1667 3681 mater

110 3711 344 3769 Albereda
390 3717 699 3783 dicebatur,
751 3715 971 3786 Rogerii
1019 3717 1084 3771 de
1117 3715 1453 3770 Bellomoute
1496 3716 1667 3785 patris

120 3802 306 3862 Roberti
334 3811 557 3864 comitis
606 3824 670 3863 ex
723 3823 914 3863 sorore
958 3809 1160 3877 neptis.
1204 3807 1307 3875 Qui
1360 3824 1495 3877 puer
1538 3808 1665 3862 dum

114 3896 477 3968 Idbucjaceret
505 3904 563 3955 in
595 3902 767 3964 cunis,
794 3901 945 3971 gravi
972 3899 1219 3954 molestia
1246 3910 1459 3964 tactus,
1493 3901 1664 3954 visum

118 4000 226 4052 pene
248 3992 438 4046 amisit.
455 3991 671 4047 Territa
700 4003 897 4055 mater,
925 4006 1024 4059 pro
1048 3990 1158 4044 ﬁlio
1191 3990 1398 4060 lugens,
1426 3991 1668 4044 cucurrit

118 4076 171 4129 ad
206 4082 474 4148 quamdam
526 4082 822 4138 ecclesiam
862 4081 1048 4135 Sancti
1078 4080 1340 4136 Germani
1386 4084 1439 4136 in
1470 4082 1663 4136 eodem

114 4179 267 4226 castro
307 4175 494 4240 sitam,
550 4175 747 4230 obtulit
797 4175 945 4229 illum
976 4190 1149 4243 super
1196 4174 1368 4228 altare
1422 4173 1662 4241 ejusdem

118 4262 326 4320 ecclesia:
368 4281 577 4323 vovens
613 4268 720 4322 Deo
743 4308 758 4332 ,
804 4276 859 4322 et
906 4267 1234 4321 beatissima:
1267 4266 1358 4319 Dei
1395 4265 1661 4323 Genit-rici

122 4346 270 4409 Maria:
315 4369 605 4430 sanctoque
664 4358 965 4425 Germano,
1025 4359 1167 4428 quod
1227 4356 1273 4411 si
1328 4372 1465 4427 puer
1516 4357 1659 4410 illam

122 4440 583 4506 incommoditatetn
612 4451 892 4505 oculorum
926 4466 1115 4505 eorum
1149 4449 1353 4503 auxilio
1386 4449 1662 4515 evaderet,

123 4533 244 4593 illum
269 4540 356 4596 Dei
385 4545 613 4598 servitio
661 4545 935 4609 nutriret,
982 4541 1284 4612 litterisque
1314 4542 1661 4596 imbuendum

123 4628 348 4695 traderet;
375 4634 644 4701 simulque
669 4634 833 4687 Deum
862 4633 1068 4700 rogavit
1091 4640 1165 4694 ut,
1193 4631 1236 4684 si
1262 4616 1418 4684 aliter
1437 4645 1659 4699 puerum

1773 3441 2067 3496 monachus
2096 3441 2163 3494 ab
2189 3441 2438 3494 omnibus
2476 3440 2788 3494 haberetur.
2822 3442 3092 3506 Quantum
3120 3443 3185 3494 ad
3220 3445 3347 3495 vita:

1766 3547 2086 3601 morumque
2121 3533 2402 3602 spectabat
2452 3533 2921 3594 informationem,
2970 3534 3014 3586 si
3060 3536 3276 3602 quando
3314 3551 3347 3586 a

1764 3628 2010 3695 cognatis
2036 3624 2120 3679 vel
2153 3624 2342 3678 amicis
2382 3624 2451 3678 ad
2480 3624 2694 3679 scholas
2738 3624 2939 3693 aliquid
2971 3626 3213 3693 pecunia:
3243 3628 3347 3681 sibi

1767 3718 2092 3781 mitteretur,
2141 3717 2295 3786 quasi
2345 3730 2459 3770 rem
2520 3716 2716 3770 malam
2770 3715 2976 3770 vitabat
3030 3718 3341 3788 suscipere;

1766 3806 1903 3860 sicut
1947 3806 2299 3875 condiscipuli
2328 3803 2445 3872 ejus
2472 3806 2614 3860 soliti
2646 3815 2802 3860 erant
2835 3807 3069 3872 referre,
3100 3808 3174 3863 ita
3205 3824 3346 3867 ava-

1766 3897 1944 3950 ritiam
1978 3896 2351 3966 perhorrebat.
2385 3895 2631 3966 Cumque
2662 3898 2989 3966 quintumet
3028 3899 3343 3954 vicesimum

1765 3999 1951 4060 ageret
1992 3990 2171 4044 :etatis
2218 4006 2453 4054 annum,
2507 3991 2828 4045 desiderans
2893 4007 3079 4046 vocem
3131 3992 3343 4046 Domini

1766 4081 1989 4151 implere
2014 4083 2243 4137 dicentis
2280 4100 2294 4136 :
2332 4084 2436 4148 Qui
2490 4099 2592 4136 non
2638 4085 2900 4137 renuntiat
2935 4085 3175 4138 omnibus
3226 4100 3346 4155 quae

1764 4172 1986 4239 possidet
2036 4191 2138 4227 non
2177 4184 2337 4241 potest
2369 4190 2510 4226 meus
2557 4190 2667 4227 esse
2711 4174 2998 4242 discipulus
3048 4172 3198 4241 (Luc.
3231 4190 3344 4236 xxv,

1768 4262 1882 4328 13);
1913 4272 1969 4317 et
2000 4280 2011 4315 :
2044 4261 2104 4317 Si
2135 4265 2250 4332 quis
2293 4263 2399 4317 vult
2430 4273 2543 4330 post
2570 4278 2649 4315 me
2676 4264 2878 4325 renire,
2912 4264 3125 4331 abneget
3160 4274 3348 4317 semet-

1762 4354 1969 4421 ipsum,
2023 4364 2069 4408 et
2126 4352 2276 4406 tollat
2326 4368 2528 4406 crucem
2592 4356 2775 4416 suam,
2834 4363 2879 4406 et
2949 4364 3202 4423 sequatur
3264 4369 3345 4407 me

1766 4428 1979 4512 (Matth.
2033 4458 2153 4506 xvi,
2209 4442 2331 4513 14).
2380 4443 2699 4498 renuntians
2729 4442 2927 4498 mundo
2970 4441 3129 4499 Becci
3162 4459 3346 4498 mona-

1766 4537 1900 4592 chus
1928 4535 2105 4591 factus
2150 4544 2236 4590 est
2282 4534 2383 4590 sub
2423 4537 2775 4592 sanctissimo
2809 4536 3007 4592 abbate
3049 4536 3344 4597 Auselmo.

1766 4629 1857 4695 qui
1884 4637 2011 4680 tunc
2033 4626 2291 4695 temporis
2312 4628 2365 4680 in
2392 4626 2645 4681 Beccensi
2670 4625 2919 4682 coenobio
2940 4624 3151 4680 abbatis
3172 4624 3349 4680 cilicio

120 4728 286 4775 sanare
331 4725 488 4779 nollet
510 4767 525 4785 .
563 4727 614 4778 in
643 4739 734 4788 se,
767 4725 820 4779 id
849 4738 950 4788 est,
986 4724 1037 4776 in
1096 4731 1326 4776 matrem
1378 4720 1660 4774 iulirmila-
1694 4713 1737 4767 D
1764 4719 1995 4788 gloriose
2034 4719 2383 4787 fungebatur.
2432 4716 2715 4785 Ingressus
2748 4720 3138 4772 monasterium
3171 4716 3347 4783 inten-

131 4820 217 4865 tem
244 4815 374 4871 illam
405 4827 765 4874 converteret.
798 4818 937 4884 Quid
969 4816 1158 4886 plura?
1186 4814 1375 4868 annuit
1414 4814 1657 4883 petitioni

121 4910 285 4960 etvoto
304 4909 447 4963 bona:
463 4910 653 4964 matris
666 4909 840 4980 gratia
866 4907 1167 4961 Salvatoris
1189 4905 1358 4959 nostri
1383 4906 1661 4975 pietasque

129 4991 222 5059 eius
242 5001 589 5056 sanctissima:
608 5000 933 5060 Genitricis,
972 5012 1069 5053 nec
1102 5013 1212 5052 non
1261 5006 1316 5051 et
1362 4996 1661 5051 beatissimi

129 5087 414 5147 confessoris
443 5092 731 5156 Germani,
777 5100 833 5147 et
887 5089 1066 5145 infans
1114 5091 1336 5159 integra:
1384 5089 1665 5144 restitutus

131 5188 195 5229 est
222 5186 477 5253 sospitati;
510 5195 736 5239 matrem
772 5199 901 5237 vero
929 5181 1218 5235 inﬁrmitas
1242 5180 1533 5249 corripuit,
1568 5193 1666 5233 nec

134 5266 272 5322 niulto
314 5283 429 5341 post
458 5275 740 5330 exstinxit.
779 5272 962 5327 Crevit
1008 5287 1166 5341 puer,
1196 5280 1248 5325 ct
1289 5286 1412 5325 cum
1443 5270 1508 5323 ad
1537 5282 1667 5322 con-

135 5370 289 5424 ﬂuam
314 5375 518 5421 aetatem
569 5366 907 5437 pervenisset
960 5363 1189 5419 traditus
1229 5372 1312 5417 est
1361 5361 1665 5416 litterarum

136 5447 297 5504 studiis
320 5453 648 5510 imbuendus.
683 5454 862 5524 Crepit
893 5455 1074 5523 itaque
1102 5454 1254 5507 bona:
1284 5450 1480 5506 indolis
1515 5466 1664 5510 esse,

140 5548 293 5593 amore
320 5542 403 5596 Dei
435 5542 672 5609 fervere,
701 5544 947 5599 honestis
979 5543 1290 5608 intendere,
1322 5551 1379 5594 et
1413 5541 1481 5595 ab
1511 5539 1671 5594 inbo-

140 5633 282 5688 nestis
307 5638 530 5693 animum
558 5654 837 5694 revocare.

200 5721 299 5780 lani
326 5731 497 5785 mundi
528 5732 711 5787 luxum
741 5739 1061 5802 spcrncoat,
1084 5731 1201 5803 jam
1230 5741 1511 5792 sermone,
1544 5735 1670 5782 actu

416 5847 683 5907 Ρλτιοι..
725 5845 841 5909 CL.

1770 4812 1977 4865 tissime
2004 4810 2249 4880 religioni
2282 4809 2594 4864 nionastica:
2627 4823 2848 4877 operam
2897 4807 3091 4865 dabat.
3129 4806 3347 4860 lectioni

1771 4909 1828 4956 et
1871 4899 2090 4954 silentio
2121 4898 2366 4953 assiduus
2394 4899 2556 4951 vitam
2593 4911 2746 4951 suam
2796 4897 3023 4951 honeste
3070 4896 3347 4949 custodire

1770 4997 2058 5051 admodum
2089 4995 2360 5049 studebat.
2391 4993 2464 5047 Ita
2494 4992 2602 5046 Deo
2626 4992 2838 5061 placere
2864 4992 3091 5059 cupiens
3118 4988 3348 5055 homini-

1770 5089 1871 5143 bus
1900 5086 2131 5150 charus,
2189 5086 2241 5140 iu
2295 5085 2491 5140 castris
2530 5084 2741 5139 Domini
2793 5085 2887 5139 Dei
2941 5082 3179 5144 Sabaoth
3230 5079 3348 5145 ejus

1774 5181 1927 5251 signa
1959 5194 2189 5247 sequens
2210 5219 2224 5243 ,
2258 5178 2566 5247 quindecim
2601 5192 2697 5245 per
2721 5192 2894 5230 annos
2923 5172 3129 5229 strenui
3161 5171 3346 5225 militis

1772 5269 1951 5324 cilicio
1999 5270 2246 5330 functus,
2298 5268 2455 5338 hujus
2486 5265 2690 5321 militia:
2736 5268 2894 5320 beato
2922 5262 3176 5318 Auselmo
3212 5264 3349 5316 duce

1776 5359 2028 5416 militavit
2059 5367 2167 5415 tam
2194 5367 2414 5412 strenue
2463 5366 2521 5411 ut
2568 5370 2759 5410 onmes
2788 5370 2908 5408 cum
2945 5353 3261 5421 diligerent,
3294 5360 3351 5404 et

1777 5452 1955 5508 nullus
1995 5452 2063 5506 de
2098 5464 2175 5505 eo
2214 5457 2660 5520 conquereretur.
2713 5446 2877 5500 Fama
2923 5444 3184 5500 bonitatis
3232 5442 3349 5510 ejus

1777 5549 2203 5614 circumquaque
2234 5544 2432 5597 bonum
2464 5539 2665 5596 Christi
2690 5538 2910 5594 odorem
2938 5537 3004 5591 de
3030 5550 3082 5589 et
3116 5534 3347 5589 ferebat.

1776 5634 1935 5703 Igitut
1970 5633 2131 5688 beato
2162 5630 2359 5684 abbate
2402 5624 2657 5681 Anselmo
2685 5624 2736 5678 iu
2772 5623 3021 5693 Angliam
3054 5620 3349 5682 translato,

1781 5736 1835 5780 et
1860 5724 2270 5793 archiepiscopo
2309 5719 2480 5783 facto,
2520 5714 2674 5783 cujus
2719 5713 2991 5783 fastigium
3038 5711 3147 5785 42
3191 5712 3353 5781 virga:

2814 5825 2891 5886 23
