3852 6308
474 379 582 439 ’115

1450 373 1541 429 ΑΒ
1579 371 1805 430 ΟΡΕΒᾹ
1844 370 1901 426 Β.
1938 368 2058 426 LA‘.‘

2163 366 2339 431 asset.
2366 367 2730 427 sermons.
3618 375 3701 445 ut

475 505 769 571 praedictus
798 495 1132 561 Willelmus,
1162 502 1318 574 antea
1344 508 1465 549 cum
1510 502 1799 549 veneratus
1827 489 2019 543 fuisset
2083 491 2131 551 Α
2158 487 2451 555 haberent,
2497 489 2593 543 sed
2638 487 2872 540 amicum
2921 492 2974 540 et
3010 483 3241 543 ndeleat-
3272 485 3626 543 consiliarium
3670 492 3703 542 si

475 600 663 663 postea
684 590 895 660 suscipe
905 603 963 643 re
989 589 1207 643 meruit.
1228 586 1362 640 Nam
1386 596 1625 654 tempore
1642 583 1784 653 regis
1799 580 2058 636 Willelmi

477 686 571 740 lilii
598 682 851 739 Willelmi
881 682 972 752 qui
1001 680 1250 753 Angliam
1282 678 1526 749 subegit,
1557 674 1840 732 Beecensis
1884 674 2053 730 abbas

477 774 768 829 Anselmus
814 773 923 827 Deo
951 771 1149 827 charus
1197 779 1251 825 et
1294 768 1603 824 hominibus
1628 774 1913 836 acceptus,
1943 764 2063 835 qui-

474 864 702 921 busdam
730 862 1079 933 exigentibus
1107 860 1323 923 causis,
1371 868 1426 914 et
1457 858 1693 912 maxime
1744 855 1972 911 consilio
2007 862 2062 909 et

477 956 787 1013 obedientia
818 953 1040 1024 capituli
1067 952 1175 1017 sui,
1201 959 1423 1008 coactus
1448 950 1501 1005 in
1532 947 1777 1019 Angliam
1802 947 2062 1001 transfre-

474 1046 644 1109 tavit;
676 1058 802 1098 nam
832 1042 961 1113 quia
984 1040 1238 1095 defuncto
1266 1038 1563 1094 venerabili
1588 1036 1895 1092 Lanfranco
1915 1036 2059 1091 Can-

479 1135 659 1191 tuaria
709 1134 867 1189 sedes
904 1133 1159 1195 vacabat,
1214 1138 1306 1185 diu
1354 1145 1595 1201 gressum
1646 1129 1712 1183 ab
1748 1128 1938 1196 Anglia
1978 1143 2064 1184 rc-

474 1234 779 1298 presserat,
811 1239 878 1279 ne
915 1223 1191 1277 videretur
1217 1221 1747 1291 archiepiscopatum
1781 1228 2057 1290 appetere,

476 1330 639 1386 quem
668 1314 908 1371 oblatum
938 1320 1049 1367 toto
1076 1310 1277 1365 mentis
1300 1309 1494 1365 adnisu
1528 1318 1755 1363 conatus
1783 1317 1865 1363 est
1896 1307 2063 1362 decli-

473 1422 637 1471 nare,
687 1403 955 1474 siquidem
1005 1401 1159 1455 multi
1213 1399 1537 1454 laudabilem
1605 1398 1901 1454 bonitatem
1944 1396 2061 1467 ejus

474 1504 900 1568 cognoscentes,
948 1494 1073 1563 quia
1126 1493 1205 1547 sic
1273 1491 1553 1555 volebant,
1622 1504 1745 1545 eum
1818 1489 2057 1571 futurum

472 1586 840 1659 praedicabant
888 1583 1380 1653 archiepiscopum.
1440 1581 1681 1647 Tamen,
1733 1590 1791 1635 ut
1854 1582 2056 1637 dictum

471 1688 586 1743 est,
620 1678 795 1731 victus
825 1676 1123 1729 amicorum
1177 1674 1459 1743 precibus,
1496 1688 1645 1728 mare
1696 1672 1975 1736 transivit,
2003 1681 2058 1727 et

466 1784 596 1825 cum
624 1767 696 1823 ibi
727 1782 931 1821 moram
962 1763 1204 1831 faceret,
1232 1765 1463 1835 contigit
1493 1780 1671 1834 regem
1708 1763 1883 1834 ipsum
1929 1779 2054 1834 gra-

2166 579 2379 636 vellent.
2407 579 2513 635 Has
2533 580 2767 634 littteras
2793 577 2969 633 attulit
3004 579 3226 649 quidam
3254 578 3537 635 Beccentis
3560 595 3706 636 ποτε.

2164 673 2334 738 chus,
2388 673 2607 727 nomine
2655 670 2952 736 Girardus,
3003 672 3095 740 qui
3153 673 3386 727 veniens
3415 671 3625 727 Beccnm
3662 674 3715 726 ad

2163 765 2515 821 festivitatem
2564 763 2779 820 Sanctae
2813 764 2996 820 Marize
3044 767 3097 819 in
3146 767 3331 820 medio
3378 766 3714 835 Augusti,die

2164 858 2485 915 festivitatis
2515 860 2568 914 in
2615 860 2854 929 capitulo
2884 859 3088 914 salutes
3130 868 3184 914 et
3218 858 3397 914 verba
3430 857 3601 912 Patris
3629 857 3715 912 An-

2164 948 2321 1004 selmi
2376 949 2590 1013 retulit,
2641 958 2695 1003 et
2745 949 3040 1019 praedictas
3077 948 3161 1004 litt
3198 965 3289 1004 ras
3339 948 3716 1016 reddidit,qnz

2163 1041 2345 1098 statim
2379 1041 2434 1096 in
2464 1045 2653 1097 eodem
2688 1041 2930 1111 capitulo
2957 1041 3111 1097 lecta:
3139 1051 3309 1096 sunt:
3340 1041 3613 1095 audientes
3633 1040 3715 1093 ira.

2165 1140 2275 1187 tres
2299 1131 2459 1186 talem
2498 1133 2581 1187 sui
2616 1133 3024 1195 dimissionem,
3057 1141 3113 1185 et
3159 1132 3293 1186 tanti
3327 1142 3508 1186 actam
3555 1130 3716 1186 dulcis.

2162 1222 2284 1278 simi
2312 1222 2495 1277 Patris
2520 1223 2867 1279 amissionem
2887 1262 2903 1293 ,
2951 1224 3043 1293 qui
3074 1238 3169 1278 eos
3211 1223 3363 1278 velut
3408 1222 3718 1297 nuttigﬁlios

2162 1329 2290 1370 suos
2318 1314 2523 1384 gremio
2552 1314 2859 1370 dilectionis
2887 1314 3240 1381 cout‘ovebat,
3273 1316 3413 1369 ultra
3446 1329 3602 1383 quam
3628 1314 3713 1370 dici

2160 1415 2338 1477 potest
2361 1406 2671 1462 conturbati
2702 1414 2860 1472 sunt;
2888 1421 3077 1463 omnes
3103 1407 3308 1477 quippe
3337 1422 3526 1461 amore
3559 1421 3716 1461 antan-

2163 1498 2358 1552 tissitni
2388 1496 2602 1563 Patris,
2635 1513 2746 1567 quo
2768 1498 2927 1569 quasi
2959 1500 3321 1562 orbabantur,
3356 1514 3550 1569 magno
3573 1497 3719 1553 coriis

2162 1588 2348 1645 dolore
2374 1589 2653 1653 concussi,
2690 1589 2744 1643 in
2794 1589 3070 1660 laerymas
3114 1590 3366 1644 conversi
3401 1599 3551 1654 sunt;
3584 1586 3719 1642 frater

2161 1682 2252 1752 qui
2276 1683 2560 1752 epistolam
2578 1680 3070 1753 Iegebat,singultu
3089 1696 3275 1738 vocem
3303 1688 3718 1750 interritmprnte.

2160 1775 2252 1828 vix
2298 1773 2503 1844 aliquid
2555 1774 2737 1829 dicere
2780 1782 3019 1843 poterat.
3063 1772 3307 1826 Tantlrm
3338 1771 3593 1841 perlecta:
3618 1778 3722 1823 sunt

472 1861 615 1916 viter
670 1858 956 1913 inﬁrmari.
1010 1857 1112 1912 Hic
1167 1873 1258 1912 rex
1312 1867 1435 1927 post
1483 1865 1711 1912 mortem
1768 1855 2058 1911 Lanfranci
2094 1851 2137 1904 Β
2166 1864 2398 1929 linem,
2425 1864 2694 1935 simulque
2725 1866 2869 1919 dicta
2924 1873 2979 1919 οι
3024 1872 3145 1920 acta
3179 1874 3309 1918 sunt
3337 1863 3444 1917 alia
3505 1862 3641 1932 plura
3668 1862 3721 1910 ad

470 1950 993 2021 archiepiscopatum
1042 1948 1095 2002 in
1130 1964 1290 2003 tuanu
1337 1963 1434 2003 sua
1484 1960 1580 2018 per
1633 1946 1839 2016 aliquot
1885 1962 2057 2002 annos

469 2041 772 2095 retinuerat
797 2079 811 2104 ,
841 2047 894 2093 et
926 2037 1109 2091 multis
1138 2022 1547 2107 gravantinibus
1580 2037 1888 2091 attriverat.
1915 2036 2050 2091 Cum

462 2130 943 2200 itaquepraadicta
964 2129 1284 2198 aegritudine
1306 2127 1597 2191 laboraret,
1627 2137 1680 2183 et
1701 2142 1836 2198 pene
1857 2128 1968 2197 jam
1992 2129 2058 2184 de

472 2225 581 2279 vita
603 2225 938 2293 desperaret,
956 2221 1262 2276 admonitus
1282 2230 1364 2274 est
1385 2221 1452 2277 ab
1478 2221 1748 2291 episcOpis
1777 2230 1832 2275 et
1856 2221 2057 2291 princi-

468 2317 631 2384 pibus
659 2317 794 2383 suis,
829 2324 889 2370 ut
927 2330 1026 2385 pro
1057 2313 1232 2369 salute
1263 2329 1358 2368 sua
1382 2313 1618 2382 aliquem
1647 2313 1824 2368 virum
1856 2313 2056 2385 bonum

467 2418 761 2479 quareret,
800 2416 855 2463 et
880 2390 1328 2462 Cantuarienscm
1358 2405 1830 2475 archiepiscopum
1850 2405 2054 2460 consti-

476 2510 671 2566 meret,
688 2497 974 2569 respondit
1001 2514 1013 2550 :
1056 2514 1074 2549 ι
1113 2496 1324 2563 Quem?
1355 2526 1426 2536 -
1453 2496 1716 2551 Abbatem
1736 2536 1751 2561 ,
1781 2496 2055 2566 inquiunt,

472 2593 633 2649 Aecci
649 2591 981 2647 Anselmum.
1007 2609 1026 2643 ι
1043 2588 1196 2657 Quod
1212 2588 1440 2643 verbum
1466 2587 1667 2657 placuit
1694 2587 1826 2659 regi,
1850 2596 1905 2641 et
1932 2604 2055 2643 mox

458 2687 617 2755 jubet
639 2683 789 2739 illum
808 2680 1090 2737 accersiri.
1115 2679 1192 2734 Ita
1210 2679 1353 2751 regis
1367 2678 1737 2747 etprineipum
1764 2677 2054 2742 electione,

467 2776 605 2831 cieri
631 2789 697 2830 ac
741 2771 922 2844 populi
952 2770 1377 2836 acclamatione,
1426 2769 1721 2824 secundum
1754 2768 1846 2824 Dei
1874 2770 2053 2841 dispo—

466 2870 725 2928 sitionem
754 2866 960 2936 primas
985 2863 1152 2918 totius
1174 2862 1505 2925 Britanniae,
1554 2860 1679 2915 licet
1711 2860 1937 2916 multum
1973 2877 2058 2918 re-

472 2962 657 3015 nitens
685 2972 752 3012 ac
780 2955 1112 3020 reclamans,
1140 2954 1377 3024 eligitur.
1410 2948 1635 3009 Dicebat
1661 2954 1806 3009 enim
1833 2953 2056 3011 alterius

474 3050 631 3122 regni
680 3062 740 3104 se
788 3047 1039 3103 abbatem
1089 3060 1241 3111 esse,
1292 3046 1393 3100 sub
1446 3060 1579 3099 cura
1631 3045 1905 3114 episco,.i,
1937 3046 2055 3101 sine

476 3139 630 3219 cujus
646 3144 927 3209 praecepto
958 3135 1041 3190 vel
1078 3134 1327 3199 licentia,
1357 3148 1452 3190 seu
1490 3144 1787 3190 conventus
1813 3135 1897 3190 sui
1922 3150 2053 3189 eon-

2159 1958 2406 2012 eamdem
2441 1972 2557 2011 rem
2588 1955 2941 2026 pertinen‘ia.

2232 2050 2361 2105 Post
2386 2051 2505 2105 haec
2533 2051 2953 2105 celebraverunt
2983 2052 3244 2107 decenter
3288 2059 3345 2104 et
3392 2050 3580 2103 festive
3611 2049 3723 2101 tanti

2160 2142 2266 2198 diei
2320 2141 2721 2197 solemnitatem
2758 2181 2774 2195 .
2808 2151 2931 2211 post
2992 2143 3211 2217 missam
3264 2138 3549 2196 Baldr'cus
3598 2139 3723 2209 prior

2161 2243 2333 2289 totum
2368 2233 2584 2307 vocavit
2636 2242 2968 2288 conventum
3019 2233 3073 2287 in
3126 2232 3460 2302 capitulum,
3512 2232 3725 2299 dixitque

2158 2326 2447 2393 Girardum
2476 2325 2653 2380 adlmc
2700 2326 2900 2379 habere
2932 2324 3137 2394 aliquid
3178 2324 3475 2378 dicendum
3505 2340 3565 2377 ex
3595 2333 3727 2393 parte

2158 2414 2336 2471 Patris
2380 2414 2654 2476 Anselmi,
2700 2417 2841 2485 quod
2888 2415 3157 2469 debebant
3194 2415 3410 2469 audire.
3444 2413 3716 2476 Girarlus,

2156 2505 2342 2576 jussus
2375 2506 2564 2577 loqui,
2593 2506 2729 2561 dixit
2776 2505 2991 2560 litteras
3022 2501 3096 2560 de
3134 2506 3411 2561 electione
3458 2505 3655 2559 abbatis
3677 2518 3727 2559 se

2158 2596 2391 2661 habere,
2426 2612 2550 2651 nam
2575 2605 2629 2651 et
2656 2595 2906 2649 baculqu
2935 2594 3268 2665 pastoralem
3295 2594 3366 2649 de
3393 2595 3582 2666 Anglia
3604 2606 3728 2647 retu-

2159 2689 2329 2755 lerat,
2360 2688 2455 2744 sed
2488 2688 2640 2759 prius
2676 2686 2839 2742 vellet
2870 2687 3061 2742 audire
3108 2688 3151 2753 si
3195 2703 3389 2743 omnes
3420 2689 3491 2743 de
3511 2687 3728 2757 eligen'o

2159 2779 2356 2834 abbate
2385 2778 2628 2834 consiliis
2655 2776 2898 2833 Auselmi
2932 2779 3380 2848 acquiescerent,
3418 2788 3476 2832 et
3505 2780 3581 2833 sic
3606 2777 3727 2829 litte-

2160 2886 2250 2927 ras
2279 2872 2614 2937 ostenderet,
2650 2850 2777 2940 quia
2804 2870 2885 2925 sic
2918 2881 3249 2941 praeceptum
3279 2872 3383 2924 sibi
3412 2879 3549 2925 erat.
3580 2890 3597 2921 ι
3632 2866 3727 2922 Non

2161 2962 2273 3027 ita,
2320 2961 2497 3031 inquit
2543 2960 2719 3032 prior,
2763 2960 3057 3027 faciemus,
3093 2961 3189 3016 sed
3225 2962 3381 3031 prius
3412 2961 3615 3015 litteras
3646 2976 3728 3012 au-

2159 3053 2403 3117 diamus,
2455 3042 2509 3109 et
2558 3063 2678 3124 post
2725 3054 2873 3108 consi
2906 3054 3011 3106 ium
3055 3052 3338 3122 capiemus
3368 3054 3507 3123 quid
3559 3067 3726 3122 agere,

2160 3144 2245 3199 vel
2275 3145 2602 3215 res‘poudere
2630 3143 2946 3199 debeamus.
2978 3162 2997 3195 ο
3034 3143 3305 3199 Girardus
3335 3160 3445 3197 non
3472 3144 3548 3197 ita
3572 3142 3669 3208 inju
3708 3169 3729 3180 -

477 3233 745 3297 cessione,
773 3246 879 3286 non
905 3236 1120 3299 poterat
1143 3227 1196 3282 in
1223 3227 1399 3283 aliena
1422 3228 1594 3298 patria
1620 3226 1847 3282 aliorum
1872 3243 2056 3282 curam
2089 3228 2131 3290 C
2164 3246 2309 3290 clum
2335 3234 2435 3290 sibi
2463 3249 2586 3290 esse
2608 3234 2856 3298 dicebar,
2886 3241 2941 3287 ει
2984 3234 3133 3302 prio;-
3163 3247 3272 3287 ηοη
3307 3234 3472 3288 amel-
3500 3247 3560 3288 δε
3585 3231 3731 3285 {acu}.

475 3327 796 3397 suscipere:
829 3324 921 3379 sed
960 3324 1064 3378 hoc
1097 3321 1187 3393 qui
1216 3321 1508 3375 audiebant
1554 3320 1705 3390 parvi
1735 3320 2056 3391 pendentes,

438 3432 441 3435 ‘
470 3416 824 3472 nihilominus
845 3414 986 3485 quod
1006 3423 1284 3484 cmperant
1310 3414 1570 3483 perﬁcere
1597 3430 1702 3468 non
1731 3414 2055 3469 omiserunt.

470 3510 624 3576 Quod
674 3523 798 3564 eum
850 3507 993 3561 fama
1048 3514 1201 3562 trans
1252 3519 1401 3559 mare
1455 3503 1685 3559 vo'ando
1750 3504 2063 3574 pertulisset

472 3602 818 3671 Beccumque
847 3597 1164 3669 appulisset,
1189 3597 1499 3653 contnrbati
1525 3605 1580 3651 et
1605 3598 1910 3652 contristati
1939 3605 2063 3651 sunt

470 3693 770 3746 Becceuses
796 3705 901 3745 non
928 3689 1140 3744 modice
1157 3729 1170 3752 ,
1205 3696 1462 3756 tantaque
1485 3687 1764 3742 tribulatio
1790 3688 1915 3742 inde
1937 3696 2060 3741 orta

472 3795 557 3838 est
604 3783 746 3837 inter
790 3797 916 3845 eos,
973 3788 1237 3847 quartam
1291 3779 1469 3834 nullus
1512 3778 1565 3833 in
1615 3778 1865 3834 cmnobio
1902 3776 2059 3833 Becci

475 3886 637 3931 antea
682 3876 912 3930 viderat.
963 3874 1247 3929 Commota
1292 3883 1378 3929 est
1431 3883 1541 3928 tota
1589 3874 1898 3945 provincia,
1938 3888 2064 3928 con-

472 3978 672 4024 ventus
707 3966 863 4021 Becei
898 3977 1140 4036 patrem,
1169 3966 1409 4036 episcopi
1443 3976 1496 4021 et
1521 3966 1770 4029 abbates,
1796 3975 1850 4019 et
1873 3980 2061 4020 omnes

478 4059 746 4131 religiosi,
778 4058 1049 4127 simulque
1076 4072 1369 4128 proceres,
1404 4067 1458 4112 et
1490 4058 1794 4112 mediocres
1820 4066 1979 4112 terra:
2007 4057 2058 4111 in

472 4164 763 4208 commune
790 4151 1074 4206 doctorem
1104 4150 1460 4221 praecipuum,
1484 4160 1538 4205 et
1565 4164 1837 4205 summum
1866 4160 2059 4220 patro-

470 4259 599 4300 num
624 4258 684 4299 se
703 4244 959 4298 amittere
982 4241 1260 4314 lugebant.
1280 4241 1442 4321 Pater
1464 4242 1579 4313 ipse
1597 4242 1649 4298 in
1672 4241 2063 4313 Anglia,prout

469 4342 723 4405 poterat,
746 4349 808 4389 se
836 4332 1144 4391 conabatur
1168 4333 1495 4388 omnimodis
1516 4333 1820 4389 subducere
1847 4348 1876 4387 a
1908 4342 2061 4390 tanto

474 4440 676 4488 onere,
709 4422 1009 4479 Beccenses
1057 4432 1114 4477 et
1161 4422 1252 4477 alii
1282 4422 1434 4477 multi
1468 4421 1793 4478 laborabant
1815 4422 1977 4477 dictis
2007 4431 2065 4477 et

473 4514 633 4568 factis
668 4522 930 4582 quantum
982 4512 1264 4577 valebant,
1305 4524 1364 4567 ut
1408 4528 1534 4567 eum
1576 4522 1926 4578 revocarent,
1965 4510 2059 4568 sed

2165 3341 2284 3380 rmn
2317 3327 2620 3381 asserebat.
2668 3325 2908 3380 Tandem
2949 3324 3217 3380 Girardus
3265 3326 3511 3392 ratione,
3554 3323 3632 3377 vel
3655 3339 3733 3376 an-

2159 3418 2415 3473 ctoritate
2444 3416 2666 3487 capituli
2722 3417 2902 3471 victus
2932 3417 3128 3480 cessit,
3160 3425 3217 3470 et
3253 3418 3471 3472 litteras
3499 3414 3731 3486 protulit,

2164 3508 2503 3579 atque'l‘ratri
2528 3510 2618 3580 qui
2641 3508 2776 3562 alias
2796 3508 3006 3563 litteras
3028 3508 3235 3579 legerat
3250 3509 3477 3564 nomine
3500 3498 3733 3561 Mtiuricio

2164 3601 2230 3655 ad
2263 3600 2548 3672 legendum
2576 3600 2816 3655 tradidit.
2856 3601 3098 3668 Quarum
3128 3614 3326 3655 sensus
3359 3602 3410 3655 in
3442 3602 3591 3655 hunc
3636 3614 3732 3652 mo-

2164 3692 2290 3747 dum
2323 3708 2382 3747 se
2416 3691 2654 3747 habebat
2682 3692 2800 3764 (79)
2837 3709 2849 3744 :
2885 3710 2905 3744 ι
2944 3691 3244 3759 Quoniam,
3274 3691 3480 3761 inquit,
3529 3691 3620 3744 Dei
3651 3688 3735 3742 mi~

2165 3782 2496 3847 sericordia,
2546 3790 2601 3838 et
2652 3782 2936 3837 reverendi
2986 3780 3242 3836 Willelmi
3300 3780 3736 3851 Rotbomagensis

2167 3871 2562 3943 archiepisc0pi
2593 3870 2851 3938 licentia,
2880 3879 3045 3941 atque
3068 3870 3273 3926 domini
3303 3869 3533 3926 Ruberti
3562 3870 3737 3925 North-

2165 3980 2490 4019 mannorum
2519 3964 2673 4019 ducis
2719 3978 2946 4018 assensu
2975 3963 3297 4033 tandemque
3325 3970 3510 4017 vestra
3538 3974 3739 4016 cum

2163 4060 2349 4123 sione,
2379 4066 2544 4113 vestri
2574 4071 2708 4111 cura
2746 4056 3010 4111 liberatus
3047 4071 3200 4120 sum,
3246 4056 3292 4109 si
3341 4056 3487 4109 Deus
3529 4053 3735 4125 gratiam

2163 4150 2368 4204 domini
2401 4148 2573 4203 nostri
2596 4146 2751 4202 ducis
2766 4145 3262 4212 Northmannurum
3285 4144 3504 4199 dederit
3531 4143 3677 4198 vobis
3693 4152 3739 4191 Ill.

2163 4240 2385 4311 possitis
2408 4239 2611 4310 eligere
2628 4238 2695 4292 de
2721 4238 2952 4294 ecclesia
2980 4246 3164 4292 vestra
3187 4236 3471 4305 abbatem,
3506 4247 3561 4291 et
3583 4250 3737 4289 meum

2164 4330 2453 4385 consiliqu
2506 4330 2634 4384 inde
2665 4329 2856 4399 audire
2905 4329 3103 4395 vultis,
3147 4328 3357 4383 nullum
3388 4330 3461 4382 ad
3495 4330 3597 4382 hoc
3624 4340 3738 4395 opus

2164 4422 2337 4493 magis
2379 4421 2631 4476 idoneum
2677 4406 2808 4490 puto
2835 4436 2999 4489 quam
3052 4420 3333 4473 dominum
3381 4418 3735 4475 Willelmunl.

2164 4515 2255 4584 qui
2281 4514 2431 4584 prior
2452 4512 2555 4567 fuit
2575 4511 2717 4582 apud
2747 4510 3027 4565 Pexeium.
3053 4510 3176 4565 Tibi
3198 4524 3442 4579 quoque,
3474 4508 3735 4565 Willeluae,

474 4620 565 4657 nor
615 4603 929 4668 valuerunt,
958 4604 1086 4673 quia
1104 4644 1119 4668 ,
1167 4613 1227 4658 ut
1254 4616 1441 4675 postea
1471 4604 1697 4669 claruit,
1733 4607 1838 4661 hoc
1865 4620 2059 4661 secun-
2091 4592 2139 4651 D
2165 4618 2260 4675 per
2287 4611 2530 4659 sanctam
2554 4602 2922 4659 obedientiam
2964 4602 3225 4672 praecipio
3260 4611 3320 4654 ut
3348 4602 3457 4655 hoc
3485 4616 3621 4655 onus
3649 4616 3686 4650 tu
3708 4613 3733 4647 II

479 4698 602 4750 dum
628 4697 721 4750 Dei
747 4696 1154 4767 dispositionem
1185 4696 1462 4765 agebatur.
1496 4696 1739 4754 Tandem
1770 4700 2059 4755 Auselmus

476 4787 686 4841 ratione
734 4786 816 4840 vel
860 4786 1187 4841 auctoritate
1235 4788 1443 4846 victus.
1493 4788 1658 4843 cessit
1704 4789 1795 4843 Dei
1830 4790 2062 4858 disposi-

476 4880 629 4935 tloni.
661 4879 957 4933 Becccnses
983 4878 1331 4933 advertentes
1356 4895 1417 4933 se
1449 4880 1502 4933 in
1533 4896 1731 4934 vanum
1781 4880 2056 4947 laborare,

472 4970 625 5024 multi
658 4976 1048 5024 concesserunt
1079 4967 1223 5037 quod
1255 4969 1405 5038 prius
1436 4970 1781 5027 allirmabant
1815 4988 1874 5028 se
1922 4950 2061 5027 nun-

473 5075 637 5127 quam
671 5073 1049 5114 concessuros.
1082 5057 1157 5112 lta
1189 5069 1459 5129 praecepto
1480 5071 1531 5115 et
1556 5061 1772 5116 licentia
1798 5062 2053 5120 Willelmi

494 5140 928 5220 ,{Othomagensis
952 5149 1374 5220 archiepiscopi,
1407 5152 1626 5208 Roterti
1658 5169 1872 5224 quoque
1922 5157 2057 5212 bor-

475 5244 818 5296 tlunanorum
871 5241 1025 5294 ducis
1068 5254 1325 5306 assensu,
1372 5258 1472 5297 nec
1523 5259 1626 5299 non
1675 5255 1730 5299 et
1770 5246 2056 5305 Bccceusis

474 5332 693 5402 capituli
726 5332 1077 5387 concessione
1113 5332 1433 5387 confirmata
1456 5343 1539 5390 est
1569 5335 1657 5391 illa
1683 5337 1899 5393 electio.
1931 5340 2058 5395 Post

428 5434 431 5435 '
474 5426 589 5478 lucc
623 5425 767 5479 misit
790 5424 1080 5481 Anselmus
1110 5424 1276 5494 priori
1302 5423 1569 5494 Baldrico,
1598 5429 1897 5486 honorabili
1919 5433 2055 5500 viro,

471 5515 741 5586 simulque
771 5516 1061 5570 conventui
1117 5515 1276 5571 Beeei
1309 5516 1551 5583 litteras,
1601 5520 1653 5573 in
1694 5522 1897 5590 quibus
1940 5524 2060 5582 illos
2094 5548 2099 5551 ·

466 5605 871 5663 commendavit
920 5604 1057 5673 Deo,
1091 5614 1145 5660 et
1175 5614 1234 5659 ut
1280 5606 1383 5661 sibi
1420 5607 1673 5663 abbatem
1708 5612 2060 5680 providerent

423 5696 813 5763 Jubmonuit,
870 5698 1127 5767 quoniam
1186 5699 1336 5754 illum
1394 5703 1588 5757 amodo
1643 5704 1898 5763 abbatem
1952 5725 2057 5765 non

543 5814 656 5889 (79)
697 5813 912 5873 Prostat
940 5813 1031 5869 lib.
1066 5829 1157 5880 tu,
1189 5812 1357 5887 Epist.
1398 5815 1461 5871 D.
1501 5818 1710 5884 Auscl.,
1742 5818 1897 5891 epist.
1928 5823 1977 5877 8.

2165 4695 2436 4764 refugias,
2485 4695 2578 4749 sed
2625 4694 2678 4747 in
2725 4709 2819 4764 spe
2861 4694 3047 4747 auxilii
3080 4694 3174 4748 Dei
3209 4693 3340 4751 illud
3374 4694 3656 4764 suscipias.
3682 4688 3737 4742 Et

2167 4788 2296 4851 tibi,
2329 4786 2604 4851 Ballrice,
2635 4786 2734 4840 sim
2760 4785 3173 4856 liter~prxcipio
3226 4798 3284 4839 ut
3330 4797 3487 4841 tuum
3527 4786 3735 4840 oﬂiciutn

2165 4892 2270 4931 non
2301 4876 2553 4942 deseras,
2592 4877 2763 4931 donec
2787 4875 2979 4945 loquar
3009 4885 3208 4929 tecum.
3244 4896 3260 4927 ι
3290 4875 3447 4931 Tunc
3480 4876 3737 4931 Baldrittls

2164 4972 2314 5039 prior
2344 4968 2664 5024 electionem
2694 4984 2752 5022 se
2780 4967 3011 5021 libenter
3038 4967 3321 5038 suscipere
3373 4969 3671 5040 respondit,
3692 4974 3736 5016 et

2163 5063 2344 5117 ueteri
2378 5062 2627 5116 similiter
2651 5071 3078 5127 consenserunt;
3118 5060 3306 5129 sicque
3329 5071 3636 5117 conventus
3664 5060 3736 5113 ille

2158 5154 2367 5210 Solutus
2388 5163 2491 5209 est.
2512 5152 2616 5207 Sed
2639 5160 2695 5207 et
2716 5153 3014 5222 principem
3039 5151 3453 5206 Northmanniu:
3474 5151 3737 5209 Anscltnus

2163 5247 2469 5300 mandando
2486 5245 2693 5314 rogavit
2708 5254 2765 5297 ut
2781 5245 3050 5314 praedictae
3062 5244 3315 5298 electioni
3330 5259 3615 5297 assensum
3628 5255 3737 5311 pr:-

2160 5337 2335 5393 beret.
2368 5337 2475 5410 £3
2505 5339 2864 5393 Transierunt
2892 5346 3078 5405 postea
3096 5336 3213 5390 dies
3246 5338 3427 5403 multi,
3458 5347 3515 5390 et
3539 5338 3606 5391 de
3640 5335 3735 5403 ips:

2163 5432 2380 5504 quidem
2412 5433 2677 5488 electione
2707 5442 2835 5486 tunc
2863 5432 2997 5486 nihil
3034 5432 3155 5503 plus
3186 5442 3371 5487 actum
3407 5443 3519 5488 est.
3543 5432 3737 5487 Ειοιιυς

2163 5534 2345 5578 autem
2375 5524 2549 5580 siesse
2590 5524 2823 5580 habebat
2857 5525 3013 5593 quasi
3062 5526 3131 5578 de
3182 5540 3247 5579 ea
3301 5523 3438 5580 nihil
3494 5523 3736 5578 audisset.

2162 5615 2345 5674 Mense
2372 5618 2591 5676 Octobri
2629 5622 2852 5677 advenit
2885 5622 3106 5677 cuidam
3144 5621 3349 5688 abLas,
3384 5622 3608 5677 nomine
3647 5616 3740 5672 Bo-

2162 5714 2365 5782 gerius,
2401 5713 2686 5773 Becccnsis
2741 5716 3061 5783 monachus,
3098 5717 3184 5771 vir
3225 5717 3401 5772 bonus
3434 5726 3494 5771 et
3528 5713 3738 5771 multum
