3852 6308
85 424 163 481 ili

853 421 1006 480 \‘l'l‘A
1045 419 1384 481 WlLUILMI
1421 418 1704 483 ABBATIS
1744 418 2121 479 BECCENSIS
2159 421 2406 477 TER'l’ll.

3154 427 3257 484 ’71τῖ

84 538 342 608 teliglosus,
366 548 526 603 quem
574 534 881 600 Ansclmus,
924 547 984 591 ut
1034 536 1234 599 aiebat,
1265 534 1460 588 litteris
1489 534 1600 589 suis
1627 537 1674 593 Α
1700 534 1847 605 gensi
1907 533 2313 603 archiepiscopo
2375 536 2681 590 animarum
2736 553 2886 605 cura,
2928 529 3050 597 cum
3098 527 3272 613 gratia

84 636 273 684 :usserat
303 626 529 681 Beccnm
566 626 769 693 venire,
800 636 855 681 et
878 627 930 681 in
968 626 1215 697 eligendo
1246 626 1438 680 abbate
1465 626 1600 680 Bec-

83 732 253 782 renses,
297 727 554 786 quantum
595 726 796 786 pesset,
853 720 1063 788 juvare.
1094 717 1248 771 Tunc
1296 716 1409 785 ipsc
1436 717 1602 771 abbas

83 808 318 876 bogerius,
349 806 573 885 etpvior
598 806 875 863 Baldrieus
914 817 969 862 et
1017 807 1107 861 alii
1154 805 1372 877 quidam
1400 807 1603 862 fratres

81 915 174 956 cum
196 899 265 953 eis
283 899 528 954 comitem
544 896 1033 953 Northmannornm
1061 899 1330 963 adierunt,
1350 901 1601 954 mandata

80 990 276 1045 Anselmi
297 997 345 1043 et
377 978 699 1057 electionem
743 989 962 1058 capituli
1014 989 1166 1043 Becci
1228 989 1599 1053 inuotuerunt,

82 1092 286 1154 rogantes
315 1090 371 1136 ut
397 1085 541 1151 quod
570 1080 637 1135 ab
658 1082 740 1135 eis
769 1080 1058 1150 inemptum
1088 1093 1225 1145 erat,
1252 1097 1349 1135 suo
1378 1095 1601 1135 assensu

80 1179 355 1245 roznpleret;
390 1190 512 1243 quae
547 1174 728 1227 omnia
759 1174 862 1227 dux
896 1183 1173 1243 gratanter
1200 1175 1424 1242 accepit,
1452 1181 1505 1225 et
1546 1181 1605 1226 ιιι

78 1269 241 1324 electus
281 1267 375 1321 sibi
431 1272 857 1335 pr.esentaretnr
900 1262 1083 1331 jussit.
1114 1263 1183 1317 At
1221 1260 1318 1325 illi,
1350 1263 1605 1317 velociter

77 1365 254 1419 douuan
272 1361 493 1423 reversi,
521 1359 762 1415 collectis
790 1359 843 1413 in
868 1374 1031 1412 unum
1059 1358 1335 1423 fratribus,
1365 1359 1605 1411 referunt

76 1455 175 1524 quid
196 1469 307 1508 cum
335 1454 577 1523 principe
606 1452 861 1521 egissent,
891 1451 1087 1520 quidve
1111 1450 1179 1517 ab
1208 1466 1274 1505 eo
1297 1449 1601 1512 audissent;

79 1549 429 1614 inm-rogantur
478 1543 673 1614 singuli
732 1544 797 1598 de
846 1543 1111 1597 elecﬁone
1160 1541 1419 1610 prmdieta
1474 1540 1603 1610 quid

76 1638 310 1701 teatircnt,
362 1651 430 1690 an
483 1626 880 1698 concederent;
932 1648 1122 1687 oumcs
1171 1631 1285 1688 fere
1324 1646 1603 1686 assensum

77 1726 635 1799 prebueruntJuterim
672 1727 876 1780 electus
936 1733 1092 1779 extra
1129 1732 1450 1777 conventum
1511 1737 1606 1776 ex-

76 1821 478 1892 spectarejussus
516 1830 655 1875 erat.
680 1819 807 1874 Post
844 1819 957 1873 bare
982 1826 1202 1871 vocatus
1230 1815 1394 1875 venit,
1446 1824 1502 1869 et
1551 1813 1603 1867 in

78 1891 151 1969 suo
166 1915 334 1970 ordine
370 1913 535 1968 sedit.
576 1912 728 1967 Tune
754 1911 904 1976 prior
944 1910 1079 1964 dixit
1115 1910 1163 1962 ei
1193 1908 1335 1977 qttod
1362 1907 1428 1961 ad
1461 1907 1604 1977 regi-
1640 1891 1684 1952 Β

77 2019 168 2060 tuen
187 2002 456 2059 Beccensis
487 2002 747 2058 Ecclesia:
779 2000 926 2054 illum
950 1999 1247 2069 eligerent;
1279 2006 1333 2051 et
1357 2005 1415 2050 ut
1436 1995 1603 2050 abba—

82 2097 131 2149 tis
154 2095 669 2160 efﬁcium,etcuram
702 2092 1007 2145 animarum
1060 2104 1249 2143 eorum
1306 2088 1608 2157 susciperet

80 2194 281 2254 exparte
318 2183 409 2239 Dei
439 2192 492 2239 et
523 2189 727 2237 sanctae
757 2180 960 2244 Mariae,
993 2187 1157 2249 atque
1194 2177 1434 2232 omnium
1484 2192 1612 2231 san-

80 2285 263 2341 ctorum,
313 2290 531 2331 necnon
586 2290 652 2330 ex
710 2283 864 2341 parte
929 2269 1365 2326 reverendissimi
1430 2268 1607 2323 Patris

79 2371 268 2425 .iase'uii
302 2370 578 2441 praecepit.
637 2369 709 2423 At
761 2367 870 2432 ille,
927 2367 978 2419 in
1019 2374 1217 2419 terram
1273 2372 1608 2434 prostratus,

81 2462 217 2517 dixit:
254 2482 270 2514 ι
308 2462 533 2527 Precor,
571 2460 796 2523 domini,
832 2468 919 2513 aut
956 2460 1020 2514 de
1062 2458 1164 2513 hoe
1214 2456 1355 2527 quod
1409 2454 1612 2524 iubetis

79 2555 255 2609 omnino
294 2553 601 2609 absolutum
651 2551 902 2606 dimittite
936 2565 1041 2609 me,
1091 2557 1184 2603 aut
1233 2548 1504 2619 quomodo
1561 2545 1611 2600 id

83 2646 262 2715 implere
291 2648 485 2716 possim
504 2628 725 2701 ‘docete.
751 2662 767 2693 ι
801 2641 958 2697 Prior
980 2641 1045 2695 ad
1079 2641 1220 2695 haec:
1243 2658 1261 2690 ‹
1282 2639 1352 2696 Ut
1374 2640 1615 2693 dimitta-

70 2735 199 2801 cmini,’
222 2737 308 2801 ait,
340 2752 441 2791 non
468 2752 610 2805 opus
632 2743 713 2789 est
746 2733 1018 2798 laborare,
1062 2732 1155 2786 sed
1188 2730 1446 2801 suscipite
1473 2731 1614 2784 hanc

83 2840 231 2881 curam
271 2826 322 2884 in
349 2828 573 2884 nomine
607 2824 843 2888 Domini,
893 2833 947 2877 et
1008 2838 1107 2876 nos
1145 2821 1297 2877 vobis
1319 2836 1384 2875 ex
1431 2820 1615 2875 animo

82 2920 344 2975 obedientes
377 2922 606 2976 erinms.
635 2941 653 2972 ι
683 2916 879 2974 Statim
910 2915 963 2972 in
999 2916 1113 2988 ipsa
1143 2914 1228 2968 die
1252 2914 1419 2967 abbas
1442 2912 1616 2983 Roge-

86 3010 250 3074 tius,e'.
274 3014 431 3083 prior,
461 3022 517 3068 et
543 3012 766 3083 quidam
799 3012 889 3064 alii
914 3009 1111 3064 fratres
1134 3024 1256 3064 cum
1278 3020 1377 3072 ets,
1406 3021 1618 3059 assum-

83 3111 153 3166 pto
171 3103 319 3160 electo
346 3122 462 3172 suo,
492 3107 564 3161 ad
619 3108 826 3171 curiam
879 3111 1259 3174 properarunt,
1292 3110 1347 3156 et
1375 3101 1616 3157 Robcrto

85 3190 487 3254 Northmanorum
518 3198 642 3253 duci
669 3204 1153 3268 prmseutaverunt,
1179 3209 1335 3264 quem
1364 3194 1617 3249 alacriter
1647 3260 1689 3278 η

83 3293 247 3342 etcum
271 3304 456 3363 magno
485 3266 698 3345 honore
728 3284 1051 3355 suscipiens,
1086 3286 1233 3339 dedit
1258 3284 1306 3340 ei
1340 3283 1615 3339 abbatiam
1646 3266 1689 3317 ί)

85 3389 202 3434 more
247 3390 646 3437 anteeessorum
710 3392 953 3432 suortttn.
998 3374 1242 3429 Aderant
1315 3383 1442 3429 tunc
1494 3389 1615 3428 cum

86 3470 281 3544 principe
316 3473 587 3530 Robertus
616 3487 798 3528 eomes
829 3468 1085 3533 Mellcnti,
1110 3467 1447 3522 etRobertus
1477 3466 1619 3521 filius

86 3561 329 3621 Ancbittiili
402 3566 538 3639 [al.,
602 3568 936 3642 Ansebitilli}
1012 3569 1324 3624 consobrini
1377 3567 1616 3637 ejusdem

90 3650 293 3712 Willelmi
323 3659 473 3716 electi
504 3661 688 3727 Becci,
722 3662 813 3732 qui
843 3664 908 3717 de
932 3661 1050 3731 ejus
1089 3662 1430 3731 promotione
1462 3662 1619 3718 valde

88 3755 186 3799 sunt
217 3752 470 3819 gratulati.
502 3753 659 3809 Tune
715 3770 903 3811 comes
938 3755 1175 3811 Mellenti
1230 3757 1485 3826 prteccpit
1514 3757 1619 3811 llo-

90 3834 324 3896 bertoftlio
371 3846 676 3901 Anehittilli
715 3855 774 3901 ut
826 3863 1023 3903 novum
1081 3847 1314 3903 electum
1368 3848 1521 3903 Becci
1549 3849 1618 3902 ad

90 3937 423 3992 monasterium
478 3939 836 4014 conduceret,
892 3941 1156 3994 mandans
1201 3941 1458 3996 omnibus
1514 3942 1617 3995 mi-

92 4019 237 4081 nistris
262 4030 363 4085 suis
391 4045 456 4086 ne
490 4031 616 4102 quis
646 4033 744 4102 ipsi
774 4033 956 4088 abbati
985 4033 1166 4099 Becci,
1189 4034 1273 4091 vel
1305 4035 1618 4091 hominibus

91 4108 178 4175 eius
206 4114 249 4170 iu
270 4118 437 4190 aliquo
452 4122 718 4178 molestus
746 4139 863 4179 esse
893 4135 1269 4194 praesumeret.
1300 4126 1456 4180 Dedit
1489 4134 1619 4180 tunc

90 4214 235 4259 eomes
268 4205 490 4265 llellenti
526 4210 794 4267 Rebertus
816 4222 875 4267 ttt
900 4229 1008 4278 res,
1045 4229 1165 4283 quae
1190 4213 1256 4268 ad
1283 4216 1483 4269 victum
1511 4214 1620 4268 fra-

90 4298 200 4347 trutu
234 4297 558 4366 emebantur,
608 4300 804 4371 quieta:
848 4303 1103 4374 deinceps
1142 4313 1329 4359 essent
1375 4306 1443 4357 ab
1471 4304 1617 4358 omni

92 4390 452 4459 consuetudine,
486 4407 609 4464 qua:
637 4408 806 4463 usque
828 4395 897 4449 ad
942 4395 1069 4449 illud
1100 4405 1332 4466 tempus,
1359 4397 1425 4451 de
1459 4396 1620 4451 rebus

93 4471 142 4525 ad
184 4478 339 4537 cibum
376 4486 772 4553 monachorum
821 4486 1265 4557 pertinentibus,
1306 4488 1619 4558 ubicunque

94 4576 380 4668 emerentur,
443 4576 610 4631 etiam
671 4575 723 4630 in
769 4577 999 4647 coquina
1050 4577 1207 4633 Becci
1259 4594 1289 4632 a
1354 4578 1618 4633 ministris
1647 4608 1696 4668 υ

95 4650 287 4716 Brionnii
322 4663 403 4737 [f.,
439 4666 666 4738 Briouii]
698 4667 861 4722 castri
893 4668 1230 4739 exigebatur.
1284 4668 1621 4725 Procedente

95 4751 291 4820 tempore
315 4757 454 4813 dedit
505 4760 645 4815 idem
671 4776 853 4816 comes
880 4760 1135 4826 Mellenti,
1175 4777 1273 4832 per
1314 4771 1481 4817 totam
1516 4771 1622 4818 ter—

100 4852 187 4895 ram
233 4860 391 4916 suam,
425 4852 732 4920 ubicunque
776 4867 931 4905 suum
964 4860 1083 4906 erat
1141 4851 1241 4906 hoc
1271 4852 1488 4920 exigere
1539 4852 1621 4909 vel

99 4926 353 5011 dimittere,
402 4950 457 4995 ut
505 4956 697 4996 omnes
763 4940 1055 4996 Duminicte
1098 4956 1185 4997 res
1231 4943 1618 4998 monachorum
1664 5002 1665 5005 η

98 5015 240 5090 Βθεοίν
261 5031 321 5084 ad
356 5031 551 5087 vietum
599 5032 681 5087 vel
719 5032 969 5087 vestitum
1019 5032 1369 5102 pertinentes,
1397 5033 1622 5088 ubicun-

99 5125 180 5179 ‘llle
223 5124 453 5180 monachi
503 5136 709 5191 essent,
742 5127 808 5180 ad
858 5140 1088 5196 quorum
1134 5141 1260 5179 usus
1281 5126 1620 5192 emebantur,

104 5202 189 5261 tive
225 5211 272 5266 in
318 5214 570 5283 claustro,
627 5217 741 5273 sive
773 5227 926 5272 extra
953 5218 1278 5279 claustrum.
1316 5219 1366 5272 in
1398 5219 1624 5290 negotiis

109 5305 385 5373 monasterii,
406 5309 597 5379 quieta!
618 5309 797 5363 forent
822 5311 891 5363 ab
921 5294 1068 5363 omni
1096 5310 1484 5365 consuetudine
1508 5324 1627 5379 qua:

107 5384 286 5473 idonei,
312 5398 389 5452 vel
419 5400 707 5466 transitus,
734 5415 828 5455 seu
870 5399 977 5454 alio
1010 5401 1225 5456 nomine
1263 5412 1625 5473 nuncupatur.

107 5470 190 5533 lloc
211 5479 323 5540 fecit
344 5503 439 5557 pro
473 5507 657 5548 amore
703 5490 817 5558 Dei,
842 5500 897 5547 et
926 5490 1179 5547 Willelmi
1218 5470 1625 5548 abbatis'Becei

105 5576 277 5640 Cognati
308 5582 404 5635 sui.
436 5582 598 5640 Multa
637 5600 853 5656 quoque
902 5584 1016 5639 alia
1057 5583 1321 5640 beneﬁcia
1370 5584 1628 5641 Beceensi

107 5664 311 5722 cmnobio
346 5675 565 5731 contulit
596 5677 721 5731 dum
752 5674 908 5741 vixit,
936 5662 1108 5745 eausa
1132 5674 1370 5743 ejusdem
1392 5660 1626 5730 abbatis.

142 5750 319 5848 .llaque
359 5779 521 5821 novus
548 5767 751 5823 electus
780 5776 1003 5837 accepto
1036 5754 1248 5822 a'duce
1288 5767 1544 5836 Roberto,
1572 5777 1631 5823 ιιι

113 5841 276 5902 dictum
296 5861 392 5921 est,
418 5856 642 5916 abbati-.1:
668 5858 837 5927 dono,
868 5866 923 5914 et
952 5873 979 5912 a
1011 5857 1282 5915 Willelmo
1334 5858 1633 5935 Rotbotua-

1704 626 1963 697 principis
1992 627 2149 680 rediit
2170 642 2197 679 a
2239 627 2387 682 curia
2412 643 2534 682 cum
2563 628 2697 684 suis.
2734 628 2893 685 Venit
2932 642 3112 688 autem
3145 634 3275 690 Bcc-

1706 732 1827 771 cum
1872 731 1995 771 sero
2031 726 2151 786 post
2178 718 2612 787 complctorium,
2652 718 2738 774 die
2773 732 2899 777 ante
2926 723 3275 784 festivitatem

1706 808 2089 872 Dedicatiouis,
2114 825 2233 879 qua:
2278 811 2544 867 festivitas
2569 812 2935 873 Dedicationis
2960 828 3045 875 est
3066 808 3285 877 decimo»

1705 898 1972 955 Kalendas
2023 900 2365 968 Novembris,
2389 912 2443 957 et
2471 919 2535 958 eo
2561 919 2703 960 anno
2738 905 3023 964 Dominica
3043 910 3130 964 die
3159 928 3279 968 eve-

1706 991 1785 1046 nit
1824 1010 1837 1045 :
1874 1006 2100 1062 surgens
2164 995 2230 1048 ad
2270 995 2585 1060 matutinas,
2621 999 2764 1051 venit
2820 999 3025 1055 electus
3066 1006 3117 1056 in
3150 1004 3285 1059 ebo-

1706 1099 1846 1148 rum,
1878 1093 1932 1137 et
1967 1084 2117 1137 stetit
2148 1084 2198 1137 in
2229 1083 2349 1139 loco
2372 1085 2523 1153 jnvta
2546 1088 2726 1142 sedem
2754 1108 2762 1141 :
2786 1089 2932 1145 bbati
2952 1110 2981 1154 ξ,
3012 1106 3073 1147 ac
3103 1084 3283 1148 totum.

1710 1172 1942 1227 ollicium
2002 1172 2314 1231 festivitatis
2355 1187 2673 1233 nueturnmn
2705 1188 2758 1235 rt
2786 1181 3038 1236 diurnum
3084 1184 3278 1239 dcen-

1682 1264 1683 1267 “
1708 1272 1805 1325 ter.
1839 1274 1898 1318 ut
1927 1265 2112 1331 abbas,
2137 1268 2446 1337 complevit.
2480 1269 2612 1323 Acta
2640 1280 2765 1324 sunt
2787 1271 2903 1326 haec
2934 1287 3073 1328 anno
3102 1273 3284 1329 Domi-

1709 1355 1843 1409 nicae
1870 1352 2260 1411 [neat-nationis
2290 1358 2441 1414 1093.
2465 1358 2584 1430 Ipsa
2622 1361 2727 1424 die,
2746 1360 2957 1416 Willclu
2981 1380 3045 1418 us
3072 1360 3284 1421 electus

1708 1450 1845 1504 sedit
1872 1448 2129 1518 primum,
2162 1461 2219 1504 ut
2266 1452 2457 1518 abbas,
2508 1452 2561 1507 in
2616 1453 2873 1523 capitulo,
2938 1456 3008 1511 ab
3063 1456 3152 1511 illo
3197 1458 3285 1513 die

1708 1541 1999 1611 disponens
2044 1543 2225 1595 omnia
2272 1544 2346 1596 int
2388 1559 2415 1598 s
2466 1553 2519 1597 et
2558 1555 2713 1599 extra
2758 1546 3285 1604 convenien‘ermo-

1707 1633 1931 1687 nasterii
1995 1635 2229 1702 negotia,
2267 1634 2623 1703 gaudentibus
2671 1637 2882 1690 cunctis
2919 1639 3061 1705 quod
3120 1636 3282 1694 talem

1708 1724 1848 1779 Dens
1864 1724 2119 1781 Anselmo
2147 1741 2516 1782 successorem
2541 1736 2596 1781 ct
2617 1728 2716 1781 sibi
2734 1727 2800 1783 de
2823 1730 2957 1783 'erat
2986 1738 3285 1798 pastorem.

1710 1814 1913 1870 Tamen
1964 1827 2090 1871 ante
2141 1818 2571 1873 benedictionem
2628 1834 2725 1875 nec
2765 1819 2817 1874 in
2864 1822 3044 1875 sedem
3073 1822 3288 1878 abbatis

1715 1907 1956 1971 intravit,
2010 1921 2107 1963 nec
2166 1908 2369 1977 virgam
2412 1909 2731 1977 pastoralem
2784 1910 3036 1979 portavit,
3095 1912 3187 1967 sed
3220 1912 3287 1967 de

1711 1999 2086 2055 benedictione
2108 2000 2460 2054 acceleranda
2482 2000 2682 2054 nu'latn
2710 2010 2766 2053 ut
2788 2001 3073 2056 videbatur
3098 2017 3284 2057 curam

1712 2089 1973 2157 habebat;
2007 2105 2126 2161 qure
2161 2090 2466 2144 benedictio
2494 2090 2660 2144 dilata
2715 2100 2799 2145 est
2848 2106 3015 2161 usque
3046 2092 3111 2145 ad
3172 2093 3285 2148 Au-

1713 2191 1927 2251 gustum
1981 2196 2223 2236 mensem
2272 2182 2398 2235 anni
2436 2182 2732 2251 sequentis.
2766 2180 2962 2235 Verum
3001 2182 3289 2237 Atrelmus

1714 2288 1818 2326 non
1870 2272 2069 2327 oblitus
2114 2275 2257 2342 quod
2287 2261 2589 2343 'inceprrat
2625 2313 2639 2338 ,
2699 2274 2913 2344 rogavit
2960 2273 3288 2329 Willelmum

1716 2364 2208 2435 Ruthomageusem
2267 2364 2730 2435 archiepiscopum
2783 2366 2849 2420 de
2916 2366 3289 2421 leuedictione

1715 2456 1799 2511 ab!
1822 2458 1930 2511 atis
1954 2457 2132 2525 Becci,
2168 2458 2352 2511 ethoc
2407 2456 2580 2525 ipsum
2614 2473 2708 2527 per
2733 2456 2944 2513 litteras
2974 2458 3137 2528 priori
3166 2458 3291 2513 Bal.

1716 2548 1890 2611 drieo,
1942 2557 1997 2603 et
2037 2548 2322 2603 conventui
2378 2547 2697 2603 notili'eavit.
2749 2550 2986 2603 lntraute
3046 2549 3295 2619 Augusto

1718 2656 1925 2707 mense,
1959 2639 2237 2695 Baldricus
2269 2640 2413 2709 prior
2454 2650 2509 2695 et
2552 2639 2639 2694 alii
2673 2640 2890 2711 quidam
2944 2639 3139 2695 fratres
3166 2656 3290 2695 cum

1716 2748 1782 2787 eo
1835 2742 2192 2804 perrexerunt
2243 2733 2639 2802 Rothomagum
2702 2748 2823 2787 cum
2876 2732 3290 2802 archiepiscopo

1718 2824 1957 2913 locuturi
1980 2825 2047 2879 de
2075 2824 2448 2879 benedictione
2479 2823 2691 2879 abbatis
2738 2823 2821 2878 sui
2844 2840 2858 2889 ;
2884 2824 2974 2893 qui
3016 2824 3157 2878 diem
3197 2825 3296 2878 be-

1719 2917 2043 2973 nedictionis
2065 2916 2345 2970 constituit
2375 2916 2427 2970 in
2464 2916 2711 2985 proxima
2743 2914 3034 2969 festivitate
3062 2914 3118 2969 S.
3150 2915 3297 2969 Lau-

1720 3009 1899 3063 rentii.
1935 3008 2206 3084 Reversus
2241 3008 2389 3078 prior
2437 3009 2572 3062 dixit
2628 3009 2915 3063 conventui
2957 3025 3078 3079 quae
3116 3009 3185 3064 ab
3209 3024 3297 3063 ar-

1721 3100 2060 3174 chiepiscopo
2108 3109 2424 3172 acceperat.
2488 3100 2553 3157 Et
2606 3100 2730 3173 quia
2781 3100 3072 3172 prmlictus
3132 3100 3298 3158 abbas

1721 3196 1987 3266 Rogcrius
2008 3212 2180 3267 nuper
2195 3196 2427 3260 obicrat,
2451 3196 2789 3251 miseruutad
2815 3195 3141 3251 Willelmum
3173 3195 3301 3250 Cor-

1721 3290 2032 3345 niclieuscm
2103 3291 2351 3346 abbatem
2409 3292 2580 3345 virum
2656 3290 2886 3346 nobilem
2956 3286 3011 3345 et
3074 3292 3299 3356 bonum,

1719 3391 1881 3450 atque
1904 3382 2145 3450 apprime
2167 3380 2363 3435 litteris
2384 3382 2676 3446 eruditum,
2700 3390 2754 3434 et
2774 3382 2947 3450 ipsum
2972 3384 3298 3437 monachum

1718 3470 2066 3532 Bect'ensem,
2114 3478 2171 3523 ut
2221 3470 2428 3525 veniret
2474 3471 2542 3524 ad
2594 3470 3026 3526 benedictionem
3088 3472 3301 3549 abbatis

1718 3564 1905 3629 Becci;
1936 3563 2027 3633 qui
2061 3563 2235 3617 libens
2263 3563 2461 3633 paruit.
2496 3564 2590 3617 Die
2617 3564 2929 3619 festivitatis
2968 3564 3025 3618 S.
3060 3563 3301 3621 Laurcno

1721 3656 1802 3719 tii,
1830 3671 1951 3709 cum
1984 3654 2423 3724 archiepiscopus
2476 3662 2645 3709 staret
2684 3656 2749 3709 ad
2785 3654 2960 3709 altare
3014 3654 3300 3723 infulatus,

1720 3758 1880 3817 atque
1909 3746 2111 3801 electus
2135 3745 2291 3802 Becci
2320 3755 2464 3802 esset
2493 3748 2734 3803 vestibus
2748 3746 2920 3803 sacris
2959 3746 3202 3812 indutus,
3246 3756 3303 3804 et

1721 3840 1948 3896 instaret
1995 3838 2126 3893 hora
2151 3847 2209 3893 ut
2257 3838 2323 3894 ad
2379 3839 2806 3895 benedicendum
2855 3849 3299 3911 prteseutaretur,

1720 3930 1923 3985 audivit
1985 3945 2012 3982 a
2069 3927 2432 3986 referentibus
2489 3929 2631 4000 quod
2685 3930 3128 4001 archiepiscopus
3193 3947 3302 3987 non

1720 4022 2067 4077 bcnedieeret
2102 4036 2250 4085 eum,
2308 4021 2411 4075 nisi
2472 4020 2863 4092 professionem
2911 4020 3145 4087 faceret;
3208 4022 3301 4075 sed

1722 4114 2001 4184 respondit
2030 4129 2087 4169 se
2110 4113 2418 4168 nullomodo
2467 4111 2758 4167 facturum.
2779 4112 2931 4166 Tune
2965 4113 3113 4181 prior
3145 4096 3304 4166 Becci

1720 4205 2001 4260 Baldricus
2064 4219 2185 4258 eum
2229 4204 2520 4272 aliquantis
2570 4202 2852 4256 monachis
2892 4200 3140 4256 concitus
3181 4216 3306 4269 per-

1721 4299 1862 4351 rexit
1886 4298 1952 4349 ad
1981 4295 2233 4349 comitem
2264 4290 2664 4348 Nortlmzaanim
2688 4292 3012 4355 “ubertum,
3043 4290 3305 4344 intitnans

1670 4374 1675 4379 ⁷
1719 4387 1769 4442 ei
1818 4386 1961 4456 quod
2011 4384 2451 4454 archiepiscopus
2488 4382 2731 4451 exigeret
2783 4380 2852 4436 ab
2904 4381 3109 4437 abbate.
3145 4377 3305 4434 Bcccl

1720 4478 2106 4549 professionem
2135 4491 2295 4543 quam
2328 4482 2701 4529 antecessores
2738 4475 2856 4540 ejus
2897 4487 3000 4526 non
3035 4469 3299 4525 fecerant.

1720 4568 1867 4621 lllico
1890 4567 1996 4620 dux
2034 4564 2523 4620 misitWillelmum
2548 4562 2615 4617 de
2637 4561 2881 4621 Britolio,
2902 4558 3303 4616 etWillelmum

1729 4659 1893 4713 filium
1918 4658 2172 4713 Richardi
2199 4658 2264 4712 de
2309 4654 2639 4719 Barduvilla,
2670 4670 2795 4709 cum
2827 4652 3056 4709 Ernnlfo
3084 4652 3302 4708 cancel-

1729 4750 1866 4804 lario
1907 4765 2026 4813 suo,
2071 4749 2335 4804 mandans
2368 4755 2425 4801 et
2468 4747 2789 4816 prmcipiens
2819 4745 3093 4800 Willelmo
3124 4744 3307 4798 archi-

1726 4842 1979 4911 episcopo
2002 4850 2060 4895 ιιι
2098 4840 2347 4895 abbatem
2397 4836 2552 4892 Becci
2602 4838 2720 4892 sine
2752 4851 2902 4890 mora
2934 4834 3304 4897 benediceret,

1728 4930 1969 4999 nihilque
1996 4930 2064 4985 ab
2097 4946 2162 4985 eo
2186 4924 2445 4999 exigeret.
2478 4927 2579 4982 nisi
2608 4927 2750 4997 quod
2789 4934 3068 4982 constaret
3099 4941 3127 4978 a
3180 4923 3312 4979 Bec-

1726 5024 1980 5079 eensibus
2006 5022 2289 5077 abbatibus
2316 5010 2517 5075 factum
2546 5035 2665 5075 esse
2696 5017 3129 5075 antecessoribus
3171 5014 3308 5083 ejus.

1726 5114 1967 5170 Audiens
2014 5115 2115 5169 hoc
2162 5114 2605 5183 aI‘ChleplSCOpllS
2652 5110 2761 5184 Μ
2791 5111 2962 5165 iratus
3006 5117 3089 5164 est
3120 5108 3307 5172 valde;

1731 5215 1909 5262 tamen
1938 5206 2163 5276 perfecit
2190 5206 2333 5275 quod
2387 5206 2660 5276 inceptum
2685 5213 2824 5269 erat,
2853 5213 2907 5258 et
2934 5202 3185 5257 abbatem
3216 5201 3313 5255 be-

1729 5297 1933 5351 nedixit
1984 5295 2100 5350 sine
2130 5294 2491 5366 professione,
2524 5294 2648 5365 quia
2689 5300 3014 5362 praeceptum
3052 5289 3315 5360 principis

1731 5395 1881 5450 illmn
1913 5395 2160 5466 cogebat.
2204 5393 2398 5450 Postea
2439 5391 2837 5447 abbaslacm
2864 5398 2945 5444 est
2972 5404 3096 5443 cum
3134 5388 3315 5442 archi-

1733 5489 2007 5559 episcopo,
2048 5496 2210 5557 atque
2266 5488 2319 5542 in
2363 5488 2572 5541 tantam
2628 5481 2860 5554 gratiam
2918 5481 3069 5536 illum
3117 5478 3313 5551 praesul

1733 5583 1941 5654 accepit
1975 5592 2030 5637 ut
2059 5580 2266 5637 nullum
2300 5580 2359 5635 in
2385 5575 2773 5634 Northmannia
2808 5573 3058 5630 abbatem
3099 5573 3315 5629 ebarim

1732 5692 1868 5741 rem,
1899 5675 1979 5730 vel
2007 5672 2412 5730 familiariorem
2466 5670 2715 5727 haberet.
2767 5667 2990 5725 Postera
3032 5662 3122 5722 die
3152 5666 3317 5722 rediit

1732 5770 1800 5823 ad
1856 5765 2268 5822 monasterium.
2328 5762 2781 5833 Archiepiseopus
2858 5774 2989 5815 vero
3057 5757 3319 5829 pnecepit

1732 5860 2005 5918 Willelmo
2037 5855 2390 5918 Corutelieusi
2432 5854 2611 5912 abbati
2656 5863 2715 5911 ut
2746 5852 2906 5911 simul
2940 5866 3062 5907 cum
3092 5864 3158 5905 eo
3193 5861 3320 5917 per-
