3886 6292
20 4173 22 4280 t

20 4283 24 4410 ἓ

560 460 690 517 719·

1529 441 1881 534 Αθριιῑιιιι
1921 441 1981 493 Β.
2023 435 2412 493 ιΑλιίιιΑΧίζι
2453 431 2822 507 ΑΡΡΕΝΟῙΧ.

3682 425 3762 483 liti

561 580 729 648 geret,
762 579 816 624 et
865 568 916 622 in
965 543 1409 622 sedem'abbatis
1439 559 1558 615 vice
1612 573 1708 614 sua
1755 552 2143 610 introduceret.
2187 554 2223 610 Α
2251 550 2467 604 videtur
2513 557 2570 602 ut
2624 549 2714 616 qui
2769 561 2865 601 sua
2907 547 3020 600 vult
3065 543 3353 610 c‘tsto'l-i,
3405 556 3432 595 a
3469 543 3763 610 sequentibus

560 643 724 719 ilenit
743 671 924 716 autem
943 674 1064 715 cum
1095 649 1288 726 majori
1318 669 1423 724 qua
1449 651 1620 722 potuit
1646 645 1968 708 humilitate,
1992 643 2149 697 nudis

555 757 812 828 pedibus,
841 762 898 809 et
944 759 1232 822 susceptus
1281 757 1364 801 est
1418 743 1732 799 afratribns
1779 752 1970 810 magno
2024 749 2146 790 cum

556 827 769 906 honore
803 855 859 901 et
911 844 1127 916 gaudio,
1175 851 1228 895 et
1295 840 1347 894 in
1397 835 1682 893 ecclesiam
1733 831 1945 885 ductus.
1976 827 2150 882 'Tunc

563 937 736 995 abbas
781 934 1190 994 Cormclieusis,
1240 940 1298 984 ut
1336 928 1434 982 sibi
1487 923 1697 994 iussum
1753 932 1898 986 crat,
1945 935 2067 974 cum
2095 917 2147 990 in

564 1029 750 1085 sedem
778 1027 947 1093 misit,
971 1035 1026 1080 et
1056 1009 1317 1092 incipiens
1353 1019 1422 1074 Te
1448 1019 1613 1071 Deum
1653 1013 1956 1078 laudamus,
1986 1025 2147 1065 oscuv

559 1118 706 1175 latus
749 1127 832 1174 est
885 1131 1098 1171 omnem
1145 1120 1492 1168 conventum.
1545 1107 1621 1162 lta
1679 1106 1790 1160 Deo
1832 1103 2152 1174 disponente

564 1223 855 1266 successor
879 1197 1054 1261 factus
1083 1213 1164 1260 est
1196 1201 1497 1258 Willelmus
1534 1196 1861 1254 venerabilis
1883 1192 2151 1255 Anselmi,

565 1313 620 1358 et
658 1301 894 1370 regimen
944 1295 1226 1352 Bccccnsis
1277 1291 1510 1348 emnobi-i
1552 1297 1673 1361 post
1721 1303 1845 1344 eum
1892 1283 2150 1354 suscepit,

566 1401 729 1464 atque
759 1406 854 1459 per
878 1390 1063 1459 plures
1101 1401 1272 1441 annos
1321 1399 1445 1438 cum
1490 1381 1698 1436 honore
1745 1377 1938 1434 tenuit.
1987 1373 2154 1444 Cujus

568 1482 902 1554 temporibus
929 1479 1069 1534 idem
1094 1479 1364 1532 Becceuse
1389 1474 1696 1530 coenobium
1731 1470 1973 1526 exterius
2013 1466 2153 1520 mul-

493 1563 498 1567 ”
565 1575 636 1627 tis
667 1582 722 1628 et
752 1570 962 1642 magnis
987 1568 1228 1640 prmdiis,
1271 1576 1324 1622 et
1350 1565 1609 1620 reditibus
1634 1562 1724 1617 Dei
1759 1559 2151 1622 misericordia,

600 1682 622 1720 ι
643 1665 944 1737 principum
994 1662 1328 1730 aliorumque
1353 1657 1586 1713 fidelium
1615 1655 1905 1724 largitione
1933 1649 2156 1720 amplia-

565 1771 706 1824 mm,
761 1755 990 1810 interius
1025 1753 1320 1824 religione,
1345 1749 1614 1806 nobilibus
1653 1747 1786 1802 viris
1812 1761 1875 1800 ac
1895 1740 2157 1813 sapienti-

554 1851 692 1912 bus,
732 1845 1067 1910 ornamentis
1095 1857 1310 1914 quoque
1339 1840 1615 1912 pretiosis,
1664 1825 1720 1893 et
1778 1834 2020 1891 {adificiis
2073 1842 2156 1887 est

2249 639 2524 695 studente:
2542 638 2653 709 ipse
2666 637 2901 706 priorum
2925 650 3140 690 suorum
3161 634 3239 703 ju,~
3254 647 3313 685 sa
3343 645 3570 685 servare.
3593 627 3764 696 Quando

2250 740 2427 786 autem
2455 729 2783 799 aliquorsu-u
2813 726 2963 797 proﬁt
2983 725 3043 781 ia
3063 725 3079 780 i
3103 725 3189 779 hat
3210 725 3339 779 e'rat
3389 732 3503 790 post
3525 723 3764 778 or;.t'o.tcm

2252 815 2306 877 in
2335 821 2562 878 ecclesia
2601 820 2740 874 facta
2769 839 2819 878 ιι,
2849 833 2880 872 a
2906 819 2915 868 ι
2944 815 3248 884 sepulcrum
3281 813 3340 866 Β.
3372 811 3548 866 Patris
3583 811 3766 868 Herltiui

2253 915 2304 971 in
2337 913 2626 984 capitulum
2652 910 2931 982 pe'gehat,
2962 919 3018 964 et
3062 923 3120 963 se
3152 905 3296 962 ilLius
3315 904 3641 960 orationibus
3663 921 3768 960 coin-

2252 1007 2572 1069 mendabal;
2596 1003 2952 1072 similiterque
2980 1010 3256 1053 revertens
3300 997 3546 1049 faciebat.

2323 1097 2714 1155 Narrav'tmihi
2740 1095 2754 1150 i
2779 1097 2880 1149 lem
2906 1097 2948 1148 a'
2975 1091 3072 1146 bas
3099 1090 3401 1145 Willchuus
3426 1082 3564 1156 quod
3592 1095 3770 1140 nothum

2253 1211 2357 1250 una
2388 1189 2638 1264 appar.:it
2677 1191 2722 1245 ei
2754 1188 2974 1241 sanctus
3009 1184 3169 1238 Pater
3225 1182 3284 1234 ιιι
3305 1181 3530 1235 rluinus.
3563 1187 3610 1233 et
3634 1194 3773 1247 appre-

2255 1285 2496 1342 hendens
2526 1300 2648 1338 cum
2676 1282 2978 1338 deducebat
3003 1264 3098 1351 per
3125 1275 3370 1334 ollicinas
3423 1275 3718 1339 ironastetii,
3737 1277 3776 1326 et

2254 1378 2400 1432 circa
2434 1392 2680 1446 parcum,
2709 1383 2768 1429 ut
2797 1373 2895 1428 sibi
2931 1371 3232 1435 videbatur,
3291 1379 3343 1422 et
3368 1368 3420 1421 in
3455 1367 3704 1420 ecclesiam
3730 1367 3774 1419 de

2254 1467 2558 1523 Burncvilla
2585 1482 2748 1537 quam
2778 1465 2892 1536 ipse
2921 1471 3144 1519 sanctus
3201 1476 3362 1515 manu
3400 1472 3496 1515 sua
3524 1458 3772 1522 aedificavit,

2251 1570 2308 1616 et
2331 1559 2409 1616 sic
2435 1559 2595 1614 rediit
2620 1564 2685 1612 ad
2715 1557 3120 1620 monasterium,
3153 1563 3208 1609 et
3230 1569 3279 1604 vi
3300 1554 3452 1608 n'ens
3472 1551 3523 1604 in
3547 1550 3778 1604 claustrum
3862 1605 3863 1614 χ

2256 1669 2360 1709 non
2391 1652 2591 1722 reperit
2614 1651 2685 1706 ibi
2717 1650 2818 1705 nisi
2869 1664 3035 1704 unum
3061 1647 3385 1702 monachu'u
3415 1652 3644 1706 tantum,
3678 1645 3780 1697 unde

2255 1746 2425 1801 abbas
2442 1743 2745 1800 Willelmus
2775 1739 3172 1812 aliquantulum
3211 1737 3427 1792 erubuit
3451 1725 3624 1804 sicque
3648 1737 3782 1806 dispa-

2256 1838 2382 1892 ruit.
2412 1837 2466 1890 ln
2500 1845 2608 1890 tota
2632 1835 2734 1890 hac
2759 1834 2961 1888 \isione
2976 1846 3191 1902 semper
3211 1837 3429 1884 sanctus
3454 1826 3540 1899 Π..
3569 1825 3779 1896 sumtum}

567 1939 907 1996 decoratum.
945 1937 1051 2014 Qui
1077 1936 1217 1990 enim
1248 1933 1413 1988 Iosue
1441 1932 1656 1986 dixerat
1679 1928 1842 2000 Moysi
1874 1924 2150 1980 ministro:
2188 1930 2230 1984 Β
2259 1932 2447 1985 habuit
2495 1929 2746 1984 abbatem
2803 1925 2871 1982 ad
2909 1925 3186 1979 dexteram
3225 1937 3402 1984 suam,
3442 1918 3530 1974 se!
3575 1919 3687 1973 nihil
3725 1919 3779 1971 illi
3862 1965 3863 1968 η

573 2029 720 2085 Sicut
757 2029 836 2098 fui
874 2044 988 2082 cum
1019 2025 1221 2096 Moyse,
1254 2027 1328 2078 ita
1381 2039 1468 2077 cro
1499 2031 1669 2076 tecum
1694 2017 1831 2088 (los.
1865 2032 1904 2082 t,
1937 2015 2013 2085 5),
2045 2013 2160 2082 ipse

573 2130 632 2174 ιιι
685 2136 805 2173 cum
863 2130 1195 2188 praecessore
1236 2113 1519 2177 Ausclmo,
1563 2111 1636 2165 ita
1680 2124 1805 2164 cum
1848 2117 2162 2162 successore

567 2209 844 2265 Witlchno
866 2206 1252 2278 perseveravit,
1283 2219 1380 2276 per
1409 2219 1572 2274 quem
1600 2198 1703 2255 fuit
1751 2199 1835 2254 vir
1863 2196 1920 2252 in
1975 2191 2157 2250 multis

569 2317 832 2374 prospere
865 2316 1050 2371 agens.

645 2392 812 2446 Erant
844 2402 970 2445 tunc
1001 2387 1258 2459 temporis
1314 2387 1366 2442 iu
1417 2385 1660 2440 Ecclesia
1701 2380 1858 2437 Becci
1883 2377 2035 2435 multi
2068 2393 2166 2432 no-

571 2485 711 2540 biles
748 2484 844 2537 viri
874 2494 930 2538 et
969 2479 1242 2551 religiosi,
1274 2488 1382 2532 tam
1430 2475 1654 2532 litterati
1685 2489 1845 2544 quam
1875 2467 2162 2531 illitterati,

573 2575 664 2644 qui
692 2575 757 2628 de
788 2574 1019 2627 diversis
1047 2569 1342 2642 provinciis
1383 2565 1449 2620 ad
1498 2563 1842 2622 serviendum
1879 2562 1988 2615 Deo
2039 2556 2166 2612 illuc

575 2676 972 2728 conruerunt;
1006 2678 1236 2734 quorum
1265 2660 1430 2730 aliqui
1463 2673 1496 2712 a
1521 2666 1765 2726 tempore
1814 2652 1957 2707 beati
1989 2649 2165 2704 Patris

575 2755 1011 2811 ilerl-tiuiadhue
1037 2753 1327 2816 durabant,
1361 2748 1601 2805 nonnulli
1630 2747 1729 2802 sub
1761 2754 1950 2800 sancto
1981 2743 2092 2798 Ana
2125 2739 2170 2794 1ο

580 2849 850 2907 ιιιαλιιιεο.
878 2842 1136 2898 ιιιιιιιιΙιιιιι
1172 2839 1540 2907 relinquentes
1568 2836 1678 2890 Deo
1707 2834 1942 2888 militare
1987 2846 2169 2900 cmpe-

484 2999 499 3016 ,
577 2946 732 2999 rant;
768 2932 917 2987 muli
946 2931 1045 2986 sub
1070 2933 1262 2984 eodem
1284 2927 1557 2982 Willelmo
1603 2923 1979 2978 renuntiantes
2005 2935 2170 2975 smcu-

581 3029 656 3090 lo,
689 3024 791 3078 levi
813 3023 944 3093 jugo
991 3020 1192 3075 Christi
1232 3018 1370 3072 colla
1400 3007 1718 3072 submittere
1739 3014 2062 3085 gaudebant.
2090 3011 2168 3066 Ex

577 3117 670 3171 his
693 3126 878 3186 posma
904 3113 1134 3167 vidimus
1159 3111 1358 3182 'plures
1403 3105 1770 3164 Ecclesiaru'm
1819 3103 2170 3159 honorabiles

585 3216 842 3262 rectores.
872 3205 945 3259 De
967 3204 1054 3257 his
1085 3203 1138 3257 fu
1165 3212 1185 3257 t
1212 3216 1334 3257 cmn
1365 3202 1568 3256 honore
1625 3197 1982 3253 nominandus
2008 3194 2171 3262 Boso,

2261 2023 2419 2078 dixit.
2445 2021 2583 2088 Quid
2609 2035 2735 2072 vero
2756 2018 2870 2072 haec
2899 2017 3034 2071 visio
3053 2024 3188 2086 praet
3221 2013 3292 2068 nil
3328 2007 3422 2068 bat
3449 2011 3687 2070 nescitur,
3709 2012 3782 2064 nisi

2261 2113 2403 2183 quod
2441 2112 2558 2180 ipse
2579 2105 2884 2163 Willelmus
2907 2105 3074 2160 abbas
3122 2105 3256 2158 dixit
3283 2103 3525 2158 fortassis
3551 2101 3720 2170 aliquit
3746 2103 3782 2151 in

2262 2201 2594 2257 monasterio
2625 2214 2745 2254 esse
2771 2198 2914 2268 quod
2933 2197 3094 2251 Pater
3127 2195 3341 2249 "olebat
3371 2192 3653 2247 emendari.
3683 2191 3782 2256 Qni-

2262 2295 2385 2351 dam
2417 2293 2736 2359 monachus,
2775 2291 2864 2362 qui
2907 2291 3187 2345 dicebatur
3214 2287 3508 2352 Robertus,
3534 2286 3717 2356 petebat
3737 2283 3784 2336 li-

2265 2390 2498 2445 centiam
2525 2386 2684 2443 euudi
2718 2385 2771 2440 in
2823 2381 3084 2454 Angliam
3120 2396 3282 2436 causa
3307 2378 3523 2433 videndi
3569 2376 3787 2439 archiepi-

2265 2495 2485 2550 sc0pum
2515 2487 2761 2531 sanctum
2792 2473 2956 2528 Ausci
2981 2487 3126 2534 num,
3158 2480 3213 2525 et
3237 2468 3488 2539 loquendi
3507 2483 3618 2522 cum
3647 2481 3716 2527 eo,
3744 2473 3785 2516 ut

2266 2563 2570 2634 asserebat,
2602 2569 2669 2622 de
2719 2566 2892 2621 salute
2937 2564 3133 2618 anima:
3183 2575 3316 2617 suae.
3337 2559 3496 2643 'Quod
3527 2573 3635 2612 cum
3663 2557 3789 2610 abbas

2267 2665 2570 2721 Willelmus
2599 2653 2768 2716 (nollet
2819 2658 3144 2722 concedere,
3173 2658 3226 2710 in
3259 2651 3495 2723 capitulo
3523 2665 3684 2706 coram
3705 2663 3790 2702 om-

2277 2757 2435 2811 nibus
2463 2753 2670 2826 rngavit
2692 2760 2912 2817 cum,ut
2938 2749 3078 2819 quod
3107 2747 3346 2818 petebat,
3377 2744 3476 2800 sibi
3507 2741 3792 2800 concederet;
3862 2791 3863 2798 η

2279 2845 2376 2899 sed
2405 2859 2529 2897 cum
2562 2857 2734 2912 neque
2763 2841 2842 2895 sic
2879 2839 3048 2893 abbas
3085 2849 3366 2890 assensum
3409 2831 3636 2901 prmbere
3657 2828 3792 2888 vellet,

2271 2931 2406 2988 dixit
2438 2931 2606 2985 frater
2634 2948 2648 2984 :
2688 2948 2704 2979 ι
2732 2927 2788 2983 Si
2816 2926 3115 2982 conceditis
3141 2925 3247 2988 ibo,
3279 2931 3328 2978 et
3361 2922 3531 2977 sinon
3560 2935 3703 2975 couce
3733 2919 3796 2972 its

2273 3023 2378 3078 ibo.
2407 3041 2424 3075 ι
2451 3020 2602 3088 Quod
2628 3018 2852 3074 vet-bum
2881 3016 3060 3071 abbati
3087 3031 3190 3069 non
3213 3015 3450 3085 placuit;
3474 3023 3635 3067 tamen
3659 3019 3792 3078 postea

2273 3114 2529 3167 dimissus
2559 3109 2824 3165 vnlttntali
2879 3124 2990 3164 sua:
3048 3108 3316 3178 perrexit,
3350 3119 3499 3160 mare
3544 3103 3794 3159 transiil,iu

2273 3201 2704 3274 Angliamveuit,
2733 3216 2831 3256 nec
2863 3198 3029 3254 multo
3067 3207 3191 3268 post
3210 3197 3366 3252 obiit.
3379 3195 3612 3251 Clericus
3629 3195 3795 3263 quidam

585 3300 675 3370 qui
709 3291 949 3367 minuere
971 3294 1146 3351 sancti
1173 3284 1411 3349 Ansclmi
1446 3290 1594 3346 venit
1629 3289 1697 3344 ad
1743 3287 2023 3349 ordinem:
2053 3287 2168 3348 sed.
2201 3289 2243 3348 C
2275 3297 2614 3368 grandmvus,
2674 3292 2940 3349 vocabulo
2988 3289 3319 3353 Willelmus,
3362 3287 3647 3343 solitariam
3675 3286 3797 3337 nam
3862 3329 3863 3334 η

586 3391 688 3446 sub
717 3391 906 3444 eodem
937 3377 1046 3442 Wil
1070 3387 1212 3441 elmo
1251 3384 1470 3448 abbate,
1497 3390 1616 3452 post
1642 3396 1785 3450 saepe
1815 3381 2016 3435 dictum
2045 3376 2171 3431 Bal-

589 3483 799 3536 dricum
829 3482 980 3551 prior
1006 3479 1196 3544 factus,
1213 3487 1268 3532 et
1297 3485 1420 3546 post
1440 3476 1614 3544 ipsum
1645 3472 1979 3526 Willehnum
2008 3471 2177 3526 abbas

587 3587 668 3633 est
699 3577 1047 3638 constitutus,
1093 3572 1358 3641 sapientia
1381 3579 1436 3624 et
1465 3570 1750 3624 honestate
1783 3565 1904 3620 vitae
1931 3573 2176 3619 ornatus.

585 3671 838 3741 Ejusdem
865 3680 1079 3737 quoque
1101 3663 1356 3718 Willelmi
1388 3671 1627 3731 tempore
1658 3658 1835 3715 factus
1873 3667 1957 3712 est
1985 3671 2179 3711 mona-

590 3765 725 3816 chus
753 3759 970 3832 quidam
998 3756 1214 3825 juvenis
1259 3755 1412 3806 bonae
1441 3749 1638 3806 indolis
1687 3746 1939 3803 nobiliter
1999 3754 2179 3812 natus,

593 3855 820 3909 scientia
863 3853 1166 3906 litterarum
1224 3847 1507 3918 prteditus,
1545 3844 1764 3899 nomine
1811 3841 2180 3908 Tbcobaldus,

593 3947 683 4014 qui
725 3944 971 4014 religiose
1001 3941 1089 3994 diu
1130 3941 1180 3993 in
1219 3937 1470 3992 emnobio
1519 3943 1894 3998 conversatus,
1920 3940 2043 4002 post
2081 3929 2186 3985 lio-

594 4054 780 4092 sonezn
808 4035 978 4104 prior,
1002 4041 1054 4084 et
1079 4031 1172 4084 illo
1189 4028 1445 4084 defuncto
1470 4027 1736 4081 abbasest
1755 4024 2100 4092 subrogatus,
2131 4028 2184 4074 et

597 4149 701 4184 non
733 4131 902 4184 utulto
933 4138 1052 4196 pust
1085 4127 1135 4179 in
1160 4123 1687 4194 archiepiscopatum
1712 4119 2023 4174 Cantuarii!)
2056 4116 2185 4171 sub—

557 4207 562 4211 .
595 4223 836 4276 limatus.
885 4221 1112 4286 Quidam
1158 4216 1455 4271 monachus
1478 4213 1623 4267 venit
1669 4211 1736 4265 ad
1765 4210 2017 4264 abbatem
2047 4207 2187 4262 Wil-

597 4315 816 4368 lelmum
885 4322 1074 4382 petens
1127 4319 1187 4364 ιιι
1244 4309 1296 4362 in
1356 4303 1740 4360 monasterium
1796 4301 2186 4371 susciper.t.tr,

553 4395 558 4400 ’
596 4407 783 4462 volens
839 4405 1056 4458 firmare
1089 4401 1442 4467 stabilitatem
1498 4410 1653 4451 suam
1704 4393 1758 4450 in
1804 4393 1923 4448 loco
1971 4394 2184 4448 eodem.

556 4487 560 4492 ’
600 4502 753 4569 Quod
781 4513 902 4551 cum
932 4495 1097 4549 abbas
1126 4493 1356 4563 primunt
1384 4489 1565 4545 facere
1584 4485 1905 4550 distulisset,
1941 4499 2041 4539 nec
2065 4497 2187 4538 eum

603 4592 842 4646 retinere
869 4601 966 4640 nec
1017 4585 1236 4638 oumino
1263 4580 1500 4636 refutare
1534 4577 1712 4640 vellet,
1740 4592 1862 4632 cum
1895 4574 2008 4644 jam
2044 4573 2190 4628 ilium

2279 3405 2470 3460 agens,
2533 3387 2684 3442 venit
2735 3386 2800 3439 ad
2862 3384 3275 3450 monasterium,
3330 3381 3516 3435 volens
3566 3377 3800 3432 monachus

2281 3480 2504 3543 licri;et
2543 3479 2665 3548 quia
2692 3485 2812 3530 erat
2864 3475 3018 3530 bona:
3068 3473 3249 3538 famae,
3292 3471 3528 3527 libenter
3582 3479 3800 3535 susceptus

2280 3583 2385 3624 est.
2417 3569 2518 3638 Qui
2543 3585 2665 3623 cum
2693 3583 2791 3638 per
2817 3567 2999 3636 plures
3022 3580 3194 3620 annos
3217 3565 3270 3618 iit
3296 3563 3690 3634 congregatione
3712 3557 3801 3613 rel.-

2282 3665 2431 3734 giose
2504 3673 2859 3718 conversatus
2919 3659 3151 3724 fuisset,
3215 3672 3325 3713 una
3387 3657 3592 3712 dierum
3637 3654 3801 3708 sedente

2284 3755 2482 3807 abbate
2530 3751 2802 3806 Willehno
2852 3750 2906 3803 in
2961 3749 3200 3820 capitulo
3232 3763 3356 3802 cum
3410 3744 3673 3806 fratribus,
3699 3741 3802 3792 venit

2283 3856 2409 3904 ante
2437 3860 2560 3902 eum
2595 3858 2793 3914 rogans
2820 3850 2878 3896 ιιι
2901 3841 3090 3897 liceret
3109 3841 3212 3895 sibi
3244 3839 3446 3896 reverti
3474 3838 3541 3893 ad
3562 3834 3802 3892 solitariam

2285 3940 2476 4000 vitam,
2524 3942 2793 4006 quatenus
2822 3932 2892 3986 ibi
2920 3939 3243 4001 operaretur
3273 3929 3542 3988 .manibus
3564 3926 3683 3989 suis,
3704 3921 3804 3974 unde

2285 4031 2512 4092 viveret,
2549 4029 2688 4082 s'cnt
2726 4032 2855 4078 ante
2883 4024 3292 4079 conversionem
3317 4020 3542 4085 fecerat,
3577 4015 3806 4086 siquidem.

2288 4133 2347 4177 ut
2368 4120 2602 4186 diccbat,
2636 4119 2798 4173 timor
2829 4118 2978 4172 illum
3034 4117 3269 4187 angebat
3299 4113 3430 4185 quia
3461 4113 3514 4166 in
3547 4111 3649 4164 otio
3669 4109 3808 4160 virens

2288 4216 2516 4270 a'iorum
2548 4213 2910 4282 elcesnosyuis
2942 4209 3204 4264 aleretur.
3243 4208 3430 4263 Abba:
3482 4207 3592 4261 haec
3638 4201 3806 4256 audiens

2289 4311 2322 4365 «ι
2349 4310 2424 4364 xit
2448 4305 2965 4362 circumsedentibus
2991 4325 3003 4359 :
3035 4323 3052 4355 ι
3074 4303 3180 4358 lste
3207 4301 3376 4357 frater
3399 4293 3805 4366 moritur,etanti

2291 4417 2431 4471 quus
2461 4399 2654 4462 hostis,
2682 4397 2872 4451 videns
2917 4395 3064 4450 illum
3113 4393 3274 4448 morti
3327 4393 3647 4463 proximum,
3682 4389 3808 4441 tenta!

2293 4493 2442 4546 illum
2461 4491 2528 4545 de
2551 4488 2882 4545 inuitasterio
2905 4485 3197 4550 abducere,
3231 4494 3290 4538 ut
3313 4483 3486 4554 possit
3511 4477 3703 4550 aliquod
3727 4473 3808 4527 ani-

2296 4583 2555 4640 maeillius
2583 4580 3026 4652 impedimentum
3052 4577 3247 4633 facere.
3273 4597 3292 4630 ι
3311 4576 3465 4631 Tunc
3491 4582 3745 4629 conversus
3763 4564 3808 4618 ad

605 4683 878 4752 suscipere
917 4677 1206 4748 cogitaret,
1269 4673 1399 4728 vidit
1427 4673 1478 4726 in
1518 4670 1723 4726 somnis
1767 4669 2054 4738 quemdam
2096 4667 2186 4721 de-
2219 4652 2265 4709 Ι)
2290 4673 2398 4747 45
2429 4673 2574 4728 illum
2605 4670 2793 4736 movit,
2821 4680 2877 4723 ιιι
2900 4671 2968 4725 ab
2999 4669 3101 4723 hac
3129 4667 3429 4722 intentione
3464 4665 3680 4719 animum
3703 4671 3811 4711 mo-

605 4775 851 4830 fuucttun
897 4769 1104 4823 allincm
1146 4768 1246 4822 sibi
1272 4777 1324 4820 et
1356 4774 1564 4827 uotum,
1591 4761 1684 4831 qui
1721 4761 1868 4814 illum
1897 4759 2190 4828 reprehen-

542 4928 552 4934 _
607 4868 768 4922 debat
795 4864 936 4933 quod
966 4859 1252 4931 quemdam
1301 4859 1547 4910 insanum
1597 4853 1679 4906 fra
1707 4851 1856 4906 ribus
1897 4849 2191 4920 adiungere

606 4957 864 5018 volebat;
918 4963 974 5007 et
1011 4960 1158 5005 certe
1207 4945 1496 5001 defunctus
1539 4944 1645 5008 ille,
1701 4943 1948 5006 fratrem,
1983 4942 2047 4994 de
2085 4951 2192 5007 quo

551 5037 553 5039 1
609 5051 810 5122 agitur,
863 5056 921 5100 ut
975 5053 1246 5114 putamus,
1292 5050 1569 5105 nunquam
1619 5030 1846 5085 viderat.
1873 5027 1983 5083 Nec
2027 5027 2195 5082 multo

608 5152 732 5216 post
764 5140 932 5195 frater
959 5137 1048 5191 ille
1087 5140 1309 5202 accepta
1341 5127 1559 5183 licentia
1607 5124 1890 5188 discessit;
1925 5133 1978 5176 et
2007 5129 2193 5191 postea

613 5213 666 5290 iu
705 5243 812 5290 tota
843 5228 1122 5303 provincia
1155 5237 1421 5292 nusquam
1478 5226 1564 5274 est
1617 5216 1785 5278 visus,
1821 5230 1920 5271 nec
1949 5213 2193 5267 auditum

611 5343 868 5400 quorsum
933 5317 1266 5377 discesserit.
1338 5309 1829 5368 Prwdecessoribus
1879 5307 1993 5362 suis
2037 5307 2196 5360 Leato

612 5423 864 5478 videlicet
908 5403 1495 5472 Hei-tuine”"etisancto
1529 5402 1812 5466 AnSelmo,
1875 5413 2114 5454 amorem
2143 5407 2199 5452 et

539 5580 547 5585 _
614 5515 878 5572 honorem
923 5506 1220 5562 maximum
1269 5501 1409 5556 idem
1437 5486 1612 5552 abbas
1642 5493 1953 5558 exhibebat,
1995 5500 2049 5545 et
2073 5505 2195 5545 cum

618 5607 686 5662 de
729 5605 834 5659 illis
885 5602 939 5656 in
999 5596 1272 5655 communi
1296 5591 1665 5666 ,collocutionc
1703 5587 2047 5657 loquebatur,
2079 5601 2232 5642 cum‘

542 5747 544 5750 .
620 5713 814 5770 magna
853 5693 1164 5750 reverentia
1182 5704 1276 5745 eos
1306 5685 1660 5748 nominabat;
1688 5692 1888 5738 statuta
1917 5697 2105 5736 eorum
2135 5681 2202 5734 ad

537 5773 555 5856 ί
625 5789 944 5844 memoriam
985 5784 1106 5838 aliis
1147 5782 1456 5844 reducebat,
1506 5787 1564 5834 et
1589 5791 1651 5832 ea
1676 5775 1792 5846 ipse
1822 5775 2064 5829 studiose
2091 5788 2208 5828 ser-

622 5879 812 5942 vabat,
836 5887 893 5931 ut
934 5874 1137 5929 servari
1169 5871 1532 5942 praecipiebat,
1565 5868 1689 5938 quia
1723 5864 1968 5920 videlicet
1999 5865 2203 5942 justum

2292 4775 2460 4831 caret,
2500 4765 2551 4820 in
2586 4780 2724 4836 pace
2753 4779 2875 4818 cum
2904 4763 3167 4820 fratribus
3189 4761 3458 4831 reliquutn
3485 4758 3602 4811 vita:
3625 4754 3812 4812 duceret.

2293 4858 2419 4928 quia
2445 4866 2565 4912 erat
2597 4854 2709 4924 jam
2742 4871 2908 4910 senex
2933 4862 2989 4909 et
3013 4853 3229 4917 debilis,
3277 4869 3378 4907 nec
3407 4856 3611 4922 poterat
3638 4841 3812 4911 amplius

2293 4949 2564 5014 laborare,
2588 4958 2642 5004 et
2687 4963 2754 5002 ne
2801 4956 3024 5017 paveret
3061 4947 3204 5016 quod
3233 4945 3304 4999 de
3350 4941 3622 4999 beneficiis
3660 4937 3812 4988 vivert‘l

2299 5042 2556 5104 fidelium,
2601 5040 2726 5110 quia
2755 5049 2810 5095 et
2847 5037 2935 5094 alii
2963 5039 3120 5093 inulti
3166 5036 3420 5092 similiter
3461 5029 3815 5093 vivebant,on-

2301 5134 2537 5189 tionibus
2585 5132 2814 5189 instaret
2843 5140 2897 5187 et
2925 5147 3021 5201 pro
3054 5131 3139 5184 bis
3183 5129 3424 5186 maxime
3467 5141 3677 5198 quomm
3713 5117 3817 5172 elec-

2300 5225 2542 5298 mosyuis
2567 5231 2968 5280 sustentaretur
2995 5223 3277 5278 Dominum
3313 5230 3548 5292 rogaret,
3577 5211 3817 5271 [incurrite

2295 5316 2409 5389 jam
2454 5316 2827 5370 imminentem
2875 5321 3238 5385 exspectaret,
3290 5322 3346 5367 et
3390 5312 3546 5366 morti
3591 5307 3752 5361 vicina:
3780 5313 3818 5351 se

2303 5419 2651 5482 praepararet.
2677 5409 2957 5478 Acquievit
2993 5408 3166 5464 frater
3195 5406 3546 5462 admonitioni
3565 5399 3818 5460 abbatis,”

2304 5499 2491 5571 paucis
2521 5500 2713 5554 dielms
2739 5499 3074 5568 interpositis
3113 5497 3364 5552 molestia
3398 5492 3654 5566 corporali
3682 5499 3821 5544 corre-

2304 5598 2458 5660 ptus,
2511 5588 2648 5644 infra
2687 5589 2851 5644 breve
2883 5599 3094 5658 tempus
3137 5587 3428 5643 defunctus
3449 5595 3550 5649 est,
3574 5594 3719 5654 agens
3740 5588 3824 5644 [10?-

2305 5681 2590 5738 niteutiam
2623 5683 2768 5751 quod
2815 5681 3066 5736 recedere
3111 5679 3177 5736 de
3224 5677 3554 5734 monasterio
3600 5669 3825 5728 voluisset.

2307 5782 2358 5830 et
2391 5773 2570 5828 abbati
2596 5783 2652 5830 et
2690 5772 2951 5829 fratribus
2993 5773 3200 5845 gratias
3231 5773 3428 5844 agebat
3454 5770 3588 5841 quod
3616 5780 3710 5822 ncn
3731 5773 3822 5834 pel“

2309 5867 2588 5922 misissent
2620 5867 2766 5923 illum
2810 5868 2960 5925 abire
3006 5877 3130 5938 post
3177 5868 3432 5923 Satanam
3463 5855 3689 5934 quicum
3732 5864 3824 5916 επρ-
