3852 6308
106 322 189 377 iii

955 321 1110 377 VITA
1139 320 1482 377 WlLl.IL.ill
1525 323 1811 378 ABBATIS
1852 322 2223 380 IlECCENSlS
2263 323 2513 379 TEll'l‘ll.

3274 328 3378 384 722

92 412 341 504 'piantare
389 433 628 488 volebat.
657 433 761 489 lste
787 434 871 488 vir
900 436 1096 501 bonus,
1140 436 1208 490 de
1243 449 1351 504 quo
1397 433 1687 503 loquimur,
1722 442 1762 496 Α
1795 436 2029 490 habebat
2064 435 2210 490 enim
2267 437 2370 492 hoc
2411 437 2820 494 consuetudinis
2867 450 2922 494 nt
2957 441 3000 494 si
3030 441 3250 511 quando
3301 443 3373 496 lo~

105 531 256 585 abbas
305 527 531 582 scilicet
574 525 872 582 Willelmus
911 543 1122 599 magna:
1170 526 1487 596 sapientiae,
1533 527 1713 582 bonis

109 622 335 677 moribus
383 630 641 685 ornatus,
688 635 1007 690 magnorum
1041 620 1280 675 virorum
1332 620 1686 689 propinquus,

108 715 201 783 regi
231 723 285 768 et
327 713 672 781 primoribus
705 714 853 782 regni
883 722 1159 782 acceptus,
1191 712 1265 766 ita
1311 727 1371 765 se
1405 713 1647 766 modeste
1672 753 1687 779 ,

106 808 371 860 buzntttter
418 812 472 858 et
530 812 811 858 mansuete
863 802 1177 858 nabebatut
1218 802 1510 873 aliquando
1534 803 1687 871 quasi

107 899 338 953 nesciens
358 908 416 951 et
442 914 588 967 pene
616 898 780 951 idiota
805 898 1081 952 videretur
1112 897 1434 966 quibusdam
1460 913 1478 966 ;
1501 911 1688 950 verum

104 994 141 1049 ti
185 993 406 1063 propius
470 992 795 1052 accederes,
840 999 897 1044 et
937 989 1080 1043 velut
1134 990 1523 1058 persrrtttando
1571 990 1690 1058 ejus

103 1104 303 1145 sensum
356 1088 427 1143 «ἐ
480 1088 645 1142 rebus
701 1086 878 1140 dubiis
927 1087 1313 1156 interrogares,
1346 1086 1512 1140 altam
1562 1101 1691 1155 pru-

103 1179 348 1239 dentiam.
380 1195 393 1247 ι
418 1179 715 1233 ιιιΓιιιιιΙιιιιι
744 1178 1055 1240 consilimn,
1084 1189 1136 1233 et
1162 1179 1398 1233 maxime
1430 1179 1691 1232 honesta-

108 1274 169 1325 tis
224 1273 623 1325 documentum
678 1270 967 1324 invenires.
1000 1269 1132 1324 Erat
1185 1282 1397 1340 quoque
1436 1269 1547 1324 Deo
1598 1269 1692 1325 de-

107 1373 265 1425 ιοιυς,
329 1361 642 1428 majorilus
705 1361 1047 1425 submissus,
1098 1362 1331 1416 subditis
1384 1360 1689 1428 benignus.

106 1465 403 1509 mansuetus
430 1456 615 1510 bonis.
642 1468 861 1509 severus
893 1453 1510 1524 indisclplinatis,supra
1542 1467 1694 1506 men-

106 1561 268 1598 suram
308 1559 473 1597 suam
532 1542 664 1597 nihil
698 1543 1020 1612 usurpabat,
1054 1543 1253 1598 divinis
1287 1543 1448 1597 rebus
1474 1556 1689 1596 omnem

105 1654 153 1692 re
186 1636 449 1691 erentia‘n
473 1636 748 1707 exigebat,
764 1634 932 1690 Deum
953 1635 1199 1700 timebat,
1216 1632 1690 1708 percat_um,quasi

109 1726 313 1781 mortale
341 1727 503 1782 virus
539 1727 665 1783 odio
698 1728 922 1794 habens,
975 1727 1234 1799 fugiebat.
1269 1728 1326 1783 Si
1357 1728 1478 1797 quis
1524 1728 1691 1783 benc-

1789 537 2050 598 qnerctur
2089 542 2212 582 cum
2244 528 2428 596 aliquo
2463 544 2622 598 quem
2666 529 2895 598 alicujus
2936 534 3192 589 momenti
3225 537 3375 590 testi-

1790 630 1985 685 maret,
2012 635 2071 675 se
2117 620 2259 674 illius
2296 621 2638 677 orationibus
2678 626 3107 683 connuendaret.
3142 626 3267 680 Erat
3309 642 3376 680 eo

1793 722 2034 782 tempore
2064 714 2211 767 eirea
2242 713 2473 768 Beccttm
2526 713 2801 784 provincia
2855 716 3071 770 turbata
3119 731 3375 785 quorum-

1790 806 1914 859 dam
1963 806 2405 875 praesumptione,
2447 807 2537 875 qui
2596 815 2785 862 contra
2846 823 3027 878 regem
3084 809 3376 873 Henricum

1794 896 2205 962 rebellaverant,
2236 908 2293 953 et
2319 898 2385 952 ad
2425 899 2840 967 deprtedandam
2875 900 3104 969 patriam
3132 901 3378 969 quaedam

1790 987 2009 1043 castella
2037 987 2386 1052 obtinebant;
2422 987 2543 1042 ideo
2575 1003 2668 1042 rex
2705 995 2889 1045 contra
2926 1004 3019 1044 eos
3043 1003 3188 1053 saepe
3218 989 3379 1043 duce-

1790 1077 1884 1131 bat
1918 1079 2217 1133 exerc'tum
2250 1076 2316 1130 ad
2348 1078 2747 1147 reprimendum
2773 1094 2960 1133 eorum
2994 1078 3243 1137 bosttlcm
3277 1080 3377 1133 im-

1791 1178 1995 1237 petum,
2022 1168 2458 1224 etcontuendam
2494 1168 2743 1238 patriam.
2785 1169 2969 1239 Itaque
3009 1179 3130 1240 post
3156 1178 3380 1224 octavas

1792 1258 2012 1314 Pascha!
2042 1259 2189 1313 venit
2231 1274 2324 1314 rex
2354 1257 2611 1323 Beccum,
2641 1267 2697 1313 et
2726 1259 3030 1329 hospitatns
3059 1269 3143 1317 est
3168 1259 3233 1338 in
3281 1260 3380 1314 do-

1792 1351 1970 1406 mibus
2004 1352 2341 1406 monasterii.
2384 1352 2536 1406 Tunc
2573 1352 2823 1409 adiertutt
2876 1366 3056 1421 retcm
3085 1351 3383 1406 Beccenses

1792 1442 2010 1512 quidam
2045 1444 2317 1508 monachi,
2362 1452 2617 1514 rogantes
2646 1451 2704 1498 ut
2739 1444 3025 1512 quemdam
3059 1442 3383 1497 familiarem

1793 1536 1895 1590 sibi
1936 1536 2260 1590 monachum
2308 1534 2511 1591 facere:
2542 1536 2793 1593 abbatem
2835 1544 2956 1605 post
2987 1551 3110 1591 eum
3150 1536 3240 1604 qui
3269 1550 3384 1589 mo—

1794 1629 2078 1689 riebatur;
2113 1628 2255 1696 quod
2302 1643 2425 1684 cum
2469 1629 2709 1684 audisset
2740 1629 2907 1684 abbas
2949 1628 3253 1685 Willelmus
3301 1629 3385 1683 in-

1796 1720 2018 1776 terdixit
2043 1735 2111 1775 ne
2131 1721 2233 1776 sibi
2262 1722 2575 1777 succederet
2602 1722 2654 1776 in
2681 1722 2918 1793 regimen
2942 1722 3197 1777 Ecclesiae
3225 1720 3386 1778 Becci

107 1819 375 1875 dictionem
406 1822 479 1874 ab
508 1834 575 1874 eo
610 1828 887 1889 posceret,
921 1790 1101 1875 verbis
1128 1819 1299 1891 magis
1329 1833 1490 1889 quam
1523 1834 1686 1873 manu
1722 1790 1763 1847 Β
1796 1814 1841 1867 is
1875 1813 1968 1883 qui
2005 1812 2105 1883 ipsi
2147 1812 2249 1867 hoc
2295 1812 2454 1868 modo
2507 1813 2852 1883 quaerebatur
2897 1814 3199 1885 subrogari.
3233 1813 3387 1869 Alius

108 1912 485 1977 benedicebat,
520 1910 709 1969 dicens
756 1928 864 1968 non
902 1927 1023 1968 esse
1060 1928 1217 1968 suum
1262 1928 1424 1967 manu
1464 1910 1689 1967 benedi-

108 2018 234 2065 cere,
279 2003 374 2059 sed
429 2004 839 2074 episcoporum.
888 2002 1076 2060 Nullus
1120 2005 1288 2059 abbas
1334 2003 1547 2058 exstitit
1596 2001 1686 2071 qui

110 2087 344 2156 majorem
391 2089 822 2145 sollicitudinem
868 2100 1082 2161 gereret
1133 2100 1435 2145 conventus
1462 2091 1571 2155 sui;
1610 2099 1690 2143 ta-

109 2175 197 2228 lem
230 2175 375 2231 illum
416 2176 594 2232 fuisse
626 2178 806 2232 sciunt
849 2178 942 2248 qui
971 2178 1044 2233 illi
1086 2178 1407 2233 familiarius
1450 2178 1692 2234 adhaese-

115 2281 240 2329 rnttt,
270 2271 476 2343 quipp:
527 2290 556 2326 a
606 2274 714 2328 Deo
763 2273 835 2328 ita
885 2275 1219 2345 compositus
1266 2275 1431 2329 homo
1485 2283 1542 2329 ut
1592 2291 1693 2331 nec

114 2354 485 2433 turpiloquinm
540 2380 639 2420 ore
676 2364 966 2435 proferret,
1020 2365 1370 2421 scnrrilitatis
1404 2380 1565 2422 omne
1596 2381 1690 2436 ge-

115 2469 201 2506 nus
240 2455 590 2518 abhorreret,
636 2455 1038 2510 immunditiam
1092 2456 1289 2511 mentis
1317 2464 1372 2511 et
1424 2455 1687 2525 corporis,

117 2552 164 2595 nt
188 2544 350 2613 virgo,
390 2546 463 2599 ab
516 2554 676 2601 utero
719 2546 910 2601 matris
946 2547 1245 2617 ignoraret,
1281 2547 1404 2601 cibo
1456 2555 1693 2617 potuquc

120 2639 445 2699 temperatus,
480 2643 537 2689 et
582 2633 812 2690 honeste
848 2636 1194 2690 verecundus
1232 2635 1411 2690 indole
1440 2636 1691 2707 religiosa

119 2719 339 2785 decorus,
372 2725 518 2778 bono
550 2724 776 2796 ingenio
803 2740 933 2781 sane
969 2726 1324 2796 intelligebat,
1351 2725 1546 2782 blando
1578 2742 1694 2781 ser-

124 2818 258 2866 o'tone
308 2813 587 2883 placebat,
621 2814 871 2872 doctrina
923 2827 976 2872 et
1030 2817 1281 2888 exemplo
1343 2818 1489 2872 utilis
1532 2828 1647 2873 erat
1677 2859 1689 2883 ,

121 2913 346 2961 constans
373 2916 498 2962 erat
531 2908 586 2962 in
625 2910 888 2977 moribus,
927 2924 1090 2963 verax
1124 2910 1174 2963 in
1204 2925 1473 2973 sermone,
1502 2921 1694 2967 cautus

124 2995 169 3047 in
212 3000 682 3069 promissionibus,
735 3002 789 3056 in
819 3004 1114 3058 commisso
1166 3002 1361 3071 ﬁdelis,
1418 3005 1694 3060 studiosus

125 3086 378 3148 virtutum.
419 3103 640 3147 amator
667 3108 993 3162 pauperum,
1028 3093 1497 3164 eleemosynarum
1524 3095 1692 3164 largi-

128 3185 213 3242 tor,
243 3178 273 3233 h
300 3180 426 3237 laris
458 3184 736 3255 hospitum
785 3194 1092 3258 susceptor,
1119 3187 1403 3241 viduarum
1430 3199 1483 3242 et
1514 3190 1693 3260 pupil-

127 3267 275 3325 lorum
323 3285 628 3342 protector.
664 3275 813 3330 Taiia
860 3292 1088 3347 gerens,
1126 3278 1261 3332 bene
1309 3279 1542 3332 vivendo
1573 3297 1697 3335 cur-

128 3376 226 3415 sum
272 3364 495 3433 direxit,
546 3367 682 3422 Lene
723 3367 1002 3423 moriendo
1048 3368 1385 3432 terminavit,
1428 3385 1691 3437 sensum,

131 3453 371 3524 loquelam
401 3469 457 3515 et
498 3459 671 3515 visum
705 3475 876 3531 usque
914 3461 981 3515 ad
1006 3460 1248 3515 ultimam
1277 3461 1501 3531 spiritus
1533 3461 1693 3517 emis—

132 3542 313 3601 sionem
344 3548 494 3604 Deus
524 3549 601 3604 illi
631 3550 995 3605 conservavit.

187 3636 298 3694 llaec
319 3643 383 3697 de
416 3644 531 3698 vita
562 3642 702 3698 illius
725 3642 962 3697 breviter
982 3642 1215 3696 diximus
1241 3658 1256 3707 ;
1288 3658 1432 3697 nunc
1459 3642 1694 3712 qualiter

133 3727 185 3785 tle
218 3733 404 3787 saeculo
451 3734 736 3790 transierit
768 3734 1137 3804 expediemus.
1170 3736 1324 3788 Anno
1355 3736 1518 3803 igitur
1551 3736 1695 3789 vice-

134 3820 248 3876 simo
281 3841 419 3880 nono
476 3825 725 3892 abbatize,
762 3840 949 3881 mense
1002 3827 1346 3896 scptembris,
1393 3828 1589 3880 decidit
1638 3828 1690 3882 in

133 3915 499 3986 aegritudinem,
539 3935 641 3989 qua
688 3929 743 3976 et
790 3933 1038 3977 mortuus
1067 3930 1172 3975 est.
1230 3921 1360 3988 ane
1406 3921 1688 3990 trgritudo,

134 4003 359 4069 paulatim
406 4024 688 4077 crescens,
719 4025 818 4081 per
868 4026 1068 4067 annum
1112 4021 1162 4067 et
1211 4012 1494 4067 dimidium
1540 4012 1690 4067 illum

134 4093 315 4162 aﬂlixit,
343 4099 519 4157 donec
555 4102 828 4159 tricesimo
859 4104 1033 4176 primo
1063 4121 1229 4171 anno,
1255 4120 1323 4161 ex
1351 4120 1459 4175 quo
1489 4105 1689 4162 donum

135 4185 332 4244 abbatis:
352 4193 617 4262 suscepit,
651 4210 716 4249 ex
747 4203 860 4249 toto
888 4196 1033 4250 circa
1067 4196 1228 4251 ﬁnem
1260 4197 1463 4252 mensis
1512 4197 1687 4251 Martii

136 4272 253 4332 lecto
275 4281 546 4338 decubuit.
584 4285 737 4340 Venit
764 4287 931 4341 abbas
964 4286 1339 4354 Pratellensis,
1382 4289 1690 4344 Riehardus

137 4370 339 4438 nomine,
370 4376 457 4431 vir
494 4376 779 4448 religiosus
833 4388 889 4434 et
920 4379 1223 4434 litterarum
1274 4382 1500 4436 scientia
1546 4396 1688 4449 prac-

1791 1905 1961 1962 t‘rater
1987 1905 2123 1961 dixit
2146 1906 2437 1978 aliquando
2465 1907 2640 1963 eidem
2664 1908 2842 1963 abbati
2862 1906 3131 1977 jocando:
3162 1928 3178 1959 ι
3199 1906 3385 1961 Facite

1794 2012 1879 2051 me
1916 1997 2190 2061 abbatem,
2247 2007 2302 2052 et
2346 2012 2449 2069 ego
2492 1999 2667 2064 vobis,
2697 2000 2834 2053 dum.
2867 1999 3139 2063 vixeritis,
3184 1999 3389 2067 optimo

1792 2090 2049 2143 serviam.
2074 2105 2093 2139 ι
2124 2087 2196 2142 At
2219 2088 2336 2143 ille:
2358 2110 2375 2139 ι
2397 2089 2555 2155 Quia,
2580 2089 2775 2157 inquit,
2803 2089 2903 2145 hoc
2924 2089 3132 2156 dixisti,
3162 2103 3266 2142 non
3292 2103 3387 2157 po-

1794 2179 1925 2234 teris
1944 2179 2172 2248 amplius
2194 2194 2316 2235 esse
2346 2181 2513 2236 abbas
2539 2180 2695 2248 hujus
2723 2180 2822 2235 loci
2877 2200 2894 2231 ι
2932 2179 3131 2234 Verum
3157 2180 3385 2234 audiens

1795 2286 1885 2323 rex
1919 2270 2060 2338 quod
2090 2270 2259 2324 abbas
2283 2270 2605 2335 Willelmns,
2630 2286 2788 2339 quem
2818 2268 3109 2338 plurimum
3142 2268 3382 2332 amabat,

1795 2361 2147 2427 moriebatur,
2172 2364 2321 2418 venit
2363 2363 2583 2418 visitare
2611 2379 2734 2418 eum
2774 2379 2896 2417 cum
2927 2361 3135 2432 paucis,
3161 2370 3215 2416 et
3249 2370 3379 2414 ante

1797 2453 1994 2509 lectum
2043 2452 2278 2522 jacentis
2323 2454 2482 2508 amici
2512 2454 2578 2508 ad
2630 2463 2832 2509 terram
2889 2452 3171 2507 humiliter
3220 2452 3382 2507 sedit.

1794 2545 1975 2599 Abbas
2001 2546 2144 2601 inter
2170 2545 2275 2601 alia
2306 2545 2512 2617 rogavit
2548 2561 2672 2602 eum
2708 2554 2766 2599 ut
2796 2545 3056 2600 Ecclesia:
3096 2544 3254 2599 Becci
3305 2544 3387 2597 di-

1794 2653 1960 2704 gnum
1998 2647 2182 2704 tetate,
2217 2639 2346 2702 vita,
2400 2639 2660 2705 moribtts,
2697 2653 2803 2694 non
2836 2652 3054 2703 senem,
3090 2652 3197 2691 non
3232 2637 3388 2707 juve-

1797 2745 1945 2797 nem,
1987 2731 2318 2800 qnantocius
2362 2732 2672 2800 provideret
2715 2732 2988 2795 abbatem,
3021 2730 3148 2800 quia
3182 2730 3235 2784 in
3267 2728 3388 2783 tali-

1796 2823 1896 2878 bus
1940 2823 2125 2877 dilatio
2170 2823 2325 2878 valde
2367 2831 2610 2878 noceret.
2654 2823 2733 2878 Ad
2790 2824 2900 2878 haec
2946 2838 3038 2878 rex
3073 2839 3087 2875 :
3127 2840 3145 2873 ι
3184 2821 3387 2888 Quem,

1799 2920 1991 2980 tuqmt,
2019 2910 2259 2981 jubetis?
2292 2932 2310 2965 ι
2346 2913 2527 2965 Abbas
2557 2912 2891 2981 respondens
2923 2930 2935 2964 :
2966 2930 2984 2965 ι
3021 2909 3137 2964 Νοη
3168 2918 3252 2964 est
3281 2910 3387 2962 hoc

1800 3020 2001 3069 meum,
2031 3014 2128 3069 att,
2157 3006 2285 3075 quia
2333 3005 2474 3060 sacri
2503 3020 2739 3060 canones
2771 3004 3103 3060 interdicunt
3153 3017 3220 3057 ne
3267 3002 3390 3071 quis

1799 3095 1900 3149 sibi
1947 3096 2189 3150 nominet
2231 3112 2624 3151 successorem.
2661 3115 2680 3147 ›
2717 3094 2836 3149 Fuit
2878 3095 3023 3148 enim
3052 3090 3390 3149 studiosissi-

1805 3202 1924 3240 mus
1977 3202 2091 3242 orts
2129 3187 2210 3240 sui
2244 3197 2301 3241 et
2350 3188 2491 3249 vitm,
2513 3204 2575 3241 ac
2638 3196 2804 3241 IOllttS
2854 3183 3130 3254 religionis
3182 3191 3389 3244 custos,

1796 3279 1959 3333 etiam
1994 3280 2044 3333 in
2075 3279 2190 3347 ipso
2213 3280 2398 3333 morti.
2430 3278 2679 3332 articulo.
2720 3277 2923 3349 Deinde
2966 3291 3083 3339 rex,
3115 3276 3389 3343 accipiens

1798 3388 2018 3427 manum
2072 3373 2353 3426 dexteram
2390 3372 2639 3433 abbatis,
2675 3371 2911 3425 admovit
2954 3369 3127 3423 oculis
3181 3367 3296 3422 suis
3333 3376 3389 3418 et

1795 3469 1901 3531 ori,
1933 3476 1989 3521 et
2045 3467 2276 3536 benigne
2307 3468 2583 3521 osculatus
2623 3475 2727 3528 est,
2774 3466 2960 3533 sicque
2994 3461 3233 3532 reposuit
3260 3476 3385 3515 eam

1797 3557 1895 3609 sub
1918 3558 2279 3625 coopertorio,
2298 3556 2543 3626 dixitque
2566 3553 3045 3609 circnmstantiluts
3073 3549 3382 3606 monachis:

1802 3666 1819 3696 ι
1848 3646 2011 3701 Orate
2043 3664 2138 3717 pro
2177 3646 2286 3711 illo,
2324 3647 2449 3716 quia
2486 3662 2740 3715 magnum
2788 3644 3041 3697 damnum
3086 3641 3297 3694 habetis
3331 3639 3387 3691 in

1799 3747 1971 3791 morte
2016 3738 2205 3808 ipsius.
2233 3757 2250 3790 ι
2295 3736 2461 3792 Nocte
2508 3753 2635 3791 vero
2675 3736 2942 3798 insecuta,
2991 3748 3113 3786 cum
3164 3730 3236 3784 illi
3292 3730 3387 3799 qui

1794 3846 1915 3883 cum
1946 3830 2327 3887 custodiebant
2356 3829 2651 3884 matutinas
2682 3828 3097 3886 decantassent,
3138 3823 3290 3894 petiit
3328 3830 3387 3875 ut

1795 3937 1916 3974 eum
1946 3921 2230 3990 quiescere
2270 3921 2675 3990 permitterent,
2709 3929 2762 3973 et
2802 3919 2967 3988 cmpit
2994 3915 3148 3986 quasi
3182 3914 3387 3968 dormi-

1797 4022 1931 4076 tare,
1966 4013 2137 4068 donec
2167 4013 2327 4083 plene
2366 4012 2707 4068 obdormiret
2752 4011 2802 4065 in
2841 4020 3092 4063 nrortent.
3125 4007 3384 4061 Vitlcntes

1793 4103 1882 4171 qui
1908 4102 2053 4157 circa
2083 4119 2207 4158 cum
2245 4111 2402 4157 erant
2449 4104 2589 4172 quod
2616 4102 2727 4170 jam
2760 4100 3147 4170 propinquaret
3183 4095 3249 4149 ad
3290 4111 3384 4149 ex-

1795 4192 1951 4257 itum,
2002 4194 2067 4247 de
2110 4208 2326 4247 camera
2377 4191 2716 4260 pertulerunt
2749 4189 2893 4241 illum
2938 4189 2990 4240 in
3046 4184 3237 4241 cellam
3297 4184 3384 4235 ina

1794 4285 2098 4349 tit-morum,
2133 4284 2221 4337 ubi
2251 4282 2448 4337 fratres
2484 4281 2879 4343 moriebantur,
2908 4277 3020 4353 46
3044 4284 3098 4331 ct
3144 4276 3382 4330 circnm-

1794 4375 2023 4429 vallatus
2077 4383 2293 4429 caterva
2369 4373 2602 4427 ﬁliorum
2662 4379 2865 4440 septem
2922 4368 3201 4445 psalmos,
3258 4382 3381 4421 cum

136 4454 277 4524 ditus,
307 4464 531 4521 visitare
551 4482 696 4533 eum,
732 4480 786 4523 et
816 4468 918 4524 fuit
963 4471 1032 4524 ibi
1067 4486 1238 4540 usque
1284 4471 1351 4525 ad
1398 4471 1688 4525 transitum
1721 4485 1765 4542 ι)
1796 4466 1993 4521 letania
2046 4466 2479 4531 decantantiutn,
2513 4463 2676 4534 paulo
2726 4470 2853 4516 ante
2902 4462 3075 4518 lncetn
3131 4463 3379 4515 ultinnnn

138 4545 255 4606 illius
284 4570 297 4618 ;
325 4566 377 4610 et
404 4573 532 4612 cum
553 4559 665 4628 jam
699 4563 858 4615 morti
896 4562 1260 4632 propinquare
1282 4562 1580 4627 videretur,
1614 4562 1691 4616 vi-

138 4637 303 4700 sitatus
323 4658 464 4702 csta
518 4650 777 4706 fratribus
830 4668 981 4707 more
1022 4651 1359 4716 Christiano,
1387 4664 1441 4708 et
1492 4662 1687 4708 cuncta

141 4734 464 4793 morientibus
493 4739 671 4795 debita
722 4742 867 4796 circa
913 4741 1065 4796 illum
1116 4743 1391 4813 persoluta
1427 4752 1575 4810 sunt,
1609 4752 1691 4797 at-

140 4835 227 4887 que
252 4839 460 4893 peracto
498 4830 695 4897 oﬁicio,
736 4848 862 4887 cum
897 4832 1011 4901 jam
1040 4845 1339 4889 conventus
1369 4835 1549 4891 redire
1596 4836 1689 4890 de—

142 4911 333 4986 lmissct,
386 4925 712 4979 venerabilis
763 4926 901 4981 lioso
951 4928 1101 4998 prior
1155 4929 1377 4998 rogabat
1433 4944 1579 4994 eum,
1630 4937 1690 4983 ut

143 5016 268 5059 mure
313 5022 551 5080 patrmn,
594 5018 699 5070 vita
752 5019 1019 5073 decedens
1070 5020 1441 5087 benediceret,
1476 5029 1528 5075 et
1581 5021 1690 5077 Deo

144 5109 325 5159 summo
356 5105 565 5164 Paslmi
587 5111 995 5169 commendaret
1025 5111 1164 5166 ﬁlios
1193 5128 1320 5168 suos
1344 5128 1481 5183 quos
1518 5114 1686 5171 relin-

146 5198 331 5261 ‘luebat.
373 5206 441 5260 At
469 5208 581 5273 ille,
607 5209 815 5266 elevata
868 5227 1051 5277 manu,
1084 5213 1360 5268 benedixit
1397 5214 1490 5293 .eis
1524 5224 1581 5269 et
1609 5215 1689 5269 di-

151 5294 244 5341 xrt:
278 5311 294 5342 ι
334 5296 522 5354 Amatc
565 5299 910 5355 claustralem
944 5303 1129 5366 vitam,
1157 5304 1283 5372 quia
1308 5306 1579 5373 reparatio
1604 5315 1689 5360 est

148 5379 321 5438 ordinis
355 5392 542 5457 nostri,
566 5401 619 5446 et
640 5409 707 5447 ne
735 5393 998 5463 quaeratis
1042 5394 1245 5448 habere
1266 5395 1605 5449 obedientias
1634 5396 1686 5449 in

151 5474 334 5540 secnlo,
358 5483 478 5549 quia
506 5485 658 5540 multi
699 5489 751 5539 in
783 5488 861 5540 eis
903 5486 1134 5556 perdunt
1162 5486 1372 5540 animas
1414 5501 1562 5552 suas,
1591 5488 1685 5541 sed

149 5566 430 5623 quantocius
453 5571 697 5627 abbatem
724 5572 924 5645 eligite,
955 5572 1081 5645 quia
1107 5588 1212 5628 non
1249 5580 1333 5627 est
1358 5571 1555 5627 bonum
1582 5572 1687 5627 tale

152 5660 263 5709 Olms
289 5654 507 5717 differre.
545 5679 565 5715 ι

156 5780 175 5807 ο
214 5738 408 5813 “ﬂavit
440 5768 563 5807 sane
598 5763 652 5809 ut
683 5770 780 5827 pro
813 5772 868 5811 se
908 5756 1193 5813 hominum
1222 5756 1682 5828 deprecarentur;

1792 4558 1975 4612 emisit
2001 4558 2269 4628 spiritum.
2302 4556 2511 4627 Corpus
2542 4557 2710 4611 lotum
2743 4554 2897 4624 juxta
2932 4554 3382 4611 consuetudinem

1792 4651 2180 4705 convenienter
2216 4651 2411 4720 pannis
2435 4658 2518 4705 est
2557 4648 2825 4715 indutum,
2858 4665 2921 4703 ac
2959 4648 3195 4718 desuper
3225 4646 3379 4716 quasi

1792 4742 1859 4795 ad
1898 4740 2117 4795 missam
2179 4740 2351 4794 sacris
2404 4739 2648 4794 vestibus
2715 4738 2972 4793 decenter
3041 4740 3380 4792 rcvestitnm.

1792 4834 1920 4892 Post
1958 4836 2073 4890 haec
2127 4833 2362 4889 delatum
2413 4842 2497 4888 est
2551 4833 2602 4887 in
2650 4832 2962 4897 ecclesiam,
3013 4840 3068 4884 et
3119 4830 3170 4883 in
3213 4831 3383 4883 Cltttr“

1792 4934 1915 4979 ante
1947 4927 2121 4995 majus
2150 4925 2323 4979 altare
2349 4924 2602 4993 positnnt,
2627 4922 2715 4975 ubi
2745 4921 2831 4975 die
2860 4932 2913 4974 et
2940 4928 3102 4990 nocte
3127 4918 3382 4986 frequen-

1793 5020 2008 5071 tabatur
2067 5018 2206 5072 tristi
2252 5016 2598 5071 maerentium
2645 5013 2907 5083 obsequio
2958 5012 3213 5066 ﬁliorum.
3265 5009 3381 5062 Mo-

1791 5110 1948 5166 nachi
1981 5110 2126 5179 pium
2163 5108 2602 5163 lamentabantur
2640 5115 2873 5175 patrem,
2904 5101 3092 5156 famuli
3123 5112 3177 5153 et
3209 5100 3381 5152 homi-

1790 5217 1888 5257 nes
1922 5200 2023 5254 loci
2069 5199 2400 5270 plangebant
2435 5213 2493 5252 se
2541 5196 2741 5251 bonum
2774 5193 3022 5247 amisisse
3057 5188 3334 5243 dominum
3362 5227 3377 5251 ,

1792 5292 1969 5346 nullus
1995 5293 2323 5361 querebatur
2345 5288 2596 5357 injuriatn
2633 5286 2735 5340 sibi
2755 5284 2822 5337 ab
2844 5297 2909 5334 co
2935 5280 3158 5343 factam,
3189 5293 3380 5329 omnes

1790 5386 1843 5438 in
1877 5399 2168 5439 commune
2219 5382 2476 5453 lugebant
2524 5391 2775 5446 magnum
2827 5389 2887 5428 se
2932 5371 3232 5441 perdidisse
3287 5384 3351 5437 pa

1792 5486 2027 5529 tromun.
2062 5474 2219 5530 Mane
2269 5473 2415 5527 venit
2464 5485 2556 5525 rex
2608 5469 2675 5523 ad
2730 5465 3049 5531 ecclesiam,
3079 5472 3134 5518 et
3189 5461 3378 5515 videns

1790 5586 1985 5640 corpus
2022 5568 2135 5638 jam
2172 5569 2429 5622 decenter
2471 5566 2817 5626 adornatum,
2845 5559 3045 5630 placuit
3072 5556 3167 5621 illi,
3209 5566 3263 5610 et
3294 5554 3377 5607 la-

1789 5675 1936 5718 rum
1992 5659 2248 5722 laudavit,
2279 5665 2336 5711 et
2375 5656 2451 5709 ait
2480 5671 2492 5706 :
2525 5672 2544 5706 ι
2589 5653 2805 5707 Utinam
2853 5651 3033 5705 anima
3074 5664 3195 5704 mea
3232 5654 3372 5701 esset

1791 5753 1879 5808 ubi.
1912 5752 2089 5806 anima
2136 5750 2254 5820 ejus
2285 5748 2411 5802 est!
2455 5767 2472 5797 ι
2514 5745 2751 5801 Venerat
2802 5743 3030 5800 licccum
3087 5738 3370 5797 multitude
