  <div class='ocr_page' id='page_1' title='image "/cluster/home/n/w/nwhite01/storage/ocr_20150623/150/hvd.32044015473788/365.png"; bbox 0 0 3852 6308; ppageno 0'>
   <div class='ocr_carea' id='block_1_1' title="bbox 549 452 658 511">
    <p class='ocr_par' dir='ltr' id='par_1_1' title="bbox 549 452 658 511">
     <span class='ocr_line' id='line_1_1' title="bbox 549 452 658 511; baseline 0.046 -5"><span class='ocrx_word' id='word_1_1' title='bbox 549 452 658 511; x_wconf 61' lang='grc'><strong>725</strong></span> 
     </span>
    </p>
   </div>
   <div class='ocr_carea' id='block_1_2' title="bbox 1547 446 3775 517">
    <p class='ocr_par' dir='ltr' id='par_1_2' title="bbox 1547 446 3775 517">
     <span class='ocr_line' id='line_1_2' title="bbox 1547 446 3775 517; baseline 0.005 -13"><span class='ocrx_word' id='word_1_2' title='bbox 1547 450 1639 505; x_wconf 79' lang='lat' dir='ltr'><strong>AD</strong></span> <span class='ocrx_word' id='word_1_3' title='bbox 1678 450 1904 509; x_wconf 74' lang='lat' dir='ltr'><strong>OPERA</strong></span> <span class='ocrx_word' id='word_1_4' title='bbox 1947 450 2008 517; x_wconf 73' lang='grc' dir='ltr'><strong>Β.</strong></span> <span class='ocrx_word' id='word_1_5' title='bbox 2048 446 2447 509; x_wconf 74' lang='lat' dir='ltr'><strong>LANFRANCI</strong></span> <span class='ocrx_word' id='word_1_6' title='bbox 2476 446 2844 512; x_wconf 75' lang='lat' dir='ltr'><strong>APPENDIX.</strong></span> <span class='ocrx_word' id='word_1_7' title='bbox 3050 484 3053 485; x_wconf 47' lang='grc' dir='ltr'><em>κ</em></span> <span class='ocrx_word' id='word_1_8' title='bbox 3216 482 3219 485; x_wconf 65' lang='grc'><strong>›</strong></span> <span class='ocrx_word' id='word_1_9' title='bbox 3684 446 3775 515; x_wconf 73' lang='lat' dir='ltr'><strong>ut</strong></span> 
     </span>
    </p>
   </div>
   <div class='ocr_carea' id='block_1_3' title="bbox 549 562 3767 638">
    <p class='ocr_par' dir='ltr' id='par_1_3' title="bbox 549 562 3767 638">
     <span class='ocr_line' id='line_1_3' title="bbox 549 562 3767 638; baseline 0.002 -19"><span class='ocrx_word' id='word_1_10' title='bbox 549 578 740 636; x_wconf 78' lang='lat' dir='ltr'><strong>magna</strong></span> <span class='ocrx_word' id='word_1_11' title='bbox 771 564 1053 634; x_wconf 81' lang='lat' dir='ltr'><strong>utriusque</strong></span> <span class='ocrx_word' id='word_1_12' title='bbox 1096 562 1305 619; x_wconf 76' lang='lat' dir='ltr'><strong>ordinis</strong></span> <span class='ocrx_word' id='word_1_13' title='bbox 1335 570 1390 617; x_wconf 89' lang='lat' dir='ltr'><strong>et</strong></span> <span class='ocrx_word' id='word_1_14' title='bbox 1426 562 1640 632; x_wconf 79' lang='lat' dir='ltr'><strong>generis</strong></span> <span class='ocrx_word' id='word_1_15' title='bbox 1681 562 1982 630; x_wconf 84' lang='lat' dir='ltr'><strong>hominum,</strong></span> <span class='ocrx_word' id='word_1_16' title='bbox 2006 571 2120 617; x_wconf 91' lang='lat' dir='ltr'><strong>tum</strong></span> <span class='ocrx_word' id='word_1_17' title='bbox 2149 571 2199 631; x_wconf 74' lang='grc' dir='ltr'><strong>Α</strong></span> <span class='ocrx_word' id='word_1_18' title='bbox 2226 562 2327 617; x_wconf 83' lang='lat' dir='ltr'><strong>luit</strong></span> <span class='ocrx_word' id='word_1_19' title='bbox 2370 564 2668 619; x_wconf 78' lang='lat' dir='ltr'><strong>monachus</strong></span> <span class='ocrx_word' id='word_1_20' title='bbox 2714 563 3041 633; x_wconf 84' lang='lat' dir='ltr'><strong>elaustralis,</strong></span> <span class='ocrx_word' id='word_1_21' title='bbox 3074 564 3298 638; x_wconf 74' lang='lat' dir='ltr'><strong>triginta</strong></span> <span class='ocrx_word' id='word_1_22' title='bbox 3336 581 3510 622; x_wconf 84' lang='lat' dir='ltr'><strong>annos</strong></span> <span class='ocrx_word' id='word_1_23' title='bbox 3552 576 3607 623; x_wconf 85' lang='lat' dir='ltr'><strong>et</strong></span> <span class='ocrx_word' id='word_1_24' title='bbox 3642 568 3767 625; x_wconf 74' lang='lat' dir='ltr'><strong>dini-</strong></span> 
     </span>
    </p>
   </div>
   <div class='ocr_carea' id='block_1_4' title="bbox 506 654 2127 727">
    <p class='ocr_par' dir='ltr' id='par_1_4' title="bbox 506 654 2127 727">
     <span class='ocr_line' id='line_1_4' title="bbox 506 654 2127 727; baseline 0 -17"><span class='ocrx_word' id='word_1_25' title='bbox 506 676 509 679; x_wconf 57' lang='grc' dir='ltr'><strong><em>λ</em></strong></span> <span class='ocrx_word' id='word_1_26' title='bbox 544 667 769 727; x_wconf 66' lang='lat' dir='ltr'><strong>propter</strong></span> <span class='ocrx_word' id='word_1_27' title='bbox 788 670 972 726; x_wconf 88' lang='lat' dir='ltr'><strong>regem</strong></span> <span class='ocrx_word' id='word_1_28' title='bbox 1003 656 1095 727; x_wconf 87' lang='lat' dir='ltr'><strong>qui</strong></span> <span class='ocrx_word' id='word_1_29' title='bbox 1143 654 1217 711; x_wconf 85' lang='lat' dir='ltr'><strong>ibi</strong></span> <span class='ocrx_word' id='word_1_30' title='bbox 1257 654 1593 719; x_wconf 77' lang='lat' dir='ltr'><strong>morabatur,</strong></span> <span class='ocrx_word' id='word_1_31' title='bbox 1620 662 1732 708; x_wconf 87' lang='lat' dir='ltr'><strong>tum</strong></span> <span class='ocrx_word' id='word_1_32' title='bbox 1758 656 1884 724; x_wconf 88' lang='lat' dir='ltr'><strong>quia</strong></span> <span class='ocrx_word' id='word_1_33' title='bbox 1913 658 1979 710; x_wconf 85' lang='lat' dir='ltr'><strong>de</strong></span> <span class='ocrx_word' id='word_1_34' title='bbox 2021 656 2127 710; x_wconf 86' lang='lat' dir='ltr'><strong>im-</strong></span> 
     </span>
    </p>
   </div>
   <div class='ocr_carea' id='block_1_5' title="bbox 547 744 2129 816">
    <p class='ocr_par' dir='ltr' id='par_1_5' title="bbox 547 744 2129 816">
     <span class='ocr_line' id='line_1_5' title="bbox 547 744 2129 816; baseline 0.001 -16"><span class='ocrx_word' id='word_1_35' title='bbox 547 754 787 802; x_wconf 73' lang='lat' dir='ltr'><strong>minente</strong></span> <span class='ocrx_word' id='word_1_36' title='bbox 814 746 1103 803; x_wconf 87' lang='lat' dir='ltr'><strong>Beccensis</strong></span> <span class='ocrx_word' id='word_1_37' title='bbox 1131 744 1344 801; x_wconf 82' lang='lat' dir='ltr'><strong>abbatis</strong></span> <span class='ocrx_word' id='word_1_38' title='bbox 1383 755 1556 799; x_wconf 88' lang='lat' dir='ltr'><strong>morte</strong></span> <span class='ocrx_word' id='word_1_39' title='bbox 1586 744 1867 800; x_wconf 89' lang='lat' dir='ltr'><strong>audierant</strong></span> <span class='ocrx_word' id='word_1_40' title='bbox 1898 764 1912 811; x_wconf 90' lang='lat'>;</span> <span class='ocrx_word' id='word_1_41' title='bbox 1951 761 1982 802; x_wconf 92' lang='lat' dir='ltr'><strong>e</strong></span> <span class='ocrx_word' id='word_1_42' title='bbox 2010 746 2129 816; x_wconf 83' lang='lat' dir='ltr'><strong>qui-</strong></span> 
     </span>
    </p>
   </div>
   <div class='ocr_carea' id='block_1_6' title="bbox 565 834 2128 906">
    <p class='ocr_par' dir='ltr' id='par_1_6' title="bbox 565 834 2128 906">
     <span class='ocr_line' id='line_1_6' title="bbox 565 834 2128 906; baseline 0.002 -17"><span class='ocrx_word' id='word_1_43' title='bbox 565 846 647 892; x_wconf 81' lang='lat' dir='ltr'><strong>ms</strong></span> <span class='ocrx_word' id='word_1_44' title='bbox 696 838 925 893; x_wconf 88' lang='lat' dir='ltr'><strong>abbates</strong></span> <span class='ocrx_word' id='word_1_45' title='bbox 969 851 1193 901; x_wconf 91' lang='lat' dir='ltr'><strong>novem,</strong></span> <span class='ocrx_word' id='word_1_46' title='bbox 1243 836 1492 891; x_wconf 84' lang='lat' dir='ltr'><strong>monachi</strong></span> <span class='ocrx_word' id='word_1_47' title='bbox 1544 834 1778 906; x_wconf 88' lang='lat' dir='ltr'><strong>plurimi,</strong></span> <span class='ocrx_word' id='word_1_48' title='bbox 1831 834 2015 891; x_wconf 84' lang='lat' dir='ltr'><strong>clerici</strong></span> <span class='ocrx_word' id='word_1_49' title='bbox 2073 846 2128 892; x_wconf 83' lang='lat' dir='ltr'><strong>et</strong></span> 
     </span>
    </p>
   </div>
   <div class='ocr_carea' id='block_1_7' title="bbox 504 927 2126 1001">
    <p class='ocr_par' dir='ltr' id='par_1_7' title="bbox 504 927 2126 1001">
     <span class='ocr_line' id='line_1_7' title="bbox 504 927 2126 1001; baseline 0 -18"><span class='ocrx_word' id='word_1_50' title='bbox 504 950 505 953; x_wconf 49' lang='grc' dir='ltr'><strong>η</strong></span> <span class='ocrx_word' id='word_1_51' title='bbox 561 929 665 987; x_wconf 62' lang='grc' dir='ltr'><strong>πιἰοί</strong></span> <span class='ocrx_word' id='word_1_52' title='bbox 697 930 850 986; x_wconf 90' lang='lat' dir='ltr'><strong>multi</strong></span> <span class='ocrx_word' id='word_1_53' title='bbox 875 931 993 1001; x_wconf 85' lang='lat' dir='ltr'><strong>ejus</strong></span> <span class='ocrx_word' id='word_1_54' title='bbox 1020 930 1290 999; x_wconf 81' lang='lat' dir='ltr'><strong>exsequiis</strong></span> <span class='ocrx_word' id='word_1_55' title='bbox 1308 928 1687 984; x_wconf 79' lang='lat' dir='ltr'><strong>interfuerunt.</strong></span> <span class='ocrx_word' id='word_1_56' title='bbox 1706 927 1866 983; x_wconf 77' lang='lat' dir='ltr'><strong>Venit</strong></span> <span class='ocrx_word' id='word_1_57' title='bbox 1892 937 1944 983; x_wconf 88' lang='lat' dir='ltr'><strong>et</strong></span> <span class='ocrx_word' id='word_1_58' title='bbox 1968 927 2126 983; x_wconf 79' lang='lat' dir='ltr'><strong>Joan-</strong></span> 
     </span>
    </p>
   </div>
   <div class='ocr_carea' id='block_1_8' title="bbox 499 1019 2127 1090">
    <p class='ocr_par' dir='ltr' id='par_1_8' title="bbox 499 1019 2127 1090">
     <span class='ocr_line' id='line_1_8' title="bbox 499 1019 2127 1090; baseline 0.001 -17"><span class='ocrx_word' id='word_1_59' title='bbox 499 1039 510 1046; x_wconf 82' lang='grc'><strong>-</strong></span> <span class='ocrx_word' id='word_1_60' title='bbox 564 1035 642 1076; x_wconf 77' lang='lat' dir='ltr'><strong>.es</strong></span> <span class='ocrx_word' id='word_1_61' title='bbox 682 1020 967 1090; x_wconf 87' lang='lat' dir='ltr'><strong>episcopus</strong></span> <span class='ocrx_word' id='word_1_62' title='bbox 1010 1019 1380 1085; x_wconf 79' lang='lat' dir='ltr'><strong>Lexoviensis,</strong></span> <span class='ocrx_word' id='word_1_63' title='bbox 1420 1020 1581 1074; x_wconf 92' lang='lat' dir='ltr'><strong>homo</strong></span> <span class='ocrx_word' id='word_1_64' title='bbox 1623 1019 1837 1088; x_wconf 84' lang='lat' dir='ltr'><strong>sapiens</strong></span> <span class='ocrx_word' id='word_1_65' title='bbox 1876 1028 1931 1073; x_wconf 91' lang='lat' dir='ltr'><strong>et</strong></span> <span class='ocrx_word' id='word_1_66' title='bbox 1968 1034 2127 1075; x_wconf 79' lang='lat' dir='ltr'><strong>vene-</strong></span> 
     </span>
    </p>
   </div>
   <div class='ocr_carea' id='block_1_9' title="bbox 502 1108 2125 1179">
    <p class='ocr_par' dir='ltr' id='par_1_9' title="bbox 502 1108 2125 1179">
     <span class='ocr_line' id='line_1_9' title="bbox 502 1108 2125 1179; baseline -0.001 -16"><span class='ocrx_word' id='word_1_67' title='bbox 502 1134 507 1139; x_wconf 62' lang='grc' dir='ltr'><em>ι</em></span> <span class='ocrx_word' id='word_1_68' title='bbox 556 1108 757 1177; x_wconf 76' lang='lat' dir='ltr'><strong>rabilis,</strong></span> <span class='ocrx_word' id='word_1_69' title='bbox 785 1110 875 1179; x_wconf 85' lang='lat' dir='ltr'><strong>qui</strong></span> <span class='ocrx_word' id='word_1_70' title='bbox 901 1119 1069 1167; x_wconf 89' lang='lat' dir='ltr'><strong>totum</strong></span> <span class='ocrx_word' id='word_1_71' title='bbox 1097 1110 1301 1166; x_wconf 84' lang='lat' dir='ltr'><strong>funeris</strong></span> <span class='ocrx_word' id='word_1_72' title='bbox 1327 1110 1525 1166; x_wconf 86' lang='lat' dir='ltr'><strong>devote</strong></span> <span class='ocrx_word' id='word_1_73' title='bbox 1547 1108 1835 1179; x_wconf 86' lang='lat' dir='ltr'><strong>complevit</strong></span> <span class='ocrx_word' id='word_1_74' title='bbox 1865 1108 2125 1172; x_wconf 79' lang='lat' dir='ltr'><strong>ofﬁcium,</strong></span> 
     </span>
    </p>
   </div>
   <div class='ocr_carea' id='block_1_10' title="bbox 550 1198 2128 1268">
    <p class='ocr_par' dir='ltr' id='par_1_10' title="bbox 550 1198 2128 1268">
     <span class='ocr_line' id='line_1_10' title="bbox 550 1198 2128 1268; baseline -0.001 -16"><span class='ocrx_word' id='word_1_75' title='bbox 550 1207 600 1253; x_wconf 75' lang='lat' dir='ltr'><strong>rt</strong></span> <span class='ocrx_word' id='word_1_76' title='bbox 640 1199 887 1257; x_wconf 89' lang='lat' dir='ltr'><strong>ultimum</strong></span> <span class='ocrx_word' id='word_1_77' title='bbox 919 1199 1231 1256; x_wconf 85' lang='lat' dir='ltr'><strong>Christiano</strong></span> <span class='ocrx_word' id='word_1_78' title='bbox 1271 1214 1420 1254; x_wconf 89' lang='lat' dir='ltr'><strong>more</strong></span> <span class='ocrx_word' id='word_1_79' title='bbox 1455 1208 1827 1268; x_wconf 70' lang='lat' dir='ltr'><strong>competenter</strong></span> <span class='ocrx_word' id='word_1_80' title='bbox 1869 1198 2128 1268; x_wconf 83' lang='lat' dir='ltr'><strong>persolvit</strong></span> 
     </span>
    </p>
   </div>
   <div class='ocr_carea' id='block_1_11' title="bbox 540 1290 2127 1364">
    <p class='ocr_par' dir='ltr' id='par_1_11' title="bbox 540 1290 2127 1364">
     <span class='ocr_line' id='line_1_11' title="bbox 540 1290 2127 1364; baseline -0.002 -18"><span class='ocrx_word' id='word_1_81' title='bbox 540 1290 886 1364; x_wconf 82' lang='lat' dir='ltr'><strong>obsequium.</strong></span> <span class='ocrx_word' id='word_1_82' title='bbox 916 1292 1022 1348; x_wconf 91' lang='lat' dir='ltr'><strong>Sed</strong></span> <span class='ocrx_word' id='word_1_83' title='bbox 1062 1302 1117 1347; x_wconf 90' lang='lat' dir='ltr'><strong>et</strong></span> <span class='ocrx_word' id='word_1_84' title='bbox 1144 1307 1441 1363; x_wconf 88' lang='lat' dir='ltr'><strong>pauperum</strong></span> <span class='ocrx_word' id='word_1_85' title='bbox 1473 1290 1810 1346; x_wconf 73' lang='lat' dir='ltr'><strong>conﬂuxerat</strong></span> <span class='ocrx_word' id='word_1_86' title='bbox 1868 1306 1976 1345; x_wconf 93' lang='lat' dir='ltr'><strong>non</strong></span> <span class='ocrx_word' id='word_1_87' title='bbox 2027 1290 2127 1343; x_wconf 89' lang='lat' dir='ltr'><strong>mi-</strong></span> 
     </span>
    </p>
   </div>
   <div class='ocr_carea' id='block_1_12' title="bbox 545 1384 2123 1457">
    <p class='ocr_par' dir='ltr' id='par_1_12' title="bbox 545 1384 2123 1457">
     <span class='ocr_line' id='line_1_12' title="bbox 545 1384 2123 1457; baseline -0.003 -15"><span class='ocrx_word' id='word_1_88' title='bbox 545 1385 687 1442; x_wconf 70' lang='lat' dir='ltr'><strong>Jima</strong></span> <span class='ocrx_word' id='word_1_89' title='bbox 734 1386 893 1443; x_wconf 88' lang='lat' dir='ltr'><strong>turba</strong></span> <span class='ocrx_word' id='word_1_90' title='bbox 936 1394 1152 1457; x_wconf 85' lang='lat' dir='ltr'><strong>propter</strong></span> <span class='ocrx_word' id='word_1_91' title='bbox 1202 1385 1600 1456; x_wconf 81' lang='lat' dir='ltr'><strong>eleemosynam</strong></span> <span class='ocrx_word' id='word_1_92' title='bbox 1645 1400 1806 1454; x_wconf 87' lang='lat' dir='ltr'><strong>qnam</strong></span> <span class='ocrx_word' id='word_1_93' title='bbox 1870 1385 1922 1439; x_wconf 85' lang='lat' dir='ltr'><strong>in</strong></span> <span class='ocrx_word' id='word_1_94' title='bbox 1975 1384 2123 1439; x_wconf 84' lang='lat' dir='ltr'><strong>exim</strong></span> 
     </span>
    </p>
   </div>
   <div class='ocr_carea' id='block_1_13' title="bbox 540 1476 2122 1547">
    <p class='ocr_par' dir='ltr' id='par_1_13' title="bbox 540 1476 2122 1547">
     <span class='ocr_line' id='line_1_13' title="bbox 540 1476 2122 1547; baseline -0.001 -17"><span class='ocrx_word' id='word_1_95' title='bbox 540 1476 689 1533; x_wconf 88' lang='lat' dir='ltr'><strong>illius</strong></span> <span class='ocrx_word' id='word_1_96' title='bbox 733 1476 851 1534; x_wconf 83' lang='lat' dir='ltr'><strong>ﬂeri</strong></span> <span class='ocrx_word' id='word_1_97' title='bbox 904 1477 1198 1547; x_wconf 77' lang='lat' dir='ltr'><strong>Sperabam</strong></span> <span class='ocrx_word' id='word_1_98' title='bbox 1229 1494 1243 1543; x_wconf 91' lang='lat'><strong>;</strong></span> <span class='ocrx_word' id='word_1_99' title='bbox 1272 1492 1391 1547; x_wconf 72' lang='lat' dir='ltr'><strong>qua:</strong></span> <span class='ocrx_word' id='word_1_100' title='bbox 1430 1492 1526 1547; x_wconf 86' lang='lat' dir='ltr'><strong>per</strong></span> <span class='ocrx_word' id='word_1_101' title='bbox 1571 1476 1793 1531; x_wconf 84' lang='lat' dir='ltr'><strong>biduum</strong></span> <span class='ocrx_word' id='word_1_102' title='bbox 1830 1476 1971 1531; x_wconf 80' lang='lat' dir='ltr'><strong>facta</strong></span> <span class='ocrx_word' id='word_1_103' title='bbox 2017 1484 2122 1539; x_wconf 84' lang='lat' dir='ltr'><strong>est,</strong></span> 
     </span>
    </p>
   </div>
   <div class='ocr_carea' id='block_1_14' title="bbox 555 1567 2126 1637">
    <p class='ocr_par' dir='ltr' id='par_1_14' title="bbox 555 1567 2126 1637">
     <span class='ocr_line' id='line_1_14' title="bbox 555 1567 2126 1637; baseline 0.001 -16"><span class='ocrx_word' id='word_1_104' title='bbox 555 1569 684 1623; x_wconf 79' lang='lat' dir='ltr'><strong>Inde</strong></span> <span class='ocrx_word' id='word_1_105' title='bbox 726 1568 905 1624; x_wconf 89' lang='lat' dir='ltr'><strong>nullus</strong></span> <span class='ocrx_word' id='word_1_106' title='bbox 934 1585 1139 1624; x_wconf 88' lang='lat' dir='ltr'><strong>vacuus</strong></span> <span class='ocrx_word' id='word_1_107' title='bbox 1170 1569 1353 1624; x_wconf 79' lang='lat' dir='ltr'><strong>rediit.</strong></span> <span class='ocrx_word' id='word_1_108' title='bbox 1400 1568 1653 1637; x_wconf 84' lang='lat' dir='ltr'><strong>Sepultus</strong></span> <span class='ocrx_word' id='word_1_109' title='bbox 1678 1576 1759 1622; x_wconf 85' lang='lat' dir='ltr'><strong>est</strong></span> <span class='ocrx_word' id='word_1_110' title='bbox 1789 1568 1843 1622; x_wconf 91' lang='lat' dir='ltr'><strong>in</strong></span> <span class='ocrx_word' id='word_1_111' title='bbox 1891 1567 2126 1637; x_wconf 81' lang='lat' dir='ltr'><strong>capitulo</strong></span> 
     </span>
    </p>
   </div>
   <div class='ocr_carea' id='block_1_15' title="bbox 499 1652 2126 1726">
    <p class='ocr_par' dir='ltr' id='par_1_15' title="bbox 499 1652 2126 1726">
     <span class='ocr_line' id='line_1_15' title="bbox 499 1652 2126 1726; baseline 0.002 -16"><span class='ocrx_word' id='word_1_112' title='bbox 499 1652 687 1726; x_wconf 62' lang='lat' dir='ltr'><strong>&#39;fuxta</strong></span> <span class='ocrx_word' id='word_1_113' title='bbox 730 1667 979 1713; x_wconf 88' lang='lat' dir='ltr'><strong>sanctmn</strong></span> <span class='ocrx_word' id='word_1_114' title='bbox 1023 1658 1242 1713; x_wconf 86' lang='lat' dir='ltr'><strong>Patrem</strong></span> <span class='ocrx_word' id='word_1_115' title='bbox 1301 1658 1617 1714; x_wconf 86' lang='lat' dir='ltr'><strong>Herlninum</strong></span> <span class='ocrx_word' id='word_1_116' title='bbox 1674 1658 2015 1714; x_wconf 80' lang='lat' dir='ltr'><strong>laudatorem</strong></span> <span class='ocrx_word' id='word_1_117' title='bbox 2071 1668 2126 1713; x_wconf 92' lang='lat' dir='ltr'><strong>et</strong></span> 
     </span>
    </p>
   </div>
   <div class='ocr_carea' id='block_1_16' title="bbox 536 1749 2119 1823">
    <p class='ocr_par' dir='ltr' id='par_1_16' title="bbox 536 1749 2119 1823">
     <span class='ocr_line' id='line_1_16' title="bbox 536 1749 2119 1823; baseline 0.002 -21"><span class='ocrx_word' id='word_1_118' title='bbox 536 1749 770 1818; x_wconf 85' lang='lat' dir='ltr'><strong>primum</strong></span> <span class='ocrx_word' id='word_1_119' title='bbox 801 1752 1050 1809; x_wconf 80' lang='lat' dir='ltr'><strong>abbatem</strong></span> <span class='ocrx_word' id='word_1_120' title='bbox 1084 1753 1251 1823; x_wconf 87' lang='lat' dir='ltr'><strong>ipsius</strong></span> <span class='ocrx_word' id='word_1_121' title='bbox 1278 1752 1401 1817; x_wconf 90' lang='lat' dir='ltr'><strong>loci,</strong></span> <span class='ocrx_word' id='word_1_122' title='bbox 1439 1753 1504 1805; x_wconf 88' lang='lat' dir='ltr'><strong>ad</strong></span> <span class='ocrx_word' id='word_1_123' title='bbox 1527 1751 1805 1805; x_wconf 81' lang='lat' dir='ltr'><strong>dexteram</strong></span> <span class='ocrx_word' id='word_1_124' title='bbox 1833 1752 1973 1822; x_wconf 69' lang='lat' dir='ltr'><strong>(jus,</strong></span> <span class='ocrx_word' id='word_1_125' title='bbox 2005 1760 2119 1821; x_wconf 86' lang='lat' dir='ltr'><strong>post</strong></span> 
     </span>
    </p>
   </div>
   <div class='ocr_carea' id='block_1_17' title="bbox 536 1844 2120 1912">
    <p class='ocr_par' dir='ltr' id='par_1_17' title="bbox 536 1844 2120 1912">
     <span class='ocr_line' id='line_1_17' title="bbox 536 1844 2120 1912; baseline 0 -17"><span class='ocrx_word' id='word_1_126' title='bbox 536 1855 697 1909; x_wconf 84' lang='lat' dir='ltr'><strong>quem</strong></span> <span class='ocrx_word' id='word_1_127' title='bbox 753 1844 1022 1900; x_wconf 84' lang='lat' dir='ltr'><strong>secundus</strong></span> <span class='ocrx_word' id='word_1_128' title='bbox 1077 1844 1250 1899; x_wconf 83' lang='lat' dir='ltr'><strong>eidem</strong></span> <span class='ocrx_word' id='word_1_129' title='bbox 1279 1845 1528 1899; x_wconf 74' lang='lat' dir='ltr'><strong>cmnobio</strong></span> <span class='ocrx_word' id='word_1_130' title='bbox 1565 1844 1816 1912; x_wconf 75' lang='lat' dir='ltr'><strong>praefuit,</strong></span> <span class='ocrx_word' id='word_1_131' title='bbox 1852 1854 1909 1897; x_wconf 90' lang='lat' dir='ltr'><strong>ut</strong></span> <span class='ocrx_word' id='word_1_132' title='bbox 1961 1858 2120 1912; x_wconf 85' lang='lat' dir='ltr'><strong>quem</strong></span> 
     </span>
    </p>
   </div>
   <div class='ocr_carea' id='block_1_18' title="bbox 2230 654 3767 729">
    <p class='ocr_par' dir='ltr' id='par_1_18' title="bbox 2230 654 3767 729">
     <span class='ocr_line' id='line_1_18' title="bbox 2230 654 3767 729; baseline 0.003 -19"><span class='ocrx_word' id='word_1_133' title='bbox 2230 655 2376 711; x_wconf 83' lang='lat' dir='ltr'><strong>dium</strong></span> <span class='ocrx_word' id='word_1_134' title='bbox 2409 654 2534 711; x_wconf 81' lang='lat' dir='ltr'><strong>fecit</strong></span> <span class='ocrx_word' id='word_1_135' title='bbox 2557 656 2608 709; x_wconf 91' lang='lat' dir='ltr'><strong>in</strong></span> <span class='ocrx_word' id='word_1_136' title='bbox 2624 655 2840 711; x_wconf 89' lang='lat' dir='ltr'><strong>abbatia</strong></span> <span class='ocrx_word' id='word_1_137' title='bbox 2860 697 2873 722; x_wconf 93' lang='lat'><strong>,</strong></span> <span class='ocrx_word' id='word_1_138' title='bbox 2896 658 3347 729; x_wconf 86' lang='lat' dir='ltr'><strong>septuagenarius</strong></span> <span class='ocrx_word' id='word_1_139' title='bbox 3379 658 3640 729; x_wconf 75' lang='lat' dir='ltr'><strong>migravit,</strong></span> <span class='ocrx_word' id='word_1_140' title='bbox 3656 675 3767 715; x_wconf 76' lang='lat' dir='ltr'><strong>anno</strong></span> 
     </span>
    </p>
   </div>
   <div class='ocr_carea' id='block_1_19' title="bbox 2232 746 3768 818">
    <p class='ocr_par' dir='ltr' id='par_1_19' title="bbox 2232 746 3768 818">
     <span class='ocr_line' id='line_1_19' title="bbox 2232 746 3768 818; baseline 0.003 -17"><span class='ocrx_word' id='word_1_141' title='bbox 2232 747 2440 801; x_wconf 80' lang='lat' dir='ltr'><strong>Domini</strong></span> <span class='ocrx_word' id='word_1_142' title='bbox 2479 746 2765 802; x_wconf 85' lang='lat' dir='ltr'><strong>millesimo</strong></span> <span class='ocrx_word' id='word_1_143' title='bbox 2795 748 3091 803; x_wconf 85' lang='lat' dir='ltr'><strong>centesimo</strong></span> <span class='ocrx_word' id='word_1_144' title='bbox 3126 749 3387 805; x_wconf 87' lang='lat' dir='ltr'><strong>vicesimo</strong></span> <span class='ocrx_word' id='word_1_145' title='bbox 3422 759 3624 818; x_wconf 85' lang='lat' dir='ltr'><strong>quarto,</strong></span> <span class='ocrx_word' id='word_1_146' title='bbox 3648 762 3768 806; x_wconf 76' lang='lat' dir='ltr'><strong>sexto</strong></span> 
     </span>
    </p>
   </div>
   <div class='ocr_carea' id='block_1_20' title="bbox 2229 838 3766 912">
    <p class='ocr_par' dir='ltr' id='par_1_20' title="bbox 2229 838 3766 912">
     <span class='ocr_line' id='line_1_20' title="bbox 2229 838 3766 912; baseline 0.001 -18"><span class='ocrx_word' id='word_1_147' title='bbox 2229 841 2442 895; x_wconf 78' lang='lat' dir='ltr'><strong>decimo</strong></span> <span class='ocrx_word' id='word_1_148' title='bbox 2495 838 2762 893; x_wconf 82' lang='lat' dir='ltr'><strong>Kalendas</strong></span> <span class='ocrx_word' id='word_1_149' title='bbox 2818 838 2984 904; x_wconf 83' lang='lat' dir='ltr'><strong>Maii,</strong></span> <span class='ocrx_word' id='word_1_150' title='bbox 3023 841 3363 896; x_wconf 89' lang='lat' dir='ltr'><strong>hebdomada</strong></span> <span class='ocrx_word' id='word_1_151' title='bbox 3420 849 3539 912; x_wconf 82' lang='lat' dir='ltr'><strong>post</strong></span> <span class='ocrx_word' id='word_1_152' title='bbox 3593 852 3766 896; x_wconf 73' lang='lat' dir='ltr'><strong>octavas</strong></span> 
     </span>
    </p>
   </div>
   <div class='ocr_carea' id='block_1_21' title="bbox 2228 930 3768 1004">
    <p class='ocr_par' dir='ltr' id='par_1_21' title="bbox 2228 930 3768 1004">
     <span class='ocr_line' id='line_1_21' title="bbox 2228 930 3768 1004; baseline 0.002 -19"><span class='ocrx_word' id='word_1_153' title='bbox 2228 930 2472 995; x_wconf 74' lang='lat' dir='ltr'><strong>Paschze,</strong></span> <span class='ocrx_word' id='word_1_154' title='bbox 2509 940 2749 1001; x_wconf 88' lang='lat' dir='ltr'><strong>tempore</strong></span> <span class='ocrx_word' id='word_1_155' title='bbox 2800 931 3016 995; x_wconf 75' lang='lat' dir='ltr'><strong>festivo,</strong></span> <span class='ocrx_word' id='word_1_156' title='bbox 3063 932 3303 1002; x_wconf 84' lang='lat' dir='ltr'><strong>paschali</strong></span> <span class='ocrx_word' id='word_1_157' title='bbox 3331 933 3552 1004; x_wconf 88' lang='lat' dir='ltr'><strong>gaudio.</strong></span> <span class='ocrx_word' id='word_1_158' title='bbox 3594 930 3643 986; x_wconf 87' lang='lat' dir='ltr'><strong>In</strong></span> <span class='ocrx_word' id='word_1_159' title='bbox 3686 949 3768 1001; x_wconf 77' lang='lat' dir='ltr'><strong>quo</strong></span> 
     </span>
    </p>
   </div>
   <div class='ocr_carea' id='block_1_22' title="bbox 2228 1022 3763 1093">
    <p class='ocr_par' dir='ltr' id='par_1_22' title="bbox 2228 1022 3763 1093">
     <span class='ocr_line' id='line_1_22' title="bbox 2228 1022 3763 1093; baseline -0.001 -17"><span class='ocrx_word' id='word_1_160' title='bbox 2228 1022 2465 1093; x_wconf 84' lang='lat' dir='ltr'><strong>paschali</strong></span> <span class='ocrx_word' id='word_1_161' title='bbox 2511 1022 2738 1093; x_wconf 87' lang='lat' dir='ltr'><strong>gaudio,</strong></span> <span class='ocrx_word' id='word_1_162' title='bbox 2780 1037 3111 1092; x_wconf 75' lang='lat' dir='ltr'><strong>qnmsumns,</strong></span> <span class='ocrx_word' id='word_1_163' title='bbox 3167 1024 3374 1077; x_wconf 83' lang='lat' dir='ltr'><strong>Auctor</strong></span> <span class='ocrx_word' id='word_1_164' title='bbox 3416 1023 3763 1085; x_wconf 58' lang='lat' dir='ltr'><strong>omniumho-</strong></span> 
     </span>
    </p>
   </div>
   <div class='ocr_carea' id='block_1_23' title="bbox 2228 1111 3763 1182">
    <p class='ocr_par' dir='ltr' id='par_1_23' title="bbox 2228 1111 3763 1182">
     <span class='ocr_line' id='line_1_23' title="bbox 2228 1111 3763 1182; baseline 0 -15"><span class='ocrx_word' id='word_1_165' title='bbox 2228 1111 2334 1167; x_wconf 85' lang='lat' dir='ltr'><strong>stili</strong></span> <span class='ocrx_word' id='word_1_166' title='bbox 2389 1112 2458 1166; x_wconf 89' lang='lat' dir='ltr'><strong>ab</strong></span> <span class='ocrx_word' id='word_1_167' title='bbox 2488 1112 2689 1182; x_wconf 84' lang='lat' dir='ltr'><strong>impetu</strong></span> <span class='ocrx_word' id='word_1_168' title='bbox 2732 1121 2882 1166; x_wconf 84' lang='lat' dir='ltr'><strong>tuum</strong></span> <span class='ocrx_word' id='word_1_169' title='bbox 2931 1112 3161 1168; x_wconf 77' lang='lat' dir='ltr'><strong>defende</strong></span> <span class='ocrx_word' id='word_1_170' title='bbox 3213 1111 3566 1169; x_wconf 67' lang='lat' dir='ltr'><strong>[annulumO</strong></span> <span class='ocrx_word' id='word_1_171' title='bbox 3604 1111 3763 1167; x_wconf 74' lang='lat' dir='ltr'><strong>Pascha</strong></span> 
     </span>
    </p>
   </div>
   <div class='ocr_carea' id='block_1_24' title="bbox 2228 1202 3763 1272">
    <p class='ocr_par' dir='ltr' id='par_1_24' title="bbox 2228 1202 3763 1272">
     <span class='ocr_line' id='line_1_24' title="bbox 2228 1202 3763 1272; baseline 0 -13"><span class='ocrx_word' id='word_1_172' title='bbox 2228 1212 2495 1269; x_wconf 78' lang='lat' dir='ltr'><strong>nostrum,</strong></span> <span class='ocrx_word' id='word_1_173' title='bbox 2519 1202 2743 1257; x_wconf 86' lang='lat' dir='ltr'><strong>Domine</strong></span> <span class='ocrx_word' id='word_1_174' title='bbox 2772 1202 2900 1258; x_wconf 83' lang='lat' dir='ltr'><strong>Jcsu</strong></span> <span class='ocrx_word' id='word_1_175' title='bbox 2922 1204 3158 1259; x_wconf 80' lang='lat' dir='ltr'><strong>Christe.</strong></span> <span class='ocrx_word' id='word_1_176' title='bbox 3187 1216 3451 1259; x_wconf 81' lang='lat' dir='ltr'><strong>converte</strong></span> <span class='ocrx_word' id='word_1_177' title='bbox 3476 1204 3660 1258; x_wconf 75' lang='lat' dir='ltr'><strong>luctum</strong></span> <span class='ocrx_word' id='word_1_178' title='bbox 3679 1204 3763 1272; x_wconf 76' lang='lat' dir='ltr'><strong>ejus</strong></span> 
     </span>
    </p>
   </div>
   <div class='ocr_carea' id='block_1_25' title="bbox 2228 1291 3764 1365">
    <p class='ocr_par' dir='ltr' id='par_1_25' title="bbox 2228 1291 3764 1365">
     <span class='ocr_line' id='line_1_25' title="bbox 2228 1291 3764 1365; baseline 0.001 -20"><span class='ocrx_word' id='word_1_179' title='bbox 2228 1291 2281 1345; x_wconf 90' lang='lat' dir='ltr'><strong>in</strong></span> <span class='ocrx_word' id='word_1_180' title='bbox 2336 1291 2620 1361; x_wconf 76' lang='lat' dir='ltr'><strong>gaudium,</strong></span> <span class='ocrx_word' id='word_1_181' title='bbox 2653 1304 2708 1347; x_wconf 87' lang='lat' dir='ltr'><strong>et</strong></span> <span class='ocrx_word' id='word_1_182' title='bbox 2762 1292 2814 1346; x_wconf 90' lang='lat' dir='ltr'><strong>in</strong></span> <span class='ocrx_word' id='word_1_183' title='bbox 2867 1293 3242 1349; x_wconf 85' lang='lat' dir='ltr'><strong>solemnitatcs</strong></span> <span class='ocrx_word' id='word_1_184' title='bbox 3297 1293 3675 1365; x_wconf 74' lang='lat' dir='ltr'><strong>przeclaras,nt</strong></span> <span class='ocrx_word' id='word_1_185' title='bbox 3713 1296 3764 1348; x_wconf 82' lang='lat' dir='ltr'><strong>sit</strong></span> 
     </span>
    </p>
   </div>
   <div class='ocr_carea' id='block_1_26' title="bbox 2227 1385 3762 1456">
    <p class='ocr_par' dir='ltr' id='par_1_26' title="bbox 2227 1385 3762 1456">
     <span class='ocr_line' id='line_1_26' title="bbox 2227 1385 3762 1456; baseline -0.001 -17"><span class='ocrx_word' id='word_1_186' title='bbox 2227 1386 2490 1440; x_wconf 79' lang='lat' dir='ltr'><strong>transitus</strong></span> <span class='ocrx_word' id='word_1_187' title='bbox 2518 1386 2583 1440; x_wconf 88' lang='lat' dir='ltr'><strong>de</strong></span> <span class='ocrx_word' id='word_1_188' title='bbox 2614 1397 2787 1441; x_wconf 83' lang='lat' dir='ltr'><strong>morte</strong></span> <span class='ocrx_word' id='word_1_189' title='bbox 2821 1385 2889 1440; x_wconf 88' lang='lat' dir='ltr'><strong>ad</strong></span> <span class='ocrx_word' id='word_1_190' title='bbox 2919 1387 3106 1451; x_wconf 84' lang='lat' dir='ltr'><strong>vitam,</strong></span> <span class='ocrx_word' id='word_1_191' title='bbox 3139 1386 3206 1442; x_wconf 91' lang='lat' dir='ltr'><strong>de</strong></span> <span class='ocrx_word' id='word_1_192' title='bbox 3236 1387 3427 1443; x_wconf 82' lang='lat' dir='ltr'><strong>labore</strong></span> <span class='ocrx_word' id='word_1_193' title='bbox 3455 1387 3521 1441; x_wconf 88' lang='lat' dir='ltr'><strong>ad</strong></span> <span class='ocrx_word' id='word_1_194' title='bbox 3553 1388 3762 1456; x_wconf 76' lang='lat' dir='ltr'><strong>requiem,</strong></span> 
     </span>
    </p>
   </div>
   <div class='ocr_carea' id='block_1_27' title="bbox 2226 1476 3762 1549">
    <p class='ocr_par' dir='ltr' id='par_1_27' title="bbox 2226 1476 3762 1549">
     <span class='ocr_line' id='line_1_27' title="bbox 2226 1476 3762 1549; baseline 0.004 -18"><span class='ocrx_word' id='word_1_195' title='bbox 2226 1477 2292 1531; x_wconf 90' lang='lat' dir='ltr'><strong>de</strong></span> <span class='ocrx_word' id='word_1_196' title='bbox 2318 1476 2628 1533; x_wconf 86' lang='lat' dir='ltr'><strong>calamitate</strong></span> <span class='ocrx_word' id='word_1_197' title='bbox 2656 1480 2722 1531; x_wconf 90' lang='lat' dir='ltr'><strong>ad</strong></span> <span class='ocrx_word' id='word_1_198' title='bbox 2752 1477 3000 1549; x_wconf 78' lang='lat' dir='ltr'><strong>gloriam,</strong></span> <span class='ocrx_word' id='word_1_199' title='bbox 3025 1479 3091 1533; x_wconf 89' lang='lat' dir='ltr'><strong>de</strong></span> <span class='ocrx_word' id='word_1_200' title='bbox 3121 1479 3360 1535; x_wconf 86' lang='lat' dir='ltr'><strong>tenebris</strong></span> <span class='ocrx_word' id='word_1_201' title='bbox 3389 1480 3458 1534; x_wconf 86' lang='lat' dir='ltr'><strong>ad</strong></span> <span class='ocrx_word' id='word_1_202' title='bbox 3486 1477 3663 1544; x_wconf 86' lang='lat' dir='ltr'><strong>lucem,</strong></span> <span class='ocrx_word' id='word_1_203' title='bbox 3682 1476 3762 1537; x_wconf 79' lang='lat' dir='ltr'><strong>ubi.</strong></span> 
     </span>
    </p>
   </div>
   <div class='ocr_carea' id='block_1_28' title="bbox 2228 1568 3763 1635">
    <p class='ocr_par' dir='ltr' id='par_1_28' title="bbox 2228 1568 3763 1635">
     <span class='ocr_line' id='line_1_28' title="bbox 2228 1568 3763 1635; baseline -0.001 -12"><span class='ocrx_word' id='word_1_204' title='bbox 2228 1568 2453 1624; x_wconf 86' lang='lat' dir='ltr'><strong>Domine</strong></span> <span class='ocrx_word' id='word_1_205' title='bbox 2480 1611 2494 1635; x_wconf 92' lang='lat'><strong>,</strong></span> <span class='ocrx_word' id='word_1_206' title='bbox 2532 1569 2859 1628; x_wconf 88' lang='lat' dir='ltr'><strong>constituisti</strong></span> <span class='ocrx_word' id='word_1_207' title='bbox 2913 1569 3278 1626; x_wconf 87' lang='lat' dir='ltr'><strong>lueidissimas</strong></span> <span class='ocrx_word' id='word_1_208' title='bbox 3344 1570 3662 1635; x_wconf 84' lang='lat' dir='ltr'><strong>mansiones,</strong></span> <span class='ocrx_word' id='word_1_209' title='bbox 3697 1568 3763 1621; x_wconf 83' lang='lat' dir='ltr'><strong>ubi</strong></span> 
     </span>
    </p>
   </div>
   <div class='ocr_carea' id='block_1_29' title="bbox 2229 1656 3759 1730">
    <p class='ocr_par' dir='ltr' id='par_1_29' title="bbox 2229 1656 3759 1730">
     <span class='ocr_line' id='line_1_29' title="bbox 2229 1656 3759 1730; baseline -0.003 -18"><span class='ocrx_word' id='word_1_210' title='bbox 2229 1660 2574 1729; x_wconf 83' lang='lat' dir='ltr'><strong>requiescunt</strong></span> <span class='ocrx_word' id='word_1_211' title='bbox 2614 1668 2925 1715; x_wconf 87' lang='lat' dir='ltr'><strong>sanctorum</strong></span> <span class='ocrx_word' id='word_1_212' title='bbox 2974 1661 3189 1724; x_wconf 79' lang='lat' dir='ltr'><strong>animae,</strong></span> <span class='ocrx_word' id='word_1_213' title='bbox 3222 1660 3312 1716; x_wconf 84' lang='lat' dir='ltr'><strong>ubi</strong></span> <span class='ocrx_word' id='word_1_214' title='bbox 3345 1659 3570 1730; x_wconf 80' lang='lat' dir='ltr'><strong>spiritus</strong></span> <span class='ocrx_word' id='word_1_215' title='bbox 3617 1656 3759 1711; x_wconf 77' lang='lat' dir='ltr'><strong>famuli</strong></span> 
     </span>
    </p>
   </div>
   <div class='ocr_carea' id='block_1_30' title="bbox 2226 1740 3762 1820">
    <p class='ocr_par' dir='ltr' id='par_1_30' title="bbox 2226 1740 3762 1820">
     <span class='ocr_line' id='line_1_30' title="bbox 2226 1740 3762 1820; baseline -0.003 -17"><span class='ocrx_word' id='word_1_216' title='bbox 2226 1750 2301 1804; x_wconf 82' lang='lat' dir='ltr'><strong>tui</strong></span> <span class='ocrx_word' id='word_1_217' title='bbox 2332 1740 2617 1820; x_wconf 83' lang='lat' dir='ltr'><strong>spiritibus</strong></span> <span class='ocrx_word' id='word_1_218' title='bbox 2650 1749 2826 1807; x_wconf 85' lang='lat' dir='ltr'><strong>beatis</strong></span> <span class='ocrx_word' id='word_1_219' title='bbox 2868 1752 3132 1816; x_wconf 86' lang='lat' dir='ltr'><strong>sociatus,</strong></span> <span class='ocrx_word' id='word_1_220' title='bbox 3161 1759 3370 1805; x_wconf 78' lang='lat' dir='ltr'><strong>:eterna</strong></span> <span class='ocrx_word' id='word_1_221' title='bbox 3404 1749 3588 1819; x_wconf 71' lang='lat' dir='ltr'><strong>requie</strong></span> <span class='ocrx_word' id='word_1_222' title='bbox 3608 1746 3762 1801; x_wconf 76' lang='lat' dir='ltr'><strong>fruitu-</strong></span> 
     </span>
    </p>
   </div>
   <div class='ocr_carea' id='block_1_31' title="bbox 2225 1838 3764 1916">
    <p class='ocr_par' dir='ltr' id='par_1_31' title="bbox 2225 1838 3764 1916">
     <span class='ocr_line' id='line_1_31' title="bbox 2225 1838 3764 1916; baseline 0.001 -19"><span class='ocrx_word' id='word_1_223' title='bbox 2225 1859 2341 1908; x_wconf 83' lang='lat' dir='ltr'><strong>rus,</strong></span> <span class='ocrx_word' id='word_1_224' title='bbox 2366 1842 2503 1898; x_wconf 81' lang='lat' dir='ltr'><strong>facie</strong></span> <span class='ocrx_word' id='word_1_225' title='bbox 2527 1843 2592 1898; x_wconf 92' lang='lat' dir='ltr'><strong>ad</strong></span> <span class='ocrx_word' id='word_1_226' title='bbox 2621 1842 2817 1899; x_wconf 77' lang='lat' dir='ltr'><strong>faciem</strong></span> <span class='ocrx_word' id='word_1_227' title='bbox 2848 1843 3030 1899; x_wconf 82' lang='lat' dir='ltr'><strong>videat</strong></span> <span class='ocrx_word' id='word_1_228' title='bbox 3056 1853 3110 1900; x_wconf 93' lang='lat' dir='ltr'><strong>te</strong></span> <span class='ocrx_word' id='word_1_229' title='bbox 3144 1844 3355 1916; x_wconf 81' lang='lat' dir='ltr'><strong>angelis</strong></span> <span class='ocrx_word' id='word_1_230' title='bbox 3382 1838 3764 1899; x_wconf 67' lang='lat' dir='ltr'><strong>desiderabilem.</strong></span> 
     </span>
    </p>
   </div>
   <div class='ocr_carea' id='block_1_32' title="bbox 536 1928 3763 2006">
    <p class='ocr_par' dir='ltr' id='par_1_32' title="bbox 536 1928 3763 2006">
     <span class='ocr_line' id='line_1_32' title="bbox 536 1928 3763 2006; baseline -0.001 -22"><span class='ocrx_word' id='word_1_231' title='bbox 536 1932 765 1988; x_wconf 89' lang='lat' dir='ltr'><strong>multum</strong></span> <span class='ocrx_word' id='word_1_232' title='bbox 811 1934 864 1989; x_wconf 91' lang='lat' dir='ltr'><strong>in</strong></span> <span class='ocrx_word' id='word_1_233' title='bbox 895 1936 1004 1990; x_wconf 87' lang='lat' dir='ltr'><strong>vita</strong></span> <span class='ocrx_word' id='word_1_234' title='bbox 1049 1951 1146 1991; x_wconf 87' lang='lat' dir='ltr'><strong>sua</strong></span> <span class='ocrx_word' id='word_1_235' title='bbox 1196 1937 1478 1999; x_wconf 84' lang='lat' dir='ltr'><strong>dilexerat,</strong></span> <span class='ocrx_word' id='word_1_236' title='bbox 1511 1936 1559 1991; x_wconf 91' lang='lat' dir='ltr'><strong>ei</strong></span> <span class='ocrx_word' id='word_1_237' title='bbox 1591 1950 1809 2005; x_wconf 76' lang='lat' dir='ltr'><strong>quoque</strong></span> <span class='ocrx_word' id='word_1_238' title='bbox 1853 1935 1903 1989; x_wconf 92' lang='lat' dir='ltr'><strong>in</strong></span> <span class='ocrx_word' id='word_1_239' title='bbox 1939 1934 2121 2005; x_wconf 88' lang='lat' dir='ltr'><strong>sepnl-</strong></span> <span class='ocrx_word' id='word_1_240' title='bbox 2155 1946 2198 2006; x_wconf 74' lang='grc' dir='ltr'><strong><em>Β</em></strong></span> <span class='ocrx_word' id='word_1_241' title='bbox 2228 1933 2429 1989; x_wconf 82' lang='lat' dir='ltr'><strong>fontem</strong></span> <span class='ocrx_word' id='word_1_242' title='bbox 2473 1935 2599 1989; x_wconf 62' lang='lat' dir='ltr'><strong>vitae</strong></span> <span class='ocrx_word' id='word_1_243' title='bbox 2645 1934 3077 2002; x_wconf 83' lang='lat' dir='ltr'><strong>indelicientem,</strong></span> <span class='ocrx_word' id='word_1_244' title='bbox 3120 1950 3244 1990; x_wconf 86' lang='lat' dir='ltr'><strong>eum</strong></span> <span class='ocrx_word' id='word_1_245' title='bbox 3292 1934 3459 1989; x_wconf 86' lang='lat' dir='ltr'><strong>Patre</strong></span> <span class='ocrx_word' id='word_1_246' title='bbox 3512 1943 3567 1989; x_wconf 91' lang='lat' dir='ltr'><strong>ct</strong></span> <span class='ocrx_word' id='word_1_247' title='bbox 3607 1928 3763 2001; x_wconf 76' lang='lat' dir='ltr'><strong>Spiritu</strong></span> 
     </span>
    </p>
   </div>
   <div class='ocr_carea' id='block_1_33' title="bbox 485 2024 2124 2097">
    <p class='ocr_par' dir='ltr' id='par_1_33' title="bbox 485 2024 2124 2097">
     <span class='ocr_line' id='line_1_33' title="bbox 485 2024 2124 2097; baseline 0.004 -24"><span class='ocrx_word' id='word_1_248' title='bbox 485 2046 490 2052; x_wconf 87' lang='grc'>·</span> <span class='ocrx_word' id='word_1_249' title='bbox 539 2030 659 2077; x_wconf 86' lang='lat' dir='ltr'><strong>tura</strong></span> <span class='ocrx_word' id='word_1_250' title='bbox 702 2024 1045 2095; x_wconf 82' lang='lat' dir='ltr'><strong>jnngerctur.</strong></span> <span class='ocrx_word' id='word_1_251' title='bbox 1111 2026 1309 2097; x_wconf 74' lang='lat' dir='ltr'><strong>Viginti</strong></span> <span class='ocrx_word' id='word_1_252' title='bbox 1368 2027 1606 2096; x_wconf 77' lang='lat' dir='ltr'><strong>quinque</strong></span> <span class='ocrx_word' id='word_1_253' title='bbox 1669 2040 1933 2081; x_wconf 89' lang='lat' dir='ltr'><strong>annorum</strong></span> <span class='ocrx_word' id='word_1_254' title='bbox 2005 2035 2124 2080; x_wconf 90' lang='lat' dir='ltr'><strong>erat</strong></span> 
     </span>
    </p>
   </div>
   <div class='ocr_carea' id='block_1_34' title="bbox 534 2114 2121 2186">
    <p class='ocr_par' dir='ltr' id='par_1_34' title="bbox 534 2114 2121 2186">
     <span class='ocr_line' id='line_1_34' title="bbox 534 2114 2121 2186; baseline 0.003 -22"><span class='ocrx_word' id='word_1_255' title='bbox 534 2114 751 2179; x_wconf 84' lang='lat' dir='ltr'><strong>quando</strong></span> <span class='ocrx_word' id='word_1_256' title='bbox 803 2114 1081 2185; x_wconf 85' lang='lat' dir='ltr'><strong>ingressus</strong></span> <span class='ocrx_word' id='word_1_257' title='bbox 1139 2118 1558 2179; x_wconf 82' lang='lat' dir='ltr'><strong>monasterium,</strong></span> <span class='ocrx_word' id='word_1_258' title='bbox 1607 2116 1916 2186; x_wconf 88' lang='lat' dir='ltr'><strong>quindecim</strong></span> <span class='ocrx_word' id='word_1_259' title='bbox 1963 2117 2121 2170; x_wconf 88' lang='lat' dir='ltr'><strong>annis</strong></span> 
     </span>
    </p>
   </div>
   <div class='ocr_carea' id='block_1_35' title="bbox 2231 2024 3465 2097">
    <p class='ocr_par' dir='ltr' id='par_1_35' title="bbox 2231 2024 3465 2097">
     <span class='ocr_line' id='line_1_35' title="bbox 2231 2024 3465 2097; baseline 0 -17"><span class='ocrx_word' id='word_1_260' title='bbox 2231 2033 2420 2080; x_wconf 87' lang='lat' dir='ltr'><strong>sancto</strong></span> <span class='ocrx_word' id='word_1_261' title='bbox 2452 2040 2554 2078; x_wconf 82' lang='lat' dir='ltr'><strong>una</strong></span> <span class='ocrx_word' id='word_1_262' title='bbox 2595 2025 2714 2080; x_wconf 89' lang='lat' dir='ltr'><strong>sine</strong></span> <span class='ocrx_word' id='word_1_263' title='bbox 2738 2024 2844 2080; x_wconf 84' lang='lat' dir='ltr'><strong>line</strong></span> <span class='ocrx_word' id='word_1_264' title='bbox 2874 2035 3215 2097; x_wconf 86' lang='lat' dir='ltr'><strong>regnantem.</strong></span> <span class='ocrx_word' id='word_1_265' title='bbox 3247 2026 3422 2082; x_wconf 80' lang='lat' dir='ltr'><strong>Amen</strong></span> <span class='ocrx_word' id='word_1_266' title='bbox 3450 2028 3465 2080; x_wconf 85' lang='lat'><strong>!</strong></span> 
     </span>
    </p>
   </div>
   <div class='ocr_carea' id='block_1_36' title="bbox 1169 2226 3161 2298">
    <p class='ocr_par' dir='ltr' id='par_1_36' title="bbox 1169 2226 3161 2298">
     <span class='ocr_line' id='line_1_36' title="bbox 1169 2226 3161 2298; baseline -0.002 -16"><span class='ocrx_word' id='word_1_267' title='bbox 1169 2228 1401 2298; x_wconf 57' lang='lat' dir='ltr'><strong>Eaplivit</strong></span> <span class='ocrx_word' id='word_1_268' title='bbox 1444 2226 1559 2282; x_wconf 72' lang='lat' dir='ltr'><strong>Vita</strong></span> <span class='ocrx_word' id='word_1_269' title='bbox 1585 2229 1898 2283; x_wconf 78' lang='lat' dir='ltr'><strong>venerabilis</strong></span> <span class='ocrx_word' id='word_1_270' title='bbox 1926 2228 2179 2283; x_wconf 81' lang='lat' dir='ltr'><strong>Willelmi</strong></span> <span class='ocrx_word' id='word_1_271' title='bbox 2210 2228 2353 2282; x_wconf 90' lang='lat' dir='ltr'><strong>tertii</strong></span> <span class='ocrx_word' id='word_1_272' title='bbox 2390 2227 2589 2281; x_wconf 89' lang='lat' dir='ltr'><strong>abbatis</strong></span> <span class='ocrx_word' id='word_1_273' title='bbox 2620 2226 2894 2281; x_wconf 84' lang='lat' dir='ltr'><strong>Beccensis</strong></span> <span class='ocrx_word' id='word_1_274' title='bbox 2922 2227 3161 2279; x_wconf 74' lang='lat' dir='ltr'><strong>ctrnobii.</strong></span> 
     </span>
    </p>
   </div>
   <div class='ocr_carea' id='block_1_37' title="bbox 1968 2429 2314 2471">
    <p class='ocr_par' dir='ltr' id='par_1_37' title="bbox 1968 2429 2314 2471">
     <span class='ocr_line' id='line_1_37' title="bbox 1968 2429 2314 2471; baseline -0.006 -2"><span class='ocrx_word' id='word_1_275' title='bbox 1968 2429 2314 2471; x_wconf 62' lang='lat' dir='ltr'><strong>EPITAPIHUM.</strong></span> 
     </span>
    </p>
   </div>
   <div class='ocr_carea' id='block_1_38' title="bbox 602 2500 1850 2577">
    <p class='ocr_par' dir='ltr' id='par_1_38' title="bbox 602 2500 1850 2577">
     <span class='ocr_line' id='line_1_38' title="bbox 602 2500 1850 2577; baseline 0.002 -22"><span class='ocrx_word' id='word_1_276' title='bbox 602 2500 774 2557; x_wconf 73' lang='lat' dir='ltr'><strong>Abbas</strong></span> <span class='ocrx_word' id='word_1_277' title='bbox 810 2502 1105 2560; x_wconf 84' lang='lat' dir='ltr'><strong>Willelmus</strong></span> <span class='ocrx_word' id='word_1_278' title='bbox 1135 2504 1379 2575; x_wconf 80' lang='lat' dir='ltr'><strong>prteclari</strong></span> <span class='ocrx_word' id='word_1_279' title='bbox 1417 2508 1664 2577; x_wconf 77' lang='lat' dir='ltr'><strong>germinis</strong></span> <span class='ocrx_word' id='word_1_280' title='bbox 1685 2515 1850 2567; x_wconf 83' lang='lat' dir='ltr'><strong>ortus,</strong></span> 
     </span>
    </p>
   </div>
   <div class='ocr_carea' id='block_1_39' title="bbox 603 2593 1781 2670">
    <p class='ocr_par' dir='ltr' id='par_1_39' title="bbox 603 2593 1781 2670">
     <span class='ocr_line' id='line_1_39' title="bbox 603 2593 1781 2670; baseline 0.004 -23"><span class='ocrx_word' id='word_1_281' title='bbox 603 2593 854 2666; x_wconf 67' lang='lat' dir='ltr'><strong>Tempore</strong></span> <span class='ocrx_word' id='word_1_282' title='bbox 874 2598 1119 2666; x_wconf 80' lang='lat' dir='ltr'><strong>primva</strong></span> <span class='ocrx_word' id='word_1_283' title='bbox 1154 2599 1210 2666; x_wconf 88' lang='lat' dir='ltr'><strong>ﬁt</strong></span> <span class='ocrx_word' id='word_1_284' title='bbox 1257 2599 1524 2670; x_wconf 74' lang='lat' dir='ltr'><strong>religionis</strong></span> <span class='ocrx_word' id='word_1_285' title='bbox 1556 2609 1781 2654; x_wconf 84' lang='lat' dir='ltr'><strong>amator.</strong></span> 
     </span>
    </p>
   </div>
   <div class='ocr_carea' id='block_1_40' title="bbox 602 2682 1762 2758">
    <p class='ocr_par' dir='ltr' id='par_1_40' title="bbox 602 2682 1762 2758">
     <span class='ocr_line' id='line_1_40' title="bbox 602 2682 1762 2758; baseline 0.003 -21"><span class='ocrx_word' id='word_1_286' title='bbox 602 2682 805 2738; x_wconf 57' lang='lat' dir='ltr'><strong>litatis</strong></span> <span class='ocrx_word' id='word_1_287' title='bbox 826 2686 1000 2756; x_wconf 87' lang='lat' dir='ltr'><strong>quinis</strong></span> <span class='ocrx_word' id='word_1_288' title='bbox 1035 2686 1215 2742; x_wconf 87' lang='lat' dir='ltr'><strong>lustris</strong></span> <span class='ocrx_word' id='word_1_289' title='bbox 1236 2688 1353 2757; x_wconf 85' lang='lat' dir='ltr'><strong>jam</strong></span> <span class='ocrx_word' id='word_1_290' title='bbox 1381 2690 1478 2743; x_wconf 90' lang='lat' dir='ltr'><strong>rite</strong></span> <span class='ocrx_word' id='word_1_291' title='bbox 1510 2690 1762 2758; x_wconf 75' lang='lat' dir='ltr'><strong>peractis,</strong></span> 
     </span>
    </p>
   </div>
   <div class='ocr_carea' id='block_1_41' title="bbox 605 2774 1973 2849">
    <p class='ocr_par' dir='ltr' id='par_1_41' title="bbox 605 2774 1973 2849">
     <span class='ocr_line' id='line_1_41' title="bbox 605 2774 1973 2849; baseline 0.001 -18"><span class='ocrx_word' id='word_1_292' title='bbox 605 2774 933 2845; x_wconf 85' lang='lat' dir='ltr'><strong>Suspirando</strong></span> <span class='ocrx_word' id='word_1_293' title='bbox 969 2777 1138 2833; x_wconf 84' lang='lat' dir='ltr'><strong>Deum</strong></span> <span class='ocrx_word' id='word_1_294' title='bbox 1165 2780 1320 2849; x_wconf 78' lang='lat' dir='ltr'><strong>coepit</strong></span> <span class='ocrx_word' id='word_1_295' title='bbox 1352 2789 1677 2834; x_wconf 81' lang='lat' dir='ltr'><strong>contemnere</strong></span> <span class='ocrx_word' id='word_1_296' title='bbox 1701 2782 1973 2834; x_wconf 86' lang='lat' dir='ltr'><strong>mundum.</strong></span> 
     </span>
    </p>
   </div>
   <div class='ocr_carea' id='block_1_42' title="bbox 604 2868 1833 2935">
    <p class='ocr_par' dir='ltr' id='par_1_42' title="bbox 604 2868 1833 2935">
     <span class='ocr_line' id='line_1_42' title="bbox 604 2868 1833 2935; baseline 0.005 -14"><span class='ocrx_word' id='word_1_297' title='bbox 604 2868 797 2924; x_wconf 84' lang='lat' dir='ltr'><strong>Terrea</strong></span> <span class='ocrx_word' id='word_1_298' title='bbox 819 2870 1050 2935; x_wconf 79' lang='lat' dir='ltr'><strong>demisit,</strong></span> <span class='ocrx_word' id='word_1_299' title='bbox 1073 2873 1163 2926; x_wconf 89' lang='lat' dir='ltr'><strong>sed</strong></span> <span class='ocrx_word' id='word_1_300' title='bbox 1185 2871 1392 2927; x_wconf 80' lang='lat' dir='ltr'><strong>Christo</strong></span> <span class='ocrx_word' id='word_1_301' title='bbox 1420 2883 1559 2928; x_wconf 87' lang='lat' dir='ltr'><strong>totus</strong></span> <span class='ocrx_word' id='word_1_302' title='bbox 1591 2876 1833 2929; x_wconf 77' lang='lat' dir='ltr'><strong>adhtvsit.</strong></span> 
     </span>
    </p>
   </div>
   <div class='ocr_carea' id='block_1_43' title="bbox 605 2956 2049 3035">
    <p class='ocr_par' dir='ltr' id='par_1_43' title="bbox 605 2956 2049 3035">
     <span class='ocr_line' id='line_1_43' title="bbox 605 2956 2049 3035; baseline 0.006 -24"><span class='ocrx_word' id='word_1_303' title='bbox 605 2956 674 3011; x_wconf 89' lang='lat' dir='ltr'><strong>Ut</strong></span> <span class='ocrx_word' id='word_1_304' title='bbox 702 2960 898 3013; x_wconf 84' lang='lat' dir='ltr'><strong>nudum</strong></span> <span class='ocrx_word' id='word_1_305' title='bbox 928 2961 1101 3015; x_wconf 84' lang='lat' dir='ltr'><strong>nudus</strong></span> <span class='ocrx_word' id='word_1_306' title='bbox 1132 2963 1410 3017; x_wconf 88' lang='lat' dir='ltr'><strong>Dominum</strong></span> <span class='ocrx_word' id='word_1_307' title='bbox 1455 2964 1687 3033; x_wconf 78' lang='lat' dir='ltr'><strong>famulas</strong></span> <span class='ocrx_word' id='word_1_308' title='bbox 1729 2976 2049 3035; x_wconf 77' lang='lat' dir='ltr'><strong>sequeretur,</strong></span> 
     </span>
    </p>
   </div>
   <div class='ocr_carea' id='block_1_44' title="bbox 603 3046 1934 3122">
    <p class='ocr_par' dir='ltr' id='par_1_44' title="bbox 603 3046 1934 3122">
     <span class='ocr_line' id='line_1_44' title="bbox 603 3046 1934 3122; baseline 0.002 -20"><span class='ocrx_word' id='word_1_309' title='bbox 603 3046 894 3118; x_wconf 76' lang='lat' dir='ltr'><strong>Confestim</strong></span> <span class='ocrx_word' id='word_1_310' title='bbox 928 3050 1081 3105; x_wconf 83' lang='lat' dir='ltr'><strong>Becci</strong></span> <span class='ocrx_word' id='word_1_311' title='bbox 1106 3052 1230 3122; x_wconf 78' lang='lat' dir='ltr'><strong>iuga</strong></span> <span class='ocrx_word' id='word_1_312' title='bbox 1258 3053 1475 3121; x_wconf 75' lang='lat' dir='ltr'><strong>sumpsit</strong></span> <span class='ocrx_word' id='word_1_313' title='bbox 1503 3055 1687 3107; x_wconf 89' lang='lat' dir='ltr'><strong>suavia</strong></span> <span class='ocrx_word' id='word_1_314' title='bbox 1716 3052 1934 3117; x_wconf 79' lang='lat' dir='ltr'><strong>Christi,</strong></span> 
     </span>
    </p>
   </div>
   <div class='ocr_carea' id='block_1_45' title="bbox 607 3137 1980 3215">
    <p class='ocr_par' dir='ltr' id='par_1_45' title="bbox 607 3137 1980 3215">
     <span class='ocr_line' id='line_1_45' title="bbox 607 3137 1980 3215; baseline 0.003 -22"><span class='ocrx_word' id='word_1_315' title='bbox 607 3137 740 3204; x_wconf 81' lang='lat' dir='ltr'><strong>Qutv</strong></span> <span class='ocrx_word' id='word_1_316' title='bbox 767 3156 859 3210; x_wconf 89' lang='lat' dir='ltr'><strong>per</strong></span> <span class='ocrx_word' id='word_1_317' title='bbox 899 3141 1188 3212; x_wconf 86' lang='lat' dir='ltr'><strong>quindenos</strong></span> <span class='ocrx_word' id='word_1_318' title='bbox 1225 3153 1524 3199; x_wconf 82' lang='lat' dir='ltr'><strong>constanter</strong></span> <span class='ocrx_word' id='word_1_319' title='bbox 1552 3144 1765 3215; x_wconf 76' lang='lat' dir='ltr'><strong>pertulit</strong></span> <span class='ocrx_word' id='word_1_320' title='bbox 1794 3162 1980 3199; x_wconf 76' lang='lat' dir='ltr'><strong>annos.</strong></span> 
     </span>
    </p>
   </div>
   <div class='ocr_carea' id='block_1_46' title="bbox 603 3231 1906 3305">
    <p class='ocr_par' dir='ltr' id='par_1_46' title="bbox 603 3231 1906 3305">
     <span class='ocr_line' id='line_1_46' title="bbox 603 3231 1906 3305; baseline 0.004 -20"><span class='ocrx_word' id='word_1_321' title='bbox 603 3231 860 3286; x_wconf 71' lang='lat' dir='ltr'><strong>ANSELIIO</strong></span> <span class='ocrx_word' id='word_1_322' title='bbox 894 3244 1009 3301; x_wconf 85' lang='lat' dir='ltr'><strong>post</strong></span> <span class='ocrx_word' id='word_1_323' title='bbox 1040 3234 1149 3287; x_wconf 72' lang='lat' dir='ltr'><strong>hau:</strong></span> <span class='ocrx_word' id='word_1_324' title='bbox 1172 3234 1460 3305; x_wconf 78' lang='lat' dir='ltr'><strong>Anglorum</strong></span> <span class='ocrx_word' id='word_1_325' title='bbox 1491 3234 1716 3304; x_wconf 76' lang='lat' dir='ltr'><strong>prwsule</strong></span> <span class='ocrx_word' id='word_1_326' title='bbox 1747 3236 1906 3305; x_wconf 81' lang='lat' dir='ltr'><strong>facta,</strong></span> 
     </span>
    </p>
   </div>
   <div class='ocr_carea' id='block_1_47' title="bbox 608 3320 1978 3398">
    <p class='ocr_par' dir='ltr' id='par_1_47' title="bbox 608 3320 1978 3398">
     <span class='ocr_line' id='line_1_47' title="bbox 608 3320 1978 3398; baseline 0.003 -23"><span class='ocrx_word' id='word_1_327' title='bbox 608 3320 720 3377; x_wconf 82' lang='lat' dir='ltr'><strong>ls&#39;e</strong></span> <span class='ocrx_word' id='word_1_328' title='bbox 757 3324 859 3377; x_wconf 84' lang='lat' dir='ltr'><strong>loci</strong></span> <span class='ocrx_word' id='word_1_329' title='bbox 885 3339 1068 3379; x_wconf 87' lang='lat' dir='ltr'><strong>curam</strong></span> <span class='ocrx_word' id='word_1_330' title='bbox 1110 3326 1288 3395; x_wconf 75' lang='lat' dir='ltr'><strong>recipit</strong></span> <span class='ocrx_word' id='word_1_331' title='bbox 1322 3325 1653 3398; x_wconf 78' lang='lat' dir='ltr'><strong>fratrumque</strong></span> <span class='ocrx_word' id='word_1_332' title='bbox 1676 3328 1978 3397; x_wconf 87' lang='lat' dir='ltr'><strong>regendam,</strong></span> 
     </span>
    </p>
   </div>
   <div class='ocr_carea' id='block_1_48' title="bbox 609 3413 2123 3489">
    <p class='ocr_par' dir='ltr' id='par_1_48' title="bbox 609 3413 2123 3489">
     <span class='ocr_line' id='line_1_48' title="bbox 609 3413 2123 3489; baseline 0.003 -21"><span class='ocrx_word' id='word_1_333' title='bbox 609 3413 777 3480; x_wconf 80' lang='lat' dir='ltr'><strong>Quem</strong></span> <span class='ocrx_word' id='word_1_334' title='bbox 800 3418 1031 3486; x_wconf 89' lang='lat' dir='ltr'><strong>gravitas</strong></span> <span class='ocrx_word' id='word_1_335' title='bbox 1058 3433 1286 3484; x_wconf 88' lang='lat' dir='ltr'><strong>morum,</strong></span> <span class='ocrx_word' id='word_1_336' title='bbox 1309 3417 1385 3472; x_wconf 86' lang='lat' dir='ltr'><strong>vel</strong></span> <span class='ocrx_word' id='word_1_337' title='bbox 1404 3418 1534 3484; x_wconf 89' lang='lat' dir='ltr'><strong>vita,</strong></span> <span class='ocrx_word' id='word_1_338' title='bbox 1557 3419 1818 3489; x_wconf 77' lang='lat' dir='ltr'><strong>decusque</strong></span> <span class='ocrx_word' id='word_1_339' title='bbox 1845 3430 2123 3489; x_wconf 81' lang='lat' dir='ltr'><strong>parentant</strong></span> 
     </span>
    </p>
   </div>
   <div class='ocr_carea' id='block_1_49' title="bbox 605 3503 1956 3579">
    <p class='ocr_par' dir='ltr' id='par_1_49' title="bbox 605 3503 1956 3579">
     <span class='ocr_line' id='line_1_49' title="bbox 605 3503 1956 3579; baseline 0.003 -19"><span class='ocrx_word' id='word_1_340' title='bbox 605 3503 867 3563; x_wconf 85' lang='lat' dir='ltr'><strong>Fecerunt</strong></span> <span class='ocrx_word' id='word_1_341' title='bbox 892 3509 1094 3563; x_wconf 85' lang='lat' dir='ltr'><strong>clarum</strong></span> <span class='ocrx_word' id='word_1_342' title='bbox 1122 3524 1234 3579; x_wconf 75' lang='lat' dir='ltr'><strong>pra:</strong></span> <span class='ocrx_word' id='word_1_343' title='bbox 1266 3508 1465 3576; x_wconf 87' lang='lat' dir='ltr'><strong>multis,</strong></span> <span class='ocrx_word' id='word_1_344' title='bbox 1493 3527 1556 3563; x_wconf 90' lang='lat' dir='ltr'><strong>ac</strong></span> <span class='ocrx_word' id='word_1_345' title='bbox 1585 3511 1956 3565; x_wconf 85' lang='lat' dir='ltr'><strong>venerandum.</strong></span> 
     </span>
    </p>
   </div>
   <div class='ocr_carea' id='block_1_50' title="bbox 604 3596 2094 3673">
    <p class='ocr_par' dir='ltr' id='par_1_50' title="bbox 604 3596 2094 3673">
     <span class='ocr_line' id='line_1_50' title="bbox 604 3596 2094 3673; baseline 0.001 -21"><span class='ocrx_word' id='word_1_346' title='bbox 604 3596 806 3653; x_wconf 88' lang='lat' dir='ltr'><strong>Doctus</strong></span> <span class='ocrx_word' id='word_1_347' title='bbox 836 3610 972 3665; x_wconf 88' lang='lat' dir='ltr'><strong>erat,</strong></span> <span class='ocrx_word' id='word_1_348' title='bbox 1004 3600 1298 3671; x_wconf 90' lang='lat' dir='ltr'><strong>blandoque</strong></span> <span class='ocrx_word' id='word_1_349' title='bbox 1328 3600 1543 3673; x_wconf 87' lang='lat' dir='ltr'><strong>loquens</strong></span> <span class='ocrx_word' id='word_1_350' title='bbox 1565 3617 1803 3658; x_wconf 75' lang='lat' dir='ltr'><strong>sermone</strong></span> <span class='ocrx_word' id='word_1_351' title='bbox 1828 3602 2094 3673; x_wconf 80' lang='lat' dir='ltr'><strong>placebat,</strong></span> 
     </span>
    </p>
   </div>
   <div class='ocr_carea' id='block_1_51' title="bbox 606 3693 1696 3760">
    <p class='ocr_par' dir='ltr' id='par_1_51' title="bbox 606 3693 1696 3760">
     <span class='ocr_line' id='line_1_51' title="bbox 606 3693 1696 3760; baseline 0.002 -14"><span class='ocrx_word' id='word_1_352' title='bbox 606 3693 820 3747; x_wconf 80' lang='lat' dir='ltr'><strong>Actibus</strong></span> <span class='ocrx_word' id='word_1_353' title='bbox 846 3703 894 3747; x_wconf 85' lang='lat' dir='ltr'><strong>et</strong></span> <span class='ocrx_word' id='word_1_354' title='bbox 918 3694 1084 3747; x_wconf 85' lang='lat' dir='ltr'><strong>verbis</strong></span> <span class='ocrx_word' id='word_1_355' title='bbox 1114 3694 1373 3760; x_wconf 80' lang='lat' dir='ltr'><strong>subjectos</strong></span> <span class='ocrx_word' id='word_1_356' title='bbox 1410 3694 1696 3750; x_wconf 84' lang='lat' dir='ltr'><strong>erudiebat.</strong></span> 
     </span>
    </p>
   </div>
   <div class='ocr_carea' id='block_1_52' title="bbox 606 3785 1735 3851">
    <p class='ocr_par' dir='ltr' id='par_1_52' title="bbox 606 3785 1735 3851">
     <span class='ocr_line' id='line_1_52' title="bbox 606 3785 1735 3851; baseline 0 -14"><span class='ocrx_word' id='word_1_357' title='bbox 606 3786 647 3837; x_wconf 87' lang='grc' dir='ltr'><em>Α</em></span> <span class='ocrx_word' id='word_1_358' title='bbox 682 3799 843 3851; x_wconf 84' lang='lat' dir='ltr'><strong>puero</strong></span> <span class='ocrx_word' id='word_1_359' title='bbox 872 3785 989 3838; x_wconf 77' lang='lat' dir='ltr'><strong>vitte</strong></span> <span class='ocrx_word' id='word_1_360' title='bbox 1019 3788 1192 3851; x_wconf 72' lang='lat' dir='ltr'><strong>fuerat</strong></span> <span class='ocrx_word' id='word_1_361' title='bbox 1222 3797 1450 3839; x_wconf 78' lang='lat' dir='ltr'><strong>sectator</strong></span> <span class='ocrx_word' id='word_1_362' title='bbox 1487 3788 1735 3840; x_wconf 74' lang='lat' dir='ltr'><strong>honestte.</strong></span> 
     </span>
    </p>
   </div>
   <div class='ocr_carea' id='block_1_53' title="bbox 608 3875 2007 3948">
    <p class='ocr_par' dir='ltr' id='par_1_53' title="bbox 608 3875 2007 3948">
     <span class='ocr_line' id='line_1_53' title="bbox 608 3875 2007 3948; baseline 0.001 -19"><span class='ocrx_word' id='word_1_363' title='bbox 608 3875 795 3929; x_wconf 85' lang='lat' dir='ltr'><strong>Cordis</strong></span> <span class='ocrx_word' id='word_1_364' title='bbox 827 3877 1148 3930; x_wconf 82' lang='lat' dir='ltr'><strong>mundiciam</strong></span> <span class='ocrx_word' id='word_1_365' title='bbox 1180 3893 1392 3933; x_wconf 87' lang='lat' dir='ltr'><strong>servans</strong></span> <span class='ocrx_word' id='word_1_366' title='bbox 1416 3880 1692 3947; x_wconf 84' lang='lat' dir='ltr'><strong>carnisque</strong></span> <span class='ocrx_word' id='word_1_367' title='bbox 1711 3895 2007 3948; x_wconf 83' lang='lat' dir='ltr'><strong>perennem.</strong></span> 
     </span>
    </p>
   </div>
   <div class='ocr_carea' id='block_1_54' title="bbox 607 3968 1926 4043">
    <p class='ocr_par' dir='ltr' id='par_1_54' title="bbox 607 3968 1926 4043">
     <span class='ocr_line' id='line_1_54' title="bbox 607 3968 1926 4043; baseline 0.001 -20"><span class='ocrx_word' id='word_1_368' title='bbox 607 3968 833 4023; x_wconf 87' lang='lat' dir='ltr'><strong>Beccum</strong></span> <span class='ocrx_word' id='word_1_369' title='bbox 855 3979 933 4023; x_wconf 90' lang='lat' dir='ltr'><strong>ter</strong></span> <span class='ocrx_word' id='word_1_370' title='bbox 956 3969 1115 4025; x_wconf 86' lang='lat' dir='ltr'><strong>denos</strong></span> <span class='ocrx_word' id='word_1_371' title='bbox 1150 3971 1322 4036; x_wconf 73' lang='lat' dir='ltr'><strong>auxit,</strong></span> <span class='ocrx_word' id='word_1_372' title='bbox 1357 3981 1594 4042; x_wconf 73' lang='lat' dir='ltr'><strong>vexitque</strong></span> <span class='ocrx_word' id='word_1_373' title='bbox 1615 3988 1708 4043; x_wconf 90' lang='lat' dir='ltr'><strong>per</strong></span> <span class='ocrx_word' id='word_1_374' title='bbox 1736 3988 1926 4026; x_wconf 88' lang='lat' dir='ltr'><strong>annos.</strong></span> 
     </span>
    </p>
   </div>
   <div class='ocr_carea' id='block_1_55' title="bbox 602 4059 1917 4134">
    <p class='ocr_par' dir='ltr' id='par_1_55' title="bbox 602 4059 1917 4134">
     <span class='ocr_line' id='line_1_55' title="bbox 602 4059 1917 4134; baseline 0.002 -19"><span class='ocrx_word' id='word_1_375' title='bbox 602 4059 846 4115; x_wconf 83' lang='lat' dir='ltr'><strong>Blandus</strong></span> <span class='ocrx_word' id='word_1_376' title='bbox 875 4060 1122 4130; x_wconf 83' lang='lat' dir='ltr'><strong>subjectis</strong></span> <span class='ocrx_word' id='word_1_377' title='bbox 1154 4073 1342 4128; x_wconf 86' lang='lat' dir='ltr'><strong>rector,</strong></span> <span class='ocrx_word' id='word_1_378' title='bbox 1370 4063 1639 4134; x_wconf 84' lang='lat' dir='ltr'><strong>durusque</strong></span> <span class='ocrx_word' id='word_1_379' title='bbox 1665 4064 1917 4134; x_wconf 81' lang='lat' dir='ltr'><strong>superbis.</strong></span> 
     </span>
    </p>
   </div>
   <div class='ocr_carea' id='block_1_56' title="bbox 617 4150 1867 4225">
    <p class='ocr_par' dir='ltr' id='par_1_56' title="bbox 617 4150 1867 4225">
     <span class='ocr_line' id='line_1_56' title="bbox 617 4150 1867 4225; baseline 0.004 -21"><span class='ocrx_word' id='word_1_380' title='bbox 617 4150 710 4206; x_wconf 79' lang='lat' dir='ltr'><strong>Vir</strong></span> <span class='ocrx_word' id='word_1_381' title='bbox 732 4162 910 4207; x_wconf 89' lang='lat' dir='ltr'><strong>tantus</strong></span> <span class='ocrx_word' id='word_1_382' title='bbox 942 4154 1139 4208; x_wconf 87' lang='lat' dir='ltr'><strong>meritis</strong></span> <span class='ocrx_word' id='word_1_383' title='bbox 1175 4170 1380 4207; x_wconf 87' lang='lat' dir='ltr'><strong>moram</strong></span> <span class='ocrx_word' id='word_1_384' title='bbox 1410 4154 1609 4209; x_wconf 85' lang='lat' dir='ltr'><strong>ditatus</strong></span> <span class='ocrx_word' id='word_1_385' title='bbox 1637 4154 1824 4225; x_wconf 83' lang='lat' dir='ltr'><strong>opimis</strong></span> <span class='ocrx_word' id='word_1_386' title='bbox 1849 4172 1867 4220; x_wconf 88' lang='lat'><em>;</em></span> 
     </span>
    </p>
   </div>
   <div class='ocr_carea' id='block_1_57' title="bbox 602 4241 1907 4313">
    <p class='ocr_par' dir='ltr' id='par_1_57' title="bbox 602 4241 1907 4313">
     <span class='ocr_line' id='line_1_57' title="bbox 602 4241 1907 4313; baseline 0.002 -16"><span class='ocrx_word' id='word_1_387' title='bbox 602 4241 953 4313; x_wconf 86' lang='lat' dir='ltr'><strong>Nequaquam</strong></span> <span class='ocrx_word' id='word_1_388' title='bbox 988 4242 1150 4298; x_wconf 90' lang='lat' dir='ltr'><strong>valuit</strong></span> <span class='ocrx_word' id='word_1_389' title='bbox 1180 4261 1345 4299; x_wconf 73' lang='lat' dir='ltr'><strong>nexus</strong></span> <span class='ocrx_word' id='word_1_390' title='bbox 1384 4247 1599 4300; x_wconf 35' lang='lat' dir='ltr'><strong>evadere</strong></span> <span class='ocrx_word' id='word_1_391' title='bbox 1622 4247 1805 4300; x_wconf 88' lang='lat' dir='ltr'><strong>ntortis</strong></span> <span class='ocrx_word' id='word_1_392' title='bbox 1824 4262 1843 4300; x_wconf 90' lang='lat'><strong><em>:</em></strong></span> <span class='ocrx_word' id='word_1_393' title='bbox 1902 4270 1907 4277; x_wconf 67' lang='grc' dir='ltr'>ί</span> 
     </span>
    </p>
   </div>
   <div class='ocr_carea' id='block_1_58' title="bbox 602 4332 1674 4406">
    <p class='ocr_par' dir='ltr' id='par_1_58' title="bbox 602 4332 1674 4406">
     <span class='ocr_line' id='line_1_58' title="bbox 602 4332 1674 4406; baseline 0.004 -21"><span class='ocrx_word' id='word_1_394' title='bbox 602 4332 800 4402; x_wconf 77' lang='lat' dir='ltr'><strong>Aprilis</strong></span> <span class='ocrx_word' id='word_1_395' title='bbox 828 4342 976 4388; x_wconf 69' lang='lat' dir='ltr'><strong>sexta</strong></span> <span class='ocrx_word' id='word_1_396' title='bbox 997 4334 1200 4389; x_wconf 88' lang='lat' dir='ltr'><strong>decima</strong></span> <span class='ocrx_word' id='word_1_397' title='bbox 1239 4346 1484 4406; x_wconf 68' lang='lat' dir='ltr'><strong>surgente</strong></span> <span class='ocrx_word' id='word_1_398' title='bbox 1510 4336 1674 4401; x_wconf 83' lang='lat' dir='ltr'><strong>dicta,</strong></span> 
     </span>
    </p>
   </div>
   <div class='ocr_carea' id='block_1_59' title="bbox 602 4423 1846 4496">
    <p class='ocr_par' dir='ltr' id='par_1_59' title="bbox 602 4423 1846 4496">
     <span class='ocr_line' id='line_1_59' title="bbox 602 4423 1846 4496; baseline 0.006 -21"><span class='ocrx_word' id='word_1_399' title='bbox 602 4423 889 4492; x_wconf 85' lang='lat' dir='ltr'><strong>Complevit</strong></span> <span class='ocrx_word' id='word_1_400' title='bbox 913 4441 1124 4479; x_wconf 86' lang='lat' dir='ltr'><strong>cursum</strong></span> <span class='ocrx_word' id='word_1_401' title='bbox 1154 4426 1273 4480; x_wconf 79' lang='lat' dir='ltr'><strong>vita:</strong></span> <span class='ocrx_word' id='word_1_402' title='bbox 1293 4427 1567 4496; x_wconf 78' lang='lat' dir='ltr'><strong>prtesentis</strong></span> <span class='ocrx_word' id='word_1_403' title='bbox 1592 4437 1641 4481; x_wconf 87' lang='lat' dir='ltr'><strong>et</strong></span> <span class='ocrx_word' id='word_1_404' title='bbox 1676 4437 1846 4483; x_wconf 86' lang='lat' dir='ltr'><strong>actus.</strong></span> 
     </span>
    </p>
   </div>
   <div class='ocr_carea' id='block_1_60' title="bbox 602 4513 2076 4590">
    <p class='ocr_par' dir='ltr' id='par_1_60' title="bbox 602 4513 2076 4590">
     <span class='ocr_line' id='line_1_60' title="bbox 602 4513 2076 4590; baseline 0 -23"><span class='ocrx_word' id='word_1_405' title='bbox 602 4513 989 4571; x_wconf 88' lang='lat' dir='ltr'><strong>Commendans</strong></span> <span class='ocrx_word' id='word_1_406' title='bbox 1011 4519 1242 4571; x_wconf 86' lang='lat' dir='ltr'><strong>animam</strong></span> <span class='ocrx_word' id='word_1_407' title='bbox 1281 4518 1428 4581; x_wconf 67' lang='lat' dir='ltr'><strong>coelo,</strong></span> <span class='ocrx_word' id='word_1_408' title='bbox 1463 4535 1754 4590; x_wconf 79' lang='lat' dir='ltr'><strong>corpusque</strong></span> <span class='ocrx_word' id='word_1_409' title='bbox 1800 4518 2076 4588; x_wconf 78' lang='lat' dir='ltr'><strong>sepulcro:</strong></span> 
     </span>
    </p>
   </div>
   <div class='ocr_carea' id='block_1_61' title="bbox 609 4602 2014 4679">
    <p class='ocr_par' dir='ltr' id='par_1_61' title="bbox 609 4602 2014 4679">
     <span class='ocr_line' id='line_1_61' title="bbox 609 4602 2014 4679; baseline 0.005 -25"><span class='ocrx_word' id='word_1_410' title='bbox 609 4602 891 4674; x_wconf 71' lang='lat' dir='ltr'><strong>Exspectat</strong></span> <span class='ocrx_word' id='word_1_411' title='bbox 925 4616 1145 4677; x_wconf 83' lang='lat' dir='ltr'><strong>tempus,</strong></span> <span class='ocrx_word' id='word_1_412' title='bbox 1183 4625 1287 4679; x_wconf 88' lang='lat' dir='ltr'><strong>quo</strong></span> <span class='ocrx_word' id='word_1_413' title='bbox 1306 4610 1510 4679; x_wconf 83' lang='lat' dir='ltr'><strong>judicet</strong></span> <span class='ocrx_word' id='word_1_414' title='bbox 1548 4611 1725 4664; x_wconf 89' lang='lat' dir='ltr'><strong>omnia</strong></span> <span class='ocrx_word' id='word_1_415' title='bbox 1748 4609 2014 4675; x_wconf 81' lang='lat' dir='ltr'><strong>Christus,</strong></span> 
     </span>
    </p>
   </div>
   <div class='ocr_carea' id='block_1_62' title="bbox 2154 4625 2204 4683">
    <p class='ocr_par' dir='ltr' id='par_1_62' title="bbox 2154 4625 2204 4683">
     <span class='ocr_line' id='line_1_62' title="bbox 2154 4625 2204 4683; baseline 0 0"><span class='ocrx_word' id='word_1_416' title='bbox 2154 4625 2204 4683; x_wconf 88' lang='grc' dir='ltr'><strong>Ι)</strong></span> 
     </span>
    </p>
   </div>
   <div class='ocr_carea' id='block_1_63' title="bbox 2304 2502 3741 2572">
    <p class='ocr_par' dir='ltr' id='par_1_63' title="bbox 2304 2502 3741 2572">
     <span class='ocr_line' id='line_1_63' title="bbox 2304 2502 3741 2572; baseline 0 -16"><span class='ocrx_word' id='word_1_417' title='bbox 2304 2504 2438 2557; x_wconf 65' lang='lat' dir='ltr'><strong>Ifeve</strong></span> <span class='ocrx_word' id='word_1_418' title='bbox 2464 2504 2557 2557; x_wconf 77' lang='lat' dir='ltr'><strong>sub</strong></span> <span class='ocrx_word' id='word_1_419' title='bbox 2589 2506 2687 2556; x_wconf 88' lang='lat' dir='ltr'><strong>hac</strong></span> <span class='ocrx_word' id='word_1_420' title='bbox 2715 2503 2894 2557; x_wconf 88' lang='lat' dir='ltr'><strong>tumba</strong></span> <span class='ocrx_word' id='word_1_421' title='bbox 2917 2503 3087 2572; x_wconf 84' lang='lat' dir='ltr'><strong>pulvis</strong></span> <span class='ocrx_word' id='word_1_422' title='bbox 3114 2512 3236 2557; x_wconf 84' lang='lat' dir='ltr'><strong>sunt</strong></span> <span class='ocrx_word' id='word_1_423' title='bbox 3269 2503 3505 2556; x_wconf 88' lang='lat' dir='ltr'><strong>membra</strong></span> <span class='ocrx_word' id='word_1_424' title='bbox 3533 2502 3703 2571; x_wconf 71' lang='lat' dir='ltr'><strong>sepulta</strong></span> <span class='ocrx_word' id='word_1_425' title='bbox 3722 2517 3741 2556; x_wconf 86' lang='lat'><strong>.&#39;</strong></span> 
     </span>
    </p>
   </div>
   <div class='ocr_carea' id='block_1_64' title="bbox 2299 2594 3763 2665">
    <p class='ocr_par' dir='ltr' id='par_1_64' title="bbox 2299 2594 3763 2665">
     <span class='ocr_line' id='line_1_64' title="bbox 2299 2594 3763 2665; baseline -0.001 -18"><span class='ocrx_word' id='word_1_426' title='bbox 2299 2595 2396 2647; x_wconf 70' lang='lat' dir='ltr'><strong>(lui</strong></span> <span class='ocrx_word' id='word_1_427' title='bbox 2441 2605 2649 2664; x_wconf 70' lang='lat' dir='ltr'><strong>privstet</strong></span> <span class='ocrx_word' id='word_1_428' title='bbox 2684 2594 2941 2649; x_wconf 80' lang='lat' dir='ltr'><strong>Dominus</strong></span> <span class='ocrx_word' id='word_1_429' title='bbox 2984 2594 3218 2660; x_wconf 84' lang='lat' dir='ltr'><strong>veniam,</strong></span> <span class='ocrx_word' id='word_1_430' title='bbox 3255 2596 3516 2665; x_wconf 82' lang='lat' dir='ltr'><strong>vitamque</strong></span> <span class='ocrx_word' id='word_1_431' title='bbox 3556 2609 3763 2664; x_wconf 68' lang='lat' dir='ltr'><strong>rogequ</strong></span> 
     </span>
    </p>
   </div>
   <div class='ocr_carea' id='block_1_65' title="bbox 3599 2682 3766 2755">
    <p class='ocr_par' dir='ltr' id='par_1_65' title="bbox 3599 2682 3766 2755">
     <span class='ocr_line' id='line_1_65' title="bbox 3599 2682 3766 2755; baseline -0.018 -21"><span class='ocrx_word' id='word_1_432' title='bbox 3599 2682 3766 2755; x_wconf 68' lang='grc' dir='ltr'><strong>μασι.</strong></span> 
     </span>
    </p>
   </div>
   <div class='ocr_carea' id='block_1_66' title="bbox 2745 2791 3287 2833">
    <p class='ocr_par' dir='ltr' id='par_1_66' title="bbox 2745 2791 3287 2833">
     <span class='ocr_line' id='line_1_66' title="bbox 2745 2791 3287 2833; baseline -0.007 -1"><span class='ocrx_word' id='word_1_433' title='bbox 2745 2792 2904 2833; x_wconf 75' lang='lat' dir='ltr'><strong>ALIUD</strong></span> <span class='ocrx_word' id='word_1_434' title='bbox 2938 2791 3287 2832; x_wconf 69' lang='lat' dir='ltr'><strong>EPITM‘HIUI.</strong></span> 
     </span>
    </p>
   </div>
   <div class='ocr_carea' id='block_1_67' title="bbox 2303 2885 3629 2961">
    <p class='ocr_par' dir='ltr' id='par_1_67' title="bbox 2303 2885 3629 2961">
     <span class='ocr_line' id='line_1_67' title="bbox 2303 2885 3629 2961; baseline -0.005 -16"><span class='ocrx_word' id='word_1_435' title='bbox 2303 2893 2451 2946; x_wconf 83' lang='lat' dir='ltr'><strong>Dura</strong></span> <span class='ocrx_word' id='word_1_436' title='bbox 2480 2892 2630 2946; x_wconf 84' lang='lat' dir='ltr'><strong>nimis</strong></span> <span class='ocrx_word' id='word_1_437' title='bbox 2656 2892 2774 2961; x_wconf 86' lang='lat' dir='ltr'><strong>jam</strong></span> <span class='ocrx_word' id='word_1_438' title='bbox 2804 2890 2927 2945; x_wconf 85' lang='lat' dir='ltr'><strong>tolle</strong></span> <span class='ocrx_word' id='word_1_439' title='bbox 2952 2890 3045 2943; x_wconf 87' lang='lat' dir='ltr'><strong>tibi</strong></span> <span class='ocrx_word' id='word_1_440' title='bbox 3072 2900 3163 2942; x_wconf 88' lang='lat' dir='ltr'><strong>tua</strong></span> <span class='ocrx_word' id='word_1_441' title='bbox 3180 2888 3398 2957; x_wconf 79' lang='lat' dir='ltr'><strong>jugera,</strong></span> <span class='ocrx_word' id='word_1_442' title='bbox 3427 2885 3629 2948; x_wconf 81' lang='lat' dir='ltr'><strong>munde,</strong></span> 
     </span>
    </p>
   </div>
   <div class='ocr_carea' id='block_1_68' title="bbox 2334 2970 3535 3050">
    <p class='ocr_par' dir='ltr' id='par_1_68' title="bbox 2334 2970 3535 3050">
     <span class='ocr_line' id='line_1_68' title="bbox 2334 2970 3535 3050; baseline -0.007 -15"><span class='ocrx_word' id='word_1_443' title='bbox 2334 2970 2339 2975; x_wconf 52' lang='grc'><em>’</em></span> <span class='ocrx_word' id='word_1_444' title='bbox 2378 2982 2496 3036; x_wconf 81' lang='lat' dir='ltr'><strong>&quot;ea</strong></span> <span class='ocrx_word' id='word_1_445' title='bbox 2527 2982 2656 3035; x_wconf 87' lang='lat' dir='ltr'><strong>mihi</strong></span> <span class='ocrx_word' id='word_1_446' title='bbox 2677 2992 2784 3035; x_wconf 80' lang='lat' dir='ltr'><strong>tam</strong></span> <span class='ocrx_word' id='word_1_447' title='bbox 2809 2980 2979 3050; x_wconf 88' lang='lat' dir='ltr'><strong>longa</strong></span> <span class='ocrx_word' id='word_1_448' title='bbox 2999 2996 3080 3033; x_wconf 87' lang='lat' dir='ltr'><strong>me</strong></span> <span class='ocrx_word' id='word_1_449' title='bbox 3107 2986 3318 3033; x_wconf 78' lang='lat' dir='ltr'><strong>tenuere</strong></span> <span class='ocrx_word' id='word_1_450' title='bbox 3343 2992 3489 3030; x_wconf 86' lang='lat' dir='ltr'><strong>mora</strong></span> <span class='ocrx_word' id='word_1_451' title='bbox 3514 2976 3535 3027; x_wconf 91' lang='lat'><strong><em>!</em></strong></span> 
     </span>
    </p>
   </div>
   <div class='ocr_carea' id='block_1_69' title="bbox 2304 3071 3632 3145">
    <p class='ocr_par' dir='ltr' id='par_1_69' title="bbox 2304 3071 3632 3145">
     <span class='ocr_line' id='line_1_69' title="bbox 2304 3071 3632 3145; baseline -0.005 -18"><span class='ocrx_word' id='word_1_452' title='bbox 2304 3076 2505 3129; x_wconf 78' lang='lat' dir='ltr'><strong>Amodo</strong></span> <span class='ocrx_word' id='word_1_453' title='bbox 2526 3075 2643 3145; x_wconf 88' lang='lat' dir='ltr'><strong>jam</strong></span> <span class='ocrx_word' id='word_1_454' title='bbox 2677 3091 2778 3127; x_wconf 90' lang='lat' dir='ltr'><strong>non</strong></span> <span class='ocrx_word' id='word_1_455' title='bbox 2811 3072 2905 3127; x_wconf 90' lang='lat' dir='ltr'><strong>illa</strong></span> <span class='ocrx_word' id='word_1_456' title='bbox 2926 3071 3119 3125; x_wconf 88' lang='lat' dir='ltr'><strong>colam.</strong></span> <span class='ocrx_word' id='word_1_457' title='bbox 3142 3079 3283 3139; x_wconf 83' lang='lat' dir='ltr'><strong>patet</strong></span> <span class='ocrx_word' id='word_1_458' title='bbox 3312 3072 3482 3123; x_wconf 66' lang='lat' dir='ltr'><strong>exitus</strong></span> <span class='ocrx_word' id='word_1_459' title='bbox 3504 3084 3537 3122; x_wconf 88' lang='lat' dir='ltr'><strong>a</strong></span> <span class='ocrx_word' id='word_1_460' title='bbox 3564 3076 3632 3131; x_wconf 78' lang='lat' dir='ltr'><strong>te,</strong></span> 
     </span>
    </p>
   </div>
   <div class='ocr_carea' id='block_1_70' title="bbox 2376 3160 3458 3237">
    <p class='ocr_par' dir='ltr' id='par_1_70' title="bbox 2376 3160 3458 3237">
     <span class='ocr_line' id='line_1_70' title="bbox 2376 3160 3458 3237; baseline -0.007 -18"><span class='ocrx_word' id='word_1_461' title='bbox 2376 3165 2444 3219; x_wconf 75' lang='lat' dir='ltr'><strong>Et</strong></span> <span class='ocrx_word' id='word_1_462' title='bbox 2471 3181 2627 3236; x_wconf 75' lang='lat' dir='ltr'><strong>quam</strong></span> <span class='ocrx_word' id='word_1_463' title='bbox 2653 3163 2933 3233; x_wconf 83' lang='lat' dir='ltr'><strong>longinquo</strong></span> <span class='ocrx_word' id='word_1_464' title='bbox 2966 3161 3139 3237; x_wconf 81' lang='lat' dir='ltr'><strong>solvor</strong></span> <span class='ocrx_word' id='word_1_465' title='bbox 3158 3161 3222 3214; x_wconf 90' lang='lat' dir='ltr'><strong>ab</strong></span> <span class='ocrx_word' id='word_1_466' title='bbox 3253 3160 3458 3214; x_wconf 72' lang='lat' dir='ltr'><strong>exsilio.</strong></span> 
     </span>
    </p>
   </div>
   <div class='ocr_carea' id='block_1_71' title="bbox 2303 3251 3763 3325">
    <p class='ocr_par' dir='ltr' id='par_1_71' title="bbox 2303 3251 3763 3325">
     <span class='ocr_line' id='line_1_71' title="bbox 2303 3251 3763 3325; baseline -0.009 -15"><span class='ocrx_word' id='word_1_467' title='bbox 2303 3257 2388 3310; x_wconf 74' lang='lat' dir='ltr'><strong>At!</strong></span> <span class='ocrx_word' id='word_1_468' title='bbox 2408 3256 2676 3325; x_wconf 87' lang='lat' dir='ltr'><strong>propriam</strong></span> <span class='ocrx_word' id='word_1_469' title='bbox 2720 3255 2870 3308; x_wconf 82' lang='lat' dir='ltr'><strong>redeo</strong></span> <span class='ocrx_word' id='word_1_470' title='bbox 2894 3254 3147 3324; x_wconf 88' lang='lat' dir='ltr'><strong>patriam,</strong></span> <span class='ocrx_word' id='word_1_471' title='bbox 3182 3251 3441 3305; x_wconf 72' lang='lat' dir='ltr'><strong>Dominus</strong></span> <span class='ocrx_word' id='word_1_472' title='bbox 3473 3256 3763 3305; x_wconf 79' lang='lat' dir='ltr'><strong>revocatsu;</strong></span> 
     </span>
    </p>
   </div>
   <div class='ocr_carea' id='block_1_72' title="bbox 2374 3346 3551 3420">
    <p class='ocr_par' dir='ltr' id='par_1_72' title="bbox 2374 3346 3551 3420">
     <span class='ocr_line' id='line_1_72' title="bbox 2374 3346 3551 3420; baseline -0.006 -16"><span class='ocrx_word' id='word_1_473' title='bbox 2374 3349 2525 3405; x_wconf 88' lang='lat' dir='ltr'><strong>Unde</strong></span> <span class='ocrx_word' id='word_1_474' title='bbox 2545 3351 2693 3420; x_wconf 86' lang='lat' dir='ltr'><strong>prius</strong></span> <span class='ocrx_word' id='word_1_475' title='bbox 2716 3350 2946 3419; x_wconf 82' lang='lat' dir='ltr'><strong>fuerant,</strong></span> <span class='ocrx_word' id='word_1_476' title='bbox 2974 3348 3210 3418; x_wconf 72' lang='lat' dir='ltr'><strong>pra&#39;cipit</strong></span> <span class='ocrx_word' id='word_1_477' title='bbox 3243 3355 3297 3399; x_wconf 89' lang='lat' dir='ltr'><strong>ut</strong></span> <span class='ocrx_word' id='word_1_478' title='bbox 3325 3346 3551 3399; x_wconf 80' lang='lat' dir='ltr'><strong>redeam.</strong></span> 
     </span>
    </p>
   </div>
   <div class='ocr_carea' id='block_1_73' title="bbox 2305 3437 3653 3513">
    <p class='ocr_par' dir='ltr' id='par_1_73' title="bbox 2305 3437 3653 3513">
     <span class='ocr_line' id='line_1_73' title="bbox 2305 3437 3653 3513; baseline -0.007 -15"><span class='ocrx_word' id='word_1_479' title='bbox 2305 3442 2466 3498; x_wconf 70' lang='lat' dir='ltr'><strong>Novit</strong></span> <span class='ocrx_word' id='word_1_480' title='bbox 2492 3459 2610 3497; x_wconf 90' lang='lat' dir='ltr'><strong>cum</strong></span> <span class='ocrx_word' id='word_1_481' title='bbox 2642 3442 2889 3513; x_wconf 85' lang='lat' dir='ltr'><strong>lacrymis</strong></span> <span class='ocrx_word' id='word_1_482' title='bbox 2920 3440 3092 3504; x_wconf 86' lang='lat' dir='ltr'><strong>illum,</strong></span> <span class='ocrx_word' id='word_1_483' title='bbox 3126 3456 3278 3510; x_wconf 86' lang='lat' dir='ltr'><strong>quem</strong></span> <span class='ocrx_word' id='word_1_484' title='bbox 3306 3455 3447 3508; x_wconf 66' lang='lat' dir='ltr'><strong>sirpe</strong></span> <span class='ocrx_word' id='word_1_485' title='bbox 3476 3437 3653 3507; x_wconf 84' lang='lat' dir='ltr'><strong>rogari,</strong></span> 
     </span>
    </p>
   </div>
   <div class='ocr_carea' id='block_1_74' title="bbox 2375 3532 3499 3605">
    <p class='ocr_par' dir='ltr' id='par_1_74' title="bbox 2375 3532 3499 3605">
     <span class='ocr_line' id='line_1_74' title="bbox 2375 3532 3499 3605; baseline -0.007 -16"><span class='ocrx_word' id='word_1_486' title='bbox 2375 3532 2444 3589; x_wconf 85' lang='lat' dir='ltr'><strong>Ut</strong></span> <span class='ocrx_word' id='word_1_487' title='bbox 2470 3535 2621 3589; x_wconf 87' lang='lat' dir='ltr'><strong>venia</strong></span> <span class='ocrx_word' id='word_1_488' title='bbox 2642 3550 2861 3605; x_wconf 83' lang='lat' dir='ltr'><strong>pravum</strong></span> <span class='ocrx_word' id='word_1_489' title='bbox 2902 3534 3072 3586; x_wconf 72' lang='lat' dir='ltr'><strong>diluat</strong></span> <span class='ocrx_word' id='word_1_490' title='bbox 3098 3548 3252 3586; x_wconf 77' lang='lat' dir='ltr'><strong>autne</strong></span> <span class='ocrx_word' id='word_1_491' title='bbox 3284 3547 3457 3585; x_wconf 84' lang='lat' dir='ltr'><strong>meum</strong></span> <span class='ocrx_word' id='word_1_492' title='bbox 3481 3543 3499 3581; x_wconf 88' lang='lat'><em>:</em></span> 
     </span>
    </p>
   </div>
   <div class='ocr_carea' id='block_1_75' title="bbox 2304 3623 3650 3699">
    <p class='ocr_par' dir='ltr' id='par_1_75' title="bbox 2304 3623 3650 3699">
     <span class='ocr_line' id='line_1_75' title="bbox 2304 3623 3650 3699; baseline -0.009 -17"><span class='ocrx_word' id='word_1_493' title='bbox 2304 3627 2699 3699; x_wconf 63' lang='lat' dir='ltr'><strong>/Erumnas¢ue</strong></span> <span class='ocrx_word' id='word_1_494' title='bbox 2722 3642 2866 3680; x_wconf 82' lang='lat' dir='ltr'><strong>meas</strong></span> <span class='ocrx_word' id='word_1_495' title='bbox 2895 3624 3109 3679; x_wconf 86' lang='lat' dir='ltr'><strong>tandem</strong></span> <span class='ocrx_word' id='word_1_496' title='bbox 3135 3623 3416 3677; x_wconf 77' lang='lat' dir='ltr'><strong>miseratus</strong></span> <span class='ocrx_word' id='word_1_497' title='bbox 3456 3635 3650 3675; x_wconf 72' lang='lat' dir='ltr'><strong>amaras</strong></span> 
     </span>
    </p>
   </div>
   <div class='ocr_carea' id='block_1_76' title="bbox 2375 3713 3409 3784">
    <p class='ocr_par' dir='ltr' id='par_1_76' title="bbox 2375 3713 3409 3784">
     <span class='ocr_line' id='line_1_76' title="bbox 2375 3713 3409 3784; baseline -0.004 -11"><span class='ocrx_word' id='word_1_498' title='bbox 2375 3720 2452 3775; x_wconf 86' lang='lat' dir='ltr'><strong>De</strong></span> <span class='ocrx_word' id='word_1_499' title='bbox 2474 3717 2707 3774; x_wconf 89' lang='lat' dir='ltr'><strong>convalle</strong></span> <span class='ocrx_word' id='word_1_500' title='bbox 2737 3716 2837 3773; x_wconf 90' lang='lat' dir='ltr'><strong>soli</strong></span> <span class='ocrx_word' id='word_1_501' title='bbox 2862 3716 3015 3771; x_wconf 88' lang='lat' dir='ltr'><strong>tollat</strong></span> <span class='ocrx_word' id='word_1_502' title='bbox 3039 3716 3109 3769; x_wconf 89' lang='lat' dir='ltr'><strong>ad</strong></span> <span class='ocrx_word' id='word_1_503' title='bbox 3140 3716 3249 3768; x_wconf 91' lang='lat' dir='ltr'><strong>alta</strong></span> <span class='ocrx_word' id='word_1_504' title='bbox 3276 3713 3409 3784; x_wconf 88' lang='lat' dir='ltr'><strong>poli.</strong></span> 
     </span>
    </p>
   </div>
   <div class='ocr_carea' id='block_1_77' title="bbox 2307 3800 3761 3877">
    <p class='ocr_par' dir='ltr' id='par_1_77' title="bbox 2307 3800 3761 3877">
     <span class='ocr_line' id='line_1_77' title="bbox 2307 3800 3761 3877; baseline -0.009 -12"><span class='ocrx_word' id='word_1_505' title='bbox 2307 3812 2576 3866; x_wconf 83' lang='lat' dir='ltr'><strong>Hactenus</strong></span> <span class='ocrx_word' id='word_1_506' title='bbox 2608 3810 2739 3875; x_wconf 71' lang='lat' dir='ltr'><strong>lucc,</strong></span> <span class='ocrx_word' id='word_1_507' title='bbox 2772 3827 2851 3875; x_wconf 87' lang='lat' dir='ltr'><strong>eo,</strong></span> <span class='ocrx_word' id='word_1_508' title='bbox 2868 3819 3008 3864; x_wconf 88' lang='lat' dir='ltr'><strong>stare</strong></span> <span class='ocrx_word' id='word_1_509' title='bbox 3032 3825 3200 3862; x_wconf 86' lang='lat' dir='ltr'><strong>meum</strong></span> <span class='ocrx_word' id='word_1_510' title='bbox 3225 3825 3330 3861; x_wconf 88' lang='lat' dir='ltr'><strong>non</strong></span> <span class='ocrx_word' id='word_1_511' title='bbox 3353 3805 3567 3877; x_wconf 86' lang='lat' dir='ltr'><strong>amplius</strong></span> <span class='ocrx_word' id='word_1_512' title='bbox 3588 3800 3761 3856; x_wconf 72' lang='lat' dir='ltr'><strong>estliic:</strong></span> 
     </span>
    </p>
   </div>
   <div class='ocr_carea' id='block_1_78' title="bbox 2378 3896 3565 3971">
    <p class='ocr_par' dir='ltr' id='par_1_78' title="bbox 2378 3896 3565 3971">
     <span class='ocr_line' id='line_1_78' title="bbox 2378 3896 3565 3971; baseline -0.008 -14"><span class='ocrx_word' id='word_1_513' title='bbox 2378 3904 2511 3958; x_wconf 82' lang='lat' dir='ltr'><strong>Ossa</strong></span> <span class='ocrx_word' id='word_1_514' title='bbox 2545 3902 2779 3971; x_wconf 86' lang='lat' dir='ltr'><strong>relinquo</strong></span> <span class='ocrx_word' id='word_1_515' title='bbox 2808 3900 2923 3965; x_wconf 89' lang='lat' dir='ltr'><strong>tibi,</strong></span> <span class='ocrx_word' id='word_1_516' title='bbox 2948 3900 2993 3953; x_wconf 86' lang='lat' dir='ltr'><strong>si</strong></span> <span class='ocrx_word' id='word_1_517' title='bbox 3022 3898 3217 3970; x_wconf 84' lang='lat' dir='ltr'><strong>placet,</strong></span> <span class='ocrx_word' id='word_1_518' title='bbox 3247 3900 3362 3953; x_wconf 78' lang='lat' dir='ltr'><strong>ha&#39;c</strong></span> <span class='ocrx_word' id='word_1_519' title='bbox 3391 3896 3565 3967; x_wconf 79' lang='lat' dir='ltr'><strong>sepeli.</strong></span> 
     </span>
    </p>
   </div>
   <div class='ocr_carea' id='block_1_79' title="bbox 2749 4048 3297 4091">
    <p class='ocr_par' dir='ltr' id='par_1_79' title="bbox 2749 4048 3297 4091">
     <span class='ocr_line' id='line_1_79' title="bbox 2749 4048 3297 4091; baseline -0.009 0"><span class='ocrx_word' id='word_1_520' title='bbox 2749 4052 2907 4091; x_wconf 71' lang='grc' dir='ltr'><strong>Λιιυο</strong></span> <span class='ocrx_word' id='word_1_521' title='bbox 2945 4048 3297 4090; x_wconf 70' lang='grc' dir='ltr'><strong>εῐιιτλριιιωι.</strong></span> 
     </span>
    </p>
   </div>
   <div class='ocr_carea' id='block_1_80' title="bbox 2303 4143 3637 4219">
    <p class='ocr_par' dir='ltr' id='par_1_80' title="bbox 2303 4143 3637 4219">
     <span class='ocr_line' id='line_1_80' title="bbox 2303 4143 3637 4219; baseline -0.01 -15"><span class='ocrx_word' id='word_1_522' title='bbox 2303 4149 2582 4205; x_wconf 80' lang='lat' dir='ltr'><strong>Frumenti</strong></span> <span class='ocrx_word' id='word_1_523' title='bbox 2604 4164 2848 4219; x_wconf 85' lang='lat' dir='ltr'><strong>granum,</strong></span> <span class='ocrx_word' id='word_1_524' title='bbox 2882 4162 3116 4200; x_wconf 87' lang='lat' dir='ltr'><strong>remanes</strong></span> <span class='ocrx_word' id='word_1_525' title='bbox 3140 4144 3194 4198; x_wconf 90' lang='lat' dir='ltr'><strong>in</strong></span> <span class='ocrx_word' id='word_1_526' title='bbox 3223 4143 3420 4212; x_wconf 85' lang='lat' dir='ltr'><strong>cespite</strong></span> <span class='ocrx_word' id='word_1_527' title='bbox 3452 4154 3637 4202; x_wconf 79' lang='lat' dir='ltr'><strong>sanum,</strong></span> 
     </span>
    </p>
   </div>
   <div class='ocr_carea' id='block_1_81' title="bbox 2377 4235 3501 4310">
    <p class='ocr_par' dir='ltr' id='par_1_81' title="bbox 2377 4235 3501 4310">
     <span class='ocr_line' id='line_1_81' title="bbox 2377 4235 3501 4310; baseline -0.007 -15"><span class='ocrx_word' id='word_1_528' title='bbox 2377 4240 2552 4295; x_wconf 88' lang='lat' dir='ltr'><strong>Donec</strong></span> <span class='ocrx_word' id='word_1_529' title='bbox 2585 4239 2867 4310; x_wconf 89' lang='lat' dir='ltr'><strong>putruerit,</strong></span> <span class='ocrx_word' id='word_1_530' title='bbox 2900 4252 3261 4290; x_wconf 83' lang='lat' dir='ltr'><strong>crescerenon</strong></span> <span class='ocrx_word' id='word_1_531' title='bbox 3289 4235 3501 4305; x_wconf 85' lang='lat' dir='ltr'><strong>poterit.</strong></span> 
     </span>
    </p>
   </div>
   <div class='ocr_carea' id='block_1_82' title="bbox 2306 4328 3598 4396">
    <p class='ocr_par' dir='ltr' id='par_1_82' title="bbox 2306 4328 3598 4396">
     <span class='ocr_line' id='line_1_82' title="bbox 2306 4328 3598 4396; baseline -0.008 -10"><span class='ocrx_word' id='word_1_532' title='bbox 2306 4331 2395 4386; x_wconf 87' lang='lat' dir='ltr'><strong>Sic</strong></span> <span class='ocrx_word' id='word_1_533' title='bbox 2422 4331 2523 4384; x_wconf 88' lang='lat' dir='ltr'><strong>nisi</strong></span> <span class='ocrx_word' id='word_1_534' title='bbox 2549 4341 2727 4383; x_wconf 89' lang='lat' dir='ltr'><strong>nostra</strong></span> <span class='ocrx_word' id='word_1_535' title='bbox 2748 4345 2872 4382; x_wconf 87' lang='lat' dir='ltr'><strong>caro</strong></span> <span class='ocrx_word' id='word_1_536' title='bbox 2903 4328 3087 4381; x_wconf 84' lang='lat' dir='ltr'><strong>mortis</strong></span> <span class='ocrx_word' id='word_1_537' title='bbox 3119 4335 3371 4396; x_wconf 87' lang='lat' dir='ltr'><strong>tangatur</strong></span> <span class='ocrx_word' id='word_1_538' title='bbox 3398 4339 3598 4385; x_wconf 81' lang='lat' dir='ltr'><strong>amaro,</strong></span> 
     </span>
    </p>
   </div>
   <div class='ocr_carea' id='block_1_83' title="bbox 2377 4416 3563 4487">
    <p class='ocr_par' dir='ltr' id='par_1_83' title="bbox 2377 4416 3563 4487">
     <span class='ocr_line' id='line_1_83' title="bbox 2377 4416 3563 4487; baseline -0.008 -12"><span class='ocrx_word' id='word_1_539' title='bbox 2377 4420 2669 4475; x_wconf 84' lang='lat' dir='ltr'><strong>Percurens</strong></span> <span class='ocrx_word' id='word_1_540' title='bbox 2698 4419 2929 4472; x_wconf 85' lang='lat' dir='ltr'><strong>studium</strong></span> <span class='ocrx_word' id='word_1_541' title='bbox 2970 4434 3075 4471; x_wconf 88' lang='lat' dir='ltr'><strong>non</strong></span> <span class='ocrx_word' id='word_1_542' title='bbox 3107 4417 3287 4487; x_wconf 88' lang='lat' dir='ltr'><strong>recipit</strong></span> <span class='ocrx_word' id='word_1_543' title='bbox 3311 4416 3563 4470; x_wconf 73' lang='lat' dir='ltr'><strong>braviuni.</strong></span> 
     </span>
    </p>
   </div>
   <div class='ocr_carea' id='block_1_84' title="bbox 2307 4507 3626 4583">
    <p class='ocr_par' dir='ltr' id='par_1_84' title="bbox 2307 4507 3626 4583">
     <span class='ocr_line' id='line_1_84' title="bbox 2307 4507 3626 4583; baseline -0.01 -16"><span class='ocrx_word' id='word_1_544' title='bbox 2307 4514 2446 4583; x_wconf 78' lang='lat' dir='ltr'><strong>Ergo</strong></span> <span class='ocrx_word' id='word_1_545' title='bbox 2474 4513 2609 4566; x_wconf 84' lang='lat' dir='ltr'><strong>scire</strong></span> <span class='ocrx_word' id='word_1_546' title='bbox 2628 4512 2788 4565; x_wconf 85' lang='lat' dir='ltr'><strong>datur</strong></span> <span class='ocrx_word' id='word_1_547' title='bbox 2816 4513 2959 4580; x_wconf 87' lang='lat' dir='ltr'><strong>quod</strong></span> <span class='ocrx_word' id='word_1_548' title='bbox 2985 4526 3087 4563; x_wconf 84' lang='lat' dir='ltr'><strong>non</strong></span> <span class='ocrx_word' id='word_1_549' title='bbox 3113 4509 3257 4562; x_wconf 87' lang='lat' dir='ltr'><strong>decet</strong></span> <span class='ocrx_word' id='word_1_550' title='bbox 3295 4517 3350 4560; x_wconf 89' lang='lat' dir='ltr'><strong>ut</strong></span> <span class='ocrx_word' id='word_1_551' title='bbox 3378 4507 3626 4563; x_wconf 79' lang='lat' dir='ltr'><strong>deleatur,</strong></span> 
     </span>
    </p>
   </div>
   <div class='ocr_carea' id='block_1_85' title="bbox 2377 4599 3563 4674">
    <p class='ocr_par' dir='ltr' id='par_1_85' title="bbox 2377 4599 3563 4674">
     <span class='ocr_line' id='line_1_85' title="bbox 2377 4599 3563 4674; baseline -0.009 -14"><span class='ocrx_word' id='word_1_552' title='bbox 2377 4604 2435 4660; x_wconf 86' lang='lat' dir='ltr'><strong>Si</strong></span> <span class='ocrx_word' id='word_1_553' title='bbox 2458 4606 2685 4674; x_wconf 81' lang='lat' dir='ltr'><strong>patriam</strong></span> <span class='ocrx_word' id='word_1_554' title='bbox 2723 4611 2950 4673; x_wconf 81' lang='lat' dir='ltr'><strong>qmvrat,</strong></span> <span class='ocrx_word' id='word_1_555' title='bbox 2981 4600 3071 4671; x_wconf 82' lang='lat' dir='ltr'><strong>qui</strong></span> <span class='ocrx_word' id='word_1_556' title='bbox 3100 4599 3406 4671; x_wconf 74' lang='lat' dir='ltr'><strong>peregrinus</strong></span> <span class='ocrx_word' id='word_1_557' title='bbox 3435 4606 3563 4653; x_wconf 82' lang='lat' dir='ltr'><strong>erat.</strong></span> 
     </span>
    </p>
   </div>
   <div class='ocr_carea' id='block_1_86' title="bbox 1024 4898 3329 5034">
    <p class='ocr_par' dir='ltr' id='par_1_86' title="bbox 1024 4898 3329 5034">
     <span class='ocr_line' id='line_1_86' title="bbox 1024 4898 3329 5034; baseline -0.003 -1"><span class='ocrx_word' id='word_1_558' title='bbox 1024 4898 1134 4971; x_wconf 60' lang='grc'><strong>⁸⁷</strong></span> <span class='ocrx_word' id='word_1_559' title='bbox 1183 4916 1538 5033; x_wconf 85' lang='lat' dir='ltr'><strong>VITA</strong></span> <span class='ocrx_word' id='word_1_560' title='bbox 1631 4912 2579 5034; x_wconf 72' lang='lat' dir='ltr'><strong>VENERABI&#39;LIS</strong></span> <span class='ocrx_word' id='word_1_561' title='bbox 2669 4907 3329 5025; x_wconf 78' lang='lat' dir='ltr'><strong>BOSONIS.</strong></span> 
     </span>
    </p>
   </div>
   <div class='ocr_carea' id='block_1_87' title="bbox 1773 5114 2577 5197">
    <p class='ocr_par' dir='ltr' id='par_1_87' title="bbox 1773 5114 2577 5197">
     <span class='ocr_line' id='line_1_87' title="bbox 1773 5114 2577 5197; baseline -0.009 -18"><span class='ocrx_word' id='word_1_562' title='bbox 1773 5117 2217 5197; x_wconf 82' lang='lat' dir='ltr'><strong>Cognomento</strong></span> <span class='ocrx_word' id='word_1_563' title='bbox 2260 5114 2577 5176; x_wconf 75' lang='lat' dir='ltr'><strong>Sapientis</strong></span> 
     </span>
    </p>
   </div>
   <div class='ocr_carea' id='block_1_88' title="bbox 1585 5254 2766 5329">
    <p class='ocr_par' dir='ltr' id='par_1_88' title="bbox 1585 5254 2766 5329">
     <span class='ocr_line' id='line_1_88' title="bbox 1585 5254 2766 5329; baseline -0.009 -8"><span class='ocrx_word' id='word_1_564' title='bbox 1585 5265 1631 5321; x_wconf 82' lang='grc' dir='ltr'><strong>Λ</strong></span> <span class='ocrx_word' id='word_1_565' title='bbox 1646 5259 1925 5321; x_wconf 82' lang='lat' dir='ltr'><strong>BBATIS</strong></span> <span class='ocrx_word' id='word_1_566' title='bbox 1969 5257 2395 5319; x_wconf 78' lang='lat' dir='ltr'><strong>BECCENSIS</strong></span> <span class='ocrx_word' id='word_1_567' title='bbox 2438 5254 2766 5329; x_wconf 72' lang='lat' dir='ltr'><strong>QUARTI.</strong></span> 
     </span>
    </p>
   </div>
   <div class='ocr_carea' id='block_1_89' title="bbox 600 5489 2121 5563">
    <p class='ocr_par' dir='ltr' id='par_1_89' title="bbox 600 5489 2121 5563">
     <span class='ocr_line' id='line_1_89' title="bbox 600 5489 2121 5563; baseline -0.002 -15"><span class='ocrx_word' id='word_1_568' title='bbox 600 5489 659 5549; x_wconf 70' lang='lat' dir='ltr'><strong>Ca</strong></span> <span class='ocrx_word' id='word_1_569' title='bbox 686 5495 876 5552; x_wconf 87' lang='lat' dir='ltr'><strong>diebus</strong></span> <span class='ocrx_word' id='word_1_570' title='bbox 901 5493 1162 5550; x_wconf 82' lang='lat' dir='ltr'><strong>Willelmi</strong></span> <span class='ocrx_word' id='word_1_571' title='bbox 1192 5506 1355 5563; x_wconf 82' lang='lat' dir='ltr'><strong>regis,</strong></span> <span class='ocrx_word' id='word_1_572' title='bbox 1381 5491 1471 5561; x_wconf 89' lang='lat' dir='ltr'><strong>qui</strong></span> <span class='ocrx_word' id='word_1_573' title='bbox 1494 5490 1696 5561; x_wconf 80' lang='lat' dir='ltr'><strong>Anglos</strong></span> <span class='ocrx_word' id='word_1_574' title='bbox 1724 5492 1893 5546; x_wconf 86' lang='lat' dir='ltr'><strong>armis</strong></span> <span class='ocrx_word' id='word_1_575' title='bbox 1923 5492 2121 5562; x_wconf 61' lang='lat' dir='ltr'><strong>perdo-</strong></span> 
     </span>
    </p>
   </div>
   <div class='ocr_carea' id='block_1_90' title="bbox 531 5581 2118 5656">
    <p class='ocr_par' dir='ltr' id='par_1_90' title="bbox 531 5581 2118 5656">
     <span class='ocr_line' id='line_1_90' title="bbox 531 5581 2118 5656; baseline 0 -19"><span class='ocrx_word' id='word_1_576' title='bbox 531 5584 672 5637; x_wconf 86' lang='lat' dir='ltr'><strong>muit</strong></span> <span class='ocrx_word' id='word_1_577' title='bbox 707 5624 723 5649; x_wconf 92' lang='lat'><strong>,</strong></span> <span class='ocrx_word' id='word_1_578' title='bbox 768 5587 820 5640; x_wconf 90' lang='lat' dir='ltr'><strong>in</strong></span> <span class='ocrx_word' id='word_1_579' title='bbox 874 5602 1013 5656; x_wconf 83' lang='lat' dir='ltr'><strong>pago</strong></span> <span class='ocrx_word' id='word_1_580' title='bbox 1058 5582 1479 5653; x_wconf 83' lang='lat' dir='ltr'><strong>Rothomagensi</strong></span> <span class='ocrx_word' id='word_1_581' title='bbox 1516 5622 1532 5647; x_wconf 95' lang='lat'><strong>,</strong></span> <span class='ocrx_word' id='word_1_582' title='bbox 1591 5581 1757 5637; x_wconf 81' lang='lat' dir='ltr'><strong>fundo</strong></span> <span class='ocrx_word' id='word_1_583' title='bbox 1804 5583 2118 5637; x_wconf 68' lang='lat' dir='ltr'><strong>monasterii</strong></span> 
     </span>
    </p>
   </div>
   <div class='ocr_carea' id='block_1_91' title="bbox 534 5674 2119 5745">
    <p class='ocr_par' dir='ltr' id='par_1_91' title="bbox 534 5674 2119 5745">
     <span class='ocr_line' id='line_1_91' title="bbox 534 5674 2119 5745; baseline 0.004 -21"><span class='ocrx_word' id='word_1_584' title='bbox 534 5674 777 5740; x_wconf 66' lang='lat' dir='ltr'><strong>\‘illaris,</strong></span> <span class='ocrx_word' id='word_1_585' title='bbox 810 5679 912 5731; x_wconf 90' lang='lat' dir='ltr'><strong>orti</strong></span> <span class='ocrx_word' id='word_1_586' title='bbox 963 5686 1090 5731; x_wconf 85' lang='lat' dir='ltr'><strong>sunt</strong></span> <span class='ocrx_word' id='word_1_587' title='bbox 1136 5676 1380 5732; x_wconf 85' lang='lat' dir='ltr'><strong>honestis</strong></span> <span class='ocrx_word' id='word_1_588' title='bbox 1418 5674 1781 5745; x_wconf 80' lang='lat' dir='ltr'><strong>genitoribus,</strong></span> <span class='ocrx_word' id='word_1_589' title='bbox 1812 5674 2119 5730; x_wconf 83' lang='lat' dir='ltr'><strong>llaimerico</strong></span> 
     </span>
    </p>
   </div>
   <div class='ocr_carea' id='block_1_92' title="bbox 530 5764 2121 5833">
    <p class='ocr_par' dir='ltr' id='par_1_92' title="bbox 530 5764 2121 5833">
     <span class='ocr_line' id='line_1_92' title="bbox 530 5764 2121 5833; baseline 0.003 -16"><span class='ocrx_word' id='word_1_590' title='bbox 530 5764 782 5820; x_wconf 77' lang='lat' dir='ltr'><strong>videlicet</strong></span> <span class='ocrx_word' id='word_1_591' title='bbox 816 5778 869 5822; x_wconf 80' lang='lat' dir='ltr'><strong>et</strong></span> <span class='ocrx_word' id='word_1_592' title='bbox 899 5768 1168 5833; x_wconf 78' lang='lat' dir='ltr'><strong>Lezclina,</strong></span> <span class='ocrx_word' id='word_1_593' title='bbox 1205 5780 1316 5822; x_wconf 77' lang='lat' dir='ltr'><strong>Iros</strong></span> <span class='ocrx_word' id='word_1_594' title='bbox 1338 5768 1460 5832; x_wconf 76' lang='lat' dir='ltr'><strong>viri,</strong></span> <span class='ocrx_word' id='word_1_595' title='bbox 1485 5765 1843 5830; x_wconf 85' lang='lat' dir='ltr'><strong>Gislebertus,</strong></span> <span class='ocrx_word' id='word_1_596' title='bbox 1871 5765 2012 5821; x_wconf 88' lang='lat' dir='ltr'><strong>Boso</strong></span> <span class='ocrx_word' id='word_1_597' title='bbox 2065 5776 2121 5821; x_wconf 86' lang='lat' dir='ltr'><strong>ct</strong></span> 
     </span>
    </p>
   </div>
   <div class='ocr_carea' id='block_1_93' title="bbox 536 5855 2119 5929">
    <p class='ocr_par' dir='ltr' id='par_1_93' title="bbox 536 5855 2119 5929">
     <span class='ocr_line' id='line_1_93' title="bbox 536 5855 2119 5929; baseline 0.002 -20"><span class='ocrx_word' id='word_1_598' title='bbox 536 5855 859 5927; x_wconf 74' lang='lat' dir='ltr'><strong>Bainaldns,</strong></span> <span class='ocrx_word' id='word_1_599' title='bbox 919 5861 1009 5929; x_wconf 83' lang='lat' dir='ltr'><strong>qui</strong></span> <span class='ocrx_word' id='word_1_600' title='bbox 1078 5876 1104 5912; x_wconf 91' lang='lat' dir='ltr'><strong>a</strong></span> <span class='ocrx_word' id='word_1_601' title='bbox 1149 5859 1383 5926; x_wconf 73' lang='lat' dir='ltr'><strong>pueritia</strong></span> <span class='ocrx_word' id='word_1_602' title='bbox 1433 5859 1705 5913; x_wconf 72' lang='lat' dir='ltr'><strong>imlznendi</strong></span> <span class='ocrx_word' id='word_1_603' title='bbox 1756 5859 1949 5913; x_wconf 81' lang='lat' dir='ltr'><strong>litteris</strong></span> <span class='ocrx_word' id='word_1_604' title='bbox 1994 5868 2119 5914; x_wconf 79' lang='lat' dir='ltr'><strong>sunt</strong></span> 
     </span>
    </p>
   </div>
   <div class='ocr_carea' id='block_1_94' title="bbox 2228 5478 3745 5554">
    <p class='ocr_par' dir='ltr' id='par_1_94' title="bbox 2228 5478 3745 5554">
     <span class='ocr_line' id='line_1_94' title="bbox 2228 5478 3745 5554; baseline -0.013 -9"><span class='ocrx_word' id='word_1_605' title='bbox 2228 5490 2437 5554; x_wconf 89' lang='lat' dir='ltr'><strong>traditi,</strong></span> <span class='ocrx_word' id='word_1_606' title='bbox 2471 5498 2530 5543; x_wconf 85' lang='lat' dir='ltr'><strong>ut</strong></span> <span class='ocrx_word' id='word_1_607' title='bbox 2576 5487 2687 5541; x_wconf 89' lang='lat' dir='ltr'><strong>Deo</strong></span> <span class='ocrx_word' id='word_1_608' title='bbox 2723 5485 2774 5539; x_wconf 88' lang='lat' dir='ltr'><strong>in</strong></span> <span class='ocrx_word' id='word_1_609' title='bbox 2821 5492 3007 5540; x_wconf 81' lang='lat' dir='ltr'><strong>sancta</strong></span> <span class='ocrx_word' id='word_1_610' title='bbox 3053 5482 3294 5539; x_wconf 72' lang='lat' dir='ltr'><strong>Ecclesra</strong></span> <span class='ocrx_word' id='word_1_611' title='bbox 3340 5480 3486 5536; x_wconf 91' lang='lat' dir='ltr'><strong>omni</strong></span> <span class='ocrx_word' id='word_1_612' title='bbox 3531 5478 3637 5533; x_wconf 66' lang='lat' dir='ltr'><strong>vit:</strong></span> <span class='ocrx_word' id='word_1_613' title='bbox 3670 5482 3745 5526; x_wconf 67' lang='lat' dir='ltr'><strong>snt</strong></span> 
     </span>
    </p>
   </div>
   <div class='ocr_carea' id='block_1_95' title="bbox 2226 5570 3746 5651">
    <p class='ocr_par' dir='ltr' id='par_1_95' title="bbox 2226 5570 3746 5651">
     <span class='ocr_line' id='line_1_95' title="bbox 2226 5570 3746 5651; baseline -0.01 -15"><span class='ocrx_word' id='word_1_614' title='bbox 2226 5590 2469 5651; x_wconf 90' lang='lat' dir='ltr'><strong>tempore</strong></span> <span class='ocrx_word' id='word_1_615' title='bbox 2496 5579 2866 5642; x_wconf 88' lang='lat' dir='ltr'><strong>descrvirent;</strong></span> <span class='ocrx_word' id='word_1_616' title='bbox 2927 5577 3070 5647; x_wconf 90' lang='lat' dir='ltr'><strong>quod</strong></span> <span class='ocrx_word' id='word_1_617' title='bbox 3096 5585 3151 5631; x_wconf 92' lang='lat' dir='ltr'><strong>et</strong></span> <span class='ocrx_word' id='word_1_618' title='bbox 3183 5574 3447 5629; x_wconf 79' lang='lat' dir='ltr'><strong>fecerunt.</strong></span> <span class='ocrx_word' id='word_1_619' title='bbox 3491 5570 3630 5631; x_wconf 70' lang='lat' dir='ltr'><strong>Nam,</strong></span> <span class='ocrx_word' id='word_1_620' title='bbox 3658 5572 3746 5651; x_wconf 62' lang='lat' dir='ltr'><strong>etilli</strong></span> 
     </span>
    </p>
   </div>
   <div class='ocr_carea' id='block_1_96' title="bbox 2223 5649 3743 5727">
    <p class='ocr_par' dir='ltr' id='par_1_96' title="bbox 2223 5649 3743 5727">
     <span class='ocr_line' id='line_1_96' title="bbox 2223 5649 3743 5727; baseline -0.011 -2"><span class='ocrx_word' id='word_1_621' title='bbox 2223 5672 2314 5725; x_wconf 90' lang='lat' dir='ltr'><strong>diu</strong></span> <span class='ocrx_word' id='word_1_622' title='bbox 2341 5649 2492 5725; x_wconf 81' lang='lat' dir='ltr'><strong>inter</strong></span> <span class='ocrx_word' id='word_1_623' title='bbox 2518 5686 2645 5725; x_wconf 88' lang='lat' dir='ltr'><strong>suos</strong></span> <span class='ocrx_word' id='word_1_624' title='bbox 2667 5670 2951 5723; x_wconf 84' lang='lat' dir='ltr'><strong>honestam</strong></span> <span class='ocrx_word' id='word_1_625' title='bbox 2980 5666 3146 5721; x_wconf 87' lang='lat' dir='ltr'><strong>vitam</strong></span> <span class='ocrx_word' id='word_1_626' title='bbox 3175 5665 3476 5727; x_wconf 75' lang='lat' dir='ltr'><strong>duxissent,</strong></span> <span class='ocrx_word' id='word_1_627' title='bbox 3503 5669 3662 5714; x_wconf 86' lang='lat' dir='ltr'><strong>amore</strong></span> <span class='ocrx_word' id='word_1_628' title='bbox 3678 5649 3743 5704; x_wconf 73' lang='grc' dir='ltr'><strong>υει</strong></span> 
     </span>
    </p>
   </div>
   <div class='ocr_carea' id='block_1_97' title="bbox 2223 5738 3744 5833">
    <p class='ocr_par' dir='ltr' id='par_1_97' title="bbox 2223 5738 3744 5833">
     <span class='ocr_line' id='line_1_97' title="bbox 2223 5738 3744 5833; baseline -0.014 -13"><span class='ocrx_word' id='word_1_629' title='bbox 2223 5763 2492 5826; x_wconf 85' lang='lat' dir='ltr'><strong>succensi,</strong></span> <span class='ocrx_word' id='word_1_630' title='bbox 2528 5762 2681 5831; x_wconf 86' lang='lat' dir='ltr'><strong>quasi</strong></span> <span class='ocrx_word' id='word_1_631' title='bbox 2737 5770 2858 5829; x_wconf 59' lang='grc' dir='ltr'><strong>ροςι</strong></span> <span class='ocrx_word' id='word_1_632' title='bbox 2911 5759 3117 5813; x_wconf 87' lang='lat' dir='ltr'><strong>marina</strong></span> <span class='ocrx_word' id='word_1_633' title='bbox 3166 5755 3403 5826; x_wconf 86' lang='lat' dir='ltr'><strong>pericula</strong></span> <span class='ocrx_word' id='word_1_634' title='bbox 3435 5762 3625 5824; x_wconf 80' lang='lat' dir='ltr'><strong>portum</strong></span> 
     </span>
    </p>
   </div>
   <div class='ocr_carea' id='block_1_98' title="bbox 2223 5831 3745 5918">
    <p class='ocr_par' dir='ltr' id='par_1_98' title="bbox 2223 5831 3745 5918">
     <span class='ocr_line' id='line_1_98' title="bbox 2223 5831 3745 5918; baseline -0.007 -9"><span class='ocrx_word' id='word_1_635' title='bbox 2223 5865 2411 5910; x_wconf 84' lang='lat' dir='ltr'><strong>sancto</strong></span> <span class='ocrx_word' id='word_1_636' title='bbox 2456 5852 2711 5908; x_wconf 72' lang='lat' dir='ltr'><strong>Ansclmo</strong></span> <span class='ocrx_word' id='word_1_637' title='bbox 2759 5850 2953 5907; x_wconf 82' lang='lat' dir='ltr'><strong>abbate</strong></span> <span class='ocrx_word' id='word_1_638' title='bbox 3004 5849 3232 5905; x_wconf 81' lang='lat' dir='ltr'><strong>Bcccum</strong></span> <span class='ocrx_word' id='word_1_639' title='bbox 3279 5845 3623 5918; x_wconf 52' lang='lat' dir='ltr'><strong>petierant,“</strong></span> <span class='ocrx_word' id='word_1_640' title='bbox 3662 5831 3745 5898; x_wconf 56' lang='grc' dir='ltr'>Ν</span> 
     </span>
    </p>
   </div>
  </div>
