3852 6308
102 355 185 408 TI?)

934 351 1090 410 Vl'l‘A
1131 351 1420 414 BOSONIS
1453 351 1745 408 ABBATIS
1788 345 2472 413 BECCENSlSQU-AMTI.

3247 350 3351 407 126

101 466 256 524 abbati
292 463 639 522 desiderium
681 482 836 523 suum
882 468 1203 537 pandentes,
1233 467 1343 522 Deo
1372 473 1665 533 annuente,
1699 470 1744 528 Α
1775 464 2001 519 audiens
2027 462 2315 517 Anselmus
2344 462 2621 518 Urbanum
2655 478 2846 535 papam
2872 481 3201 525 convocasse
3224 482 3351 522 con-

100 561 701 635 religionishabitumlibi
725 561 915 617 devote
927 560 1669 631 susceperunt,devotiusque

99 671 244 726 usque
295 654 348 710 in
403 653 577 707 tinem
637 661 945 708 tenuerunt.
1007 651 1065 707 Si
1127 652 1344 722 quidem
1374 653 1579 723 primus
1615 660 1685 721 et,

98 752 308 810 ultimus,
359 747 714 801 Gislebertus
761 746 971 801 scilicet
1025 755 1079 800 et
1139 745 1454 809 Raiualdns,
1509 744 1668 816 longo

100 854 311 912 tempore
333 841 386 895 in
419 849 628 897 sancto
653 840 928 910 proposito
955 838 1342 894 honorabiliter
1371 837 1669 907 perduran-

99 947 177 996 tcs,
198 933 525 1003 quieverunt
555 932 615 986 in
643 945 791 1001 paee.
822 931 962 986 Boso
984 945 1131 994 vero,
1164 928 1374 983 medius
1398 927 1582 991 frater,
1604 927 1669 981 de

98 1042 185 1098 quo
222 1024 373 1080 nobis
415 1038 613 1079 sermo
651 1035 751 1086 est,
789 1023 982 1078 litteris
1012 1022 1151 1077 bene
1193 1022 1519 1084 instructus,
1546 1035 1672 1073 cum

98 1119 247 1172 adhuc
280 1126 429 1171 esset
458 1115 516 1171 in
551 1115 803 1171 smeuiuri
851 1115 979 1174 vita,
1014 1114 1179 1184 empit
1223 1113 1379 1168 bonis
1426 1112 1667 1167 moribus

99 1208 309 1276 pollere,
327 1221 524 1262 amore
560 1205 657 1260 Dei
710 1204 945 1270 fervere,
986 1203 1237 1271 religioni
1286 1202 1527 1256 animum
1569 1216 1666 1271 ap-
1702 1205 1708 1210 '

98 1300 303 1367 plicare;
345 1306 469 1352 erat
529 1306 718 1351 autem
785 1294 1087 1351 acutissimi
1139 1293 1478 1364 ingenii,,et
1522 1293 1709 1362 quod'

99 1388 336 1444 subtiliter
370 1388 719 1459 intelligebat
749 1386 1020 1443 luent-nlo
1052 1400 1303 1442 sermone
1335 1384 1665 1456 proferebat.

102 1480 225 1535 Unde
239 1480 511 1550 perplexae
525 1479 860 1548 quaestiones
874 1479 1135 1534 animumi
1159 1478 1283 1533 llius
1306 1478 1665 1544 involveram,

99 1585 211 1640 quas
236 1584 333 1625 nec
358 1585 460 1639 per
489 1585 555 1625 se
596 1569 857 1635 enodare,
895 1585 994 1625 nec
1016 1569 1149 1624 inde
1176 1585 1235 1625 se
1264 1579 1477 1640 poterat
1503 1584 1666 1639 espe-

100 1664 214 1716 dite.
272 1662 624 1733 Quapropter
673 1662 904 1718 Beccum
936 1662 1103 1728 venit,
1135 1661 1448 1717 Anselmum
1509 1662 1663 1727 adiit,

100 1768 307 1822 ιιιιειιιοιιι
346 1752 553 1807 talibus
589 1753 838 1807 audierat
875 1753 1259 1817 exercitatum,
1291 1762 1456 1808 testes
1496 1740 1685 1809 animi

102 1847 165 1898 sti
190 1846 373 1915 quibus
397 1848 749 1912 movebatur,
770 1846 999 1916 aperuit,
1027 1856 1081 1900 et
1110 1846 1293 1901 statim
1316 1848 1381 1900 de
1414 1845 1666 1902 omnibus

103 1935 180 1989 sibi
205 1934 544 1991 satisfactum
569 1950 695 1991 esse
718 1935 986 2007 cognovit.
1022 1936 1335 1992 Admiratus
1370 1935 1512 1993 Boso
1548 1937 1667 2009 ejus

106 2026 389 2094 sapientiam
427 2067 444 2090 ,
498 2028 633 2081 vitae
692 2025 1161 2081 conversationem
1219 2036 1381 2096 atque
1455 2041 1666 2083 morum

106 2118 486 2182 institutionem,
539 2126 753 2173 mutato
794 2131 899 2171 non
937 2116 1106 2171 multo
1156 2126 1277 2187 post
1314 2118 1667 2184 liabitn,.sub

106 2210 261 2261 coEem
291 2207 489 2264 abbate
518 2208 598 2263 ibi
630 2208 745 2264 leve
778 2209 986 2269 Domini
1019 2207 1211 2279 jugum
1233 2210 1373 2274 tulit,
1406 2218 1471 2264 et.
1486 2209 1667 2266 factus

107 2298 373 2351 monachus
416 2298 747 2370 religionem
778 2314 940 2368 quam
986 2300 1295 2370 arripuerat
1340 2310 1452 2357 tota
1486 2311 1667 2357 mente

108 2385 344 2456 diligebat,
361 2396 415 2443 et
442 2388 496 2443 in
525 2403 598 2443 ea
620 2389 835 2445 assidue
863 2389 1126 2458 prolicere
1147 2392 1445 2462 satagebat.
1466 2392 1666 2449 Videns

108 2475 248 2529 abbas
262 2491 455 2533 novum
482 2479 720 2535 militem
747 2478 961 2535 Christi
985 2497 1172 2536 revera
1198 2483 1364 2537 Deum
1396 2500 1661 2554 quaerere,

108 2567 359 2651 sollicitum
408 2586 536 2629 esse
594 2573 661 2627 ad
696 2589 831 2643 opus
860 2574 976 2638 Dei,
1007 2575 1075 2629 ad
1105 2576 1466 2632 obedientiam
1509 2586 1559 2633 et
1597 2578 1663 2631 ad

110 2661 190 2714 alia
222 2663 404 2732 quibus
432 2665 681 2721 novitius
723 2666 887 2722 debet
926 2666 1169 2722 intentus
1204 2683 1347 2734 esse,
1378 2668 1662 2724 laetabatur

106 2755 260 2821 corde,
284 2756 558 2815 instrueba
571 2768 700 2828 tque
730 2774 852 2813 eunt
882 2758 935 2814 in
961 2760 1181 2815 Domini
1207 2762 1455 2827 servitio,
1465 2763 1666 2833 jugiter

110 2848 369 2902 ascendens
412 2849 665 2903 animum
709 2848 839 2916 ejus.
866 2850 934 2904 ad
984 2851 1201 2906 virtutis
1251 2867 1513 2908 amorem.
1550 2854 1663 2920 llle,

112 2935 369 2990 doctrinam
395 2938 655 3010 magistri
683 2940 866 3009 capaci
886 2939 1071 2995 animo
1097 2941 1373 2999 humiliter
1393 2944 1666 3013 accipiens

104 3026 153 3078 iu
169 3043 272 3084 arca
295 3032 470 3087 cordis
498 3032 831 3088 servandam
863 3032 1215 3097 recondebat,
1233 3048 1395 3103 quam
1426 3049 1666 3105 congruo

115 3130 314 3190 tmpore
352 3136 542 3196 postea
582 3127 826 3187 suaviter.
875 3136 1173 3182 eructaret.
1226 3126 1401 3183 Mores
1440 3137 1494 3182 et
1542 3128 1664 3182 vitae
1691 3165 1737 3230 ο

116 3212 454 3274 institutionem
478 3221 878 3291 ejussequens,
898 3219 1239 3292 adpietatem
1263 3235 1321 3276 se
1346 3221 1662 3289 exercebat;

114 3301 127 3369 j
143 3302 308 3371 juniis,
335 3310 555 3381 vigiliis,
600 3313 944 3369 orationibus
971 3323 1027 3368 et
1074 3313 1198 3368 aliis
1228 3314 1384 3368 bonis
1409 3314 1665 3385 operibus

116 3396 315 3452 intentus
339 3411 485 3468 erat,
509 3402 570 3457 in
601 3402 719 3473 lege
745 3402 960 3459 Domini
993 3403 1232 3459 studiose
1280 3403 1663 3473 meditabatur,

118 3492 305 3556 etquod
361 3493 577 3566 legebat
629 3512 759 3553 sane
810 3499 841 3552 i.
869 3499 1144 3565 telligehat
1186 3509 1240 3555 et
1279 3501 1669 3557 convenienter

118 3582 396 3649 exhauebat,
424 3586 752 3642 solutionem
783 3589 1013 3645 libenter
1042 3584 1523 3659 accipiebat.lttter
1553 3592 1669 3647 haec

122 3667 277 3725 ridens
298 3673 543 3734 diabolus
575 3679 840 3734 Bosoncm
879 3681 931 3735 iu
955 3690 1146 3738 sancto
1172 3683 1452 3752 proposito
1482 3684 1667 3752 quoti-

124 3756 190 3813 die
213 3764 525 3823 meliorando
562 3770 629 3824 de
658 3771 860 3826 virtute
892 3772 946 3826 in
972 3773 1231 3828 virtutem
1261 3777 1548 3843 proficere,
1571 3789 1668 3843 per

124 3848 331 3914 spiritum‘
361 3856 711 3930 blasphemiae
740 3860 967 3916 immisit
995 3864 1046 3917 ei
1085 3863 1438 3918 tentationem
1462 3864 1670 3935 gravis-

127 3937 300 4007 sinum,
332 3961 444 4015 quae
474 3949 896 4007 succedentibus
928 3952 1029 4007 sibi
1063 3954 1231 4010 variis
1278 3954 1666 4023 cogitationum

130 4033 417 4105 tumultibus,
445 4043 518 4097 ita
569 4057 693 4098 eum
754 4045 990 4098 vexabat
1028 4052 1089 4099 ut
1134 4046 1221 4099 vix
1273 4061 1496 4113 compos
1556 4062 1669 4101 suae

133 4128 295 4181 mentis
321 4132 593 4189 existeret.
625 4134 987 4190 Transierunt
1036 4135 1087 4190 in
1117 4136 1221 4190 hoc
1246 4138 1413 4207 aliqui
1442 4137 1579 4201 dies,
1614 4145 1669 4191 et

134 4218 322 4270 tentatio
342 4238 395 4277 se
422 4224 537 4293 ipsa
567 4240 781 4295 semper
803 4225 966 4280 fiebat
986 4227 1222 4297 gravior.
1250 4226 1520 4282 Turbatus
1541 4242 1673 4298 ergo

132 4312 172 4354 et
196 4320 350 4367 mente
375 4315 638 4395 confusus
684 4318 818 4372 adiit
858 4318 1207 4383 Anselmum,
1240 4327 1295 4373 et
1357 4319 1486 4388 quid
1517 4328 1674 4389 pate-

134 4404 251 4449 ietur
277 4406 491 4484 aperuit.
522 4405 624 4461 Vir
650 4418 829 4463 autem
852 4418 1094 4474 sanctus,
1120 4424 1242 4464 eum
1271 4409 1481 4479 singula
1509 4409 1671 4465 intel-

1771 556 1951 612 cilium
1997 554 2251 626 generale
2297 556 2436 625 apud
2482 555 2939 615 Clarumnmntem
2999 560 3051 615 in
3085 560 3355 617 Arvernis

1770 648 2068 718 provincia,
2098 647 2223 716 quia
2253 647 2365 718 ipse
2401 662 2505 702 non
2528 649 2702 718 potuit
2728 652 3004 717 ire,-misit
3034 654 3363 724 praedictum

1769 739 2032 794 Bosonem
2071 739 2143 793 ad
2167 739 2306 794 idem
2341 739 2659 806 concilium;
2693 740 2847 810 cujus
2881 742 3092 800 itineris
3117 744 3351 817 longitu-

1770 831 1893 903 dine
1929 841 1983 885 et
2015 831 2197 886 labore
2218 832 2524 885 infirmatus
2547 840 2629 886 est
2672 833 2851 898 nimis,
2878 834 3033 889 itaut
3060 846 3179 906 post
3216 853 3347 893 con-

1770 922 1950 976 cilium
1975 938 2098 977 cum
2128 923 2180 977 in
2209 921 2662 978 Northmanniam
2696 926 2955 994 repedare
2983 927 3161 995 vellet,
3189 930 3240 984 in
3264 929 3351 983 via

1769 1028 1913 1082 aeger
1952 1022 2201 1068 remanet
2227 1013 2366 1084 apud
2398 1013 2658 1069 Sanctum
2688 1013 3030 1071 Waltcrium.
3085 1020 3152 1073 Et
3207 1018 3358 1090 post?

1770 1120 1929 1174 quam
1981 1103 2278 1171 convaluit,
2312 1105 2539 1160 Beccum
2574 1107 2856 1173 remeavit,
2893 1108 3078 1178 sicque
3102 1109 3369 1180 Angliam.

1770 1194 2011 1262 repetiit.
2060 1194 2257 1250 Verum
2311 1211 2433 1251 cum
2486 1206 2708 1252 sanctus
2762 1196 3053 1255 Anselmus
3088 1241 3103 1266 ,
3159 1200 3353 1272 Anglia

1769 1289 1972 1360 pulsus,
2002 1287 2233 1358 primum
2268 1304 2297 1343 a
2327 1303 2453 1360 rege
2492 1287 2766 1344 Wi‘llelmo
2797 1292 2888 1361 qui
2926 1308 3047 1347 eum
3076 1293 3362 1363 archiepi-

1770 1397 1989 1452 scopum
2024 1381 2251 1448 fecerat,
2291 1381 2485 1437 deinde
2530 1398 2558 1436 a
2594 1382 2763 1439 fratre
2790 1385 2906 1454 ejus
2945 1384 3230 1450 ll‘einrico,
3258 1387 3351 1458 qui

1770 1472 1917 1527 ilhun
1946 1483 2069 1542 post
2097 1483 2329 1530 mortem
2370 1474 2559 1530 fratris
2586 1477 2653 1531 ab
2679 1477 2870 1533 exsilio
2900 1489 3267 1544 revocaverat,
3296 1480 3357 1536 in

1768 1564 2013 1633 partibus
2068 1566 2388 1636 Burgundio)
2429 1576 2483 1622 et
2516 1568 2680 1624 [tamn
2730 1581 3166 1640 eonversaretur,
3214 1572 3365 1631 Boso-

1768 1651 1999 1707 Beccum
2034 1669 2285 1710 reversus
2315 1666 2419 1711 est.
2622 1674 2627 1675 ί

1839 1743 2083 1815 Cumque
2112 1745 2425 1812 Anselmus,
2454 1757 2576 1818 post
2605 1752 2901 1806 secundum
2932 1752 3201 1817 exsilium,
3246 1755 3365 1810 An-
3452 1750 3457 1753 ’

1696 1818 1741 1879 Β
1773 1836 1933 1909 gliam
1970 1850 2218 1908 repetere
2249 1839 2489 1907 deberet,
2549 1842 2600 1896 in
2640 1844 2876 1914 capitulo
2908 1846 3116 1917 rogavit
3146 1846 3355 1901 Willel-

1773 1926 2197 1985 mnm‘abbatem
2233 1939 2285 1985 et
2330 1942 2661 1987 conventum
2715 1933 2894 2001 Bccci,
2922 1945 2980 1990 ut
3034 1936 3218 1992 liceret
3249 1938 3353 1993 sibi

1770 2017 2039 2074 Busonem
2071 2021 2271 2077 dueere
2302 2037 2510 2089 secum,
2539 2025 2662 2094 quia
2692 2028 2860 2096 magis
2887 2038 3092 2083 amaret
3118 2043 3240 2083 cum
3266 2028 3373 2083 illo-

1770 2112 1953 2166 vivere
1986 2112 2036 2165 in
2067 2112 2355 2168 solitudine
2380 2130 2541 2182 quam
2574 2116 2689 2170 sine
2706 2131 2771 2171 eo
2802 2118 2853 2171 in
2887 2119 3099 2189 magnis
3127 2119 3351 2173 divitiis.

1768 2201 1952 2257 Abbas
1998 2211 2053 2257 et
2107 2202 2326 2268 fratres,
2369 2204 2494 2273 quia
2538 2220 2644 2258 non
2689 2215 2940 2275 poterant
2981 2208 3357 2264 contradicere

1769 2293 2199 2366 archiepiscopo,
2228 2307 2636 2351 concesserunt.
2669 2297 2767 2355 llic
2821 2308 2905 2355 est
2942 2299 3031 2355 ille
3065 2300 3352 2357 Bosocum

1768 2399 1875 2454 quo
1899 2384 2179 2453 disputans
2201 2385 2497 2453 composuit
2523 2384 2718 2441 librant
2748 2388 2835 2457 qui
2861 2388 3063 2443 dicitur
3078 2387 3186 2443 Cur
3213 2389 3355 2446 Deus

1768 2475 1940 2529 homo.
1974 2474 2279 2530 Permansit
2335 2476 2518 2546 itaque
2561 2491 2683 2531 cmn
2715 2477 3125 2549 archiepiscopo
3183 2495 3357 2547 usque

1769 2571 1835 2623 ad
1889 2568 2046 2623 linem
2075 2569 2200 2622 vitm
2227 2568 2432 2639 ipsius;
2485 2578 2604 2638 post
2634 2570 2918 2624 trausitmn
2945 2571 3185 2627 Anselmi
3219 2570 3357 2627 lloso

1770 2660 1998 2716 Beccum
2053 2661 2231 2724 rediit,
2294 2669 2348 2715 ct
2393 2660 2613 2716 vivebat
2662 2663 3025 2717 communiter
3070 2678 3195 2718 cum
3246 2662 3356 2716 fra-

1772 2754 1965 2809 tribus.
2029 2752 2297 2823 Diligebat
2358 2763 2636 2821 cunctos,
2691 2764 2748 2809 et
2803 2754 3185 2828 diligebatura
3219 2770 3356 2812 cun-

1769 2848 1892 2901 etis.

1840 2938 1987 2993 lnter
2013 2941 2146 3005 lucc,
2174 2941 2407 2997 obeunte
2446 2942 2697 2998 Baldrico
2730 2944 2934 3015 priore,
2963 2944 3187 3013 jubente
3215 2943 3362 3000 Guil-

1769 3027 1930 3084 lelmo
1957 3031 2152 3087 abbate
2176 3033 2441 3088 successit
2469 3033 2517 3088 ei
2572 3034 2623 3088 in
2652 3034 2989 3103 prioratum;
3044 3040 3164 3087 erat
3210 3031 3357 3085 enim

1771 3117 2105 3177 honorabilis
2162 3122 2283 3176 vita:
2337 3130 2393 3177 et
2449 3122 2631 3178 undae
2678 3123 3005 3194 prudentia},
3057 3119 3362 3176 humilitate

1768 3211 2125 3281 conspicuus,
2175 3213 2369 3284 spiritu
2425 3215 2639 3272 consilii
2701 3215 2989 3287 providus...
3042 3212 3156 3287 48
3204 3212 3359 3266 forti-

1771 3301 1957 3356 tudine
2020 3301 2248 3369 firmus,
2296 3304 2683 3360 consolabatur
2737 3305 3050 3369 desolatos,
3101 3305 3355 3359 omnibus

1768 3394 1950 3449 omnia
2004 3395 2216 3462 factus;
2253 3397 2305 3451 in
2355 3407 2614 3468 quantum
2658 3408 2871 3469 poterat
2927 3398 3220 3467 unicuique
3265 3410 3371 3450 sum

1769 3491 2087 3557 bvenicbat,
2129 3492 2394 3562 benignus
2447 3504 2566 3548 erat
2629 3494 2683 3548 in
2750 3493 3117 3557 exhortando,
3166 3492 3357 3547 mode-

1770 3591 1887 3636 stus
1924 3583 1975 3635 in
2036 3583 2412 3653 corripiendo,
2455 3586 2782 3655 pauperibus
2845 3583 3100 3654 dapsilis,
3129 3582 3362 3653 hospiti-

1770 3672 1868 3726 bus
1896 3672 2146 3741 aﬂ'abilis,
2178 3675 2282 3730 title
2312 3677 2519 3741 firmus,
2567 3674 2665 3745 spe
2702 3676 2754 3730 in
2797 3677 2907 3732 Deo
2943 3684 3149 3740 certus,
3177 3675 3359 3729 chari-

1772 3772 1883 3820 tate
1940 3765 2187 3822 dimisus.
2245 3767 2381 3823 Cum
2450 3784 2559 3823 nou
2613 3768 2850 3824 habebat
2902 3768 3044 3839 quod
3096 3768 3364 3823 tribueret

1768 3859 1966 3927 egenti,
1996 3859 2248 3913 monebat
2282 3874 2435 3929 spem
2477 3861 2530 3913 in
2562 3859 2731 3915 Deum
2761 3860 3090 3929 ponendam,
3142 3873 3363 3914 assere-

1770 3948 1862 4003 bat
1907 3951 1959 4005 in
2012 3953 2259 4022 proximo
2289 3954 2698 4009 subventionem
2738 3953 2829 4007 Dei
2872 3952 3080 4016 adfore,
3115 3951 3359 4007 nondum

1771 4040 1933 4096 finem
1977 4044 2159 4099 mundi
2206 4045 2439 4101 venisse.
2499 4044 2653 4100 Talia
2698 4043 2933 4112 jocando
2970 4042 3216 4107 dicebat,
3266 4042 3363 4097 sed

1772 4135 1935 4189 corde
1985 4136 2149 4191 Deum
2191 4138 2507 4207 suppliciter
2551 4138 2803 4208 rogabat;
2860 4136 2953 4206 qui
2996 4148 3237 4205 persaepe
3284 4131 3365 4188 Illi

1721 4285 1729 4291 _
1773 4227 2081 4282 secundum.
2136 4228 2297 4284 ﬁdem
2352 4245 2508 4285 suam
2551 4226 2927 4283 subveniebat.
2984 4223 3316 4290 Sapientiam
3344 4262 3362 4286 ,

1773 4317 2055 4373 consnlium
2096 4332 2261 4390 atque
2298 4320 2599 4376 bonitatem
2641 4318 2807 4373 anhni
2848 4314 2986 4385 ejus.
3038 4306 3146 4370 non
3183 4314 3358 4369 solum

1774 4409 2004 4479 subjecti
2052 4412 2147 4467 sed
2203 4412 2366 4470 etiam
2424 4411 2697 4483 principes
2760 4419 2950 4476 terrae,
3013 4406 3253 4481 episcopi
3310 4416 3367 4463 et

135 4487 254 4557 lcx’t,
304 4497 395 4553 hoc
427 4512 634 4556 tantum
688 4502 777 4571 pio
812 4501 1007 4557 affectu
1042 4501 1178 4556 dixit
1227 4501 1380 4556 fratri
1414 4517 1441 4556 :-
1469 4520 1489 4553 ι
1528 4501 1671 4557 Deus
1702 4513 1754 4573 ι)
1777 4503 2021 4566 abbates,
2053 4503 2321 4576 simulque
2359 4490 2594 4574 religiosi
2626 4512 2679 4559 et
2706 4501 2994 4558 saecularcs
3024 4499 3191 4556 multi
3214 4515 3368 4555 com-

136 4586 338 4641 Consulat
367 4591 476 4645 tibi.
512 4614 532 4643 ι
570 4592 799 4662 Moxque
829 4609 954 4649 eum
982 4594 1209 4648 dimisit.
1252 4594 1369 4664 Ipse
1398 4608 1529 4648 vero
1557 4603 1672 4653 sta-

136 4670 210 4724 tim
235 4687 343 4731 ante
367 4685 851 4750 quoddam'altare
899 4693 1202 4752 prostratus
1250 4699 1372 4740 cum
1418 4684 1672 4754 lacrymis

134 4766 391 4822 orationem
422 4788 519 4841 pro
554 4789 620 4828 eo
662 4774 800 4827 fudit
826 4773 893 4827 ad
944 4774 1259 4839 Dominmn;
1318 4774 1465 4830 illico
1521 4785 1671 4829 tanta

138 4857 297 4909 mantis
325 4865 678 4933 tranquillitas
703 4872 890 4919 secuta
936 4874 1021 4919 est
1051 4874 1126 4928 ut,
1159 4864 1301 4920 sicut
1333 4865 1446 4935 ipse
1483 4873 1669 4936 postea

139 4939 488 5013 «licebat,vultra
516 4960 678 5025 quam
716 4958 863 5011 crcdi
904 4966 1116 5028 potest,
1164 4958 1344 5013 subito
1406 4958 1671 5013 alter-atus

139 5042 251 5086 esset
273 5038 410 5094 abeo
432 5049 519 5114 qui
552 5048 746 5101 literal.
778 5048 852 5102 Ita
877 5050 1057 5104 uninis
1079 5050 1167 5104 illa
1200 5052 1425 5106 leutatio
1455 5052 1672 5120 penitus
1706 5100 1709 5101 ,

142 5128 323 5224 evanuit
369 5139 503 5201 quod
564 5155 840 5210 nttniptam
894 5141 1123 5197 ulterius
1178 5143 1229 5196 iu
1287 5158 1347 5197 se
1391 5143 1518 5197 talia
1548 5158 1669 5197 sen-

140 5224 262 5273 scut.

201 5305 302 5363 [‘ust
330 5316 570 5378 Iiaaccum
595 5325 767 5379 abbas
798 5326 1082 5381 Beccensis
1111 5326 1401 5381 Anselmus
1432 5325 1525 5380 Dci
1555 5326 1667 5381 dis-

147 5398 393 5475 positione,
428 5423 479 5469 ct
519 5416 661 5486 regis
711 5417 1007 5487 Anglorum
1054 5434 1118 5473 ac
1154 5417 1337 5488 populi
1405 5417 1695 5473 electione.

94 5578 97 5581 Ἴ
148 5494 526 5577 archiepiscopus
577 5511 984 5569 Cantuariensis
1060 5512 1248 5568 fuisset
1297 5523 1666 5581 consecratus,

151 5588 378 5649 Ittattdavit
403 5615 547 5655 suum
582 5603 838 5658 dilectum
872 5604 1159 5669 Bosoncut,
1185 5604 1373 5659 volens
1398 5604 1544 5657 illum
1576 5604 1667 5657 ha-

94 5762 97 5765 Δ
154 5672 252 5768 {me
276 5698 451 5746 secum.
478 5694 550 5751 ιω
580 5698 720 5752 lioso
743 5698 930 5753 transf.
945 5700 1128 5763 etavit,
1158 5707 1211 5752 et
1242 5698 1292 5752 in
1322 5697 1512 5768 Anglia
1546 5712 1666 5751 cum

156 5758 669 5856 Aaseluxoaliquandiu
686 5801 1049 5847 conuuoratus
1070 5806 1099 5845 e
1116 5800 1151 5844 .t
1201 5791 1273 5844 Eo
1296 5790 1397 5846 Tczu
1429 5800 1667 5860 te-npore

1776 4604 2063 4662 permutes,
2096 4597 2248 4665 quasi
2279 4602 2594 4651 thesaurum
2626 4595 2927 4665 pretiosum
2958 4609 3020 4649 ac
3041 4593 3189 4649 velut
3225 4591 3369 4647 divi:

1775 4702 1903 4759 num
1947 4688 2227 4759 oraculqu
2279 4688 2711 4743 admirabantur.
2753 4687 2925 4742 Tanta
2962 4687 3009 4741 ei
3053 4693 3229 4741 Inerat
3269 4682 3364 4739 Μ

1773 4779 1946 4851 gratia
1978 4789 2032 4836 et
2064 4781 2143 4836 sic
2170 4782 2396 4852 spiritus
2439 4782 2649 4838 consilii
2690 4781 2742 4835 in
2777 4795 2843 4835 eo
2882 4780 3096 4851 vigebat
3127 4787 3185 4831 ut
3207 4776 3275 4832 ad
3305 4792 3365 4834 se

1774 4873 2114 4930 venientibus
2148 4891 2312 4930 causa
2360 4875 2572 4930 consilii
2611 4873 2886 4929 subtiliter
2931 4881 2988 4928 et
3032 4870 3358 4927 sufficienter

1772 4969 1840 5023 ad
1862 4969 2117 5038 inquisita
2147 4968 2517 5039 responderet.

1844 5065 1948 5119 Per
1972 5065 2345 5132 idemtempus
2375 5061 2650 5114 mandavit
2676 5074 2766 5112 rex
2800 5056 3068 5112 llenricus
3087 5049 3365 5108 Willelmc

1772 5157 1951 5211 abbati
2006 5165 2065 5209 ut
2125 5155 2361 5224 priorem
2426 5153 2581 5207 Beeci
2648 5152 2913 5205 Bosoucm
2968 5146 3124 5199 daret
3176 5142 3363 5197 comiti

1773 5249 2086 5307 Theobaldo
2140 5247 2319 5317 nepoti
2375 5261 2505 5311 suo,
2547 5245 2615 5299 ad
2669 5240 2975 5297 faciendum
3015 5236 3263 5290 abbatem
3303 5234 3349 5289 is

1774 5353 1918 5399 terra
1945 5356 2075 5403 sua;
2108 5341 2248 5410 quod
2294 5347 2476 5392 utrum
2525 5350 2739 5399 amore,
2783 5348 2851 5388 an
2895 5329 3075 5385 cordis
3113 5323 3354 5381 rancor‘v'

1772 5437 1889 5492 sive
1918 5434 2225 5503 aliquorum
2252 5429 2609 5492 immissione,
2644 5442 2737 5481 rex
2766 5422 3013 5493 petierit,
3047 5429 3105 5474 ut
3140 5418 3337 5489 perium

1775 5528 1915 5583 Boso
1940 5526 2232 5597 pelleretur
2257 5524 2322 5577 de
2350 5520 2571 5589 regione
2590 5560 2603 5585 ,
2639 5519 2906 5572 incertum
2940 5515 3223 5569 habemus.
3246 5511 3349 5565 Au-

1771 5623 1925 5677 diens
1949 5622 2052 5675 hoc
2084 5617 2250 5672 abbas
2279 5613 2633 5669 contristatus
2660 5619 2743 5666 est
2780 5624 2884 5664 non
2914 5607 3145 5665 inodice.
3184 5603 3358 5687 misit-

1771 5730 1876 5783 que
1923 5712 1989 5765 ad
2039 5724 2218 5781 regem
2263 5704 2529 5760 mandans
2571 5713 2625 5759 et
2670 5703 2896 5758 multum
2951 5702 3247 5771 deprecans
3301 5704 3358 5749 ut

1777 5803 2031 5862 Ecclesia?
2060 5812 2111 5858 et
2151 5799 2252 5856 sibi
2282 5804 2552 5871 parceret,
2584 5805 2745 5869 atque
2774 5811 2803 5850 a
2837 5794 2927 5850 tali
2957 5792 3200 5867 jussione
3233 5788 3354 5845 ani-
