3886 6292
544 370 649 445 "(ar

1434 391 1525 445 AD
1563 390 1788 447 ΟΡΕΠΑ
1830 390 1887 445 Β.
1933 390 2112 445 LANF

2215 370 2321 445 κει
2359 374 2731 446 APPENDIX.
3020 360 3023 363 ’
3673 394 3744 452 τε]

546 518 686 585 mum
730 510 1027 566 revocaret,
1061 504 1406 576 prioremquc
1438 506 1540 561 sibi
1581 523 1684 563 non
1728 508 1955 561 tolleret.
1999 506 2116 560 .lam
2152 518 2193 570 Α
2222 523 2350 578 erga
2380 508 2474 561 res
2505 509 2656 562 video
2675 518 2977 563 conventus
3009 508 3745 582 affectmn.-—Nunqnam.au,

548 594 681 648 enim
723 595 892 648 abbas
941 596 1092 649 senio
1136 607 1192 667 et
1241 597 1560 654 inﬁrmitate
1598 600 1876 655 confectus
1918 598 2124 656 viribus

554 670 782 761 torpor-is
832 687 1251 743 destituebatttr.
1297 689 1549 745 Placatus
1600 708 1695 745 rex
1744 693 2123 761 deprecatione

545 775 742 853 limistt
792 780 1048 847 priorem.
1103 780 1348 852 Cumque
1400 782 1570 838 abbas
1612 783 1913 838 Willelmns
1963 783 2119 854 longa

537 869 856 952 aegritudine
888 871 1183 941 confectus,
1218 872 1333 942 jam
1378 875 1536 930 morti
1590 876 1869 945 proximus
1910 876 2131 933 videre-

537 968 643 1033 sar,
677 962 782 1017 duo
821 963 1119 1021 Beccenses
1151 968 1399 1023 monachi
1448 979 1797 1023 accesserunt
1833 969 1899 1023 ad
1939 985 2118 1039 regem

538 1053 850 1123 llenricum,
885 1057 976 1126 qui
1016 1068 1143 1113 tunc
1185 1058 1341 1115 Becci
1378 1070 1430 1116 et
1464 1061 1607 1115 circa
1637 1060 1865 1127 Beccum
1899 1071 2122 1132 propter

534 1147 879 1223 incursiones
922 1152 1301 1225 quorumdam,
1333 1153 1426 1222 qui
1457 1161 1645 1208 contra
1676 1168 1797 1207 eum
1824 1153 2119 1209 rebellave-

486 1288 489 1289 ν
535 1248 685 1303 tant,
719 1239 1052 1307 morabatur,
1091 1241 1335 1299 dicentes
1376 1245 1502 1311 quia
1545 1241 1685 1297 Boso
1718 1243 1760 1297 si
1805 1244 2121 1298 succederet

530 1330 715 1384 abbati
747 1330 1053 1398 Willehno,
1084 1332 1226 1388 sicut
1267 1344 1565 1389 conventus
1611 1335 1914 1403 quavrcbat,
1945 1336 2119 1389 homi-

531 1422 680 1505 nium
711 1423 791 1478 vel
824 1423 1101 1491 ﬁdelitatis
1129 1436 1532 1483 sacramentum
1564 1442 1715 1482 more
1746 1428 1934 1495 patriae
1972 1428 2117 1483 nullo

534 1514 694 1569 modo
725 1516 825 1570 sibi
854 1515 1088 1581 faceret;
1116 1517 1344 1589 ideoque
1367 1518 1530 1573 alium
1556 1534 1715 1588 quem
1743 1519 2114 1585 nominabant,

544 1606 847 1673 undabant,
882 1624 981 1677 pro
1010 1610 1433 1665 eosubstituere
1464 1610 1704 1664 deberet.
1739 1610 1850 1665 Hoc
1883 1609 2118 1681 agebant

538 1695 657 1769 (uia
696 1698 932 1767 priorem
973 1700 1229 1755 nolebant
1259 1702 1458 1782 habere
1486 1701 1756 1755 abbatem.
1792 1701 1987 1756 Verum
2017 1718 2131 1757 cur

556 1787 606 1841 lli
640 1788 831 1844 infensi
861 1801 1035 1856 erant,
1064 1792 1365 1859 nescimus;
1396 1808 1558 1863 quam
1600 1792 1818 1862 quidem
1858 1794 2113 1864 injuriam

2227 597 2501 651 hominem
2528 598 2722 653 occidi.
2756 616 2774 651 ι
2808 596 2960 655 Tunc
2981 600 3292 670 compulsus
3320 608 3403 655 est
3422 604 3621 671 aperire
3643 610 3745 671 quod

2224 688 2451 756 latebat;
2486 700 2539 744 et
2569 690 2837 761 accipiens
2875 692 3342 762 archiepiscopum
3380 708 3502 748 cum
3546 695 3745 767 episcopo

2224 796 2490 847 seorsum,
2523 783 2657 838 dixit
2702 797 2894 853 papam
2939 783 3040 838 sibi
3077 785 3423 841 interdixisse
3462 801 3526 841 ne
3565 802 3743 857 unquam

2224 873 2375 928 laica:
2405 890 2649 944 personae
2679 861 2975 931 hominium
2998 875 3223 943 faceret,
3251 886 3308 931 et
3338 877 3465 932 ideo
3486 876 3630 932 istam
3652 882 3744 936 obc-

2222 966 2480 1021 dientiam
2523 982 2629 1021 non
2668 968 2901 1022 audebat
2934 968 3236 1039 suseipere,
3270 983 3338 1023 ne
3376 978 3661 1045 cogeretur,
3683 984 3746 1029 aut

2220 1058 2599 1127 prohibitionis
2638 1060 2945 1130 apostolicae
2992 1068 3362 1133 tran‘sgressor
3407 1061 3648 1127 existere,
3680 1076 3747 1121 aut

2223 1166 2406 1220 regem
2470 1152 2765 1207 oll'endere.
2827 1153 3284 1223 Arcbiepiscopus
3342 1169 3468 1208 cum
3526 1155 3746 1222 audisset,

2219 1239 2497 1310 sapienter
2534 1242 2673 1297 tulit.
2706 1242 3057 1299 Lexoviensis
3086 1258 3217 1300 vero
3252 1244 3538 1314 cpiscopus
3561 1246 3747 1315 graviter

2218 1330 2447 1400 accepit,
2481 1321 2623 1402 quod
2651 1335 2799 1402 prior
2833 1332 2991 1388 Becci
3033 1332 3622 1403 dedignabawrfacere
3641 1338 3747 1405 quod

2218 1422 2318 1491 ipsi
2346 1431 2398 1477 et
2418 1438 2605 1479 omnes
2629 1425 2830 1495 praelati
2856 1424 3266 1481 Nortbmanniae
3287 1426 3559 1482 faciebant
3575 1430 3756 1500 antiquo

2218 1531 2366 1570 more
2396 1517 2604 1586 patriae.
2637 1517 2907 1574 Reversus
2937 1518 2990 1573 in
3034 1519 3332 1588 capitulum
3360 1520 3751 1591 archiepiscopus

2217 1619 2338 1657 tum
2368 1606 2624 1677 episcopo
2663 1606 2800 1661 dixit
2830 1602 3118 1677 quamdam
3151 1622 3374 1662 causam
3423 1607 3565 1663 illum
3597 1610 3745 1666 obten-

2215 1692 2344 1748 dere
2367 1705 2585 1765 propter
2611 1712 2797 1767 quam,
2825 1697 2935 1752 Deo
2960 1698 3208 1767 juvante,
3250 1715 3359 1756 non
3393 1715 3605 1756 necesse
3641 1713 3750 1758 esset

2216 1786 2535 1843 electionem
2583 1792 2723 1846 hanc
2756 1792 2979 1848 cassari.
3029 1793 3157 1848 Post
3202 1794 3318 1849 haec
3351 1793 3532 1865 plures
3567 1795 3625 1850 de
3652 1811 3747 1850 con-

543 1881 779 1938 tttulissc
822 1883 979 1938 alicui
1018 1880 1220 1939 eorum.
1248 1858 1577 1956 ignoramus.
1618 1858 1719 1941 llis
1751 1858 1977 1953 auditis,
2021 1902 2110 1941 rex
2148 1858 2192 1913 Β
2217 1887 2380 1933 νοηιο
2411 1879 2807 1954 Rotltomagum
2832 1892 3187 1953 perrexerunt
3214 1884 3281 1939 ad
3310 1898 3513 1955 regem.
3538 1884 3749 1952 Quidonil

533 1973 758 2027 nimium
800 1973 1058 2031 efferatus
1088 1984 1172 2030 est
1200 1977 1398 2031 animo.
1446 1985 1500 2030 et
1548 1986 1674 2032 tunc
1717 1978 1933 2048 quidem
1979 1979 2113 2034 iram

531 2064 914 2131 dissimulavit.
961 2067 1040 2122 llli
1083 2076 1263 2122 autem
1301 2068 1493 2124 callide
1542 2080 1783 2140 agentes,
1836 2072 2116 2140 ignorante

529 2165 821 2221 conventu,
846 2166 1035 2213 contra
1070 2159 1311 2231 regulam
1347 2160 1488 2216 beati
1524 2161 1796 2218 Benedicti
1831 2170 1975 2234 (cap.
2013 2164 2112 2229 64,

528 2245 596 2324 18
619 2256 817 2316 quaest.
840 2246 918 2317 ‘2),
942 2248 1067 2303 sine
1098 2263 1285 2304 eorum
1320 2266 1617 2316 consensu,
1649 2253 1901 2308 volebant
1928 2272 2117 2324 super-

522 2322 728 2409 ponere
757 2338 1220 2410 sibimagistrum,
1259 2357 1381 2396 cum
1413 2342 1514 2397 hoc
1542 2357 1661 2397 csse
1690 2354 1900 2399 constet
1927 2356 2112 2399 contra

527 2426 745 2481 decreta
784 2437 1028 2496 patrum,
1054 2431 1145 2500 qui
1180 2431 1433 2485 dixerunt
1464 2444 1524 2486 ut
1558 2448 1716 2510 nemo
1746 2434 1943 2491 invitus
1970 2436 2119 2491 ordi-

525 2532 559 2569 ιι
584 2526 703 2583 tur,
738 2522 830 2574 sed
877 2533 1176 2577 conventus
1206 2524 1453 2579 ecclesia:
1484 2525 1644 2581 debet
1686 2527 1787 2583 sibi
1821 2530 2112 2583 secundum

525 2604 774 2661 tiznorem
813 2606 906 2662 Dei
946 2617 1220 2679 pastorem
1257 2611 1477 2683 eligere.
1521 2611 1626 2667 Sed
1669 2614 1782 2667 hanc
1817 2615 2113 2686 malignan-

512 2697 660 2769 itiztm
690 2696 1140 2764 calliditas,“ch
1176 2703 1511 2773 aliquantum
1541 2716 1865 2760 conventum
1892 2717 2112 2760 contur-

526 2778 732 2845 baverit
788 2800 965 2847 tamen
996 2793 1136 2864 quod
1173 2796 1496 2850 moliebatur
1531 2796 1748 2851 eﬁicere
1790 2813 1894 2853 nou
1924 2797 2108 2853 valuit.

503 2880 1053 2956 .Defunctonamque
1100 2886 1297 2941 abbate
1325 2886 1595 2943 Willelmo
1629 2897 1685 2943 et
1727 2889 1981 2945 decenter
2015 2892 2114 2946 hu—

525 2982 694 3037 malo,
729 2983 872 3031 totus
901 2988 1198 3032 conventus
1235 2979 1398 3047 elegit
1436 2978 1730 3044 Bosouem,
1773 2995 1964 3036 omnes
1999 2983 2113 3052 cpi-

498 3068 677 3135 ,seopi
716 3076 767 3121 ct
803 3067 1049 3133 abbates,
1076 3070 1257 3124 clerus
1287 3079 1341 3124 et
1367 3070 1628 3140 populus,
1659 3071 1819 3125 vicini
1850 3081 1906 3127 et
1938 3087 2112 3127 remo-

498 3218 507 3224 η
530 3158 823 3228 tiores,qui
849 3174 969 3213 eum
995 3169 1278 3225 noverant,
1294 3160 1431 3216 hanc
1452 3160 1768 3216 electionem
1792 3161 2109 3227 laudabant,

496 3236 761 3327 ﬁuntque
820 3269 1034 3309 suunno
1077 3254 1283 3313 honore
1337 3253 1556 3324 dignum
1617 3252 1969 3331 allirmabtnt.
2010 3254 2112 3311 Ita-

496 3360 634 3412 ,que
659 3358 955 3402 conventus
988 3357 1047 3400 ut
1087 3361 1168 3401 eis
1208 3347 1586 3412 assentiretur,
1616 3348 1813 3401 obnixe
1858 3349 2108 3417 rogabat;

492 3438 616 3507 .illc
660 3453 770 3491 suae
811 3436 1147 3493 inﬁrmitatis
1206 3438 1401 3493 multas
1437 3438 1744 3508 opponebat
1777 3454 1994 3503 causas,
2032 3439 2108 3494 illi

486 3592 489 3597 ν
529 3529 580 3580 in
609 3538 807 3582 terram
826 3530 1081 3598 prostrati
1110 3530 1669 3599 deprecabantur,ille
1694 3539 1807 3586 toto
1825 3531 2111 3585 conamine

484 3686 493 3691 -
530 3620 900 3673 reluctabatur
926 3620 1195 3690 negando.
1222 3621 1433 3695 l’erlata
1460 3631 1544 3677 est
1585 3638 1670 3677 ros
1700 3622 1766 3676 ad
1811 3638 2026 3693 regem;
2054 3632 2113 3677 at

527 3717 637 3778 ille,
668 3717 982 3771 recordatus
1005 3719 1148 3785 quod
1173 3716 1240 3771 de
1262 3715 1505 3770 hominio
1530 3732 1561 3769 a
1589 3715 1801 3769 duobus
1832 3716 2112 3771 monachis

525 3806 818 3871 audierat,
874 3807 1017 3862 sicut
1058 3822 1222 3876 supra
1272 3806 1583 3867 retulimus,
1635 3814 1752 3860 erat
1798 3806 1940 3861 enim
1988 3808 2111 3863 inde

527 3896 688 3967 nitnis
741 3897 943 3960 iratus,
987 3894 1156 3951 noluit
1194 3894 1516 3949 concedere.
1557 3890 1766 3949 Interea
1805 3893 2111 3952 GaulTridus

528 3986 983 4052 llothounzgeusis
1049 3985 1527 4054 archiepiscopus,
1584 3985 1668 4040 vir
1727 3987 2003 4056 prudens,
2055 3997 2112 4044 et

527 4080 897 4145 honorandus,
932 4090 985 4133 et
1028 4075 1268 4131 Joannes
1296 4075 1646 4132 Lexovtcnsts
1680 4093 1983 4148 episcopus,
2017 4095 2107 4149 qui

523 4173 591 4227 ad
625 4172 833 4226 curiam
861 4171 1004 4242 regis
1029 4178 1315 4235 venerant,
1334 4171 1423 4241 qui
1452 4181 1578 4227 tunc
1600 4172 1881 4228 obsidebat
1903 4172 2106 4228 Brionii

526 4272 788 4325 castrum,
828 4261 970 4331 quod
1002 4269 1187 4315 contra
1218 4277 1338 4316 eum
1379 4262 1629 4317 tenebant
1673 4263 1920 4319 homines
1943 4264 2110 4321 comi-

476 4330 477 4337 γ
529 4353 597 4404 tis
628 4330 884 4416 Mellenti,
917 4351 1455 4415 veneruntBeccutn,
1494 4364 1547 4405 et
1599 4353 1763 4407 locuti
1809 4363 1937 4408 sunt
1986 4370 2106 4407 cum

468 4510 473 4513 Α
523 4442 783 4497 fratribus
808 4443 875 4497 de
904 4442 1153 4513 eligendo
1181 4444 1393 4497 abbate.
1420 4443 1571 4498 Tunc
1591 4461 1802 4503 onmcs.
1827 4445 1879 4499 in
1910 4455 2106 4500 terram

2217 1983 2614 2039 remanserant,
2662 1974 2828 2032 Deum
2872 1977 3189 2047 suppliciter
3238 1980 3521 2049 rogabant,
3550 1980 3598 2033 in
3636 1979 3750 2047 cuius

2214 2077 2379 2120 manu
2402 2066 2562 2121 corda
2580 2077 2705 2123 sunt
2729 2083 2933 2138 regum,
2960 2079 3017 2123 ut
3040 2083 3218 2139 regem
3245 2068 3533 2123 inclinaret
3550 2070 3611 2124 ad
3628 2070 3752 2138 hujus

2215 2154 2497 2213 electionis
2525 2172 2831 2224 assensum,
2858 2160 2952 2215 sed
2981 2162 3220 2215 nondum
3265 2162 3413 2216 Deus
3437 2162 3603 2218 facere
3624 2163 3753 2219 voluit

2215 2250 2358 2320 quod
2406 2252 2764 2320 poscebatur;
2819 2268 2943 2307 nam
2994 2236 3091 2309 re:
3149 2253 3349 2309 fratres
3407 2255 3498 2325 qui
3548 2255 3609 2310 ad
3657 2269 3752 2309 eam

2214 2352 2478 2397 venerant
2518 2344 2729 2399 remisit
2768 2360 2970 2400 vacuos
2992 2385 3007 2409 ,
3050 2346 3318 2401 mandans
3347 2356 3409 2401 ut
3440 2346 3595 2401 alium
3621 2346 3751 2417 elige

2217 2440 2357 2499 rent,
2390 2433 2515 2503 quia
2543 2433 2709 2489 istum
2737 2450 2840 2489 non
2868 2434 3150 2491 haberent.
3180 2437 3630 2508 Archiepiscopus
3653 2452 3753 2492 vero

2214 2524 2513 2580 Bccccnscs
2557 2526 2784 2593 juvabat
2831 2527 2971 2595 apud
3014 2540 3220 2597 regem,
3269 2538 3530 2597 quantum
3566 2537 3751 2597 potent,

2216 2615 2440 2685 loquens
2470 2631 2567 2685 pro
2590 2617 2717 2683 illis,
2740 2627 2795 2673 et
2822 2631 2944 2672 eum
2972 2618 3125 2688 ipsis,
3156 2629 3209 2675 et
3233 2621 3355 2675 sine
3378 2622 3525 2691 ipsis.
3556 2620 3750 2688 Quadam

2216 2706 2300 2761 die
2324 2696 2446 2761 cum
2473 2708 2539 2761 do
2566 2709 2667 2763 hac
2692 2722 2751 2763 re
2782 2708 3096 2778 loqueretur
3123 2726 3247 2765 cum
3275 2726 3405 2781 rege
3435 2711 3626 2765 dixitei
3645 2726 3741 2765 rex,

2219 2816 2237 2848 ι
2252 2795 2360 2852 Nec
2382 2799 2513 2852 mihi
2538 2796 2695 2853 faciet
2711 2800 3035 2867 hominium,
3052 2816 3151 2856 nec
3176 2801 3716 2872 vobiSprOfessionem.
3732 2819 3750 2854 ι

2212 2887 2292 2941 Ad
2336 2888 2450 2942 haee
2489 2888 2579 2944 ille
2613 2906 2626 2941 :
2678 2907 2697 2941 ι
2732 2891 2991 2958 Domine,
3023 2893 3118 2958 ait,
3158 2893 3324 2946 facite
3372 2894 3510 2962 quod
3557 2901 3755 2948 vestrum

2211 2977 2329 3052 (99,
2349 2987 2460 3043 est;
2492 2980 2561 3035 de
2581 2980 2683 3036 hoc
2707 2982 2851 3054 quod
2878 2983 2944 3036 ad
2963 2998 3048 3038 me
3079 2984 3335 3053 pertinet,
3361 2985 3495 3039 bene
3523 2985 3649 3039 inter
3674 2998 3753 3038 nos

2214 3070 2517 3125 conveniet.
2540 3090 2559 3123 ι
2591 3072 2742 3127 Tune
2765 3073 3298 3143 mandavitqmedam
3326 3074 3756 3144 honorabilisper-

2215 3175 2346 3214 sona
2380 3165 2669 3219 conventui
2723 3164 2880 3220 Becci
2931 3179 3001 3220 ne
3062 3166 3131 3220 ab
3186 3166 3404 3238 incepto
3449 3168 3750 3228 desisterent,

2217 3251 2452 3311 nondum
2474 3253 2608 3307 satis
2630 3252 2799 3308 Deum
2829 3264 3177 3324 rogaveram,
3205 3257 3385 3311 adhuc
3399 3256 3598 3311 divinas
3622 3271 3753 3309 aures

2213 3341 2469 3410 precibus
2496 3344 2794 3409 pulsarent.
2839 3345 2992 3411 Quod
3022 3349 3310 3401 consulum
3350 3346 3543 3401 fratres
3566 3357 3750 3417 gratan-

2216 3440 2298 3484 ter
2338 3432 2687 3501 aetipieutes,
2727 3437 3004 3488 tustabant
3046 3432 3309 3490 attentius
3346 3436 3564 3507 jejuuiis
3590 3444 3755 3493 chara,

2217 3521 2470 3585 tionibus,
2493 3522 2778 3576 Dominum
2808 3522 3109 3590 JesumLet
3127 3524 3247 3594 ejus
3297 3525 3446 3593 piam
3475 3524 3749 3596 genitricem

2215 3612 2438 3667 Mariam
2505 3615 2821 3683 suppliciter
2882 3615 3277 3684 deprecantes,
3337 3624 3399 3670 ut
3462 3614 3750 3683 respicerent

2212 3703 2498 3759 ecclesiam
2532 3721 2682 3760 suam
2703 3742 2723 3771 ,
2747 3716 2800 3761 et
2825 3706 3148 3776 perlicerent
3182 3708 3327 3776 quod
3355 3707 3749 3776 inceptumerat.

2211 3793 2358 3848 inter
2398 3795 2515 3851 hac
2567 3795 2888 3861 Willehnus,
2929 3798 3071 3853 ﬁlius
3118 3798 3387 3863 Asoelini,
3436 3809 3489 3852 et
3530 3795 3751 3851 ltodulfus

2211 3884 2698 3955 eleemosynarius,
2748 3887 2856 3943 duo
2882 3888 3180 3944 Ilecceuses
3202 3889 3473 3953 monachi,
3502 3904 3590 3958 pro
3614 3899 3751 3953 causa

2212 3985 2530 4032 monasterii
2567 3978 2673 4035 iter
2702 3988 2950 4049 agentes,
2999 3979 3362 4034 obviaveruut
3416 3963 3764 4043 llenﬁcoreﬁ.

2210 4068 2398 4122 eadem
2421 4068 2532 4134 via,
2556 4083 2664 4139 qua
2703 4071 3003 4141 pergebant
3048 4071 3307 4125 venienti.
3360 4071 3503 4137 Quos
3546 4080 3598 4124 ut
3620 4069 3748 4133 vidit,

2211 4160 2278 4214 ad
2304 4176 2363 4217 se
2391 4164 2626 4228 vocavit,
2652 4172 2710 4218 et
2734 4163 2963 4234 benigne
3007 4165 3218 4219 locutus
3260 4175 3345 4219 est
3386 4181 3506 4219 cum
3534 4164 3627 4226 eis;
3652 4159 3747 4228 jam

2210 4253 2354 4309 enim
2382 4254 2567 4309 divino
2629 4264 2881 4324 respectu
2929 4254 3249 4310 deferrebat
3297 4254 3452 4309 furor
3500 4254 3580 4307 ille
3613 4266 3761 4320 quctu.

2212 4357 2535 4416 conceperat
2561 4363 2723 4403 causa
2748 4346 2926 4420 negati
2943 4348 3043 4403 sibi
3065 4364 3094 4402 a
3121 4348 3307 4418 priore
3360 4347 3591 4403 homiuii.
3612 4344 3749 4400 Cunt-

2211 4454 2316 4508 que
2340 4440 2498 4493 simul
2535 4449 2825 4510 pergerent
2856 4479 2871 4504 ,
2922 4448 2979 4493 et
3021 4439 3521 4495 sertnociuarentur
3545 4440 3602 4492 ad
3632 4434 3749 4491 invi-

522 4531 805 4602 prostrati,
838 4533 985 4589 (nam
1019 4548 1070 4585 ιιι
1100 4533 1334 4593 capitulo
1353 4531 1673 4603 sedebant).
1692 4536 1947 4605 rogabant
1969 4536 2111 4605 prio-
2142 4542 2189 4607 D
2216 4546 2357 4595 cem,
2385 4531 2525 4586 inter
2556 4530 2880 4608 loquenduttt
2911 4531 3166 4586 dixerunt
3188 4532 3302 4601 regi
3337 4528 3478 4600 quod
3521 4529 3745 4583 haberent

521 4638 639 4677 rem
673 4634 731 4675 ιιι
766 4638 907 4694 sa'pe
940 4623 1096 4677 dicta:
1135 4624 1383 4679 electioni
1416 4640 1697 4680 assensum
1730 4628 2017 4697 praeberet,
2054 4636 2115 4681 et,

523 4715 994 4786 archiepiscopum
1021 4726 1074 4770 ut
1106 4716 1251 4771 illum
1285 4719 1647 4789 praecipiendo
1669 4721 2112 4791 cogeret.Archi-

523 4808 806 4878 epierpus
835 4808 1109 4864 admirans
1140 4811 1365 4864 fratrum
1402 4811 1841 4879 unanimitatem,
1873 4813 2111 4867 laudavit

526 4917 712 4955 eorum
746 4901 1051 4972 religiosam
1080 4904 1435 4969 voluntatem,
1462 4916 1518 4959 et
1543 4920 1668 4975 erga
1693 4904 1929 4973 priorem
1951 4920 2107 4959 suum

526 5003 730 5048 tantum
758 5010 1033 5062 antorem;
1058 4996 1250 5051 deinde
1274 5012 1569 5051 conversus
1603 4995 1667 5050 ad
1706 4995 1854 5050 illum
1880 4997 2105 5060 monuit,

530 5089 752 5155 rogavit,
782 5090 848 5142 ad
876 5099 1211 5157 postremum
1237 5091 1494 5157 prtecepit
1531 5101 1626 5152 per
1656 5088 2022 5142 obedientiam
2053 5096 2112 5141 ut

515 5191 888 5251 acquiesceret
910 5183 1170 5235 Voluntati
1213 5181 1463 5235 fratrum.
1494 5180 1533 5234 li
1560 5188 1747 5234 contra
1783 5180 1872 5233 ille
1898 5195 2108 5236 assere-

520 5270 611 5324 bat
639 5272 739 5325 hoc
784 5287 843 5327 se
892 5288 995 5325 non
1040 5287 1199 5340 posse
1248 5272 1428 5326 facere
1460 5281 1680 5339 propter
1724 5286 1976 5341 magnam
2025 5281 2107 5334 sui

520 5364 765 5434 corporis
804 5365 1170 5426 debilitatem,
1202 5373 1254 5417 et
1285 5364 1389 5417 alia
1422 5364 1666 5432 quaedam
1700 5363 1910 5433 gravia,
1955 5363 2108 5431 quasi

520 5467 769 5525 peccata,
801 5457 1131 5527 Oppouebat,
1166 5457 1362 5525 quibus
1388 5456 1450 5509 ad
1482 5457 1583 5509 hoc
1606 5456 1884 5527 indignum
1914 5470 1971 5510 se
1991 5473 2111 5511 esse

518 5552 754 5604 dicebat.
791 5551 858 5604 Et
906 5549 1388 5618 archiepiscopus:
1432 5569 1447 5599 ι
1483 5548 1693 5603 Estisnc
1722 5550 2055 5604 monachus?
2087 5571 2104 5599 ο

520 5641 820 5709 Respondit
860 5661 872 5695 ε
920 5663 936 5691 ι
975 5640 1178 5695 Vellem
1206 5656 1343 5695 esse.
1380 5660 1397 5693 ι
1432 5641 1583 5696 Tunc
1623 5641 2059 5711 archiepiscopus
2095 5659 2106 5693 :

532 5753 543 5779 ι
588 5736 791 5784 ιιιινργίι
810 5774 823 5794 ,
850 5733 1040 5801 inquit,
1069 5733 1110 5785 si
1138 5733 1320 5803 viginti
1350 5735 1594 5789 homines
1616 5735 1973 5800 occidissetts,
2001 5751 2109 5788 non

658 5824 1009 5889 dimitti-rem,
1051 5826 1265 5893 «piam-lo
1313 5827 1526 5894 quidem
1572 5837 1780 5881 tantum
1832 5844 1894 5882 ac
1947 5828 2106 5882 talem

2212 4621 2415 4691 aliquid
2449 4622 2556 4677 sibi.
2576 4623 2791 4689 dicere,
2811 4637 2856 4677 ει
2878 4622 3151 4693 patienter
3176 4621 3427 4686 audiret;
3457 4632 3509 4675 at
3531 4619 3604 4674 ille
3621 4615 3749 4684 iubet

2213 4716 2768 4774 dicere'ﬁducialiter
2795 4716 2941 4787 quod
2975 4715 3177 4771 vellent
3202 4731 3219 4768 :
3245 4723 3381 4770 tunc
3408 4720 3653 4781 creperum
3687 4707 3747 4760 de

2214 4811 2470 4880 praedicta
2494 4810 2764 4864 electione
2792 4823 3099 4864 sermonem
3143 4807 3435 4877 replicare,
3466 4819 3621 4875 regem
3637 4813 3748 4870 sup.

2215 4903 2428 4974 pliciter
2474 4911 2763 4973 rogantes,
2811 4911 2871 4955 ut
2898 4915 3020 4955 eam
3049 4914 3151 4954 suo
3190 4913 3422 4955 assensu
3452 4898 3675 4955 ﬁrmaret,
3701 4898 3750 4942 et

2214 4996 2315 5066 ipsi
2348 5011 2445 5065 pro
2482 4995 2658 5049 electo
2702 5005 2803 5049 suo
2859 4992 3175 5047 ﬁdelitatem
3223 4990 3489 5054 facerent,
3517 4988 3556 5042 si
3597 4983 3746 5044 vellet,

2215 5086 2571 5156 adjungeutcs
2609 5099 2668 5139 se
2683 5084 2756 5138 ob
2778 5084 2882 5138 hoc
2911 5085 2978 5137 ad
3001 5084 3260 5139 comitem
3309 5079 3644 5137 Theobaldutu
3676 5074 3753 5126 ire

2216 5179 2471 5244 voluisse,
2497 5187 2557 5233 ut
2588 5194 2687 5248 per
2727 5179 2937 5233 litteras
2973 5192 3094 5231 tuas
3136 5177 3285 5231 illum
3326 5183 3551 5246 rogaret.
3583 5170 3641 5224 At
3667 5165 3753 5219 ille

2213 5272 2499 5326 subridens
2533 5286 2551 5326 τ
2586 5290 2604 5321 ι
2637 5270 2691 5325 In
2717 5285 2936 5334 vanum,
2976 5270 3072 5334 ait,
3110 5268 3489 5331 laborassetis;
3523 5283 3541 5316 ι
3578 5270 3754 5317 etcum

2214 5354 2555 5416 sacramento
2586 5362 2723 5415 dixit
2765 5359 2883 5415 illis
2899 5375 3047 5430 quia,
3079 5376 3124 5415 sn
3178 5374 3369 5419 eorum
3417 5360 3599 5413 electus
3620 5349 3757 5421 prius

2215 5454 2547 5510 mentionem
2586 5470 2691 5510 non
2723 5453 2944 5511 fecisset
2976 5466 3043 5509 de
3075 5453 3317 5508 nommio
3338 5492 3354 5515 ,
3386 5452 3495 5522 ipse
3516 5452 3755 5539 ιιιιηφκδξδί

2214 5548 2337 5602 inde
2366 5549 2577 5602 locutus
2598 5548 2807 5613 fuisset,
2836 5548 2930 5601 sed
2962 5547 3121 5601 modo
3163 5546 3573 5615 deprecarentur
3592 5537 3751 5589 Ιιιιιιιιο

2217 5656 2343 5694 ιιιιιιι
2370 5648 2428 5693 ιιι
2458 5639 2560 5694 sibi
2593 5649 2645 5693 et
2672 5640 2779 5695 illis
2808 5641 2875 5695 de
2904 5640 3005 5694 hac
3038 5652 3094 5692 re
3122 5637 3455 5693 conveniens
3481 5634 3756 5687 darrtcon-

2216 5731 2415 5785 silium.
2454 5730 2708 5793 Regressi
2737 5733 2956 5786 domum
2990 5737 3486 5797 narraveruntqoa:
3507 5736 3612 5777 Cllllt
3637 5724 3755 5779 rch

2215 5836 2441 5892 egerunt
2469 5865 2481 5889 ,
2535 5825 2776 5894 initoqne
2825 5822 3053 5880 consilio
3102 5822 3298 5877 iterum
3344 5817 3653 5891 perrexerunt
3690 5801 3759 5855 ad
