3886 6292
416 370 511 429 731

1304 367 1396 425 AD
1430 365 1660 427 OPEBA
1688 366 1749 419 Β.
1782 354 2173 422 LANFRANCI
2198 363 2583 422 APPENDIX.

3552 366 3649 430 ῚΞΞ

410 483 621 557 ﬂagella
649 482 769 538 Dei.
797 481 968 549 Quam
1002 481 1423 552 patientiamita
1475 497 1648 553 usque
1710 479 1777 537 ad
1834 479 1993 535 linem
2022 482 2069 543 Α
2095 482 2380 537 omittebat
2415 482 2704 553 quominus
2730 482 2797 537 ad
2841 482 3103 554 capellam
3150 456 3396 541 manibus
3435 487 3649 547 ducere-

409 573 650 647 possedit
678 583 737 626 ut
759 571 1105 625 intertantas
1129 580 1184 625 et
1215 579 1327 625 tam
1356 585 1581 642 magnas
1604 584 1880 640 corporeae
1906 569 1992 624 in-

412 662 686 719 firmitatis
714 661 992 731 angustias
1011 661 1476 717 ctsollicitudmes
1500 662 1759 717 Ecclesia:
1792 662 1991 724 varias,

409 772 531 830 qua:
553 756 619 810 ad
655 769 779 809 eum
819 755 1032 810 consilii
1083 770 1246 809 causa
1269 754 1665 819 referebantur,
1716 757 1992 824 nunquam

409 850 758 922 perturbatus
772 850 859 916 sit,
879 851 972 905 sed
991 857 1171 904 mente
1191 848 1477 917 tranquilla
1494 848 1882 904 convenienter
1907 864 1994 903 re-

410 942 729 1011 spondebat,
746 950 801 995 et
816 940 1092 1011 sapienter
1103 940 1285 994 omnia
1302 940 1596 1009 disponeba
1607 949 1644 994 t.
1688 939 1844 1011 Smpe
1870 954 1993 994 cum

409 1052 438 1087 a
455 1034 717 1089 ministris
735 1032 1027 1087 Ecclesiam
1040 1031 1217 1101 inopia
1232 1045 1391 1101 grava
1404 1032 1445 1084 ri
1460 1030 1732 1095 audiebat,
1748 1030 1991 1084 dicebat:

413 1144 433 1177 ι
473 1125 632 1188 Deus,
701 1120 894 1191 adjuva
945 1137 1082 1188 nos;
1137 1123 1298 1184 Deus,
1357 1121 1577 1176 consule
1628 1121 1802 1176 nobis.
1842 1140 1860 1173 ι
1928 1121 1994 1176 Ει

411 1230 599 1271 revera
624 1214 886 1269 auxilium
917 1223 972 1268 et
1001 1214 1288 1268 consilium
1316 1212 1408 1268 Dei
1443 1213 1544 1267 sibi
1579 1228 1686 1267 non
1714 1213 1921 1267 deesse.
1943 1214 1994 1267 in

410 1309 595 1363 multis
625 1306 892 1377 probavit.
950 1305 1121 1377 Militi
1157 1306 1303 1360 enim
1358 1305 1525 1359 multa
1560 1305 1702 1359 illius
1757 1314 1997 1375 tempore

410 1400 509 1469 ipsi
551 1398 665 1455 loco
682 1396 1055 1461 contulerunt,
1077 1411 1109 1451 e
1138 1397 1332 1466 quibus
1366 1396 1456 1469 υἱ,
1483 1396 1705 1469 quibus]
1756 1412 1996 1467 persaepe

409 1488 645 1544 relevata
670 1499 752 1544 est
795 1489 1016 1557 penuria
1072 1487 1323 1542 fratrum.
1374 1488 1431 1542 lu
1486 1488 1742 1559 gros:iiri
1793 1489 1995 1545 sinistri

410 1581 563 1651 pedis
590 1582 760 1652 digito
799 1580 951 1636 dolor
980 1594 1241 1651 surgens,
1275 1594 1373 1650 per
1410 1589 1577 1634 totum
1638 1595 1838 1651 corpus
1888 1580 1995 1634 dif-

412 1673 760 1739 fundebatur,
812 1682 867 1727 et
892 1684 999 1727 tam
1033 1673 1232 1728 acerbo
1279 1671 1428 1725 illum
1471 1672 1715 1727 cruciatu
1769 1672 1998 1725 vexabat

414 1773 475 1821 ut
498 1781 668 1836 prope
696 1766 935 1820 animam
965 1774 1333 1834 extorqueret.
1366 1763 1441 1819 De
1488 1764 1606 1835 ipso
1634 1764 1787 1834 pedis
1832 1762 1997 1833 digito

2099 580 2184 625 tur
2205 572 2535 639 admissam,
2570 573 2732 627 etiam
2785 572 2899 642 ipsa
2935 574 3023 630 die
3070 591 3177 645 qua
3220 579 3461 647 sequenti
3506 591 3655 639 nocte

2096 664 2247 719 obiit.
2282 662 2402 719 Jam
2464 665 2867 720 destituebatur
2917 671 3162 737 corporis
3200 669 3439 735 viribus,
3482 680 3534 727 et
3556 690 3648 730 vos

2096 754 2252 809 solito
2279 753 2582 826 languidior
2615 765 2736 810 erat
2771 765 2829 811 ut
2850 757 2937 811 vix
2963 757 3378 829 intelligeretur,
3411 770 3466 815 et
3486 764 3647 822 adhuc

2098 845 2365 916 integrum
2396 848 2655 901 retinebat
2711 861 2949 903 sensum.
3001 847 3240 920 Rogatus
3270 865 3300 904 a
3330 849 3572 908 fratribus
3599 867 3653 911 ut

2095 949 2195 1004 pro
2241 936 2321 990 eis
2350 944 2600 1003 rogaret,
2657 938 2796 992 dixit
2844 953 2902 993 se
2949 939 3150 994 ba':ere
3196 940 3252 995 in
3299 940 3577 1008 voluntate,
3610 946 3651 1001 si

2098 1027 2239 1081 Deus
2266 1028 2592 1082 concederet
2613 1028 2740 1083 sibi.
2762 1028 3086 1084 lmmiueute
3105 1027 3219 1098 jam
3250 1041 3408 1087 nocte
3432 1035 3652 1103 perlatus

2095 1131 2177 1177 est
2205 1121 2256 1176 iu
2282 1137 2621 1176 communem
2649 1120 2876 1176 fratrum
2904 1123 3661 1194 intinnorum-habitatimiem,

2098 1221 2156 1265 ut
2180 1213 2318 1266 inter
2349 1211 2469 1266 ilios
2499 1222 2836 1279 moreretur;
2875 1212 3027 1282 quod
3064 1214 3411 1269 facttrmsibi
3453 1215 3652 1284 placuit.

2098 1304 2253 1359 Circa
2287 1303 2522 1359 mediam
2558 1314 2798 1373 noctem,
2848 1305 2974 1360 dum
3004 1306 3284 1361 instantium
3306 1315 3665 1373 cantarentur,

2098 1399 2276 1453 sonitu
2323 1396 2518 1453 tabulas
2558 1397 2757 1453 fratres
2805 1398 2963 1453 acciti
2993 1408 3392 1463 convenerunt,
3436 1407 3507 1462 et,
3533 1415 3649 1455 cau-

2101 1492 2336 1546 tantibus
2364 1490 2469 1545 illis
2503 1499 2706 1559 septem
2742 1491 2979 1559 psalmos
3037 1507 3159 1546 cum
3193 1490 3403 1553 litania,
3426 1493 3663 1563 spiritum

2097 1584 2389 1639 exhalavit.
2420 1583 2628 1653 Corpus
2664 1582 2937 1647 ablutum,
2967 1591 3021 1638 et
3045 1583 3309 1645 vestibus,
3346 1594 3403 1636 ut
3427 1598 3533 1638 mos
3556 1594 3661 1649 est,

2099 1677 2483 1732 convenienter
2510 1675 2780 1739 indutum,
2820 1676 2873 1731 in
2904 1675 3193 1731 ecclesiam
3234 1684 3317 1731 est
3336 1675 3582 1739 delatum,
3605 1685 3663 1732 et

2100 1769 2172 1824 ibi
2202 1776 2310 1823 tota
2334 1768 2421 1822 die
2443 1783 2562 1824 cum
2595 1768 2845 1837 sequenti
2874 1778 3035 1823 nocte
3064 1783 3093 1822 a
3122 1767 3380 1822 fratribus
3426 1768 3644 1821 custodi-

412 1873 629 1913 vermes
655 1866 926 1912 scatentes
975 1857 1205 1910 extracti
1250 1864 1395 1910 sunt.
1428 1854 1532 1909 Sed
1568 1870 1672 1909 non
1713 1854 1794 1909 sic
1836 1854 1999 1908 dolor
2030 1832 2073 1888 Β
2102 1867 2212 1913 tum
2245 1899 2260 1923 ,
2306 1866 2469 1928 atque
2517 1859 2570 1912 in
2617 1832 2912 1913 crastinum
2966 1859 3018 1913 in
3087 1858 3341 1928 capitulo
3382 1858 3445 1913 ad
3490 1858 3659 1913 lzevam

416 1950 641 2021 quievit.
685 1948 1101 2002 Dicebatautem
1127 1947 1190 2000 ad
1210 1962 1268 2001 se
1292 1945 1636 2000 venientibus
1655 1942 1999 2013 ,etdeipsius

416 2042 751 2097 infirmitatis
774 2040 1071 2095 acerbitate
1084 2055 1205 2093 cum
1229 2052 1294 2093 eo
1308 2037 1830 2093 sermocinantibus:
1852 2056 1868 2088 ι
1891 2035 2001 2090 Ma-

414 2151 517 2205 gna
535 2144 616 2190 est
639 2150 800 2204 quam
827 2133 1005 2203 patior
1019 2132 1298 2201 tegritudo,
1329 2139 1383 2184 et
1414 2130 1553 2184 ultra
1580 2145 1741 2199 quam
1768 2127 1873 2183 dici
1907 2143 2004 2199 po-

385 2223 519 2279 ‘test
537 2224 783 2288 molesta,
800 2232 853 2276 et
867 2223 911 2276 si
930 2221 1072 2276 Deus
1090 2220 1270 2284 vellet,
1287 2220 1419 2273 satis
1436 2220 1565 2273 mihi
1581 2227 1748 2287 esset,
1769 2227 1824 2273 et
1836 2220 1999 2272 vitam

414 2331 538 2385 cum
564 2315 888 2385 aegritudine
917 2312 1074 2369 finire
1102 2311 1428 2384 gauderem;
1460 2311 1554 2366 sed
1586 2326 1692 2365 non
1721 2310 1795 2365 illi
1826 2310 2003 2365 adhuc

405 2379 841 2477 ‘placet.vAdliuc
872 2404 1019 2459 videt
1063 2379 1128 2459 inv
1145 2418 1230 2458 me
1274 2402 1475 2473 aliquid
1522 2401 2003 2471 ﬂagellandum,et

418 2496 628 2566 ﬂagello
656 2495 1041 2559 emendationi,
1060 2493 1419 2548 liatvoluutas
1432 2492 1566 2561 ejus.
1595 2491 2001 2560 0rate,qu:eso,

420 2597 480 2644 ut
532 2589 662 2644 mihi
718 2586 1415 2658 conservet'pattentiam,
1476 2600 1543 2640 ne
1621 2584 1749 2653 quid
1814 2592 2004 2638 contra

420 2679 834 2751 dispositionem
879 2676 996 2748 ejus
1020 2677 1254 2748 cogitem
1283 2717 1298 2743 ,
1327 2675 1411 2731 vel
1442 2676 1641 2731 dicam.
1678 2692 1696 2725 ι
1730 2672 1849 2729 Una
1892 2673 2007 2728 dic-

421 2788 543 2827 rmn
571 2771 740 2826 frater
768 2771 990 2840 quidam
1019 2772 1167 2825 venit
1189 2770 1254 2824 ad
1271 2768 2007 2837 emn,utvideretquomodo

421 2863 497 2918 illi
527 2871 691 2919 esset.
717 2863 814 2917 Cui
844 2862 1014 2916 abbas
1045 2879 1059 2915 :
1096 2881 1115 2912 ι
1135 2860 1192 2914 ln
1225 2869 1398 2927 tanta,
1432 2860 1628 2930 inquit,
1660 2859 2008 2914 tribulatione

422 2969 566 3018 sum,
598 2963 654 3007 ut
678 2952 824 3007 nullo
873 2952 1033 3007 modo
1067 2950 1210 3021 quod
1234 2951 1412 3021 patior
1441 2966 1699 3005 enarrare
1727 2950 1949 3019 possim.
1983 2967 2002 3000 ι

426 3045 496 3099 Et
540 3043 688 3099 siluit
738 3058 928 3113 parum
957 3082 971 3107 ,
1014 3041 1202 3112 sicque
1252 3042 1467 3096 demum
1496 3042 1823 3096 subintulit:
1862 3039 2009 3094 «Sed

344 3130 345 3133 “
428 3126 601 3210 gratia
633 3137 725 3192 Dei
759 3137 939 3190 anima
975 3150 1093 3190 mea
1127 3136 1178 3189 in
1209 3151 1403 3206 magna
1442 3136 1841 3207 tranquillitate
1863 3144 2001 3189 est.»

425 3236 671 3300 tumque
711 3232 823 3301 jam
874 3218 1103 3285 inertem
1148 3230 1433 3287 imminere
1468 3240 1741 3297 cerneret,
1799 3231 2008 3300 rogavit

428 3339 488 3381 se
516 3322 773 3380 visitaria
802 3326 1062 3381 fratribus
1123 3335 1178 3383 et
1230 3328 1409 3384 debita
1452 3329 1813 3383 morientibus
1866 3328 2011 3382 circa

429 3427 515 3474 se“
540 3419 821 3489 compleri.
876 3421 1088 3476 Adsunt
1151 3422 1345 3477 fratre:
1405 3433 1462 3477 et
1511 3422 1788 3477 absolutus
1854 3431 2015 3489 atque

431 3509 686 3565 iuunctus
714 3521 818 3575 est,
844 3510 1108 3567 ctczete'ra
1140 3513 1282 3568 circa
1313 3513 1627 3584 illumjuxta
1645 3512 2015 3568 Christianum

400 3596 638 3657 “morem
671 3603 958 3670 diligenter
986 3614 1201 3674 peracta
1231 3615 1375 3661 sunt.
1411 3606 1615 3660 Deinde
1661 3606 1866 3674 rogavit
1912 3603 2021 3658 fra-

435 3704 547 3750 tres
568 3704 626 3750 ut
657 3712 755 3763 pro
785 3712 843 3752 se
866 3708 1106 3762 orarent,
1160 3708 1215 3753 et
1265 3698 1605 3753 dimitterent
1638 3699 1681 3751 si
1743 3698 1794 3751 in
1841 3697 2023 3751 alioue

432 3800 528 3840 eos
583 3784 987 3842 offendissent
1021 3787 1191 3854 Licet,
1246 3798 1345 3854 ait,
1396 3804 1503 3843 non
1564 3788 1783 3841 memini
1844 3802 1930 3841 me
1970 3787 2021 3841 in

443 3894 770 3949 quemquam
834 3889 1073 3936 vestrum
1133 3883 1443 3952 deliquisse,
1478 3883 1775 3937 monachus
1836 3890 2015 3937 vester

438 3968 544 4033 fui,
584 3969 735 4038 prior
787 3978 963 4026 vester
1007 3980 1061 4026 et
1119 3973 1286 4027 abbas
1330 3973 1548 4038 exstiti;
1603 3972 1731 4025 nulli
1783 3987 2017 4041 unquam

439 4059 691 4127 injuriam
718 4062 840 4129 feci,
862 4071 917 4119 ct
943 4074 1000 4117 ut
1020 4065 1200 4120 verbis
1214 4065 1453 4134 Apostoli
1485 4063 1662 4133 utm-(l
1695 4062 1815 4117 Cor.
1842 4078 1914 4127 tv,
1940 4062 2022 4128 4),

439 4162 724 4222 postquam
765 4154 831 4209 ad
883 4156 1027 4211 hunc
1077 4155 1322 4211 ordinem
1381 4155 1525 4219 veni,
1580 4170 1684 4209 non
1732 4168 1851 4208 sum
1892 4154 2023 4208 mihi

440 4244 691 4299 conscius
749 4259 832 4300 me
880 4245 1039 4300 alicui
1102 4246 1299 4302 fecisse
1354 4247 1495 4316 quod
1549 4262 1652 4301 non
1707 4245 1845 4300 bene
1883 4244 2027 4300 exis‘

440 4335 717 4392 timassem
751 4337 985 4393 facere.»
1013 4339 1069 4393 ln
1102 4350 1210 4394 tam
1248 4341 1396 4412 gravi
1450 4341 1696 4410 corporis
1731 4338 2021 4394 afflictione

442 4426 572 4480 fecit
598 4428 732 4484 duos
760 4444 929 4485 annos
955 4438 1007 4487 et
1029 4431 1330 4486 dimidium.
1387 4431 1601 4487 Missam
1636 4431 1878 4501 quotidie
1927 4444 2022 4484 au~

445 4518 645 4587 diebat,
681 4537 778 4577 uce
830 4533 1051 4595 propter
1101 4523 1466 4580 membrorum
1525 4522 2025 4580 incommoditatem

2100 1948 2273 2003 sancti
2298 1947 2475 2002 Patris
2502 1946 2744 2002 llerluini
2778 1962 2901 2002 cum
2954 1949 3158 2002 honore
3187 1956 3245 2001 et
3293 1961 3481 2016 magno
3531 1948 3667 2001 filio.

2102 2054 2220 2092 rmn
2275 2037 2463 2092 dolore
2537 2037 2837 2092 humatum.
2904 2036 3265 2092 llouoraudus
3347 2036 3663 2091 Pratelleusis

2103 2130 2275 2186 abbas
2326 2128 2632 2183 [lit-bardus
2688 2127 2933 2183 ultimum
2990 2127 3284 2198 sepultura:
3307 2127 3663 2182 decenterim-

2099 2221 2271 2293 plevit
2316 2220 2659 2291 obsequium.
2710 2218 2982 2290 Natiyitas
3039 2228 3158 2273 erat
3221 2218 3396 2290 sancti
3456 2216 3681 2272 Joannis.

2104 2314 2359 2386 Baptistae
2382 2315 2589 2384 diequa
2604 2313 3042 2384 obiit,etmagnis
3058 2312 3274 2381 gaudiis
3311 2310 3586 2365 laetandum
3610 2320 3686 2365 ets

2106 2407 2492 2463 exsultantium
2540 2415 2659 2461 erat
2718 2408 2773 2459 in
2811 2404 3159 2460 solemnitate
3212 2403 3360 2457 illius
3388 2443 3403 2467 ,
3443 2402 3493 2456 in
3531 2400 3685 2469 cujus.

2105 2508 2299 2556 exortu
2344 2498 2498 2553 multi
2542 2498 2781 2567 gavisuri
2813 2497 3056 2567 praedicti
3109 2503 3237 2551 sunt
3292 2493 3463 2565 (Luc.
3499 2509 3541 2559 ι,
3572 2493 3665 2563 ιι),

2108 2594 2201 2648 sed
2225 2608 2332 2648 non
2361 2592 2550 2646 dolere
2582 2589 2782 2645 fratres
2806 2591 2871 2646 de
2910 2590 3207 2644 amissione
3257 2587 3376 2659 ejus
3428 2602 3533 2641 non
3580 2601 3666 2656 p.0-

2109 2692 2288 2739 tcrant
2335 2684 2405 2739 de
2454 2697 2561 2753 quo
2603 2681 2958 2752 irreparabile
3013 2681 3291 2749 dammqu
3351 2686 3669 2748 acceperant:

2111 2779 2263 2834 Tunc
2289 2779 2568 2849 impletum
2588 2785 2671 2831 est
2702 2774 2845 2846 quod
2880 2775 3016 2828 dixit
3060 2772 3323 2843 propheta
3356 2789 3369 2825 :
3422 2770 3541 2824 Dies
3569 2767 3670 2837 {esti

2110 2870 2286 2926 nostri
2311 2858 2574 2925 rertcntur
2594 2871 2647 2923 in
2661 2866 3085 2921 lamentationem
3104 2876 3149 2918 et
3164 2864 3363 2917 luctum
3383 2859 3675 2933 (Tob.tt,6)t

2111 2964 2241 3031 Ejus
2293 2962 2409 3016 dies
2456 2960 2631 3015 aetatis
2683 2960 2763 3015 sic
2806 2965 3194 3027 computantur
3239 2954 3480 3025 :Vigiuti
3525 2951 3677 3005 trium

2112 3070 2376 3131 annorum
2413 3063 2533 3109 erat
2571 3052 2785 3123 quando
2817 3051 2992 3106 factus
3016 3058 3101 3106 est
3150 3048 3472 3111 monachus,
3497 3042 3668 3116 vigintl

2113 3138 2207 3203 sei
2228 3132 2413 3202 3‘annis
2454 3143 2555 3199 fuit
2587 3145 2704 3198 sine
2734 3142 3069 3213 praelatione,
3111 3154 3314 3195 novem
3340 3137 3501 3192 annis
3522 3134 3689 3205 prior,.

2118 3239 2400 3295 duodecim
2424 3237 2593 3307 .aanis
2618 3245 2671 3291 et
2688 3235 2875 3307 viginti
2906 3233 3125 3289 duobus
3145 3232 3339 3286 diebus
3375 3230 3671 3283 Beccenscm

2121 3329 2420 3385 honorifice
2445 3327 2718 3382 abbatiam
2754 3326 2916 3380 rexit.
2939 3325 3104 3395 Cujus
3133 3322 3421 3394 regiminis
3459 3329 3674 3383 tempore

2121 3421 2346 3476 multam
2378 3433 2598 3490 gravem
2630 3416 2966 3487 paupertatis
2996 3415 3233 3483 inoptam
3269 3411 3507 3467 Ecclesia
3536 3400 3679 3462 Βεεά

2124 3513 2404 3570 sustinuit.
2433 3511 2581 3567 Obiit
2612 3519 2794 3565 autem
2844 3506 3248 3577 septuagesimo
3298 3502 3477 3574 primo
3520 3498 3676 3554 aetatis

2123 3621 2233 3662 sum
2258 3620 2401 3659 anno
2433 3643 2448 3669 ,
2471 3615 2662 3659 octavo
2687 3600 2957 3655 Kalendas
2980 3597 3132 3663 Julii,
3156 3614 3299 3651 anno
3330 3593 3539 3648 Domini
3575 3588 3693 3643 mil-7

2125 3698 2316 3753 lesimo
2350 3695 2645 3759 centesimo
2675 3692 2953 3761 trigesimo
2997 3698 3173 3745 sexto.
3210 3688 3273 3742 lli
3322 3695 3434 3741 tres
3482 3683 3699 3744 fratres,

2128 3791 2192 3845 de
2215 3786 2413 3859 quibus
2453 3799 2622 3857 pauca
2671 3783 2943 3847 diximus,
2999 3780 3249 3835 orJinem
3308 3772 3596 3831 nativitatis
3630 3770 3693 3823 iu-

2123 3889 2297 3935 mortc
2324 3892 2540 3948 quoque
2593 3874 2869 3931 nutuDei
2915 3878 3297 3926 servaverunt.
3358 3867 3489 3922 Nam
3531 3862 3679 3920 Gisle-

2124 3971 2312 4025 barzus
2359 3969 2449 4039 qui
2503 3967 2677 4038 major
2697 3964 2798 4019 fuit
2827 3973 2978 4027 natu,
3024 3961 3173 4032 prior
3222 3961 3395 4019 obiit;
3461 3955 3693 4012 dominus

2130 4063 2299 4118 abbas
2327 4061 2487 4125 Boso,
2527 4069 2582 4114 et
2607 4069 2729 4114 ortu
2767 4066 2820 4112 et
2867 4056 3018 4111 obitu
3052 4062 3269 4108 secutus
3325 4062 3443 4116 est;
3491 4048 3679 4104 Rainat-

2133 4158 2233 4213 dus
2252 4163 2592 4215 extremum,
2640 4162 2695 4206 ct
2745 4149 3002 4205 nascendi
3053 4158 3107 4201 et
3150 4142 3420 4200 moriendi
3466 4140 3697 4197 ordinem;

2134 4248 2235 4320 51
2264 4247 2457 4303 tenuit.
2484 4245 2691 4314 Quibus
2724 4242 2966 4313 requiem
2991 4248 3210 4294 :eterua:
3250 4231 3617 4291 beatitudinis,
3635 4234 3682 4281 et

2135 4342 2303 4395 vitam
2322 4338 2562 4394 sinefiue
2589 4348 2901 4395 mansuram
2947 4330 3198 4387 conferat
3233 4327 3497 4397 benignus
3523 4320 3684 4377 Salvae

2134 4438 2219 4485 tor
2256 4437 2444 4484 noster
2465 4427 2726 4482 Dominus
2773 4424 2930 4479 Jesus
2970 4420 3247 4485 Christus,
3274 4415 3368 4487 qui
3405 4415 3542 4469 Deus
3579 4414 3695 4464 curs

2129 4520 2291 4576 Patre
2312 4529 2367 4575 et
2394 4518 2801 4590 Spiritusancto
2827 4515 2960 4569 vivit
2989 4513 3044 4568 in
3057 4522 3348 4567 teternum.
3379 4506 3562 4560 Amen.

1339 4638 1566 4709 Explicit
1601 4634 1718 4690 Vita
1743 4631 2046 4690 venerabilis
2079 4630 2301 4686 Bosonis
2327 4631 2527 4685 abbatis
2565 4629 2856 4683 Beccensis.

1930 4832 2271 4872 ειιιτλιιιιιωι.

450 4913 686 4971 Moribus
719 4926 934 4970 ornatus
963 4925 1144 4987 pastor
1174 4916 1270 4985 fuit
1302 4915 1385 4968 hic
1414 4909 1703 4966 tumulatus
1730 4924 1746 4986 ,ἦ

522 5008 741 5080 Ingenio
764 5009 958 5073 clarus,
986 5009 1190 5063 sobrius
1223 5018 1376 5077 atque
1397 5022 1531 5071 mus.

453 5097 666 5154 Exstitit
692 5111 740 5154 et
769 5100 926 5166 mitis,
957 5100 1206 5170 prudens,
1236 5098 1304 5149 ad
1328 5097 1498 5150 tristia
1522 5095 1673 5164 fortis
1696 5110 1713 5157 ;

525 5190 689 5257 Nam,
720 5192 882 5245 donec
912 5192 1060 5255 vixit,
1093 5189 1254 5241 multa
1275 5187 1483 5257 ﬂagella
1514 5185 1652 5239 tulit.

456 5272 686 5339 Cbnsilio
726 5282 944 5351 pel'ens,
978 5279 1154 5333 inultis
1181 5278 1278 5346 fuit
1303 5279 1408 5347 ipse
1428 5278 1656 5332 levamen
1682 5292 1698 5341 ;

529 5377 778 5434 Solamen
806 5376 1031 5438 miseris,
1065 5372 1455 5443 subsidinmque
1482 5371 1603 5442 piis.

459 5473 630 5529 Abbas
670 5469 908 5530 bissenis,
938 5467 1021 5521 hic
1049 5476 1282 5537 quartus,
1308 5464 1517 5535 pra’fuit
1540 5461 1693 5517 annis

531 5562 776 5621 Cmnobio
812 5559 985 5626 Bccci,
1015 5561 1184 5630 forma
1210 5558 1465 5629 decusque
1495 5557 1684 5630 gregis.

462 5658 652 5715 Mundi
679 5663 1019 5723 contemptor,
1046 5668 1178 5707 tera:
1206 5653 1412 5705 virtutis
1439 5659 1645 5704 amator
1669 5662 1684 5699 :

529 5751 737 5805 Christo
766 5750 1006 5804 devotum
1038 5744 1254 5816 prwbuit
1285 5738 1602 5816 obsequium.

571 5859 641 5896 tos
663 5840 939 5895 transierat
969 5835 1127 5894 Pater
1154 5837 1234 5891 hic
1263 5836 1377 5907 jam
1405 5836 1783 5907 scptunginta,~

2064 4910 2113 4968 Ι)
2212 4907 2342 4961 Cum
2376 4917 2590 4961 mortem
2614 4905 2789 4967 subiit,
2822 4904 2909 4975 qui
2937 4901 3068 4957 cinis
3100 4900 3181 4952 hic
3212 4897 3368 4951 modo
3401 4893 3479 4963 fit.

2140 4999 2276 5053 Dum
2304 4998 2384 5053 sol
2419 5011 2655 5053 octavttm
2678 4997 2772 5051 sub
2799 4995 3004 5050 Cancro
3033 4992 3196 5046 tendit
3231 4990 3300 5045 ad
3332 4998 3537 5050 ortum,

2215 5088 2471 5144 Tristibus
2500 5089 2637 5141 hunc
2663 5087 2807 5141 nobis
2831 5085 3013 5138 ultima
3035 5098 3147 5137 sors
3172 5078 3366 5149 rapuit.

2144 5183 2304 5237 Ortus
2332 5181 2584 5247 Baptista:
2611 5180 2823 5243 colitur,
2860 5192 2984 5231 aunt
3015 5174 3188 5243 deﬁcit
3219 5174 3336 5225 iste.

2212 5272 2353 5328 Boso
2380 5272 2478 5342 fuit
2502 5273 2695 5333 dictus,
2723 5271 2827 5335 cui,
2858 5269 2998 5323 Deus
3022 5308 3035 5331 ,
3066 5276 3175 5320 esto
3202 5263 3342 5334 pius.
3374 5259 3557 5312 Anien.

2843 5376 3022 5417 Αιιυυ.

2142 5459 2309 5527 Quem
2331 5458 2451 5529 tegit
2478 5459 2588 5512 Ita'c
2607 5467 2774 5528 petra,
2810 5453 2964 5509 Becci
2995 5451 3111 5521 pius
3142 5449 3336 5504 exstitit
3366 5446 3541 5507 abbas,

2216 5553 2376 5617 Bosa,
2412 5551 2506 5606 sub
2531 5561 2707 5604 nostro
2746 5557 2972 5617 tempore
2996 5558 3215 5613 magnus
3246 5539 3417 5593 homo.

2146 5644 2343 5699 Multos
2364 5643 2661 5712 pra'redens
2692 5653 2895 5693 morum
2924 5635 3199 5706 gravitate,
3232 5631 3323 5685 sed
3351 5628 3515 5683 isdem

2218 5732 2407 5787 Erudit
2430 5743 2474 5785 et
2504 5731 2679 5799 ﬁrmat
2706 5744 2835 5798 quos
2864 5725 3160 5779 moniturus
3200 5729 3334 5774 erat.

2151 5827 2423 5892 Doctrina,
2456 5840 2626 5888 sensu,
2660 5822 2812 5875 dictis
2837 5817 3092 5889 factisque
3125 5811 3400 5883 probatus,
