3852 6308
199 333 296 396 753

255 446 471 510 Floruit
502 464 557 512 et
588 440 725 511 me
744 454 962 525 pervigil
995 455 1082 511 hic
1102 455 1297 517 studio.

179 548 453 604 Sustinuit
478 547 671 603 multa
700 547 989 619 tranquilla
1020 558 1188 619 mente
1213 548 1425 619 ﬂagella

245 632 549 707 Corporis!
581 636 746 692 Hunc
773 649 969 692 recreat
994 638 1145 693 lectio
1176 648 1357 694 sancta
1380 640 1642 711 frequens.

180 727 334 782 Hunc
357 726 579 783 nullum
604 730 845 799 sequitur
864 746 961 801 pro
988 728 1083 782 tali
1108 730 1317 784 verbere
1342 747 1603 799 murmur,

247 819 439 877 Grates
464 822 565 877 sed
593 823 689 876 ttat
719 822 767 875 ei
791 822 882 890 qui
906 822 1007 876 sibi
1029 832 1103 876 tot
1123 823 1326 878 tribuit.

184 916 395 985 Sicque,
425 932 623 970 norem
659 914 839 969 lustris
874 916 930 969 in
959 914 1209 986 religione
1225 916 1466 986 peractis,

248 1004 352 1060 Dat
381 1016 591 1060 metam
631 1006 843 1071 studiis,
868 1006 1087 1070 viribus,
1116 1008 1370 1077 imperiis.

185 1098 331 1163 Quod
359 1099 409 1152 si
427 1100 556 1169 quis
587 1099 784 1170 quierit
806 1116 909 1170 quo
938 1101 1168 1154 constitit
1195 1102 1367 1155 exitus
1397 1100 1498 1165 illi,

186 1185 332 1241 llum:
359 1192 725 1260 prwcursoris
743 1192 875 1246 sciat
897 1192 952 1246 in
981 1190 1179 1247 Natale
1206 1191 1451 1266 Joannis.

185 1279 228 1339 0
246 1280 327 1347 pie
358 1280 643 1350 Baptista,
674 1293 850 1338 uoster
873 1285 994 1354 pius
1023 1284 1270 1340 Israelita

186 1369 366 1425 Tecum
388 1372 690 1443 jungatur,
721 1376 1041 1449 residetquo
1071 1376 1268 1432 lumine
1292 1375 1553 1432 Christus.

1035 342 1190 400 VlTA
1233 340 1621 409 Tlll'IDBALDl
1655 339 1951 398 ABBATIS
1981 336 2351 400 BECCENSIS
2380 335 2633 404 QUINTI.

1810 460 1862 520 Α
2593 466 2772 511 suun.

3354 322 3479 387 ’πε

1898 549 2073 605 Abbas
2105 548 2399 614 Beccensis,
2429 546 2581 616 cujus
2606 555 2774 599 sermo
2799 543 2899 614 fuit
2925 540 3087 610 ensis,

1880 638 1885 641 ’
1966 644 2236 700 Abrmlens
2267 641 2467 703 uitium,
2498 655 2603 711 quo
2623 638 2780 693 datur
2815 637 3049 693 exitium.
3136 682 3143 687 ,

1895 731 2056 800 Boso,
2090 733 2253 789 Pater
2278 748 2523 804 magnus,
2545 730 2760 785 tumidis
2790 729 2892 789 leo.
2919 729 3130 784 mitibus
3157 744 3346 799 agnus.

1963 828 2031 882 Et
2051 825 2222 880 dulcis
2254 822 2468 896 populo,
2492 822 2551 891 ﬁt
2574 821 2705 875 cinis
2733 819 2831 874 ltoc
2856 820 3079 899 tumulo.

1893 916 1982 974 Fit
2009 918 2142 973 cinis
2172 917 2274 971 liae
2296 915 2494 979 tumba,
2523 914 2613 985 qui
2637 927 2848 982 serpens
2867 920 3024 978 atque
3048 907 3285 964 columba

1902 1032 1907 1035 Α
1964 1007 2047 1063 Ea:
2071 1007 2331 1077 probitate
2356 1005 2476 1076 fuit,
2500 1004 2668 1059 virere
2688 1004 2811 1056 dum
2834 1000 3022 1072 potuit.

1892 1103 2035 1174 Ergo
2063 1102 2239 1157 videns
2257 1115 2460 1164 versus,
2485 1108 2603 1151 atra
2629 1112 2693 1150 ne
2722 1096 2788 1149 sit
2815 1092 2960 1164 Slige
2979 1108 3201 1156 mersus,
3244 1140 3247 1141 ν

1950 1193 2085 1263 Regi
2108 1191 2270 1262 {unde
2293 1196 2518 1261 precem,
2539 1204 2690 1258 quem
2713 1186 2853 1242 necis
2875 1200 2986 1240 esse
3014 1199 3210 1237 necem.

1892 1280 2167 1340 Credimus
2191 1293 2239 1338 et
2266 1281 2429 1351 scalis,
2450 1280 2653 1336 scandit
2673 1295 2803 1351 quos
2820 1280 3036 1351 quisque
3061 1276 3254 1346 ﬁdelis.
3352 1316 3353 1319 η
3408 1318 3409 1321 η

1946 1377 2062 1434 .Det
2084 1378 2203 1449 pius
2224 1392 2337 1433 esse
2356 1375 2475 1442 sibi,
2495 1375 2584 1447 qui
2610 1373 2751 1428 Deus
2772 1382 2940 1428 exstat
2966 1371 3062 1426 ibi.
3093 1371 3281 1425 Amen.

3470 799 3491 830 1

191 1541 3468 1587 W

665 1686 1065 1803 Vim:
1149 1667 2105 1806 VENERABILIS
2168 1683 2984 1800 THEOBALDI

422 1904 715 1978 QUINTI
772 1905 1400 1972 ABBATISBECCI
1433 1948 1453 1983 ,
1500 1905 1814 1970 POSTEA
1868 1903 2489 2003 ARCHIEPISCOPI
2546 1901 3251 1975 CANTUARIENSIS,.

1411 2085 2273 2180 COMPENDIUM.

1686 2262 1939 2279 -ῌ

245 2343 507 2401 Defuncto
537 2347 841 2417 venerabili
895 2356 949 2403 et
988 2348 1219 2420 sapienti
1254 2349 1370 2405 viro
1414 2320 1627 2405 Bosone
1674 2349 1775 2405 ab-
1810 2332 1855 2389 Β
1880 2346 1958 2402 ira
1985 2343 2129 2417 regis
2156 2352 2346 2402 contra
2377 2358 2500 2400 cum
2534 2357 2585 2398 tn
2618 2353 2833 2399 tantum
2867 2342 3116 2400 elferbuit
3152 2352 3231 2412 ut,
3260 2344 3480 2400 cunctis

192 2432 323 2500 hate,
356 2437 602 2508 suscepit
630 2453 817 2493 curam
847 2424 1133 2493 Beecensis
1166 2439 1480 2494 monasterii
1510 2438 1775 2494 Theobal-

190 2524 387 2592 dus,vir
407 2544 615 2600 genere
634 2529 835 2595 clarus,
855 2530 1094 2585 moribus
1107 2540 1349 2596 ornatus,
1365 2531 1475 2586 vita
1490 2532 1773 2599 honestus,

193 2616 369 2675 litteris
391 2622 533 2677 bene
559 2624 831 2678 eruditus.
872 2621 970 2678 llic
998 2632 1240 2694 tempore
1271 2622 1772 2689 DominiWillelmi

191 2709 380 2768 abbatis
399 2715 550 2768 venit
573 2715 642 2769 ad
666 2716 937 2783 ordinem,
966 2725 1016 2771 et
1038 2725 1290 2785 suscepto
1318 2716 1503 2771 habitu
1530 2717 1775 2787 religiose

196 2816 279 2868 per
299 2806 474 2873 plures
495 2823 675 2863 annos
700 2808 752 2862 in
778 2807 1013 2863 claustro
1043 2808 1199 2875 vixit,
1223 2819 1479 2880 acceptus
1501 2809 1772 2865 omnibus.

193 2890 375 2951 Deinde
405 2898 577 2968 ipsius
617 2900 723 2956 loci
769 2900 943 2957 factus
969 2910 1053 2957 est
1082 2902 1230 2975 prior
1266 2902 1451 2957 decem
1485 2902 1662 2968 annis,
1694 2910 1771 2970 et,

196 2986 405 3043 obeunte
431 2991 647 3047 Bosone
671 2992 884 3053 abbate.
915 2993 1180 3048 electione
1211 2994 1372 3048 totius
1393 2994 1775 3070 congregatio-

194 3077 266 3132 nis
286 3079 446 3136 abbas
476 3093 562 3139 est
600 3083 950 3155 subrogatus.
998 3084 1114 3139 Non
1149 3085 1319 3140 multo
1356 3094 1499 3155 post.
1531 3085 1639 3140 Deo
1664 3085 1774 3139 dis-

200 3181 430 3238 ponente,
462 3184 517 3229 et
548 3175 830 3245 Stephano
859 3191 980 3248 rege
1010 3192 1134 3231 cum
1165 3177 1347 3245 regina
1393 3177 1649 3233 Mathilde
1679 3194 1773 3233 vo-

198 3271 358 3327 cante,
388 3265 652 3339 cleroque
699 3268 1052 3334 assentiente,
1080 3277 1129 3322 et
1168 3269 1365 3339 popqu
1414 3270 1769 3335 acclamante,

200 3349 247 3403 in
274 3352 504 3424 Angliam
536 3358 861 3423 traducitur,
895 3367 946 3414 et
972 3375 1095 3413 cum
1126 3376 1321 3430 magno
1349 3361 1541 3432 gaudio
1568 3361 1774 3431 excipi-

202 3448 293 3503 tur.
317 3444 430 3502 Mox
455 3448 766 3514 Cantuarizn
787 3466 817 3504 a
839 3451 1098 3505 Balduino
1123 3451 1378 3507 Romana:
1405 3454 1547 3508 sedis
1571 3453 1768 3525 legato,

200 3530 346 3588 totius
373 3535 666 3595 Britannia:
697 3542 1136 3613 archiepiscopus
1164 3554 1516 3598 consecratus
1545 3553 1649 3601 est.
1686 3546 1773 3600 ln-

200 3628 271 3675 ter
302 3624 404 3682 htec
432 3629 669 3699 plurima
710 3635 935 3689 adversa
988 3649 1017 3689 a
1067 3635 1197 3690 viris
1247 3636 1531 3708 utriusque
1564 3638 1768 3695 ordinis

200 3727 461 3786 perpessus
492 3735 597 3780 est.
629 3726 684 3781 In
711 3727 902 3798 primis
943 3730 1158 3799 quando
1204 3728 1373 3785 abbas
1398 3731 1602 3787 electus
1643 3731 1763 3799 fuit,

204 3802 335 3875 [iugo
363 3810 815 3889 Rothomagensis
835 3808 1277 3895 archiepiscopus
1304 3824 1421 3894 ejus
1444 3826 1761 3883 electionem

202 3909 430 3963 quassare
458 3910 665 3977 voluit,
718 3913 844 3983 quia
900 3929 966 3969 eo
1009 3915 1314 3972 inconsulto
1358 3918 1494 3973 facta
1545 3918 1758 3987 fuerat;

1878 2456 2248 2521 audientibus,
2283 2456 2493 2512 diceret
2517 2458 2661 2527 quod
2692 2456 2746 2513 in
2788 2472 2847 2512 se
2871 2456 2978 2527 52
3013 2456 3155 2512 idem
3202 2456 3474 2528 archiepi-

1872 2563 2072 2620 scopus
2107 2548 2330 2604 minime
2354 2550 2631 2605 conlidere
2686 2548 2911 2613 valeret,
2934 2563 3161 2603 manum
3189 2549 3463 2620 propriam

1878 2639 1931 2693 in
1964 2654 2087 2705 eum
2118 2653 2461 2709 nequaquam
2500 2638 2764 2705 mitteret,
2804 2654 3024 2709 suorum
3062 2649 3243 2694 autem
3264 2640 3313 2711 si
3347 2638 3470 2709 quis

1876 2729 2117 2800 aliquam
2148 2730 2197 2785 ei
2223 2729 2475 2797 injuriam
2505 2729 2743 2795 faceret,
2771 2731 2888 2800 ipse
2932 2746 3038 2787 non
3083 2740 3321 2787 curaret.
3351 2730 3471 2799 Quo

1877 2823 2064 2880 audito
2114 2824 2558 2894 archiepiscOpus
2586 2825 2872 2880 confestim
2917 2826 3167 2881 discessit
3214 2840 3244 2879 a
3291 2825 3471 2891 curia,

1875 2916 1943 2970 ad
1972 2931 2134 2986 quam
2178 2924 2308 2973 tunc
2355 2926 2677 2988 perrexerat
2702 2930 2719 2982 ;
2752 2932 3087 2988 ascensaque
3117 2918 3241 2973 navi
3271 2917 3466 2981 Tame—

1875 3005 1979 3061 sim
2008 2988 2292 3073 transibat,
2341 3023 2463 3063 cmn
2497 3021 2626 3062 ecce
2672 3006 2957 3063 duodecim
2988 3005 3104 3063 fere
3132 3006 3334 3079 milites
3381 3022 3471 3065 se-e

1875 3099 1986 3153 cuti
2016 3108 2144 3155 sunt
2171 3115 2294 3156 eum
2322 3115 2444 3155 eum
2475 3099 2690 3171 gladiis,
2720 3108 2779 3154 ut
2805 3114 2930 3154 eum
2979 3099 3330 3171 perimerent,
3380 3098 3467 3158 vel

1875 3192 2135 3246 membris
2174 3191 2520 3247 debilitarcnt
2546 3209 2560 3259 ;
2595 3193 2688 3249 sed
2717 3206 2841 3249 eum
2872 3192 3097 3249 illaesum
3129 3193 3218 3249 ille
3246 3209 3466 3251 conser-

1875 3284 2022 3339 vavit
2049 3285 2140 3353 qui
2175 3299 2325 3351 suos,
2373 3286 2589 3355 quando
2616 3285 2753 3351 vult,
2801 3286 3076 3343 custodire
3116 3287 3284 3343 novit.
3324 3286 3473 3341 Acta.

1874 3385 2015 3434 sunt.
2039 3377 2153 3433 111cc
2187 3379 2332 3434 circa
2383 3389 2604 3434 octavas
2653 3380 2894 3434 Paschze.
2949 3378 3110 3433 Multa
3158 3379 3346 3443 etiam,
3404 3386 3464 3432 ut

1872 3468 1990 3539 ejus
2014 3471 2182 3525 vitam
2211 3484 2276 3525 ac
2302 3468 2503 3523 fatuam
2539 3470 2969 3533 dehonestarent
2992 3509 3007 3534 ,
3059 3470 3110 3523 in
3142 3468 3366 3539 populos
3396 3468 3464 3524 de

1875 3559 1967 3616 illo
1988 3561 2279 3631 opprobria
2303 3561 2661 3617 scminabant.
2697 3561 2806 3617 Deo
2835 3575 2965 3616 vero
2995 3560 3245 3615 universa
3272 3559 3461 3631 dispo-

1873 3662 2056 3720 nente,
2082 3653 2198 3723 qui,
2228 3653 2446 3723 quando
2483 3653 2611 3719 vult,
2630 3653 2791 3725 eripit
2821 3668 2949 3709 suos
2976 3653 3043 3709 de
3067 3651 3335 3723 angustia,
3359 3667 3459 3706 an—

1876 3744 2095 3802 nullatis
2142 3744 2627 3802 omnbusinsidiis
2653 3788 2668 3811 ,
2716 3746 2932 3801 tandem
2975 3745 3135 3800 linem
3181 3744 3268 3801 bis
3303 3742 3462 3800 malis

1872 3838 2145 3901 imposuit.
2178 3837 2525 3894 Hebdomada
2562 3838 2708 3894 enim
2744 3846 2871 3894 ante
2903 3836 3247 3907 Rogationcs,
3294 3835 3457 3890 tinem

1869 3930 2081 3985 vivendi
2113 3940 2167 3986 et
2199 3930 2455 4001 regnandi
2489 3930 2672 4001 regina
2702 3930 2889 3986 subiit.
2928 3927 3099 3985 Porro
3135 3926 3471 3983 Eustachius.

204 3991 303 4058 sed,
350 3998 743 4061 interveniente
790 4006 1090 4062 venerabili
1135 4008 1398 4065 Audoeno
1447 4009 1761 4068 Ebroicensi

203 4087 461 4145 venerabili
507 4095 805 4165 episcopo,
854 4096 1127 4166 praedictae
1171 4098 1422 4155 electioni
1476 4115 1759 4156 assensum

204 4179 419 4241 PV-ﬂbttit.
453 4187 836 4247 Verumtamen
865 4193 1300 4251 benedictionem
1349 4197 1586 4252 abitalia:
1630 4198 1760 4253 dare

204 4271 450 4374 eidislulit
497 4289 910 4357 quatuordecim
944 4294 1222 4349 mensibus
1262 4310 1426 4349 causa
1459 4296 1755 4364 professio-

207 4376 291 4428 ins,
324 4386 472 4439 quam
511 4379 695 4438 lacere
744 4382 994 4450 nolebat,
1044 4386 1169 4455 quia
1219 4393 1598 4443 antecessores
1641 4387 1758 4457 ejus

205 4469 504 4554 nequitquam
525 4489 645 4530 eam
674 4474 937 4533 fecerant.
962 4477 1165 4535 Verum
1189 4481 1569 4551 deprecatione
1593 4493 1756 4554 atque

206 4552 399 4644 fortsilio
424 4558 563 4619 Petri
595 4564 808 4622 abbatis
834 4569 1228 4635 Cluniacensis,
1256 4573 1346 4644 qni
1376 4582 1503 4629 tunc
1533 4552 1679 4630 forte
1700 4576 1750 4629 in

206 4632 557 4736 Norlhniaiiiiia
597 4667 738 4723 erat,
768 4661 1209 4733 archiepiscopus
1238 4665 1353 4719 sine
1380 4666 1604 4736 scripto,
1638 4666 1752 4721 solo

210 4733 363 4803 "Cibo.
390 4751 617 4820 suscepit
637 4751 704 4807 ab
722 4766 787 4807 eo
806 4752 1222 4822 professionem.
1255 4765 1307 4811 et
1334 4758 1412 4812 sic
1441 4733 1744 4814 benedixit'

1866 4019 1982 4087 ejus
2008 4020 2182 4085 tilias,
2213 4020 2499 4076 multorum
2544 4020 2833 4085 malorum,
2882 4019 2980 4076 sed
3027 4028 3083 4074 et
3123 4017 3455 4089 supradictae

1865 4113 2294 4180 perturbationis
2318 4128 2504 4177 causa,
2532 4127 2638 4167 non
2670 4111 2839 4167 multo
2859 4120 2980 4181 post
3002 4110 3275 4165 hominem
3298 4107 3452 4163 exiit.

1864 4202 2011 4268 Quos
2064 4203 2371 4272 Stephanus
2425 4218 2517 4255 nx
2564 4202 2887 4257 subsecutus
2939 4200 3229 4255 terminum
3286 4199 3451 4254 tantis

1863 4293 2107 4348 cladibus
2138 4292 2306 4358 dedit,
2333 4300 2387 4349 et
2433 4293 2669 4347 moriens
2698 4291 2893 4363 populo
2944 4304 3215 4361 regnoque
3263 4303 3452 4359 pacem

1863 4383 2102 4453 reliquit.
2137 4381 2402 4438 Henricus
2426 4381 2668 4447 demum,
2689 4380 2802 4449 jam
2852 4382 3017 4436 totius
3048 4377 3452 4435 Nortbmannia:

1859 4476 1989 4538 dux,
2023 4474 2272 4546 Angliam
2316 4474 2605 4545 ingressus,
2658 4474 2759 4529 sibi
2801 4471 2923 4541 jure
2960 4471 3304 4528 hmreditario
3343 4471 3446 4528 de-

1855 4570 2023 4625 bitum
2071 4584 2294 4639 regnum
2334 4568 2607 4634 obtinuit;
2655 4584 2762 4639 quo
2794 4567 2845 4621 in
2875 4566 3022 4636 regni
3057 4564 3292 4622 culmine
3329 4563 3447 4633 jam

1857 4658 2200 4722 conﬁrmato,
2243 4659 2509 4715 Henricus
2538 4659 2706 4714 frater
2736 4659 2879 4729 regis
2924 4656 3207 4727 Stephani,
3237 4653 3449 4710 Winto-

1856 4754 2061 4809 niensis
2089 4753 2394 4824 episcopus,
2427 4767 2455 4805 a
2492 4767 2657 4821 regno
2706 4751 2957 4807 discessit
3004 4759 3058 4806 et
3106 4749 3244 4805 clam
3294 4760 3446 4802 mare

207 4835 339 4924 tinent
366 4847 542 4901 postea
571 4840 861 4912 plurimum
908 4846 1117 4900 dilexit.
1166 4847 1221 4901 in
1268 4850 1575 4919 episcopatu
1620 4866 1749 4906 vero
1856 4844 2089 4899 transiit.
2145 4842 2346 4913 Sicque
2380 4844 2717 4913 prospiciens
2763 4859 2827 4898 ex
2876 4842 3017 4905 alto,
3066 4840 3243 4910 justus
3270 4837 3443 4894 Judex

210 4920 379 4973 Positus
408 4929 559 4983 multa
592 4933 814 5001 pertulit
839 4949 978 5003 pene
1016 4952 1185 5007 usque
1212 4938 1277 4991 ad
1316 4949 1543 4994 mortem
1574 4957 1585 4997 :
1620 4958 1742 4994 nam
1852 4939 2316 5009 archiepiscopum
2363 4935 2731 4992 Theobaldum
2777 4939 2843 4992 de
2886 4935 3143 5007 periculis
3191 4930 3442 4987 maximis

208 5012 445 5103 postquam
476 5019 793 5077 Eusmehins
823 5025 966 5096 regis
1001 5026 1141 5081 ﬁlius
1165 5028 1355 5089 erevit.
1388 5037 1441 5083 et
1479 5028 1631 5085 miles
1666 5030 1748 5085 ef—
1775 5043 1821 5102 ι)
1849 5033 2085 5103 eripuit,
2116 5041 2170 5088 et
2197 5031 2312 5101 ejus
2339 5048 2529 5087 mnnes
2561 5031 2810 5087 inimicos
2840 5031 2905 5084 ad
2951 5027 3176 5082 nihilum
3207 5024 3436 5093 redegit.

212 5088 353 5198 feC'ltls
374 5117 464 5174 est,
495 5114 775 5169 voluerunt
810 5133 899 5172 rex
930 5126 984 5172 et
1010 5119 1218 5191 regina,
1249 5129 1409 5190 atque.
1441 5120 1745 5179 Wentanus

1871 5124 2124 5182 ionnullis
2150 5136 2328 5182 autem
2360 5137 2544 5195 postea
2591 5124 2821 5179 feliciter
2867 5121 3001 5175 vixit
3030 5117 3228 5184 annis;
3259 5114 3437 5170 homi-

211 5195 447 5284 0.ifisc‘lllus
477 5203 735 5264 Henricus
771 5210 916 5281 regis
943 5211 1130 5278 frater,
1162 5228 1224 5267 ac
1269 5213 1421 5267 multi
1454 5214 1519 5269 de
1553 5230 1745 5284 procc-
1845 5233 1966 5272 nem
1995 5234 2125 5273 vero
2153 5219 2304 5274 exuit
2329 5234 2474 5272 anno
2505 5218 2663 5273 Verbi
2693 5213 2956 5271 incarnati
2986 5210 3274 5267 millesimo
3304 5221 3433 5262 cen-

214 5274 828 5382 tibus,maximegregarii
854 5301 1050 5357 milites
1075 5302 1436 5372 qnijuvenexn
1465 5307 1739 5377 amabant,
1847 5311 2038 5366 tesimo
2069 5311 2487 5382 quadragesimo
2521 5324 2682 5374 nono,
2718 5306 2927 5362 decimo
2974 5311 3169 5375 quarto
3201 5300 3431 5358 Kalend.

283 5377 689 5476 ίξ¹ξ⁰¹¹ξορῖεεοιηιε
715 5406 839 5446 cum
871 5409 921 5447 In
949 5409 1129 5465 regem
1160 5406 1403 5466 UDBCI‘CL
1430 5396 1582 5464 QUOd
1614 5397 1737 5466 quia
1850 5401 1995 5469 Maii,
2022 5372 2154 5458 feria
2186 5372 2343 5459 tertia
2379 5403 2621 5458 Pasehae.
2645 5401 2969 5455 Beccensem
2999 5409 3130 5451 sane
3159 5391 3430 5450 abbatiam

215 5461 1737 5558 .amm‘PiScopuslacerenoluit,llenricusenimMathildis
1846 5496 2005 5552 annis
2064 5497 2273 5552 duobus
2320 5506 2374 5551 cl
2424 5495 2649 5551 dimidio
2700 5492 2858 5558 rexit,
2906 5489 3433 5560 archiepiscopatum

214 5563 536 5659 l'll‘Peralricis,
564 5576 779 5635 llem'ici
807 5581 947 5652 regis
969 5581 1112 5648 tiliae,
1140 5582 1301 5651 filius,
1329 5583 1530 5654 Anglize
1559 5584 1731 5640 immi-
1843 5603 1972 5643 vero
2030 5588 2186 5644 annis
2238 5588 2460 5659 viginti,
2521 5586 2709 5642 diebus
2769 5584 2987 5642 totidem
3039 5598 3102 5640 ac
3152 5579 3431 5641 mensibus

215 5646 357 5718 nebat,
388 5674 584 5733 regnum
617 5686 771 5726 suum
800 5671 1200 5731 ltzereditarium
1225 5676 1391 5731 armis
1411 5675 1729 5746 pervadens,
1841 5680 2033 5735 tribus.
