3852 6308
1423 351 1514 408 AD
1551 348 1777 414 OPERA,
1819 347 1880 402 Β.
1924 345 2317 427 LANFBANCl
2349 345 2719 415 Al’l’lSNDlX,

3589 351 3676 406 733

3396 499 3469 508 -ν

425 491 3683 527 W

606 641 867 740 VlT/E
919 580 1362 742 mm»;
1435 641 1716 741 sum
1772 641 2178 781 ABBATIS
2249 640 2754 742 BEGCENSIS
2825 640 3509 743 COMPENDIUM.

1892 843 2253 865 ’ξι-...κ-

504 949 808 1006 Venerabili
839 948 1152 1006 Theobaldo
1197 949 1391 1007 abbate
1427 950 1684 1006 Brceensi
1735 951 2005 1023 archiepi-
2032 963 2081 1018 Α
2108 951 2234 1006 dum
2259 950 2401 1020 quod
2422 950 2681 1019 scriptum
2706 932 2809 1015 est,
2833 960 2892 1005 ut
2906 951 3085 1021 justus
3103 951 3313 1021 jnstior
3336 955 3489 1009 fieret
3511 954 3673 1025 (Δῖος.

428 1054 597 1109 scepo
649 1041 1027 1097 Cautuariensi
1112 1042 1295 1105 facta,
1356 1043 1406 1095 in
1468 1042 1706 1113 regimen
1781 1042 2011 1097 casnolii

427 1134 697 1190 e.ectione
752 1134 914 1187 totius
980 1134 1414 1205 congregationis
1470 1136 1699 1189 donmns
1752 1133 2017 1191 Letardns

430 1228 715 1282 successit.
748 1227 868 1291 llic,
899 1242 965 1281 ex
992 1227 1181 1282 eodem
1219 1228 1336 1283 loco
1368 1239 1618 1298 terrentes
1664 1229 1867 1283 incolas
1904 1228 2016 1282 Ona-

431 1316 585 1380 bens,
615 1317 854 1386 ejusdem
886 1318 986 1374 loci
1015 1320 1265 1391 indigena
1290 1322 1532 1385 exstitit;
1562 1331 1617 1375 et
1647 1320 1738 1374 ubi
1766 1321 2020 1391 progeni—

435 1420 523 1464 tus
552 1408 653 1464 fuit
697 1426 949 1481 magnum
999 1413 1317 1468 conscendit
1363 1413 1643 1477 honorem,
1676 1413 1801 1483 quia
1852 1428 2014 1468 vene-

435 1501 609 1555 rando
648 1500 842 1556 abbate
874 1501 1145 1558 Willelmo
1179 1504 1451 1574 religionis
1480 1505 1721 1559 habitum
1757 1504 2012 1575 suscepit,

430 1601 487 1646 et
521 1607 551 1645 a
591 1592 780 1661 primis
810 1594 990 1660 annis,
1029 1594 1172 1649 inter
1215 1611 1401 1649 sacras
1430 1593 1545 1664 ejus
1568 1596 1667 1649 Fem
1699 1580 2015 1650 monasterii

429 1681 744 1751 disciplinas
761 1723 775 1746 ,
799 1682 855 1737 in
886 1682 982 1739 Dei
1012 1699 1229 1754 semper
1250 1694 1506 1739 arnore-et
1528 1684 1659 1755 relig
1681 1699 1717 1740 ο
1741 1684 1804 1739 .is
1824 1686 2018 1740 ardore

427 1772 498 1827 de
526 1773 613 1829 die
641 1779 692 1829 ln
726 1774 869 1831 diem
893 1777 1159 1841 excrevit,
1202 1776 1476 1845 vitamque
1529 1792 1680 1830 suam
1718 1776 1864 1830 omni
1909 1791 2020 1832 mo-

432 1879 552 1919 rum
576 1866 845 1935 probitate
870 1877 926 1922 et
955 1867 1184 1922 honesta
1215 1866 1625 1922 conversatione
1653 1866 1707 1920 in
1737 1868 1934 1924 mentis
1962 1876 2017 1923 et

426 1957 673 2024 corporis
701 1958 938 2027 puritate
972 1959 1281 2025 custodivit,
1306 1959 1547 2027 jejuniis,
1573 1958 1768 2030 vigiliis
1811 1960 2016 2037 oratiu-

429 2048 698 2120 nibusque
736 2050 1043 2107 indefessus
1090 2055 1303 2108 interno
1349 2052 1645 2123 lnspectnri
1691 2069 1790 2125 per
1836 2056 2017 2108 omnia

429 2139 645 2207 placere
672 2144 930 2213 gestiens.
956 2143 1157 2199 Cautus
1182 2152 1237 2199 et
1258 2145 1521 2199 sollicitus
1551 2146 1715 2201 iubis
1739 2146 1830 2215 qui
1870 2147 1936 2202 ad
1959 2161 2019 2203 se

430 2232 775 2302 pertinebant
790 2236 1014 2291 omnino
1027 2237 1285 2304 existens,
1313 2247 1704 2307 prmccptorum
1724 2238 1938 2309 regulae,
1952 2249 2016 2307 et

2118 1059 2255 1107 xx",
2284 1043 2395 1113 Η),
2422 1042 2671 1113 permisit
2700 1056 2821 1097 eum
2854 1041 2997 1096 Deus
3024 1043 3402 1111 corporalium
3426 1046 3681 1103 oculorum

2118 1138 2418 1193 caecitatem
2487 1138 2807 1200 incurrere,
2873 1145 2934 1190 ut
2997 1137 3279 1205 patientia:
3333 1153 3420 1193 ac.
3453 1140 3682 1197 virtutum

2118 1228 2233 1297 ejus
2280 1229 2470 1305 merita
2503 1228 2828 1293 declararet,
2878 1237 2934 1284 et
2968 1228 3263 1286 interiores
3309 1230 3501 1285 oculos
3535 1232 3596 1284 ad
3621 1233 3686 1287 in-

2118 1321 2376 1377 tuendum
2401 1336 2587 1376 verum
2618 1320 2800 1376 lumen
2828 1328 3188 1391 retorqueret.
3234 1321 3369 1389 Qui,
3395 1323 3485 1377 tali
3516 1324 3687 1378 incon.

2118 1412 2278 1467 modo
2307 1425 2614 1482 percussus,
2647 1426 2923 1481 nunquam
2949 1425 3050 1481 pro
3076 1412 3179 1468 hoc
3204 1412 3387 1469 tristis
3414 1412 3577 1466 videri
3605 1429 3683 1481 μορ

2121 1505 2244 1571 tuit,
2275 1520 2375 1561 nec
2405 1506 2875 1561 conversationem
2915 1506 3145 1560 fratrum
3174 1506 3448 1570 deseruit,
3490 1519 3686 1576 excepto

2120 1597 2262 1666 quod
2287 1611 2409 1651 cum
2439 1597 2519 1651 eis
2541 1596 2842 1651 minime'iu
2870 1597 3190 1653 dormitorio
3222 1596 3474 1667 jacebat,
3516 1613 3605 1651 nec
3643 1598 3685 1651 in

2119 1688 2357 1743 claustro
2380 1689 2619 1744 sedebat.
2650 1689 2708 1744 lu
2730 1690 2899 1749 choro
2928 1699 3139 1753 autem.
3160 1690 3215 1747 in
3244 1688 3508 1759 capitulo,
3539 1691 3586 1743 in
3612 1704 3684 1743 rc-

2118 1779 2365 1845 fectorio,
2395 1790 2455 1835 ut
2478 1781 2706 1851 quilibet
2744 1780 2904 1845 alius,
2941 1796 3160 1851 semper
3208 1796 3389 1851 usque
3432 1782 3496 1835 ad
3538 1791 3689 1834 extm-

2120 1887 2267 1926 mum
2304 1872 2592 1927 terminmn
2625 1873 2747 1927 vitae
2796 1882 3150 1928 conversatus
3188 1881 3295 1928 est.
3346 1871 3686 1926 Inﬁrmitatem

2076 1954 2095 1997 ί
2118 1979 2253 2020 vero
2278 1964 2581 2030 incurrens,
2617 1980 2683 2019 ex
2709 1980 2820 2034 qua
2849 1964 3123 2035 migravit,
3146 1972 3443 2034 postquam
3468 1963 3600 2017 visus
3620 1970 3686 2016 est

2121 2070 2312 2129 rursus
2343 2055 2427 2110 sui
2459 2064 2632 2110 metas
2664 2056 3123 2125 appropinquare,
3153 2054 3210 2109 in
3241 2054 3575 2109 infirmorum
3604 2052 3680 2107 do-

2120 2163 2293 2210 mum,
2318 2163 2421 2217 qua
2450 2146 2650 2203 fratres
2689 2146 3077 2219 defuuguntur,
3128 2146 3370 2209 delatus,
3407 2145 3477 2200 ibi
3518 2146 3683 2200 coadu-

2123 2239 2269 2293 natis
2294 2236 2555 2293 fratribus
2592 2247 2646 2294 et
2680 2253 2776 2307 pro
2796 2254 2861 2294 eo
2885 2238 3124 2308 psahnos
3166 2238 3497 2293 canentibus
3529 2235 3677 2292 emisit

414 2322 691 2399 majorum
724 2338 947 2383 suorum
990 2328 1262 2384 studiosus
1292 2339 1677 2393 conservatur,
1708 2341 2004 2407 transgrcs-
2042 2319 2087 2379 Β
2113 2328 2385 2398 spiritum.
2440 2327 2773 2383 Venerabilis
2817 2339 3000 2383 autem
3045 2328 3323 2383 Rotroeus
3370 2327 3679 2382 Ebroicensis

420 2430 574 2471 seres
603 2417 868 2473 acerrime
915 2435 1235 2491 coarguens,
1290 2420 1487 2491 ingenii
1532 2421 1722 2493 optimi
1774 2421 1897 2476 fuit.
1953 2423 2008 2476 lu
2054 2410 2055 2413 “

412 2506 874 2564 'collocutionibus
899 2509 1071 2568 dulcis
1099 2520 1152 2566 et
1180 2512 1461 2566 familiaris
1490 2520 1627 2577 erat,
1679 2512 1918 2567 maxime
1961 2514 2006 2568 si

423 2600 546 2671 quis
573 2616 695 2656 cum
732 2604 798 2656 eo
846 2602 912 2657 de
940 2603 1126 2659 salute
1173 2603 1369 2658 anima:
1420 2618 1533 2658 suae
1578 2590 2016 2670 relinqueretur,

412 2690 630 2747 amicos
656 2704 851 2761 magno
873 2691 1181 2749 dilectionis
1204 2693 1397 2749 alfectu
1427 2692 1658 2761 colebat,
1682 2694 1779 2749 bos
1808 2694 2017 2749 setlicct

424 2795 563 2850 quos
593 2783 717 2838 vita:
746 2783 1006 2840 honestas
1033 2784 1476 2848 commendabat;
1525 2799 1709 2838 verum
1742 2787 1784 2838 si
1834 2788 2013 2855 aliqua

425 2888 546 2941 qua:
595 2874 865 2929 honestati
910 2892 1014 2931 non
1060 2876 1411 2939 conveniunt,
1445 2876 1512 2930 de
1542 2875 1645 2929 illis
1673 2877 2017 2931 animadver-.

427 2966 598 3032 tabat,
628 2975 684 3022 et
730 2982 920 3021 eorum
964 2967 1221 3039 deinceps
1268 2969 1688 3022 familiaritatem
1733 2969 2017 3039 parvipeu-

430 3058 617 3112 debat.
677 3056 823 3112 Talis
877 3057 931 3112 in
959 3058 1158 3128 seipse,
1192 3058 1314 3113 talis
1341 3058 1394 3112 in
1423 3058 1564 3123 aliis,
1592 3068 1646 3111 et
1669 3068 1794 3112 ante
1817 3070 1870 3112 et
1897 3068 2018 3127 post

428 3150 725 3217 abbatiam,
759 3152 988 3207 exstitit.
1040 3152 1196 3222 Apud
1243 3152 1583 3207 Pontisaram
1617 3151 1792 3221 primo
1838 3151 2020 3209 ntultis

427 3243 588 3298 armis
613 3243 761 3312 prior
801 3243 921 3309 fuit,
958 3259 1022 3299 ac
1048 3246 1262 3303 demum
1292 3246 1433 3314 apud
1464 3242 1706 3310 Pratum,
1756 3246 1899 3297 unde
1944 3244 2013 3301 ad

422 3332 700 3390 ‘abbatiam
728 3346 1055 3407 assumptus,
1086 3336 1255 3391 abbas
1281 3336 1549 3407 siquidem
1590 3336 1787 3401 factus,
1820 3349 2014 3389 secun-

445 3546 563 3572 h-

2119 2436 2409 2492 eptscnpus
2437 2437 2558 2475 cum
2606 2420 2927 2491 quibusdam
2974 2420 3267 2475 abbatibus
3315 2435 3510 2491 corpus
3550 2417 3684 2488 ipsius

2117 2509 2406 2579 diligenter
2431 2521 2482 2565 et
2512 2511 2811 2565 honoriﬁce
2863 2509 3180 2572 tumulavit,
3226 2526 3296 2564 ac
3335 2510 3572 2565 ultimum
3598 2507 3682 2559 om.

2123 2602 2264 2655 cium
2283 2598 2438 2667 juxta
2466 2616 2671 2655 morem
2703 2601 2930 2671 peregit.
2981 2599 3223 2656 Transiit
3257 2616 3392 2656 vero
3442 2598 3682 2654 millesimo

2124 2690 2422 2743 centesimo
2453 2691 2794 2761 sexagesimo
2826 2692 3004 2761 primo
3038 2690 3311 2746 incarnati
3350 2690 3501 2745 \‘erbi
3536 2704 3677 2747 anno,

2106 2782 2276 2835 sexto
2304 2778 2483 2835 Nonas
2511 2781 2657 2855 Julii,
2684 2782 2921 2838 Sabbato
2944 2782 3086 2837 intra
3109 2794 3341 2837 octavas
3360 2779 3680 2853 apostolorum

2126 2872 2275 2931 Petri
2307 2883 2361 2928 et
2388 2873 2572 2940 Pauli,
2615 2875 2761 2932 circa
2820 2875 3086 2930 decimam
3144 2875 3347 2929 horam
3405 2874 3525 2937 diei,
3567 2886 3679 2923 anno

2124 2964 2300 3019 anatis
2352 2980 2463 3019 sua:
2491 2964 2710 3021 circiter
2737 2965 3076 3035 scxzsgesimo
3110 2965 3333 3035 quinto,
3374 2962 3680 3017 monacham:

2123 3072 2250 3112 \ero
2279 3058 2748 3128 quinquagesimo.
2775 3057 2819 3113 Α
2846 3058 3007 3112 beato
3048 3056 3316 3112 llerluino
3340 3065 3515 3111 autem
3538 3053 3676 3125 primo

2123 3152 2323 3206 abbate
2351 3158 2405 3205 et
2430 3150 2586 3205 Becci
2629 3148 2921 3204 fundatore
2949 3160 3136 3204 sextus
3181 3148 3421 3213 exstitit,
3464 3155 3516 3202 et
3551 3142 3679 3198 abba-

2123 3244 2252 3299 tiam
2280 3242 2417 3298 rexit
2450 3241 2612 3299 annis
2641 3242 2854 3307 decem,
2875 3242 3068 3299 diebus
3092 3240 3289 3313 viginti
3315 3239 3486 3296 tribus

2336 3539 3661 3567 Μ

1725 3692 2441 3785 ΜΙΒΑΟΗΙᾸΙΜ

580 3892 714 3962 Quo
765 3888 838 3950 Β.
882 3887 1093 3949 Μανία
1131 3887 1413 3949 subvenit
1460 3888 1800 3951 Guillelmo
1849 3885 2147 3966 Crispino
2171 3884 2489 4027 femori;
2527 3916 2601 3928 -—
2626 3883 2738 3945 ubi
2771 3880 2843 3942 de
2884 3880 3097 3943 nobili"
3134 3881 3571 3960 Crispinorum

1822 3984 2039 4027 uenere
2076 3985 2176 4027 am
2218 3983 2316 4026 ur.

1821 3984 2039 4045 genere
2076 3983 2316 4046 agitur.

1838 4111 2159 4128 ’1-

504 4180 679 4255 Beata
721 4198 932 4255 Domini
980 4198 1151 4255 Mater
1200 4210 1252 4257 et
1306 4210 1564 4271 perpetua
1601 4200 1766 4271 Virgo
1814 4197 2020 4266 Maria,
2052 4208 2097 4270 (ζ
2129 4202 2193 4256 de
2241 4199 2463 4255 instanti
2510 4198 2750 4269 periculo
2800 4209 3015 4264 morus,
3069 4196 3162 4251 sed
3203 4206 3514 4267 priusquam
3550 4182 3674 4252 lmjui

433 4291 703 4361 singuiarc
739 4292 1045 4362 praesidium
1074 4292 1529 4356 Christianurmn,
1562 4309 1656 4364 per
1679 4308 1840 4363 quam
1872 4291 2020 4347 salus

435 4384 621 4438 mundi
651 4387 921 4455 apparuit,
952 4403 1058 4451 quo
1102 4387 1359 4457 majorem
1390 4388 1529 4456 apuJ
1562 4385 1727 4440 Deum
1761 4400 1870 4453 prae
1912 4400 2020 4439 ca:-

438 4475 571 4528 tcris
600 4476 827 4544 gratiam
857 4476 1127 4531 invenisse
1169 4479 1523 4548 dignoscitur,
1573 4493 1638 4532 eo
1685 4475 2023 4545 frequentius

437 4567 506 4620 ab
539 4566 863 4633 hominibus,
893 4580 946 4621 et
979 4571 1278 4624 lidueialius
1304 4580 1465 4640 atque
1492 4569 1811 4624 familiarius
1842 4570 1893 4622 in
1929 4583 2025 4623 ne-

436 4654 788 4714 ces'sitatibus
820 4660 1100 4713 invocatur
1126 4679 1139 4715 :
1170 4660 1274 4732 53
1305 4672 1355 4716 ct
1388 4663 1499 4729 ipsa
1531 4661 1677 4716 celer
1721 4660 2024 4715 clementiae

436 4764 553 4804 sua:
584 4748 765 4803 multis
797 4751 1105 4821 impendere
1147 4754 1285 4807 Solet
1313 4754 1649 4808 beneliciu'n.
1702 4752 1853 4807 Unde
1886 4769 2021 4807 non-

436 4858 471 4913 ιι
497 4841 669 4917 dlailli
695 4856 739 4894 ιε
759 4842 1128 4897 subventionis
1154 4845 1397 4914 exempla
1425 4847 1771 4898 inveniuntur
1798 4844 2021 4913 scripta,

426 4932 671 5008 plurima
702 4933 903 5002 passim
941 4934 1054 5005 jngi
1102 4935 1409 4989 sentiuntur
1456 4933 1687 4999 ell'cctu;
1739 4949 1857 5004 qua:
1903 4949 2027 5004 pro-

436 5033 560 5095 pter
591 5025 990 5080 nmltitndinem
1028 5043 1131 5081 non
1159 5037 1281 5079 sunt
1316 5026 1688 5080 commendata
1733 5027 2024 5080 memoriaa.

428 5119 480 5185 ,Ε
512 5119 709 5190 quibus
743 5134 907 5173 unum
934 5119 1138 5174 referre
1170 5120 1438 5185 volumus,
1466 5120 1608 5189 quo-.l
1654 5119 1873 5189 dignum
1919 5134 2028 5173 me-

444 5215 616 5270 moria
669 5213 900 5277 videtur,
934 5215 1187 5287 quodque
1231 5230 1329 5284 pro
1375 5218 1454 5269 sui
1506 5215 1873 5286 magnitudine
1918 5229 2025 5269 non

434 5310 613 5379 potuit
644 5310 818 5364 latere
846 5308 989 5365 illius
1020 5310 1351 5366 hominibus.
1390 5310 1444 5365 In
1484 5326 1592 5380 quo
1615 5310 1758 5363 farto
1791 5310 2027 5364 ostendit

437 5396 757 5455 beatissima
812 5400 901 5455 Dei
949 5419 1145 5472 part-ns
1176 5419 1337 5473 quam
1390 5404 1679 5474 benignum
1714 5411 1865 5472 gerat
1893 5416 2023 5472 erga

434 5490 666 5553 ιιιίπυωδ
693 5494 759 5547 ad
792 5509 849 5548 se
885 5494 1257 5566 confugientes
1311 5495 1585 5550 allectum.
1635 5494 1768 5547 Natu
1810 5494 2023 5556 cuidam

2128 4292 2373 4347 miraculi
2412 4292 2659 4345 ordinem
2709 4291 3032 4359 pandamus,
3073 4290 3299 4360 dignum
3334 4288 3532 4341 videtur
3567 4292 3671 4350 pau-

2125 4386 2205 4441 cis
2236 4385 2474 4439 indieare
2501 4384 2620 4453 quis
2647 4383 2811 4437 fuerit
2851 4382 2941 4437 ille
2984 4380 3313 4446 Willelmus,
3352 4388 3404 4433 ct
3441 4375 3565 4430 unde
3602 4384 3668 4423 co-

2127 4491 2359 4544 gnomen
2383 4474 2613 4543 Crispini
2644 4473 2745 4529 sibi
2768 4484 2822 4528 et
2854 4489 2952 4529 suo
2987 4472 3170 4541 generi
3205 4468 3509 4540 contigerit.

2196 4571 2498 4634 Antequam
2554 4565 2910 4620 Northmanni
2966 4565 3103 4620 duce
3146 4562 3424 4616 Willehno
3465 4552 3669 4623 Angliam

2127 4661 2487 4726 debellarent,
2508 4660 2609 4714 luit
2636 4659 2688 4714 in
2719 4657 2991 4721 Nenstria,
3009 4672 3131 4726 qua)
3156 4671 3299 4709 mine
3318 4640 3665 4709 Nortlunauuia

2129 4763 2378 4817 vocatur,
2411 4754 2496 4806 vir
2517 4751 2790 4821 egregius,
2833 4749 3054 4804 nomine
3104 4746 3466 4807 Gislebcrtus,
3508 4744 3667 4807 κθιιετο

2129 4852 2183 4898 et
2234 4842 2515 4897 nobilitate
2558 4839 2872 4911 prmclarus,
2903 4838 2993 4908 qui
3025 4837 3094 4891 ab
3123 4834 3441 4889 habitudine
3480 4821 3662 4895 capillo-

2132 4951 2274 4999 rum,
2304 4934 2513 5003 primus
2540 4932 2772 5002 Crispini
2801 4929 3127 5000 cognomine
3158 4927 3363 4981 dicitur
3384 4917 3656 4990 insignitus;

2133 5041 2258 5079 nam
2289 5026 2339 5079 in
2374 5040 2474 5079 sua
2506 5024 2764 5094 pritnreva
2801 5032 2962 5075 astate
2993 5019 3231 5073 habebat
3261 5015 3476 5087 capillos
3497 5008 3665 5074 rrispﬂ

2130 5125 2184 5170 et
2208 5116 2435 5185 rigidus,
2465 5124 2630 5183 atque
2658 5127 2876 5167 sursum
2914 5118 3150 5170 erectos,
3176 5115 3256 5171 et,
3301 5116 3359 5160 ut
3392 5106 3460 5158 ita
3498 5100 3659 5155 dicam.

2130 5208 2389 5263 rebursos
2448 5207 2515 5259 ad
2573 5204 2789 5259 modum
2829 5201 2939 5272 pini
2994 5213 3293 5262 ramorum,
3351 5194 3436 5265 qui
3487 5194 3661 5254 scmpcf

2134 5302 2361 5354 tendunt
2384 5313 2625 5361 sursum,
2651 5311 2825 5365 quare
2850 5291 3267 5364 cognominatus
3300 5298 3383 5342 est
3405 5279 3657 5350 Crispinus.

2129 5391 2286 5463 quasi
2312 5391 2516 5460 crispus
2547 5389 2736 5457 pinus;
2783 5402 2949 5457 quam
2982 5383 3303 5454 capillorum
3338 5372 3658 5434 rebursionem

2131 5487 2311 5542 adhuc
2342 5485 2592 5539 Videmus
2615 5484 2667 5536 in
2703 5481 2770 5535 iis
2800 5479 2893 5550 qui
2919 5479 2986 5533 de
3009 5477 3181 5548 ipsius
3207 5468 3484 5531 Gisleberti
3503 5470 3659 5536 grate"

437 5580 606 5634 nobili
634 5583 749 5636 viro
773 5592 837 5637 et.
860 5583 961 5639 sibi
1000 5562 1213 5650 devoto,
1238 5586 1457 5639 nomine
1488 5583 1787 5641 Willehno.
1823 5597 2026 5652 cogno—
2059 5572 2105 5631 D
2135 5579 2490 5634 descendunt.
2513 5575 2665 5630 Unde
2689 5584 2743 5631 et
2765 5574 2866 5643 ipsi
2883 5573 3077 5626 eodem
3102 5580 3421 5639 cognomine
3439 5577 3466 5613 η
3487 5562 3656 5652 eadem

438 5681 628 5727 mento
676 5673 961 5744 Crispino,
993 5678 1111 5747 ejus
1145 5677 1575 5733 misericordiam
1616 5675 1928 5745 deprecanti
1976 5675 2027 5728 in

435 5781 633 5836 magna
660 5768 933 5829 anxietate
954 5771 1144 5836 alluit,
1162 5781 1215 5825 et
1248 5770 1629 5828 miserabiliter
1652 5768 1797 5823 illum
1825 5767 2023 5839 eripuit

2140 5671 2643 5727 Northmannorum
2679 5665 2903 5721 familiis
2926 5663 3259 5719 dirimuntur
3312 5658 3412 5711 Istc
3436 5644 3656 5707 Gislebcr-

2147 5774 2234 5819 tus
2264 5764 2379 5833 qui,
2409 5772 2464 5820 ut
2497 5745 2751 5827 diximus,
2782 5752 3020 5827 Crispini
3053 5764 3344 5822 cognomcn
3375 5744 3558 5817 primus
3592 5734 3652 5786 est
