3852 6308
178 357 272 411 157

1235 349 1323 408 DE
1356 347 1581 406 NOBlLl
1611 340 1894 405 GENEltE
1922 341 2417 404 CRISPINORUM.

3353 344 3461 411 738

171 467 427 536 adeptus,
475 467 705 538 accepit
732 480 955 520 uxorem
982 461 1224 519 Seniorls
1242 461 1497 518 Fulconis
1514 463 1579 518 de
1600 462 1774 518 Alnov
1804 463 1851 521 Α
1880 458 1946 511 ad
1975 458 2175 513 Christi
2208 468 2584 529 paupertatem
2621 468 2731 516 tota
2765 461 3055 519 devotione
3107 482 3166 522 se
3219 470 3470 536 contulit,

170 574 528 628 germanam,
570 559 798 613 noutinc
845 556 1176 618 Counorem,
1222 556 1285 608 de
1326 570 1429 623 qua
1481 564 1592 608 tres
1647 553 1785 606 ﬁlios

170 648 378 718 genuit,
407 644 804 701 Gisleberttun
857 646 1192 714 CrlSpitlllm,
1249 659 1349 714 pro
1396 661 1502 714 quo
1543 646 1785 699 scribere

173 742 243 792 ita
272 740 673 807 suscepimus,
692 748 746 792 et
771 737 1351 805 Robertmn,tluasqtte
1377 738 1513 790 ﬁlias
1539 737 1784 791 Emmam

172 831 312 886 Petri
344 831 417 883 de
445 830 714 886 Condeto
739 831 1084 901 genitricem,
1109 838 1271 897 atque
1304 829 1524 884 Esiliam
1551 841 1782 885 matrem
1808 852 1811 855 ·

170 920 436 975 Willelmi
486 922 690 986 Malet,
726 922 817 991 qui
864 921 1019 975 miles
1068 931 1344 984 strenuus,
1401 922 1451 974 iu
1507 930 1785 975 senectute

171 1010 347 1066 factus
410 1020 505 1066 est
566 1012 876 1066 monachus
922 1011 1099 1076 Becci,
1159 1018 1211 1065 et
1258 1011 1549 1066 transactis
1579 1012 1787 1081 aliquot

170 1108 325 1159 annr's
356 1105 691 1161 honorifice
730 1107 779 1159 ιιι
805 1106 1088 1159 emnubiali
1115 1103 1523 1170 observatione,
1541 1114 1599 1158 ttt
1623 1105 1783 1159 talem

171 1199 347 1252 virtttn
382 1197 663 1261 decebat,
693 1197 835 1250 bono
868 1199 971 1251 line
1003 1198 1228 1267 quievit.
1272 1195 1539 1252 Robertus
1583 1196 1789 1268 Crispi-

173 1304 273 1342 nus
321 1288 521 1341 minor
574 1288 774 1354 frater,
804 1287 1192 1342 Northmannia
1218 1305 1495 1360 egressus,
1527 1289 1787 1360 plurimas

172 1381 494 1451 peragravit
554 1382 833 1451 regiones,
867 1382 1041 1435 donec
1075 1381 1605 1451 Constantinopolim
1637 1383 1786 1437 veni-

177 1481 284 1535 ret;
320 1482 379 1526 et
413 1472 488 1525 ab
518 1473 862 1542 imperatore
904 1487 1026 1527 cum
1073 1473 1281 1527 honore
1334 1483 1638 1544 susceptus,
1672 1489 1787 1528 ma-

177 1565 371 1635 gnique
402 1564 667 1618 nominis
691 1564 831 1634 apud
862 1580 1050 1619 omnes
1074 1563 1323 1628 effectus,
1374 1565 1469 1631 ibi,
1496 1577 1559 1619 ut
1590 1564 1784 1633 fertur,

176 1655 375 1709 invidia
406 1654 745 1709 Gnecorum
777 1670 983 1710 veneno
1009 1657 1189 1725 periit.
1222 1655 1556 1712 Gislebertus
1583 1658 1789 1729 Crispi-

150 1760 153 1769 ‘
182 1763 280 1801 nus
306 1746 495 1816 major
529 1749 732 1802 horum
754 1749 916 1802 trium
948 1748 1201 1810 fratrum.
1227 1764 1255 1801 τι
1294 1750 1430 1803 duce
1459 1747 1783 1803 Northmatt-

1888 559 1947 602 ttt
1986 551 2038 603 in
2087 552 2403 605 ntonacbict
2455 554 2869 610 conversatione
2919 557 3018 610 soli
3080 557 3190 613 Dco
3243 560 3467 617 libertus

1891 651 2132 696 vacaret.
2154 641 2251 696 llic
2278 644 2459 711 itaque
2488 645 2806 700 renuntians
2832 648 3034 703 sarculo
3062 650 3167 705 sibi
3192 654 3259 706 ad
3282 661 3467 708 votum

1887 735 2172 800 arridenti,
2204 736 2256 790 in
2280 735 2446 790 fundo
2468 737 2548 791 sui
2574 736 2736 805 juris,
2763 742 2854 809 qui
2887 741 3198 797 Burnevilla
3250 744 3468 811 dicitur,

1886 827 2074 881 Valens
2106 827 2416 880 emnobium
2466 838 2809 893 construere,
2850 832 3137 888 ecclesiam
3183 837 3467 894 aediﬁcavit

1888 919 1941 971 in
1971 918 2173 973 honore
2197 928 2401 973 sancta:
2422 919 2653 982 Marias;
2681 921 2867 992 ibique
2916 925 3194 995 religionis
3224 930 3467 985 habitum

1886 1008 2148 1077 suscepit,
2164 1024 2288 1063 cum
2304 1019 2449 1064 esset
2466 1027 2736 1067 annorum
2760 1016 3121 1085 quadraginta
3140 1060 3155 1083 ,
3183 1035 3280 1074 nec
3305 1009 3474 1076 multo

1886 1111 2011 1171 post
2036 1103 2324 1175 presbyter
2347 1105 2652 1172 ordinatus,
2705 1118 2763 1163 et
2809 1110 2978 1166 abbas
3008 1114 3338 1171 constitutus
3362 1126 3471 1171 est.

1888 1190 2028 1258 Quia
2055 1195 2387 1263 campestris
2406 1206 2460 1251 et
2485 1196 2783 1267 inaquosus
2803 1213 2883 1256 est
2910 1202 3079 1270 locus,
3094 1220 3191 1275 per
3219 1223 3485 1277 soporem

1888 1284 2124 1340 monitus
2150 1301 2179 1339 a
2208 1286 2364 1341 beata
2394 1288 2606 1344 Domini
2644 1291 2817 1348 Matre
2839 1293 3026 1358 Maria,
3060 1297 3115 1351 in
3162 1299 3362 1355 vallem
3402 1303 3470 1357 ad

1886 1374 2065 1429 rivum
2114 1377 2207 1445 qui
2265 1389 2489 1434 vocatur
2528 1379 2739 1438 Beceus
2787 1387 3048 1452 secessit;
3081 1387 3264 1459 ibique
3296 1392 3476 1449 nobile

1888 1466 2162 1523 aediﬁcare
2185 1470 2352 1539 cmpit
2380 1471 2433 1524 in
2467 1472 2731 1529 honorem
2784 1476 3028 1545 ejusdem
3059 1490 3263 1536 sanctae
3293 1482 3475 1540 Maria:

1890 1548 2086 1611 Matris
2113 1558 2325 1615 Domini
2358 1564 2771 1631 monasterium,
2800 1569 2944 1635 quod
2985 1569 3128 1625 Deus
3156 1572 3384 1641 perfecit
3407 1574 3475 1629 ad

1886 1647 1974 1703 sui
2002 1648 2237 1711 nominis
2266 1649 2520 1720 gloriam,
2551 1663 2606 1708 et
2644 1655 2939 1712 multarunt
2983 1658 3264 1716 hominum
3324 1663 3476 1718 salu-

1892 1747 1999 1793 tem
2037 1749 2093 1794 et
2120 1740 2395 1797 solatium.
2428 1744 2526 1799 Cui
2559 1745 2702 1815 Deus
2732 1747 2805 1802 ad
2819 1748 3083 1803 auxilium
3098 1760 3156 1805 et
3182 1752 3474 1811 consilium

183 1854 399 1904 norum,
442 1850 707 1896 castrum
761 1840 1080 1912 Tegularias
1127 1844 1178 1898 in
1238 1843 1554 1899 haereditate
1601 1852 1778 1899 custo‘

1891 1831 2117 1888 adduxit
2163 1833 2319 1899 juxta
2371 1812 2699 1893 desiderium
2732 1841 2919 1896 cordis
2965 1842 3048 1897 sui
3082 1842 3474 1915 Lanfrancum,

178 1931 433 1985 diendum
459 1936 711 2003 accepit,
736 1933 878 2003 quod
902 1936 1144 1989 hatrech
1171 1933 1289 2003 eius
1314 1945 1500 1990 tenent
1526 1950 1699 2005 ttsqne
1721 1939 1787 1994 ad

182 2039 423 2092 pnesens
490 2034 736 2095 tempus.
797 2025 1094 2080 Prmdictus
1140 2022 1443 2082 Willebnus
1505 2028 1788 2099 Crispinus

186 2116 393 2167 medius
418 2114 628 2178 frater,
647 2116 864 2187 generis
886 2116 1188 2175 nobilitate.
1208 2126 1257 2171 ct
1286 2133 1493 2172 tuorum
1520 2121 1788 2189 probitate

189 2218 344 2276 atque
376 2209 586 2263 militia
648 2209 1069 2273 famosissimus,
1117 2209 1258 2264 inter
1286 2209 1783 2267 Northtnannorum

187 2301 384 2367 primos
413 2299 754 2363 habebatur,
780 2300 896 2371 qui,
923 2300 1257 2365 ut’diximus,
1289 2301 1357 2356 de
1382 2302 1560 2371 primo
1581 2303 1787 2373 Crispia

193 2408 372 2445 norum
427 2403 597 2462 patre
640 2392 946 2447 Gisleberto
995 2395 1234 2461 optimus
1282 2392 1444 2458 ﬁlius,
1503 2394 1569 2448 ad
1620 2395 1786 2450 totius

191 2486 400 2554 generis
430 2489 517 2541 sui
556 2487 814 2559 gloriam,
852 2486 1101 2543 felicibus
1153 2491 1411 2560 auspiciis
1465 2492 1688 2561 prodiit,
1729 2502 1785 2547 et

196 2580 325 2628 sicut
359 2576 507 2643 inter
539 2577 822 2634 Romanos
866 2580 994 2634 olim
1055 2579 1229 2645 Fabii,
1288 2581 1367 2633 vel
1417 2580 1612 2646 Anicii,
1670 2583 1785 2638 sive

197 2663 392 2731 Manlii,
412 2671 665 2740 insignes
690 2672 1052 2736 habebantur,
1071 2672 1141 2726 ita
1166 2672 1403 2744 Crispini
1431 2674 1575 2729 inter
1589 2673 1784 2729 North-

200 2772 419 2814 mannos
456 2771 512 2815 et
550 2761 796 2816 Francos
834 2762 1215 2818 honoratiores
1236 2764 1644 2834 reputabautur.
1675 2765 1783 2820 Sed

202 2847 292 2902 iste
336 2848 657 2906 Willelmus
708 2852 850 2909 inter
890 2869 1081 2909 omnes
1114 2855 1585 2912 nominatissimus
1613 2855 1784 2913 fuisse

203 2939 384 3009 fertur,
414 2946 507 3016 qui
547 2962 654 3001 suo
707 2957 971 3017 tempore,
1030 2948 1235 3003 militia:
1293 2950 1486 3017 titulis,
1543 2952 1784 3022 insignes

204 3046 326 3098 pene
353 3050 518 3104 super
546 3052 741 3091 onmes
768 3036 1011 3104 ejusdem
1069 3040 1411 3108 tempestatis
1468 3040 1615 3097 viros
1654 3042 1785 3097 eni-

206 3124 319 3176 tuit.
339 3124 494 3181 Unde
518 3127 785 3199 praeclara
809 3128 925 3199 ejus
954 3131 1195 3200 probitas
1209 3131 1391 3203 plures
1408 3133 1507 3187 sibi
1526 3133 1782 3190 eifecerat

207 3212 421 3286 invidos,
456 3232 628 3292 atque
667 3221 850 3278 hostes
899 3223 1209 3281 reddiderat
1255 3227 1647 3284 atrocissimos.
1704 3228 1778 3284 Ea

208 3314 519 3379 tempestate
552 3313 779 3382 Franci,
809 3326 1031 3372 auctore
1054 3314 1317 3374 Walterio
1348 3317 1540 3375 Vetulo
1578 3322 1780 3377 comite

208 3398 266 3452 de
289 3400 691 3471 Ponte-Ysare,
726 3408 816 3477 qui
845 3418 1013 3463 totam
1050 3418 1249 3465 terram
1302 3409 1443 3466 intra
1493 3411 1673 3479 lttam,
1726 3424 1780 3471 et

206 3488 471 3561 Andelam,
502 3506 675 3566 atque
701 3497 1009 3567 Sequanam
1038 3514 1191 3554 suam
1220 3500 1420 3556 debere
1465 3516 1582 3557 esse
1630 3503 1778 3560 dice-

209 3577 308 3645 bat,
331 3587 553 3643 crebras
587 3589 919 3659 irruptiones
950 3589 1089 3645 ultra
1132 3588 1354 3645 ﬂuvium
1406 3591 1561 3649 lttatn
1612 3592 1782 3652 facie-

207 3671 343 3741 bant,
390 3691 439 3734 et
480 3682 698 3753 praulas
745 3682 812 3736 de
841 3681 1114 3738 Vilcasino
1145 3684 1404 3755 agebant;
1434 3693 1489 3741 et
1518 3687 1640 3744 ideo
1670 3690 1779 3745 dux

212 3762 698 3828 b'ortlnnannorum
748 3772 1070 3841 Willelmus,
1102 3776 1193 3846 qui
1223 3784 1411 3847 postea
1435 3792 1529 3833 rex
1578 3780 1782 3852 Angloo

213 3871 315 3912 null
334 3860 449 3927 fuit,
466 3865 786 3935 praedictum
804 3866 1131 3923 Willelmum
1148 3869 1483 3941 Crispinum,
1507 3877 1634 3942 quia
1659 3885 1782 3931 erat

214 3950 611 4014 probatissimus
657 3956 708 4011 in
755 3973 811 4012 re
860 3957 1107 4025 militari,
1151 3959 1441 4016 collocavit
1493 3962 1547 4017 ln
1594 3974 1777 4018 castro

210 4033 390 4108 Melﬁa,
414 4055 605 4101 contra
657 4046 990 4103 Francorum
1036 4050 1304 4114 incursus,
1338 4052 1407 4106 ad
1444 4055 1779 4109 coercendas

212 4142 382 4188 eorum
426 4138 897 4209 prmsumptiottes.
933 4141 1142 4196 donans
1181 4141 1257 4197 illt
1308 4151 1551 4198 castrum
1600 4146 1775 4215 ipsum

212 4231 260 4273 et
290 4221 541 4284 Vilcasini
571 4230 1009 4287 vicecomitatum
1060 4231 1185 4301 jure
1216 4233 1565 4290 hatreditario
1594 4246 1778 4291 custo-

217 4312 467 4387 diendum,
492 4330 547 4376 et
580 4322 720 4378 ﬁlius
746 4323 864 4393 ejus
895 4336 1017 4390 post
1046 4340 1194 4390 eum,
1224 4326 1367 4382 sicut
1413 4342 1587 4398 usque
1616 4329 1776 4385 hodie

215 4406 458 4471 videmus.
483 4416 556 4472 At
579 4417 670 4472 ille
698 4418 770 4473 ibi
802 4421 1137 4475 mansionem
1165 4420 1266 4475 sibi
1293 4421 1593 4485 constituit,
1618 4422 1774 4477 fami-

1890 1924 2065 1979 virum
2098 1926 2151 1980 in
2183 1926 2499 1984 liberalibus
2538 1932 2750 1988 artibus
2792 1934 3155 2007 undecunque
3208 1939 3478 2009 peritissi-

1889 2032 2070 2083 mum;
2101 2034 2260 2087 quem
2297 2036 2421 2075 cum
2471 2037 2668 2095 magno
2705 2028 3027 2097 suscipiens
3054 2030 3275 2097 gaudio,
3327 2032 3477 2087 dedit

1888 2109 1939 2163 ei
1991 2110 2234 2165 habitum
2298 2110 2603 2183 religionis.
2656 2115 2809 2171 Tunc
2846 2117 3190 2175 conﬂuebant
3223 2122 3291 2175 ad
3336 2136 3478 2192 prte-

1890 2201 2094 2257 dictum
2154 2204 2332 2259 locum
2387 2208 2642 2262 cettatim
2692 2209 2846 2265 multi
2900 2212 3212 2267 strculares-
3251 2213 3477 2270 litterati

1887 2302 1946 2348 et
1992 2292 2081 2348 alii
2137 2295 2381 2349 cervices
2431 2311 2561 2351 suas
2594 2296 2695 2353 len'
2746 2297 2877 2370 jugo
2926 2299 3164 2369 Domini,
3219 2312 3278 2358 ct
3313 2305 3475 2360 obse-

1889 2385 2019 2455 quio
2059 2386 2324 2457 regularis
2354 2388 2482 2443 vita:
2505 2389 2785 2445 humiliter
2813 2392 3102 2451 inclinare.
3135 2395 3241 2450 Alii
3269 2396 3473 2454 liberos

1889 2491 2017 2531 suos
2056 2491 2084 2529 a
2127 2476 2434 2534 Lanfranco
2462 2478 2794 2537 crutliettdos
2836 2484 2891 2537 in
2923 2484 3232 2543 liberalium
3268 2490 3469 2544 artium

1889 2564 1998 2639 54
2036 2568 2397 2639 philosophia,
2435 2580 2491 2625 et
2544 2570 2927 2629 informandus
2952 2591 3050 2645 per
3076 2576 3391 2634 Herluinum
3419 2581 3474 2636 in

1890 2658 2125 2728 regulari
2153 2658 2440 2729 disciplina
2472 2662 3010 2725 traderegnonnulli
3069 2668 3246 2738 ipsum
3294 2669 3474 2725 locutu

1888 2751 2052 2806 rebus
2072 2751 2187 2807 suis
2217 2752 2512 2808 studebant
2543 2755 2879 2831 amplissime
2906 2758 3107 2814 ditare.
3158 2759 3308 2816 Inter
3336 2776 3476 2831 quos

1887 2836 2139 2912 egregius
2167 2843 2251 2895 vir
2279 2842 2575 2912 praedictus
2607 2827 2920 2903 Willelmus
2960 2849 3268 2919 Crispinus,
3299 2827 3470 2906 ﬁlium

1887 2946 2043 2986 suum
2064 2933 2118 2987 in
2151 2944 2343 2987 tenera
2370 2942 2536 2991 aetate
2560 2936 2784 2992 nomine
2812 2936 3176 2995 Gislebertum
3202 2942 3477 3011 praedictis

1885 3024 2142 3082 Patribus
2192 3027 2303 3081 Deo
2345 3027 2699 3101 nutriendum
2757 3029 2860 3085 sub
2903 3031 3136 3103 regulari
3185 3033 3472 3107 disciplina

1887 3118 2105 3185 obtulit,
2139 3127 2193 3175 et
2218 3120 2389 3175 multa
2422 3121 2490 3177 de
2513 3123 2675 3178 rebus
2701 3124 2817 3179 suis
2842 3127 3159 3195 temporalis
3199 3129 3323 3184 vitta
3342 3132 3471 3186 sub-

1886 3212 2025 3267 sidia
2067 3227 2190 3267 eum
2239 3226 2411 3283 puero
2453 3214 2807 3271 ministravit.
2851 3216 3094 3284 Quorum
3141 3218 3495 3283 informatus.

1886 3304 2131 3358 doctrina
2155 3313 2209 3359 et
2236 3315 2442 3361 sancta:
2461 3308 2896 3363 conversationis
2921 3311 3207 3381 exemplis.
3236 3313 3319 3368 sic
3342 3329 3468 3370 cum

1884 3396 2069 3451 divino
2096 3396 2323 3467 profecit
2349 3398 2554 3455 auxilio
2610 3400 2662 3454 in
2717 3400 2922 3456 divinis
2970 3413 3024 3456 et
3076 3403 3472 3475 philosophicis

1885 3488 2154 3544 institutis
2194 3498 2253 3543 ut
2282 3504 2474 3545 omnes
2505 3501 2673 3556 artes,
2700 3507 2841 3560 quas
2870 3492 3122 3548 liberales
3148 3505 3363 3562 vocant,
3401 3498 3470 3553 ad

1884 3597 2119 3653 unguem
2150 3583 2475 3647 addisceret,
2502 3591 2559 3639 et
2601 3599 2789 3639 earum
2833 3585 3037 3641 rivulos
3076 3586 3327 3657 pluribus
3358 3590 3471 3660 ipse

1883 3674 2160 3746 perfectus
2205 3675 2259 3729 in
2295 3675 2561 3745 religione
2592 3675 2929 3746 prepinaret.
2981 3676 3150 3747 Cujus
3190 3688 3338 3734 tanta
3369 3679 3474 3736 fuit

1886 3770 1939 3825 in
1968 3769 2147 3824 activa
2174 3778 2228 3825 et
2255 3768 2589 3839 speeulativa
2627 3769 2735 3824 vita
2784 3769 3046 3840 perfectio
3073 3781 3133 3827 ιιι
3174 3787 3297 3828 cum
3329 3772 3474 3830 Deus

1882 3859 2249 3916 Lanfrancum
2273 3858 2655 3916 Cantuaricnsi
2685 3859 2942 3915 Ecclesia:
2998 3862 3051 3916 in
3097 3876 3315 3921 summo
3341 3879 3477 3934 pon-

1855 3950 2091 4006 .tiﬁcattt
2142 3951 2477 4023 praeﬁceret,
2529 3966 2655 4007 eum
2709 3950 3048 4009 lmnfrancus
3097 3954 3165 4009 ad
3230 3955 3470 4027 regimen

1884 4041 2411 4109 West—Monasterii,
2432 4044 2813 4109 Deam-caute,
2837 4046 3176 4114 provideret;
3213 4056 3471 4119 tantaque

1882 4135 2194 4189 sanctitatis
2226 4136 2422 4206 gratia,
2460 4144 2517 4189 ιιι
2559 4135 2855 4200 credimus,
2904 4136 3017 4190 Deo
3065 4146 3117 4192 et
3160 4136 3471 4195 hominibus

1881 4225 2088 4295 placuit
2128 4232 2187 4280 ut
2242 4224 2604 4279 humilitatem
2646 4241 2757 4295 pra:
2803 4225 3016 4281 cunctis
3071 4216 3152 4282 sui
3209 4229 3473 4299 temporis

1883 4314 2121 4387 pra-latis
2169 4324 2224 4371 et
2282 4314 2594 4385 specialiter
2648 4315 3028 4385 praetenderet,
3082 4325 3137 4371 et
3186 4317 3473 4384 sublimius

1881 4407 2219 4477 prazdicaret.
2258 4406 2356 4462 llic
2411 4408 2633 4477 triginta
2664 4407 2874 4463 duobus
2927 4408 3086 4463 annis
3141 4408 3261 4465 loco
3295 4411 3468 4481 magis

216 4495 327 4557 liam
362 4518 414 4562 et
454 4511 657 4566 milites
708 4511 761 4565 in
817 4511 935 4567 loco
978 4512 1156 4583 posuit
1211 4522 1404 4568 centra
1448 4513 1777 4583 irruptiones

1884 4500 2082 4570 profuit
2114 4515 2274 4571 quam
2304 4500 2543 4570 pra-fuit,
2570 4509 2624 4553 et
2674 4500 2726 4555 in
2768 4510 3048 4557 senectute
3084 4502 3247 4570 bona,
3276 4502 3501 4573 plenus

217 4590 563 4669 Francorum;
596 4619 701 4674 qua
731 4604 798 4658 de
828 4620 886 4660 re
908 4603 1127 4672 Franci,
1163 4606 1515 4661 vehementer
1543 4606 1692 4671 irati,
1723 4609 1775 4662 in

220 4691 404 4744 tantum
432 4696 618 4751 odium
645 4704 835 4750 contra
888 4696 1035 4750 illum
1079 4704 1406 4751 exarserunt
1456 4706 1515 4751 ut
1545 4706 1776 4753 mortem

219 4775 318 4843 eius
348 4792 449 4840 tota
472 4788 732 4842 aviditate
761 4797 1099 4858 appeterent.

282 4869 367 4928 llis
391 4877 453 4933 de
479 4888 605 4934 ortu
630 4879 866 4949 Crispini
898 4881 1235 4951 cognominis
1284 4880 1600 4953 prrelibatis,
1632 4898 1777 4940 nunc

217 4954 314 5026 iam
340 4967 400 5021 ad
445 4987 557 5025 rem
602 4971 908 5039 veniamus,
939 4988 1125 5043 quam,
1158 4981 1216 5028 ut
1256 4990 1287 5029 a
1321 4976 1603 5033 veraclbus
1633 4977 1779 5032 rela—

225 5054 409 5113 toribus
437 5063 763 5134 accepimus,
800 5064 1125 5133 simpliciter
1184 5065 1389 5122 referre
1436 5068 1771 5123 curabimus.

226 5136 282 5195 Ει
321 5159 395 5203 est
422 5169 506 5209 res
534 5156 809 5211 memoria:
832 5154 1018 5225 digna,
1059 5164 1114 5210 et
1155 5158 1323 5214 beatae
1364 5159 1575 5215 Domini
1616 5160 1774 5218 Matri

227 5251 459 5313 congrua,
475 5265 594 5320 quae
622 5251 861 5305 humano
880 5251 1064 5321 generi
1082 5261 1204 5322 post
1230 5254 1397 5308 Deum
1423 5253 1776 5328 singulariter

230 5339 299 5383 est
321 5340 552 5396 amabilis
575 5352 630 5397 et
658 5358 753 5413 per
782 5342 977 5397 saecula
1005 5352 1200 5399 cuncta
1225 5344 1532 5405 laudabilis.

287 5424 567 5499 inspirante
595 5437 821 5492 Domino
853 5436 965 5492 Deo
1010 5445 1199 5491 nostro
1234 5434 1365 5491 Jesu
1395 5436 1635 5503 Christo,
1658 5454 1775 5493 om-

234 5511 357 5571 nium
383 5524 634 5581 bonorum
686 5536 932 5589 auctore.
960 5528 1179 5596 quidam
1229 5526 1407 5592 miles,
1432 5537 1687 5582 strenuus
1717 5538 1775 5584 et

236 5607 360 5669 dives
387 5617 685 5687 Herluinus,
714 5622 1013 5693 postposita
1041 5621 1329 5678 nobilitate
1357 5631 1595 5686 terrena,
1629 5622 1772 5690 abje—

240 5708 309 5754 m
330 5713 491 5767 muli
514 5730 729 5785 pompa,
755 5726 858 5783 qua
892 5723 1022 5769 ante
1040 5712 1197 5784 juata
1232 5713 1448 5770 modum
1480 5728 1634 5768 suum
1662 5729 1768 5768 non

240 5799 764 5870 harantdenoruerat,
785 5803 1034 5876 deposito
1065 5819 1282 5876 quoque
1310 5803 1519 5860 militia:
1550 5802 1769 5875 cingulo

1883 4591 2115 4656 dierum,
2140 4601 2193 4647 et
2216 4591 2528 4655 sanctitate,
2554 4591 2797 4660 patrihus
2825 4592 2939 4648 suis
2966 4594 3269 4662 appositus,
3299 4594 3468 4665 hujus

1848 4684 2010 4739 vita:
2067 4684 2357 4738 terminum
2408 4683 2623 4738 clausit.
2672 4683 2728 4737 lu
2790 4684 2949 4752 hujus
2997 4683 3176 4740 Patris
3222 4686 3473 4758 genitore

1882 4779 2177 4847 Wiltelnto,
2194 4778 2403 4833 scilicet
2427 4778 2696 4849 CriSpiuo,
2716 4791 2830 4847 tam
2857 4778 3104 4848 superius
3131 4794 3274 4850 stupe
3297 4780 3470 4834 nomi-

1882 4886 2031 4941 nato,
2061 4890 2144 4931 res
2172 4884 2323 4946 gesta
2344 4862 2449 4936 est,
2477 4872 2797 4929 excellentia
2827 4871 3074 4942 insignis,
3104 4873 3275 4928 relatu
3299 4875 3470 4927 mira-

1881 4968 2028 5032 bilis,
2076 4979 2130 5023 ct
2178 4983 2297 5039 qua:
2354 4967 2549 5022 deceat
2596 4965 2805 5020 Domini
2856 4974 3085 5019 matrem
3126 4963 3189 5016 Β.
3242 4961 3466 5018 Mariam

1880 5075 2096 5129 semper
2135 5060 2434 5131 Virginem,
2467 5075 2631 5131 quam
2663 5074 2761 5129 pro
2787 5059 2901 5113 suis
2931 5055 3140 5124 magnis
3172 5063 3228 5108 et
3280 5054 3468 5108 multis

1880 5153 2183 5218 beneﬁciis,
2218 5153 2589 5207 indesinenter
2634 5152 2815 5206 laudat
2868 5150 3154 5203 universus
3193 5155 3464 5201 terrarum

1878 5247 2052 5303 orbis.
2083 5245 2183 5302 Hic
2207 5247 2350 5300 enim
2383 5246 2581 5300 nobilis
2607 5246 2712 5306 vir,
2746 5252 2803 5296 ut
2841 5242 2955 5311 jam
2983 5242 3240 5304 diximus,
3274 5255 3306 5295 ιι
3329 5241 3467 5296 dure

1880 5338 2384 5395 Northmannorum
2443 5336 2715 5392 Willelmo
2768 5336 2820 5389 in
2869 5343 3048 5389 castro
3104 5332 3276 5389 Melﬁa
3314 5349 3461 5389 mar-

1880 5435 2064 5489 cbisus
2130 5432 2311 5489 fuerat
2377 5429 2703 5487 constitutus
2770 5436 2958 5482 contra
3025 5426 3292 5491 Francos,
3366 5426 3463 5497 qui

1881 5520 2220 5578 transeuntes
2240 5523 2399 5578 ltlam
2429 5519 2672 5583 fluvium,
2690 5518 2883 5572 subitis
2906 5518 3110 5589 rapinis
3127 5517 3459 5575 Vilcasinum

1876 5619 2265 5682 devastabant;
2323 5615 2506 5687 ibique
2559 5624 2814 5684 posuerat
2862 5628 3017 5667 suam
3080 5612 3338 5668 familiam
3392 5614 3461 5669 ad

1874 5712 2083 5768 castelli
2108 5711 2433 5766 custodiam.
2458 5709 2841 5765 Verumtamen
2879 5715 3081 5764 terram
3104 5722 3267 5778 quam
3296 5706 3462 5763 habe-

1874 5805 1968 5862 bat
2020 5803 2072 5858 in
2128 5800 2545 5870 Nertlnnannia,
2600 5800 2653 5857 in
2705 5799 3027 5858 Lexoviensi
3083 5813 3249 5871 pago,
3294 5797 3462 5857 certis
