3852 6308
490 377 593 434 739

1470 372 1560 427 AD
1588 369 1816 430 OPERA
1855 371 1916 427 Β.
1960 369 2353 429 ΕᾹΝΡΚᾹΧΕΙ
2395 369 2752 427 APPENDlX.

3608 378 3685 438 7n

487 488 823 562 temporibus
853 487 1145 551 revisebat,
1191 496 1247 542 et
1294 485 1575 557 dispositis
1618 486 1781 541 rebus
1829 494 2066 543 reverte-
2097 497 2139 555 Α
2170 484 2436 557 effligere;
2468 494 2521 540 et
2552 485 2602 539 in
2634 486 2750 555 ipso
2778 486 2970 545 mortis
2998 486 3183 543 limine
3216 488 3548 563 intererpius,
3566 508 3692 570 ωςυτ

485 580 649 636 batur
669 579 931 643 Melﬁam;
966 578 1020 632 in
1049 576 1229 633 eundo
1259 585 1465 643 autem,
1510 575 1594 631 vel
1642 575 1913 631 redeundo
1938 575 2070 631 Bec-

484 680 609 728 cum
639 687 743 726 non
777 670 1061 736 transibat,
1110 670 1242 740 quin
1289 668 1650 724 venerabilem
1681 668 1898 725 Patrem
1934 668 2068 725 ller-

482 764 692 819 lninum
717 763 946 828 videret,
976 773 1174 819 etcum
1198 777 1263 818 eo
1287 762 1622 832 loqueretur.
1651 761 1861 817 Accidit
1886 771 2065 815 autem

485 867 548 913 ut
606 857 825 914 rediens
867 854 1023 926 juxta
1076 870 1285 910 morem
1345 856 1413 910 de
1468 862 1614 910 terra
1672 868 1791 919 sua,
1838 854 2066 908 Domino

486 948 828 1019 disponente,
856 948 1089 1018 quadam
1126 947 1213 1002 die
1248 945 1550 1009 Dominica,
1579 946 1665 1000 vir
1694 945 1782 1000 ille
1818 946 2061 1009 devotus,

486 1020 815 1097 Deccensem
884 1040 1145 1095 inviseret
1198 1038 1520 1104 ecclesiam,
1580 1049 1635 1093 et
1688 1052 1809 1094 cmn
1871 1039 2065 1095 abbate

484 1132 737 1189 licentius
774 1133 841 1189 de
894 1132 1126 1200 negotiis
1170 1131 1519 1198 suisageret.
1557 1129 1656 1196 Qui
1687 1146 1810 1187 cum
1843 1130 1982 1185 inter
2006 1145 2064 1185 se

482 1223 825 1279 familiariter
870 1222 1233 1278 contulissent
1260 1222 1327 1277 de
1368 1223 1435 1276 iis
1481 1237 1599 1292 qua:
1641 1237 1726 1278 res
1756 1221 2066 1291 postulabat

480 1312 811 1375 necessaria,
854 1310 1126 1366 licentiam
1176 1309 1411 1365 abeundi
1467 1310 1784 1381 postulavit,
1835 1322 1889 1366 et
1939 1327 2060 1367 cum

483 1406 662 1477 gratia
688 1405 917 1462 festinus
946 1406 1225 1472 discessit;
1258 1420 1491 1476 cumque
1521 1402 1913 1477 aliquantulum
1939 1423 2062 1477 pro-

476 1497 759 1562 cessisset,
787 1495 1052 1559 substitit,
1082 1504 1138 1550 et
1168 1497 1419 1567 protinus
1444 1498 1511 1553 ad
1550 1498 1802 1553 abbatem
1836 1499 2062 1554 reverti-

487 1596 595 1642 tur.
627 1586 703 1642 De
724 1587 878 1657 cujus
907 1587 1078 1641 reditu
1102 1586 1401 1643 admiratus
1420 1589 1581 1645 homo
1606 1588 1721 1654 Dei,
1738 1591 2061 1647 resalutatns

472 1680 542 1734 ab
558 1678 755 1734 illocur
773 1678 1329 1748 rediissetinquisivit.
1353 1698 1373 1733 ι
1396 1680 1473 1733 Ad
1490 1680 1590 1735 hoc
1607 1681 1759 1747 redii,
1779 1680 2059 1752 Crispinus

469 1770 568 1835 ait,
600 1769 741 1825 alme
785 1768 968 1836 Pater,
996 1780 1057 1824 ut
1100 1784 1188 1825 me
1242 1771 1557 1840 benedicas,
1583 1787 1774 1843 meque
1804 1773 1911 1828 tuis
1950 1772 2059 1827 fra-

2171 577 2237 631 de
2259 577 2370 631 vita
2398 577 2707 646 desperare.
2737 576 2874 644 Quid
2902 576 3065 633 faciet
3108 578 3210 634 iste
3256 589 3376 636 tuus
3411 586 3646 653 servulus,
3666 605 3690 645 ο

2171 667 2378 722 intacta
2409 665 2616 722 Parens
2650 667 2762 733 Dei,
2794 669 3095 723 sacrarium
3139 668 3370 741 Spiritus
3397 675 3569 741 sancti,
3593 678 3693 749 quid

2169 761 2332 816 faciet
2375 776 2536 831 quem
2585 761 2797 816 hostilis
2843 776 3049 817 cuneus
3099 762 3307 819 lanceis
3356 765 3691 837 insequituret

2168 852 2384 923 gladiis.
2444 855 2718 907 Succurre
2769 848 2987 921 itaque,
3048 853 3274 908 Domina
3330 856 3578 926 piissima,
3620 875 3693 928 per

2169 954 2498 1015 potestatem
2547 959 2652 1015 qua
2699 960 2759 1000 es
2809 948 2953 1015 apud
3000 944 3253 1001 ccrlestes
3298 946 3445 1018 glorit
3464 964 3538 1013 sa,
3586 950 3690 1019 apud

2169 1037 2469 1105 terrigenas
2490 1036 2805 1105 imperiosa,
2837 1037 2978 1107 apud
3006 1036 3211 1092 inferos
3235 1037 3513 1103 terribilis;
3538 1040 3692 1110 ubique

2166 1129 2431 1199 prepitia,
2492 1129 2691 1199 ubique
2752 1128 3073 1199 magniﬁca,
3137 1129 3338 1200 ubique
3392 1131 3691 1201 przeetuinens

2165 1223 2492 1279 auctoritate
2538 1235 2594 1279 et
2638 1224 2923 1293 majestate
2975 1223 3150 1294 regia,
3219 1232 3274 1277 et
3331 1223 3513 1277 innova
3553 1223 3596 1276 in
3629 1240 3691 1278 c

2164 1318 2401 1389 antiquze
2430 1316 2800 1374 subventionis
2849 1325 2953 1372 tua:
2986 1316 3280 1380 beneficia,
3310 1318 3437 1387 qu'a
3464 1331 3557 1371 non
3580 1326 3691 1385 patet

2164 1406 2452 1480 effugiendi
2506 1408 2612 1463 via.
2667 1406 2841 1464 Mater
2881 1408 3275 1464 misericordia:
3328 1424 3442 1478 per,
3470 1407 3692 1462 orationes

2161 1515 2444 1555 servorum
2474 1508 2689 1575 tuorum
2720 1499 2900 1564 Becci,
2949 1497 3222 1567 llerluini,
3256 1508 3314 1555 et
3341 1498 3555 1553 fratrum
3580 1499 3689 1567 ejus.

2156 1592 2284 1661 dem
2318 1592 2444 1660 loci,
2488 1608 2717 1664 quorum
2775 1592 3124 1647 orationibus
3175 1607 3263 1646 me
3291 1605 3445 1646 mane
3472 1606 3692 1647 commen-

2162 1685 2311 1755 davi,
2344 1685 2509 1740 libera
2540 1700 2625 1740 me
2655 1684 2725 1739 ab
2754 1685 2859 1740 hac
2887 1684 3142 1756 praesenti
3190 1684 3307 1753 jam
3353 1684 3565 1755 imagine
3589 1697 3691 1739 utor-

2165 1776 2255 1833 tis.
2290 1797 2309 1830 ι
2348 1775 2667 1848 Hujusmodi
2698 1778 2947 1833 oratione
2994 1777 3049 1832 in
3089 1786 3388 1847 conspectu
3423 1774 3623 1840 Domini,
3650 1784 3691 1831 et

477 1870 727 1930 trunzqtte
757 1868 972 1915 tuorum
998 1859 1339 1915 orationibus
1370 1860 1769 1927 commendem,
1796 1875 2063 1932 quatenus
2095 1849 2137 1904 Β
2166 1869 2283 1940 ejus
2312 1870 2564 1943 gloriosa;
2591 1869 2779 1925 Matris
2805 1869 2989 1925 Marize
3018 1885 3141 1925 cum
3177 1878 3292 1925 tota
3349 1868 3532 1924 mentis
3557 1869 3685 1924 dero-

473 1962 573 2003 nos
605 1946 716 2004 Deo
744 1957 800 2003 et
833 1950 953 2019 ejus
982 1949 1083 2018 pia:
1128 1949 1393 2005 Genitriti
1432 1966 1519 2004 me
1553 1952 1869 2021 suppliciter
1908 1968 2059 2008 com-

474 2042 734 2096 mendare
759 2042 1040 2097 studeatis.
1063 2061 1081 2094 ο
1114 2041 1235 2096 Mox
1264 2042 1347 2096 vir
1378 2042 1587 2097 Domini
1623 2042 2061 2115 licrluinus,pie-

472 2132 605 2187 tatis
637 2131 938 2189 visceribus
968 2132 1021 2186 in
1055 2130 1352 2187 ferventem
1393 2133 1492 2187 viri
1534 2133 1874 2189 devotionem
1920 2135 2059 2189 miro

464 2225 963 2281 charitatisail‘ectu
980 2224 1409 2295 praecordialiter
1429 2236 1639 2282 motus:
1662 2245 1680 2277 ι
1703 2226 1836 2293 Deo,
1860 2227 2052 2297 inquit,

471 2326 525 2373 te
546 2327 602 2373 et
627 2317 988 2375 sanctissima:
1013 2318 1168 2373 Matri
1188 2318 1303 2388 ejus
1318 2320 1797 2385 commendamus;
1827 2336 2056 2391 quorum

469 2417 523 2463 te
553 2410 712 2465 tuitio
736 2420 1006 2481 protegat,
1036 2420 1091 2466 et
1119 2427 1149 2465 a
1170 2411 1382 2466 cunctis
1421 2411 1841 2467 adversitatibus
1870 2422 2059 2482 poten-

469 2502 842 2559 terdefendat.
866 2522 883 2557 ι
911 2502 967 2558 In
1001 2504 1103 2559 hac
1123 2504 1502 2559 benedietiorie
1526 2506 2057 2569 conlisus,oscnlatis

444 2594 668 2650 abbate
691 2604 743 2651 et
773 2595 1053 2661 fratribus,
1088 2611 1213 2651 cum
1238 2595 1402 2652 sociis
1444 2597 1510 2655 ad
1553 2598 1730 2653 locum
1778 2606 2052 2670 properat,

464 2700 575 2755 quo
607 2686 687 2742 ire
708 2696 974 2758 cmperat,
1004 2688 1070 2741 ad
1102 2696 1369 2753 castrmn,
1401 2703 1502 2742 sua
1557 2688 1767 2745 scilicet
1795 2688 2056 2743 CUSlOtiitB

462 2775 810 2846 deputatum.
868 2779 939 2832 At
992 2792 1121 2832 vero
1173 2776 1394 2842 Franci,
1446 2793 1536 2846 qui
1573 2792 1605 2832 e
1640 2779 1860 2849 regione
1912 2778 2053 2835 ultra

461 2866 623 2922 lttam
639 2872 1080 2931 commanebant,
1097 2867 1283 2923 audito
1298 2871 1441 2937 quod
1461 2868 1760 2925 Willehnus
1772 2869 2054 2942 Crispinus

436 2994 439 2999 ι
467 2959 745 3013 transiens
778 2958 1087 3029 Sequanam
1112 2961 1165 3013 in
1184 2959 1636 3016 Northmanniam
1659 2962 2050 3030 descendisset,

464 3050 781 3121 conglobati
808 3051 860 3105 in
892 3067 1082 3115 unum,
1111 3052 1341 3107 sollicite
1377 3052 1746 3108 obserVabant
1773 3054 1888 3123 ejus
1932 3056 2051 3111 red-

476 3142 635 3208 itum,
656 3157 780 3198 cutn
809 3142 971 3209 forte,
997 3144 1107 3213 ipsa
1135 3145 1221 3199 die
1246 3160 1351 3215 qua
1379 3146 1770 3211 revertebatur,
1798 3148 1848 3201 in
1875 3148 2048 3203 vicina

407 3289 410 3292 .
461 3234 598 3289 silva
629 3236 682 3289 in
713 3235 925 3290 insidiis
945 3236 1202 3291 occultati
1231 3237 1716 3307 aperiebantur,ut
1744 3240 2050 3295 venientem

459 3334 559 3379 aut
583 3335 859 3395 caperent,
892 3336 987 3381 aut
1036 3327 1392 3383 trucidarent.
1427 3328 1710 3400 Crispinus
1764 3333 1831 3386 ad
1873 3331 2047 3388 locum

464 3433 790 3488 properans,
850 3435 974 3495 cum
1021 3418 1135 3489 jam
1188 3435 1295 3474 non
1353 3419 1511 3493 longe
1562 3439 1591 3476 a
1650 3422 1842 3479 Castro
1882 3433 2047 3489 esset,

430 3538 433 3541 -
462 3506 888 3577 transivitjuxta
920 3508 1139 3573 silvam,
1174 3509 1227 3564 in
1262 3525 1367 3580 qua
1400 3510 1595 3567 Franci
1647 3513 1934 3570 latitabant
1982 3518 2047 3571 ad

459 3617 584 3656 eum
617 3603 1039 3659 interimendum
1066 3604 1244 3675 parati
1273 3622 1287 3658 :
1313 3606 1403 3674 qui
1431 3622 1553 3661 tnox
1578 3619 1863 3664 cernentes
1887 3625 2046 3675 quem

460 3692 808 3760 quaerebant,
864 3702 1153 3763 surgentes
1200 3694 1266 3747 de
1322 3694 1532 3750 insidiis
1582 3697 1841 3753 audacter
1898 3699 1951 3753 ill
1995 3714 2045 3753 m

461 3782 727 3837 invadunt
760 3799 774 3836 :
805 3790 932 3837 tunc
955 3783 1087 3838 socii
1114 3783 1302 3839 relicto
1322 3799 1388 3837 eo
1410 3802 1600 3842 omnes
1632 3788 1883 3859 fugerunt
1912 3807 1926 3843 :
1958 3790 2046 3845 ille

458 3875 767 3944 pra-sidiam
799 3875 940 3947 fuga)
995 3886 1268 3933 attentare
1316 3878 1527 3943 volens,
1577 3881 1844 3937 densitttte
1897 3884 2045 3939 silva:

458 3966 924 4037 praepediebatur;
955 3968 1145 4039 sicque
1168 3970 1521 4041 interceptus,
1552 3974 1678 4043 quia
1707 3992 1807 4029 nec
1836 3975 2042 4047 [κει-ττι,

456 4072 559 4113 nec
592 4058 848 4116 resistere
880 4060 1119 4127 valebat,
1141 4062 1208 4116 de
1232 4076 1374 4132 equo
1404 4064 1605 4128 exiiiit;
1640 4074 1695 4119 et
1724 4067 2043 4124 ιιεοιεείιὲιιυ

449 4148 766 4221 compulsus
788 4168 955 4223 super
979 4153 1214 4227 radicem
1239 4154 1439 4209 excisa!
1473 4156 1710 4223 arboris,
1742 4175 1864 4227 qua:
1885 4159 2041 4228 juxta

449 4250 589 4305 erat,
629 4241 855 4308 insedit;
915 4242 1175 4305 habenas,
1207 4244 1404 4315 quibus
1447 4262 1647 4316 equum
1699 4252 1941 4320 regebat,
1985 4262 2042 4305 Ill

445 4332 670 4402 quidam
704 4333 909 4396 dicunt,
942 4335 1135 4391 vicina:
1165 4336 1379 4393 arboris
1410 4338 1577 4393 ramis
1604 4340 1888 4410 appendit;
1913 4324 2041 4395 etut

2078 3199 2123 3259 C

2168 1961 2335 2023 tione,
2384 1968 2439 2016 et
2496 1976 2693 2032 magno
2731 1961 2954 2017 contriti
2988 1960 3169 2015 cordis
3217 1958 3429 2022 dolore,
3468 1958 3569 2014 sine
3592 1971 3690 2012 sono

2162 2052 2311 2108 vocis
2339 2053 2556 2117 emissa,
2592 2052 2848 2108 anxiatus
2898 2061 2983 2108 est
3034 2052 3229 2123 spiritu
3286 2066 3424 2123 pene
3477 2049 3688 2121 usquead

2163 2146 2419 2201 sudorem
2452 2145 2666 2210 mortis,
2696 2161 2820 2200 cum
2851 2145 3034 2201 subito
3063 2160 3093 2199 a
3124 2144 3375 2199 sinistris
3404 2144 3559 2199 astitit
3582 2142 3619 2196 ei
3642 2141 3689 2194 ad

2162 2236 2286 2297 vitat
2308 2234 2562 2291 solatium
2596 2236 2844 2306 quaedam
2872 2235 3061 2307 virago
3084 2235 3380 2306 prmclara,
3400 2234 3535 2289 vultu
3549 2232 3691 2302 jucun-

2159 2326 2249 2391 da,
2284 2336 2477 2381 ornatu
2506 2327 2656 2396 regio
2678 2330 2946 2396 speciosa,
2974 2326 3159 2381 suitili
3184 2334 3240 2381 et
3270 2324 3491 2381 candida
3514 2324 3689 2379 sindone

2162 2417 2388 2482 amicza,
2420 2432 2540 2485 quae
2575 2416 2846 2471 manicam
2876 2430 3029 2471 suam
3058 2414 3347 2470 dexteram
3376 2414 3604 2483 ergandit
3627 2427 3690 2467 su.

2159 2522 2258 2579 per
2275 2522 2420 2573 eum,
2453 2516 2508 2561 et
2530 2507 2633 2562 hoc
2665 2506 2935 2561 velamine
2960 2505 3080 2575 ejus
3103 2504 3217 2561 fere
3240 2522 3443 2577 corpus
3467 2503 3688 2575 cooperuit

2161 2607 2353 2666 totum,
2378 2615 2504 2654 nam
2552 2599 2623 2665 ad,
2671 2598 2831 2654 tibias
2854 2613 3026 2669 usque
3050 2598 3263 2654 medias
3294 2599 3397 2653 hoc
3423 2606 3604 2668 tegmen
3623 2596 3688 2650 de-

2157 2694 2475 2758 scendebat,
2508 2700 2563 2748 et
2592 2692 2734 2749 ultra
2761 2682 3078 2764 pertingere
3101 2708 3206 2748 non
3238 2693 3471 2749 valebat.
3500 2690 3689 2746 Habebat

2158 2785 2263 2858 55
2292 2794 2473 2842 autent
2509 2786 2703 2842 rubens
2743 2786 2942 2857 caligas
2975 2793 3030 2842 et
3060 2784 3179 2842 ideo
3204 2776 3547 2842 contrahebat
3570 2798 3617 2838 sc
3647 2791 3687 2835 et

2156 2882 2473 2947 stringebat,
2521 2887 2576 2931 et
2613 2885 2757 2931 totus
2805 2876 2857 2930 in
2913 2877 3092 2946 seipso
3141 2887 3419 2941 curvatus,
3470 2877 3689 2929 laborant

2152 2977 2423 3036 quatenus
2474 2966 2634 3020 tibias
2662 2975 2718 3021 et
2747 2964 2911 3036 pedes
2963 2966 3063 3020 sub
3111 2965 3328 3022 manica
3358 2968 3507 3037 regia:
3546 2963 3688 3035 puella

2154 3046 2533 3129 absconderet,
2559 3077 2657 3117 nec
2689 3071 2918 3133 poterat.
2947 3062 3223 3116 Accedunt
3265 3062 3461 3126 lostcs,
3488 3071 3535 3114 et
3559 3060 3686 3111 virum

2154 3157 2432 3227 inquirere
2464 3156 2667 3211 lanceis
2719 3165 2772 3211 et
2821 3172 3140 3212 mucronum
3188 3157 3498 3228 cuspidibus
3534 3151 3689 3208 accele-

2155 3262 2298 3317 rant,
2333 3259 2387 3306 et
2416 3252 2704 3321 purgendo
2728 3252 2829 3306 sub
2872 3249 3174 3316 frondibus,
3205 3259 3275 3306 et
3304 3249 3545 3311 arbustis,
3569 3257 3689 3311 atque

2153 3346 2345 3401 frui-tis
2370 3387 2389 3411 ,
2432 3360 2599 3415 usque
2634 3345 2701 3399 ad
2733 3344 2849 3415 ejus
2883 3344 3048 3414 pedes
3078 3345 3160 3398 vel
3184 3345 3254 3400 ad
3293 3358 3485 3413 corpus
3509 3341 3688 3408 undtqre

2153 3436 2431 3499 infestant,
2469 3437 2561 3492 sed
2592 3421 2898 3491 nuliomodo
2927 3436 3100 3507 ipsum
3126 3436 3443 3504 tangebam.
3474 3432 3573 3503 ipse
3595 3445 3690 3486 vero

2124 3544 2250 3596 per
2282 3528 2635 3582 munitionem
2685 3526 2856 3581 beata:
2888 3527 2978 3580 Dei
3026 3524 3344 3588 Genitrlcis,
3378 3522 3585 3579 inimicis
3607 3520 3686 3574 suis

2150 3620 2326 3677 factus
2349 3627 2429 3676 est
2458 3617 2759 3681 invisibilis,
2795 3627 2849 3673 ct
2877 3618 3209 3673 azhnirantes
3240 3617 3491 3673 dicebant
3522 3632 3534 3669 :
3563 3634 3578 3665 ι
3603 3616 3685 3679 Quo

2122 3712 2317 3783 abiit?
2344 3711 2501 3778 Quid.
2530 3710 2779 3764 devenit?
2823 3708 3073 3778 Nunquid
3122 3723 3244 3763 eum
3285 3709 3539 3763 viventem
3579 3714 3684 3756 te‘n

2124 3803 2459 3862 .absorbnit?
2481 3802 2595 3857 lluc
2618 3802 2788 3869 venit,
2812 3802 2897 3857 hic
2924 3801 3041 3855 fuit.
3067 3800 3183 3868 Quo
3210 3799 3350 3872 fugit
3377 3810 3429 3854 et
3449 3799 3492 3853 a!
3511 3792 3686 3852 svasit?

2150 3894 2287 3948 Ecce
2312 3909 2481 3963 equus
2504 3892 2649 3948 ill.ns
2669 3893 2955 3963 dependet,
2979 3907 3139 3961 quem
3172 3890 3506 3962 insequimur
3528 3905 3539 3940 ε
3561 3887 3631 3940 Iun
3647 3896 3683 3943 c,

2116 4000 2211 4051 ,ea
2238 4000 2343 4040 non
2373 3986 2611 4051 invento,
2645 3985 2708 4038 ad
2734 3983 3117 4038 detrimrnttnn
3171 3982 3319 4038 illius
3359 3978 3595 4050 subripiat
3618 3973 3683 4043 qui

2147 4092 2176 4128 v
2200 4077 2275 4129 ιιι.
2312 4096 2328 4128 ι
2350 4075 2431 4130 At
2464 4076 2533 4129 illi
2559 4076 2755 4145 quibus
2783 4084 2899 4129 erat
2924 4075 3110 4130 sanior
3137 4089 3295 4130 mens
3350 4076 3683 4142 responderunt

2147 4183 2252 4222 non
2295 4181 2353 4222 se
2384 4165 2593 4222 venisse
2635 4181 2835 4237 equum
2886 4179 3098 4235 rapere,
3149 4164 3240 4219 sed
3275 4164 3499 4227 hostem,
3528 4160 3563 4216 si
3590 4171 3682 4229 prs-

2111 4267 2285 4322 .sent,
2332 4259 2586 4313 infestum
2626 4256 2895 4328 jugulare.
2943 4258 3189 4327 (Sinuque
3234 4257 3329 4311 diu
3372 4248 3682 4325 investigandi

2111 4400 2115 4404 .
2145 4351 2291 4404 illum
2318 4350 2654 4406 labor-asserit
2679 4351 2730 4406 in
2758 4366 3011 4418 vacumn,
3043 4358 3462 4419 veSperascente
3481 4348 3579 4418 jam
3602 4342 3677 4401 die

451 4422 543 4476 alii
572 4424 878 4489 volunt,tad
905 4437 1253 4498 augmentum
1307 4429 1571 4495 miraculi,
1606 4447 1765 4487 manu
1795 4434 2036 4489 retinnit.
2109 4501 2113 4504 _
2143 4438 2351 4495 confusi
2381 4440 2446 4494 ad
2491 4439 2707 4511 propria
2734 4440 3032 4495 redierunt.
3062 4439 3215 4496 Tune
3244 4439 3333 4494 illa
3368 4438 3585 4510 piissima
3614 4434 3679 4486 i’o-

454 4512 551 4569 llis
578 4524 820 4570 arctatus
863 4520 1152 4589 angustiis,
1191 4519 1499 4576 Wiilelmus
1540 4523 1822 4594 Crispinus
1847 4540 1941 4579 cur
1970 4525 2036 4578 ad
2070 4547 2115 4603 ι)
2145 4529 2289 4583 mina
2321 4547 2333 4582 :
2366 4548 2384 4580 ι
2423 4527 2523 4585 8οἱ
2546 4546 2631 4593 ne,
2670 4530 2863 4600 inquit,
2916 4530 3097 4594 homo,
3131 4529 3183 4584 in
3226 4532 3421 4585 mortis
3463 4523 3676 4598 angustia,

456 4604 622 4657 licunt
652 4602 810 4666 levat,
843 4606 1177 4679 Matremque
1229 4611 1616 4668 misericordiae
1650 4631 1841 4682 magna
1876 4617 2038 4671 dcvo-
2076 4602 2083 4603 ί
2142 4622 2282 4676 unde
2329 4621 2422 4677 tibi
2464 4630 2829 4692 provenerunt
2864 4624 2987 4678 vita:
3024 4607 3304 4677 subsidia?
3351 4622 3495 4678 Nosti
3529 4629 3677 4675 nomen

453 4692 601 4785 “9‘”:
633 4694 830 4749 "'emis
860 4696 1117 4752 νυείίιιυεη
1150 4716 1162 4751 ⁵
1196 4716 1215 4750 ⁴
1253 4699 1477 4756 nomine
1507 4702 1634 4757 1‘33"
1675 4704 1910 4771 ειιτῖδιθ,
1938 4706 2035 4773 nil.
2102 4780 2105 4781 ν
2142 4728 2341 4778 meum,
2376 4730 2494 4783 qua:
2523 4714 2615 4767 tibi
2647 4714 2947 4768 ministravi
2980 4713 3031 4768 in
3062 4718 3254 4770 mortis
3288 4731 3338 4770 ai
3362 4713 3527 4785 gustia
3550 4705 3679 4775 respi'

454 4783 716 4840 miserere
770 4787 906 4852 mei,
939 4798 994 4843 et
1052 4805 1150 4859 per
1202 4794 1398 4847 merita
1447 4794 1627 4851 Patris
1672 4795 1917 4853 llerluini
1978 4810 2036 4855 et

449 4875 681 4931 fratrum
710 4876 849 4946 ejus,
878 4880 1075 4948 quibus
1107 4898 1190 4937 me
1223 4884 1541 4954 suppliciter
1572 4888 1732 4943 hodie
1759 4905 2033 4946 commen-

444 4967 595 5033 davi,
621 4967 790 5024 libera
825 4985 911 5025 tne
962 4972 1027 5027 de
1083 4973 1183 5028 hoc
1218 4975 1519 5032 imminenti
1553 4980 1792 5048 periculo
1820 4984 2028 5037 mortis.

406 5060 491 5117 tl)
539 5078 802 5133 generosa
838 5066 1018 5136 Virgo,
1073 5066 1275 5123 intacta
1311 5068 1521 5125 Domini
1575 5070 1764 5138 Mater,
1818 5075 2031 5144 suscipe

446 5154 692 5229 indignas
739 5159 813 5213 tui
859 5161 1165 5229 peccatoris
1217 5159 1281 5233 [f.
1344 5163 1665 5235 precatoris]
1709 5181 1932 5235 preces,
1974 5177 2030 5222 et

445 5248 791 5306 contt'ibulati
844 5253 1027 5307 cordis
1058 5253 1390 5308 sacrificium
1423 5268 1548 5311 ante
1588 5256 1797 5322 Deum,‘
1822 5266 1877 5313 et
1904 5271 2028 5315 ante

441 5348 497 5393 te
539 5339 796 5395 ascendat
834 5340 889 5397 in
935 5343 1159 5399 odorem
1189 5344 1501 5399 suavitatis.
1534 5345 1699 5419 Virgo
1731 5348 2024 5417 virginum,

442 5429 668 5497 Domina
720 5436 1060 5506 angelorum,
1118 5436 1163 5492 si
1220 5454 1325 5508 qua
1382 5439 1475 5493 tibi
1527 5456 1654 5494 cura
1686 5450 1771 5495 est
1815 5443 1882 5497 de
1936 5452 2024 5498 tuo

437 5520 694 5578 Beccensi
719 5524 1001 5595 llerluino,
1026 5529 1347 5597 suppliciter
1370 5531 1599 5586 obsecro
1633 5540 1689 5585 ut
1718 5548 1747 5585 a
1771 5535 2020 5601 praesenti

438 5630 526 5668 me
558 5615 787 5672 liberare
809 5619 1045 5692 digneris
1075 5624 1264 5680 exitio.
1316 5622 1522 5679 instant
1551 5625 1791 5696 undique
1814 5627 2018 5692 hostes,

430 5707 544 5777 jam
575 5707 643 5761 de
673 5723 789 5762 mea
838 5720 1033 5777 morte,
1064 5712 1148 5767 vel
1200 5718 1451 5770 cautione
1482 5716 1797 5773 insultando
1829 5718 2019 5772 trium-

435 5799 697 5867 pbantes;
731 5800 972 5879 imminet
1023 5804 1232 5862 hostilis
1282 5824 1492 5878 manus,
1548 5824 1710 5881 quam
1746 5826 1852 5868 non
1890 5812 2017 5867 licet

2141 4807 2292 4860 ranli
2326 4806 2616 4860 solatium?
2666 4807 2775 4877 Ego
2823 4824 2942 4861 sum
2992 4808 3133 4863 bona
3185 4809 3279 4863 Dei
3330 4808 3514 4870 Mater,
3542 4800 3612 4858 cui
3640 4807 3677 4851 le

2138 4894 2305 4950 abbas
2355 4894 2643 4952 llerluintzs
2697 4908 2805 4951 toto
2854 4900 3017 4954 cori'e
3059 4887 3476 4961 commendavit,
3508 4884 3675 4966 quando

2138 4986 2237 5040 hoc
2266 4995 2353 5040 tua
2376 4988 2601 5041 intentio
2631 4988 2821 5043 devote
2844 4989 3152 5058 postulavit.
3192 5009 3209 5042 ι
3239 4990 3334 5045 His
3365 4989 3531 5053 dicti~‘,
3552 4983 3673 5051 Virgo

2134 5075 2401 5132 discessit.
2437 5078 2527 5133 Sic
2555 5078 2755 5149 spargit
2792 5079 2993 5151 Regina
3029 5080 3151 5135 culi
3197 5081 3529 5151 sperantibus
3566 5077 3673 5129 inse

2133 5167 2353 5224 odorem
2384 5171 2531 5235 vitae,
2563 5172 2639 5227 sic
2670 5172 2898 5227 attrahit
2940 5173 3005 5229 ad
3056 5190 3114 5230 se
3164 5174 3195 5229 i:
3223 5172 3567 5228 munerabiles
3604 5180 3671 5219 co-

2132 5264 2282 5334 piosa
2336 5264 2620 5327 cltaritate,
2680 5276 2729 5321 et
2784 5269 3053 5321 neminem
3106 5268 3359 5336 relinquit
3410 5261 3667 5339 inglorium.

2129 5354 2219 5424 qni
2252 5354 2443 5410 devote
2466 5352 2584 5423 ejus
2614 5355 2866 5426 iltthOI‘;.l
2888 5356 3167 5412 auxilium.
3201 5356 3433 5413 Comites
3459 5346 3664 5422 Crispini.

2090 5447 2218 5519 ¹ιμιὶ
2271 5448 2466 5505 timore
2510 5450 2744 5504 hostium
2795 5451 2863 5505 ab
2908 5465 2973 5505 eo
3020 5451 3391 5525 profugerant,
3439 5445 3663 5501 veniente~

2127 5539 2344 5593 domum
2402 5541 2541 5596 tristi
2601 5558 2819 5598 rumore
2872 5542 3211 5613 repleverant
3256 5543 3523 5614 oppilum,
3555 5532 3661 5605 quiNl

2124 5644 2310 5685 eorum
2342 5632 2591 5689 dominus
2622 5645 2713 5688 aut
2742 5645 2932 5705 captus
2955 5651 3059 5692 ess
3081 5644 3118 5702 t,
3146 5646 3236 5691 aut
3262 5646 3514 5689 mortuus.
3539 5625 3662 5683 Dolor

2124 5721 2311 5793 ingens
2342 5726 2605 5792 omnium,
2658 5726 2837 5783 luctus
2883 5726 3318 5798 incomparabilis
3347 5735 3455 5780 erat
3486 5738 3567 5792 per
3600 5728 3659 5769 to.

2124 5820 2235 5866 tum
2281 5815 2584 5886 castellum,
2614 5834 2736 5872 cmn
2784 5819 2961 5874 subito
3007 5819 3333 5891 prospiciunt
3378 5812 3654 5869 “'iileintuzu
