1926 3154
91 176 132 204 7“

573 187 576 189 >
593 173 638 204 DE
658 172 767 202 NOBILI
787 173 927 210 GENELKE
945 174 1193 205 (ZﬂiSPlNORUM.

1659 173 1715 205 711

87 232 232 268 Crispinum
246 239 328 268 super
350 239 449 267 equum
464 230 629 263 venientem,
644 235 670 259 et
692 239 752 259 eum
774 239 870 265 magno
887 235 907 262 Α
923 232 1057 267 amplcc‘.i,
1072 241 1169 270 magna
1181 233 1322 261 devotione
1332 233 1463 262 venerari.
1482 233 1586 268 Vestes
1601 235 1627 261 et
1640 236 1715 269 qua:-

86 278 176 313 gaudio
193 283 371 306 occurrentes
409 276 558 312 suscipiunt
576 276 649 303 illum
675 276 806 304 halantes.
824 277 872 305 llic

88 325 171 357 heros,
189 331 253 351 cum
268 328 349 351 antea
364 324 509 358 plurimum
520 323 682 350 Beccensem
702 327 808 350 amaret
822 323 872 351 Ec-

83 370 200 402 elesiam.
215 370 345 405 deinceps
359 371 409 397 hac
423 371 455 398 de
467 378 549 397 causa
560 377 642 404 super
658 376 752 396 omnes
766 369 869 401 dilexit.

85 421 110 444 et
127 417 158 444 de
172 417 255 444 rebus
270 416 328 444 suis
343 416 426 444 multa
439 416 465 443 in
483 424 514 443 ea
529 415 584 443 Deo
604 416 785 444 servientibus
804 408 871 444 con:

83 463 149 490 tulit.
163 461 251 496 Quam
276 461 447 490 dilectionem
464 462 580 497 posteris
600 462 667 495 suis,
683 462 758 498 quasi
783 462 870 490 hatre-

84 508 202 536 ditariam
217 507 338 543 reliquit.
362 508 398 535 ita
413 514 440 535 ιιι
457 508 579 537 videatur
593 509 664 544 quod
688 509 813 539 inﬂantes,
838 509 871 536 de

84 555 136 583 eius
148 554 280 589 progenie
294 555 444 586 venientes,
458 555 619 583 Beccensem
636 555 748 591 diligant
763 560 871 583 natura-

84 600 138 627 liter
156 599 326 633 Ecelesiam;
348 608 381 628 ac
405 601 428 629 si
454 609 517 628 cum
543 600 614 629 lacte
639 602 729 630 carnis
753 601 872 630 biberint

83 646 161 681 ipsius
184 645 357 674 dulcedinem
385 647 502 680 amoris;
528 646 613 682 ipsam
633 655 740 682 quoque
763 648 870 676 Domini

78 690 240 720 Genitricem
254 710 263 724 ,
288 699 349 727 quae
372 699 421 725 per
447 697 530 720 totum
557 693 686 720 mundum
708 693 870 721 venerabilis

82 735 200 769 habetur,
212 737 293 772 quasi
303 737 390 765 solum
403 737 481 765 Becci
493 737 607 770 colatur,
619 743 741 766 sanctam
757 738 869 766 Mariam

81 780 152 809 Βορθί
167 781 309 816 invocant,
331 786 359 810 et
381 782 572 818 deprecantur,
595 787 623 811 et
647 784 785 812 multoties
811 785 870 818 ejus

81 827 202 855 auxilium
230 833 338 863 experti
366 833 429 856 sunt
455 829 481 856 in
509 830 714 857 necessitatibus
741 831 808 857 suis.
832 831 870 858 De

80 872 170 906 quibus
183 872 288 900 dicitur
310 874 374 908 quia
398 873 559 902 Beccensem
575 874 736 908 Ecclesiam,
754 883 816 903 mox
842 877 868 904 in

83 916 135 952 ipso
150 922 221 951 ortu,
238 919 318 954 quasi
336 919 362 946 in
386 920 463 947 cunis
482 928 566 955 nuper
584 925 675 948 natam
692 926 867 956 exceperunt,

80 967 104 990 et
127 963 324 997 educaver..nt,
339 970 422 1001 atque
445 966 479 992 ad
501 965 648 1001 perfectam
672 971 780 994 aetatem
806 975 869 1003 per-

82 1007 221 1042 duxerunt;
234 1010 446 1046 sumptibusque
458 1012 515 1038 suis
536 1018 586 1046 pro
599 1016 680 1047 posse
702 1012 867 1040 extulerant.

82 1053 124 1081 llic
137 1056 260 1092 egregius
290 1056 340 1087 vir,
359 1064 430 1092 saepe
450 1057 523 1086 fatus
540 1057 691 1086 Willelmus
715 1059 868 1094 Crispinus,

81 1101 111 1129 ad
132 1107 287 1130 extremum
313 1102 436 1136 veniens,
454 1104 536 1136 misit,
561 1108 589 1131 et
614 1105 718 1140 rogavit
745 1110 868 1132 sanctum

81 1145 180 1174 Patrem
201 1147 366 1175 llerluinum
380 1149 472 1176 venire
486 1149 519 1176 ad
536 1156 576 1182 se,
594 1153 624 1176 ut
639 1151 716 1177 daret
736 1148 787 1176 sibi
807 1149 869 1176 reli-

81 1193 160 1227 gionis
183 1193 325 1226 habitum;
342 1195 464 1221 tardante
480 1200 571 1222 autem
595 1195 702 1229 abbate,
727 1195 794 1222 vidit
815 1195 869 1222 dae-

83 1245 168 1265 mones
193 1239 228 1265 ad
253 1246 287 1266 se
312 1231 429 1272 venisse,
453 1244 479 1267 et
501 1240 573 1270 duas.
593 1240 727 1267 macerias
755 1240 867 1267 nimium

82 1283 193 1311 excelsas
208 1284 286 1312 circa
303 1292 332 1312 se
343 1285 487 1313 aedificare.
501 1285 603 1319 Quibus
619 1286 656 1313 ita
668 1286 825 1314 arctabatur
840 1291 869 1313 ut

83 1335 129 1355 non
148 1337 176 1357 se
192 1335 306 1365 putaret
325 1330 388 1358 inde
407 1338 486 1366 posse
503 1333 631 1363 evadere,
643 1340 705 1359 cum
716 1333 868 1367 ecce‘aspi-

82 1374 160 1403 ciebat
174 1383 301 1404 sanctum
317 1377 503 1412 Benedictum,
520 1379 626 1414 signum
644 1379 791 1407 ﬂaminica:
806 1387 869 1406 cru-

81 1420 118 1447 cis
140 1421 267 1450 manibus
293 1422 437 1455 ferentem,
454 1424 489 1451 ad
509 1431 538 1451 se
563 1425 707 1458 accedere;
732 1426 765 1452 ad
792 1425 868 1460 cujus

80 1467 216 1496 adventum
229 1469 276 1496 illa
291 1469 438 1498 daemonica
451 1471 593 1506 phantasia
610 1476 664 1499 tota
678 1471 866 1499 evanesccbat.

82 1511 130 1541 Nec
141 1521 225 1548 mora,
238 1515 380 1543 nuntiatur
391 1517 487 1544 adesse
500 1516 642 1544 Beccensis
656 1517 740 1545 abbas
754 1524 868 1544 venera-

80 1558 136 1587 bilis
147 1559 309 1594 Herluinus,
327 1565 356 1589 et
376 1570 438 1590 cum
452 1569 485 1590 eo
506 1563 616 1598 quidam
642 1563 805 1596 inonachus,
822 1571 867 1590 no-

83 1605 146 1633 mine
167 1605 335 1640 Willehnus,
358 1608 405 1643 qui
420 1613 512 1643 postea
531 1609 582 1636 fuit
604 1609 687 1637 abbas
701 1608 867 1637 Catmelien-

81 1650 123 1682 s's,
147 1658 161 1678 a
186 1659 242 1687 quo
275 1652 333 1680 hac
359 1653 451 1681 audita
479 1654 625 1681 dicuntur;
650 1654 777 1682 Narravit
802 1663 867 1691 ergo

81 1697 212 1733 Crispinus
236 1698 330 1727 abbati
355 1699 552 1728 luditicationes
579 1702 743 1735 daemonum,
769 1706 798 1730 et
820 1702 866 1730 Dei

82 1741 234 1775 adiutorium
248 1752 300 1780 per
312 1750 436 1773 sanctum
449 1745 625 1774 Benedictum
639 1747 688 1775 sibi
704 1748 863 1782 impensum.

82 1786 149 1816 Tunc
171 1788 261 1817 factus
277 1795 319 1818 est
336 1792 486 1820 monachus
500 1797 527 1820 et
549 1797 608 1828 post
623 1801 725 1828 paucos
740 1793 798 1821 dies
812 1794 867 1821 vita

82 1832 204 1867 discessit,
221 1839 251 1862 et
265 1835 393 1864 humatus
404 1836 480 1871 juxta
496 1837 640 1866 ec.lesiam
656 1838 699 1866 ubi
717 1839 865 1866 claustrum

82 1878 261 1908 adiﬁcandum
288 1887 358 1915 erat,
380 1883 519 1911 confidens
547 1892 577 1912 se
603 1892 652 1919 per
674 1889 797 1913 sanctam
816 1886 867 1912 Βο‹

83 1922 141 1951 mini
164 1924 281 1954 Matrem
307 1926 419 1954 Mariam
444 1935 521 1955 suam
547 1922 745 1962 litteratriccm,
767 1933 794 1956 et
819 1936 867 1964 per

82 1969 180 1999 beatum
194 1971 373 2001 Benedictum
388 1974 503 2010 gratiam
524 1974 637 2009 Christi,
656 1980 688 2003 et
710 1975 865 2004 misericor-

82 2015 146 2044 diam
159 2024 380 2048 consecuturum.

167 2071 334 2093 IPI'I'APIIIUI
355 2074 489 2094 WILLELII
509 2075 620 2095 CRISPINI
641 2075 772 2096 SENIORIS.

130 2107 259 2137 Nobiliter
274 2116 351 2138 natus
364 2112 437 2139 miles
447 2113 497 2147 [uit
510 2114 552 2140 hic
563 2114 721 2147 tumulatus,

160 2153 304 2189 Providus,
315 2161 340 2184 et
350 2157 437 2192 fortis,
452 2159 568 2186 moribus
579 2165 657 2195 atque
671 2159 777 2194 probus.

129 2198 178 2232 Qui
194 2209 225 2229 ne
241 2202 356 2230 mundus
367 2211 426 2230 eum
440 2209 524 2238 posset
545 2204 709 2238 submergere
723 2213 820 2237 secum,

162 2246 222 2274 Huc
238 2254 344 2283 portum
358 2250 448 2283 subiit,
459 2256 601 2278 monachus
613 2251 656 2278 hu:
668 2252 742 2279 abut.

128 2290 188 2320 Iani
197 2299 256 2328 post
269 2293 372 2326 Nonas,
387 2304 419 2322 ac
433 2300 485 2323 tres
499 2302 524 2323 et
534 2301 647 2332 quatuor
658 2297 747 2330 horas;

161 2338 226 2367 Cum
236 2340 296 2376 jam
310 2340 471 2375 complesset,
485 2343 625 2377 quintoque
635 2342 692 2377 jam
703 2342 786 2378 ﬁeret.

128 2383 228 2414 Parvus
241 2392 298 2415 erat
311 2386 421 2420 Beccus,
434 2397 495 2415 cum
506 2397 616 2423 parvum
630 2390 735 2417 nomine
746 2389 831 2423 rebus,

162 2430 315 2467 Sumptibus
328 2432 382 2467 ipse
392 2433 458 2465 suis,
472 2433 564 2460 extulit
582 2439 610 2461 ut
623 2435 717 2469 potuit.

130 2475 198 2504 Noto
211 2477 349 2513 Crispinus
360 2479 447 2514 fuerat
459 2480 611 2514 cognomine
628 2480 724 2513 dictus,

163 2521 276 2550 Nomine
289 2523 449 2556 Willelmus,
464 2525 517 2557 cui,
532 2524 610 2557 Deus,
623 2531 677 2553 esto
691 2526 760 2561 pius.

113 2564 162 2595 Iste
177 2568 327 2597 Willelmus
344 2570 485 2605 Crispinus
504 2571 599 2599 habuit
621 2580 746 2605 uxorem,
758 2573 867 2601 nomine

85 2611 169 2645 Evam,
186 2623 285 2650 genere
298 2621 325 2644 et
337 2616 458 2644 moribus
473 2617 524 2645 sibi
536 2622 746 2654 competentem,
762 2618 796 2646 de
814 2626 866 2653 qua

84 2659 167 2691 genuit
178 2660 372 2695 Gislehertum,
384 2663 543 2697 praedictum
558 2662 803 2691 West-Monasterii
819 2664 866 2692 ab-

84 2702 176 2738 batem,
187 2711 215 2734 et
235 2707 303 2735 alios
317 2708 419 2743 plures.
436 2708 497 2736 llaec
512 2708 565 2736 Eva
590 2709 623 2736 de
644 2715 724 2744 gente
748 2709 867 2738 Franco-

86 2754 150 2782 rum,
162 2751 241 2779 ctaris
255 2753 389 2781 natalibus
406 2753 557 2789 progenita,
575 2759 717 2789 postquam
739 2754 866 2788 przedicto

85 2794 169 2828 nupsit
190 2795 345 2830 Willelmo,
375 2798 433 2833 ejus
455 2807 484 2826 se
514 2804 612 2834 aptans
639 2799 761 2826 moribus
785 2799 866 2834 coepit

85 2837 236 2870 lleccensem
252 2845 394 2873 ecclesiam
406 2852 461 2881 pra:
472 2846 599 2874 omnibus
621 2853 721 2877 amare,
740 2846 865 2874 abbatem

85 2888 107 2910 Pl
125 2889 272 2923 monachus,
290 2892 368 2927 quasi
394 2899 426 2919 ex
453 2900 482 2921 se
505 2893 609 2928 g~nitos
634 2893 698 2921 totis
718 2892 866 2921 visceribus

923 286 1028 312 cunque
1041 278 1066 305 in
1080 279 1245 306 ornamentis
1256 279 1374 313 pretiosa
1397 279 1521 311 habebat,
1535 288 1561 307 tn
1581 285 1650 307 usus
1674 288 1721 308 cc-

922 320 1012 348 clrsiae
1033 326 1060 347 et
1079 320 1193 348 fratrum
1207 321 1348 356 expendit;
1367 321 1507 357 ipsamque
1528 322 1634 351 Domini
1660 323 1718 352 Ma-

923 370 1001 396 ι--ιειιι,
1011 367 1100 402 etejus
1110 366 1268 394 Beccenscm
1281 367 1433 400 ecclesiam,
1445 372 1501 395 toto
1511 368 1592 397 corde
1605 369 1717 399 dilexix

923 411 1052 439 Dei-nicto
1073 412 1131 439 viro
1153 411 1210 446 ejus
1234 411 1370 440 Willelmo
1391 416 1473 440 totam
1489 421 1519 441 se
1532 414 1566 442 ad
1584 414 1631 442 Dei
1657 424 1713 444 ser-

922 457 1015 485 Vitium
1043 457 1097 493 56
1122 458 1263 489 convertit,
1283 459 1376 486 vivens
1403 459 1429 486 in
1455 465 1548 488 sancta
1568 461 1714 495 viduitate,

918 502 1040 538 jejuviia
1061 503 1168 538 vigiliis,
1195 509 1220 530 et
1247 504 1416 531 orationibus
1441 504 1554 538 intenta,
1579 512 1714 541 quantum

921 555 1002 575 sexus
1027 548 1067 576 vel
1091 554 1157 576 actas
1180 549 1340 584 patiebatur,
1357 557 1479 582 carnem,
1503 555 1531 578 et
1553 551 1714 587 sanguinem

922 602 1006 629 usque
1029 595 1062 621 ad
1090 594 1170 621 ﬁnem
1199 595 1260 622 vitae
1287 603 1339 622 non
1373 600 1496 631 gustans,
1527 596 1711 633 clcemosynas

922 640 1020 667 tnultas
1037 640 1156 675 indigent
1167 640 1217 668 bus
1241 639 1359 675 faciens;
1386 646 1447 676 post
1471 642 1671 678 aliquotannos
1695 652 1709 671 a

921 685 1056 714 Wilfelmo
1091 686 1298 722 liothmuagensi
1335 687 1537 724 archiepiscopo
1562 688 1659 723 vrlala,
1683 689 1709 717 in

920 732 1087 765 subiectione
1103 733 1245 760 Becrensis
1271 733 1386 761 rmnobii
1406 734 1555 768 permansit
1569 742 1654 771 usque
1676 736 1710 763 ad

921 783 1035 804 mortem
1046 798 1053 809 ,
1068 781 1095 804 ct
1113 776 1238 805 defuncta
1255 777 1357 813 sepulta
1371 785 1410 805 est
1420 778 1496 813 juxta
1513 780 1600 807 virum
1621 787 1709 807 suum.

957 821 1058 850 Horum
1071 831 1155 859 nepos
1175 825 1207 852 de
1228 824 1429 853 illl()\VilltllI10
1451 826 1546 853 tertius
1558 825 1711 854 Willelmus

919 869 1069 905 Crispinus,
1086 871 1247 910 originalem
1262 880 1381 900 amorem
1399 872 1509 900 mhi-ns
1521 881 1584 908 erga
1596 873 1712 902 Beccen-

921 923 978 943 sem
992 916 1133 945 ecclesiam
1150 918 1219 946 miro
1232 927 1289 946 cam
1311 920 1395 947 coluit
1415 919 1521 948 aﬂerttt.
1544 920 1595 949 Iste
1609 921 1711 949 Willel-

922 969 983 988 mus
1020 963 1159 997 sanguinis
1191 964 1389 999 pzopinquitate
1422 965 1584 1000 jungehatur
1619 967 1710 994 tozniti

919 1005 1141 1041 Andegavorum;
1155 1009 1266 1044 ideoque
1281 1009 1422 1037 familiaris
1440 1010 1476 1039 illi
1493 1016 1567 1044 erat;
1585 1013 1618 1039 ad
1630 1020 1707 1047 quem
1749 1019 1752 1022 '

920 1060 981 1080 cum
1004 1061 1033 1081 se
1056 1054 1202 1089 aliquando
1229 1056 1396 1090 contulisset,
1417 1061 1446 1084 ut
1471 1058 1504 1085 ad
1529 1058 1656 1091 amicum,
1684 1063 1711 1086 et

919 1107 1011 1127 comes
1025 1105 1119 1127 contra
1133 1101 1262 1135 quosdam
1286 1110 1350 1130 suos
1368 1103 1466 1130 bellum
1485 1109 1602 1138 gereret,
1621 1105 1667 1139 qui
1683 1105 1708 1132 in

921 1150 991 1173 terra
1014 1154 1061 1173 sua
1077 1152 1171 1174 contra
1195 1147 1268 1174 Illum
1295 1149 1470 1181 rebellabant,
1486 1150 1620 1185 pugnabat
1644 1149 1710 1177 Wil-

919 1190 1015 1219 lclmus
1027 1199 1076 1227 pro
1094 1200 1138 1223 eo.
1152 1198 1282 1228 quantum
1306 1199 1421 1229 poterat.
1437 1194 1477 1228 Qu
1488 1195 1558 1222 udam
1576 1196 1618 1223 die
1633 1203 1711 1231 repe-

920 1237 994 1264 riens
1009 1238 1111 1270 hostes,
1136 1238 1361 1269 irmitaudacter
1384 1241 1409 1267 in
1437 1249 1498 1274 eos;
1516 1245 1543 1268 at
1571 1241 1608 1268 illi
1637 1247 1709 1277 terga

920 1288 1071 1316 verterunt,
1082 1283 1139 1312 sive
1152 1284 1258 1314 timore.
1275 1290 1302 1312 ut
1317 1285 1450 1321 lugerent,
1464 1295 1508 1314 seu
1526 1288 1667 1321 industria,
1681 1294 1710 1315 ut

919 1336 980 1356 eum
1006 1329 1111 1364 longius
1133 1330 1278 1358 abductum
1298 1338 1395 1365 capere
1421 1338 1539 1367 possent.
1563 1333 1636 1366 Quos
1665 1333 1709 1360 ille
1739 1325 1741 1328 i

920 1374 1057 1402 insecutus
1073 1376 1251 1410 aliquantum,
1268 1384 1283 1403 a
1296 1377 1351 1405 suis
1367 1377 1515 1411 disjunctus
1532 1383 1588 1412 est;
1608 1380 1661 1406 inin
1675 1378 1708 1407 lci

919 1419 1041 1446 videntes
1055 1419 1129 1446 illum
1151 1428 1180 1448 se
1201 1427 1406 1456 persequentrm
1425 1423 1463 1450 S‘:l
1476 1431 1521 1456 sm,
1535 1432 1602 1450 ututs
1616 1432 1709 1451 eorum

902 1472 1068 1492 -t'0|lVCl'SlIS
1091 1473 1201 1500 equum,
1227 1467 1270 1493 cui
1287 1467 1429 1498 insidebat.
1449 1469 1591 1502 percussit,
1613 1473 1639 1496 et
1663 1477 1710 1504 per

882 1580 902 1611 C

918 1510 1002 1538 latera
1030 1515 1061 1538 tr.
1073 1511 1213 1539 nsforavit.
1229 1511 1285 1545 Ille,
1311 1515 1398 1540 sciens
1412 1520 1510 1547 equum
1536 1513 1571 1543 ad
1594 1519 1709 1542 mortem

920 1557 1097 1590 vulnentum,
1115 1566 1178 1586 mox
1201 1559 1278 1586 vertit
1306 1559 1435 1591 habenas,
1451 1565 1478 1587 et
1493 1568 1639 1588 conversus
1664 1569 1709 1589 re-

919 1607 1047 1636 trorsum,
1061 1604 1212 1631 calcat-ilius
1229 1613 1332 1640 urgens
1345 1606 1529 1641 cornipcdcm,
1550 1606 1630 1634 cc‘erl
1646 1606 1710 1643 fuga

917 1649 950 1675 a.l
967 1657 1030 1677 suos
1047 1651 1144 1677 reverti
1159 1651 1317 1678 conabatur.
1334 1650 1443 1678 Beatam
1467 1652 1571 1679 Domini
1595 1652 1709 1680 Matrem

918 1694 1101 1728 inclamitans,
1125 1704 1190 1723 voce
1204 1704 1299 1731 magna
1326 1705 1360 1723 ει
1389 1695 1488 1724 Sancta
1512 1696 1594 1725 Maria
1619 1698 1709 1729 lfecii,

917 1742 1013 1776 ailjuva
1038 1751 1091 1775 me,
1114 1747 1208 1769 sancta
1234 1742 1317 1770 Mrria
1341 1743 1428 1775 Becci,
1451 1743 1545 1779 :ujuva
1566 1750 1617 1770 n;e.
1637 1753 1645 1768 ι
1664 1743 1710 1771 Sic

918 1787 1092 1816 vociferando
1116 1788 1245 1827 pervenit
1259 1789 1293 1823 ad
1316 1789 1451 1823 quoddam
1475 1789 1625 1822 fossatum,
1654 1797 1709 1824 quo

917 1834 1019 1870 perpeti
1043 1834 1111 1861 saltu
1133 1834 1303 1867 transmisso,
1319 1834 1395 1869 qrasi
1417 1833 1472 1867 jam
1496 1830 1643 1862 securitate
1659 1842 1707 1869 po-

919 1879 984 1907 titus
1000 1879 1098 1907 cecidit
1111 1883 1244 1908 mortuus.
1258 1880 1313 1906 lloc
1323 1879 1392 1907 idem
1406 1878 1554 1907 Willelmus
1567 1879 1709 1914 Crispinus

917 1933 966 1960 pro
983 1933 1081 1960 magno
1093 1925 1233 1959 miraculo,
1252 1925 1284 1952 ad
1298 1925 1428 1953 honorem
1442 1926 1487 1953 Dei
1504 1930 1530 1953 et
1541 1925 1598 1960 ejus
1609 1929 1708 1953 sanum

917 1971 1076 2005 Genitricis,
1096 1980 1209 1999 narrare
1234 1972 1328 2000 solitus
1351 1977 1421 2005 erat,
1447 1972 1517 2006 quod
1535 1980 1619 2007 equus
1641 1978 1709 2006 pene

918 2022 1050 2050 mortuus,
1073 2017 1222 2053 proﬂuente
1246 2018 1308 2045 hinc
1323 2018 1384 2046 inde
1400 2018 1515 2044 ttlierlitn
1542 2017 1671 2052 sanguine
1692 2025 1707 2043 ιι

918 2063 1059 2096 lateribus,
1085 2071 1134 2098 per
1159 2064 1212 2091 ιΙιο
1236 2062 1292 2091 fere
1314 2063 1439 2090 milliaria
1462 2062 1576 2096 portavit
1592 2070 1651 2088 cum
1674 2062 1707 2088 ad

900 2139 902 2141 _
917 2114 1004 2136 l‘tttlttl
1019 2108 1117 2135 locum.
1133 2108 1262 2144 Equidem
1275 2116 1359 2143 equus
1383 2109 1449 2144 ipsc,
1468 2112 1496 2134 ut
1511 2108 1608 2137 aiebat.
1626 2107 1707 2134 nim'a

918 2155 1062 2182 Velocitate
1075 2154 1191 2189 vigebat,
1213 2153 1259 2180 sed
1279 2157 1333 2180 tam
1353 2154 1471 2181 velt-cem
1495 2160 1630 2187 nunquam
1646 2159 1706 2178 eum

919 2201 1068 2232 invenerat.
1093 2200 1165 2227 Idem
1181 2200 1344 2232 WJlelmus,
1368 2204 1459 2236 postea
1475 2204 1580 2235 c:ptus,
1596 2206 1656 2226 tum
1679 2199 1706 2226 in

882 2254 1028 2282 Dearcerc
1043 2246 1088 2273 diu
1115 2249 1253 2274 teneretur
1277 2246 1350 2275 ferro
1374 2246 1545 2279 constrictus,
1562 2246 1657 2272 timore
1680 2251 1707 2273 et

919 2299 1020 2326 angore
1035 2295 1156 2324 coactus,
1171 2292 1289 2330 \‘0vil,’si
1310 2292 1378 2319 Deus
1398 2299 1458 2319 eum
1474 2291 1507 2318 de
1531 2291 1581 2318 hac
1597 2290 1708 2318 Ir'bula«

920 2337 991 2366 tione
1006 2336 1142 2370 liberaret,
1157 2340 1227 2373 quod
1243 2338 1290 2365 ire;
1307 2337 1465 2365 Jerusalem.
1479 2337 1532 2365 Nec
1546 2337 1629 2365 mulio
1648 2342 1707 2374 post

918 2392 1052 2419 egressus,
1068 2384 1137 2413 liber
1155 2384 1189 2412 de
1204 2392 1326 2417 carcere,
1347 2385 1447 2419 accepit
1463 2393 1582 2417 crinem,
1601 2384 1706 2420 signum

918 2433 1041 2461 videlicet
1054 2432 1134 2461 eundi
1145 2431 1304 2460 Jerusa'cm.
1321 2431 1380 2459 Mox
1395 2432 1429 2459 ita
1442 2435 1560 2459 mutatus
1572 2436 1613 2459 est
1625 2431 1707 2458 Verbo

918 2484 943 2505 et
962 2485 1043 2513 opere
1057 2482 1086 2505 ut
1109 2482 1180 2504 totus
1194 2477 1283 2505 subito
1297 2476 1433 2504 videretur
1447 2477 1586 2509 alteratus,
1602 2483 1642 2503 (υ.
1656 2479 1681 2501 ct
1694 2484 1706 2502 s

918 2525 962 2559 qui
977 2525 1028 2552 hoc
1038 2524 1164 2552 videbant
1176 2524 1346 2562 mirantibus.
1358 2523 1547 2551 Proliciscendi
1573 2524 1704 2549 crminutn

917 2577 934 2604 ιι
953 2570 1005 2597 suit
1020 2570 1051 2596 ad
1063 2570 1176 2608 primum
1188 2569 1361 2597 festivitatem
1374 2570 1460 2597 sancti
1477 2567 1628 2599 Mithaclis;
1643 2574 1706 2594 sano

919 2617 1030 2653 rogabat
1053 2618 1136 2645 Deum
1152 2623 1179 2645 et
1202 2623 1323 2646 sanctam
1346 2617 1458 2645 Matrem
1475 2616 1542 2651 ejus,
1562 2619 1668 2650 quatcu:
1682 2623 1704 2646 s,

918 2663 939 2690 si
957 2664 983 2691 in
1005 2664 1046 2690 via
1069 2663 1214 2691 moriturus
1228 2668 1296 2693 crat,
1322 2666 1467 2697 antequam
1483 2660 1616 2695 profuisci
1642 2660 1706 2686 inci-

918 2714 1004 2744 peret,
1029 2714 1190 2745 moreretur,
1212 2716 1265 2744 quo
1287 2708 1401 2736 Beccuui
1416 2708 1529 2737 delatus.
1545 2707 1614 2733 intrr
1630 2710 1704 2731 :nte-

917 2763 1040 2783 cessares
1061 2763 1124 2783 suos
1148 2755 1251 2790 jaceret
1277 2755 1411 2781 humatus.
1430 2753 1504 2786 Quod
1534 2752 1604 2779 Deus
1629 2750 1704 2784 jmlrt

917 2801 1064 2828 bonitatem
1085 2809 1173 2832 suam,
1196 2800 1267 2827 sicut
1281 2798 1400 2834 prtcbat,
1417 2798 1451 2825 illi
1476 2797 1621 2826 concessit.
1638 2794 1659 2822 Ν
1678 2803 1703 2822 m

918 2846 1073 2873 inlirmitate
1084 2855 1090 2871 ι
1100 2849 1235 2880 orrcptus,
1247 2844 1383 2872 hominem
1394 2843 1468 2872 exuit
1480 2842 1506 2870 in
1519 2841 1606 2878 vigilia
1618 2839 1703 2869 sancti

918 2892 1057 2920 Michaelis
1079 2896 1175 2923 quarto
1191 2890 1302 2919 Kalend.
1318 2890 1453 2923 Octobris,
1469 2894 1496 2917 ct
1515 2889 1584 2917 sicut
1605 2888 1708 2922 deside.
