3848 6292
491 356 602 421 ⁸113,
1468 353 1561 410 AD
1600 350 1827 413 OI‘ERA
1869 352 1928 407 Β.
1960 351 2057 409 ω

2163 348 2364 425 tum!
2398 354 2759 429 APPrln'mx.
3616 378 3693 438 τη

489 486 724 566 raverat.
778 484 943 544 mque
971 473 1207 566 mm;an
1260 483 1612 546 pmeperat.
1660 471 1747 529 die
1783 484 1886 543 qua
1939 484 2068 566 pro:
2095 474 2143 535 Α
2172 470 2415 566 adduxit,
2465 482 2524 529 ut
2568 472 2794 533 ﬁrmiori
2818 477 2928 536 lide
2967 479 3024 537 et
3059 480 3351 538 ardetitiori
3404 499 3573 545 amore
3608 509 3695 566 ejus

485 565 751 621 fecturttm
797 583 855 621 se
908 569 1137 621 dixerat.
1174 565 1449 620 Portntum
1476 572 1559 619 est
1590 577 1789 632 corpus
1834 576 1950 628 ejus
1995 561 2065 616 ad
2170 562 2406 618 audeant
2448 564 2735 636 implorare
2775 570 2826 625 in
2857 571 2971 626 suis
3015 574 3424 629 necets‘tatibus
3451 561 3668 640 auxilium

482 654 756 710 dominam
807 672 957 711 suam
1026 667 1268 712 sanctam
1321 656 1645 711 Becceusem
1703 648 1956 719 Mariam,
2008 661 2065 708 et
2160 654 2435 724 Quatenus
2463 629 2563 727 per
2602 659 2769 731 ipsius
2814 662 3259 719 lu‘tercessio..cm
3294 629 3694 738 recuperare-ri:

477 743 629 811 juxta
658 760 783 801 suos
812 756 990 817 patres
1032 747 1320 815 sepultum.
1352 746 1572 801 Talibus
1599 744 1876 801 beneﬁciis
1902 744 2059 800 beata

482 835 576 891 Dei
600 841 827 909 genitrix
854 856 1023 910 genus
1042 839 1434 909 Crispinorum,
1466 847 1522 893 et
1556 837 1689 893 alios
1716 837 2062 910 quamplures

477 927 741 1001 cujusque
767 932 991 999 oa'diuis,
1015 939 1069 986 et
1104 929 1339 1002 generis,
1362 930 1428 985 ad
1455 943 1609 984 suam
1636 926 2056 984 familiaritatem

2133 742 2310 811 deant
2350 745 2474 803 Filii
2506 752 2587 805 sui
2618 751 2827 808 Domini
2876 755 3042 809 nostri
3086 754 3214 810 Iesu
3259 757 3453 815 Chrisﬁ
3487 766 3692 834 gratiam,

2166 841 2257 909 qui
2296 841 2427 895 vivit
2474 851 2529 896 et
2579 855 2769 915 regnat
2820 860 2941 900 cum
2992 836 3174 913 Patre,
3207 858 3261 925 et
3296 848 3503 921 'Spirttn
3546 869 3692 915 saluta

2165 929 2308 988 Deus
2337 933 2391 987 in
2417 930 2633 990 saecula.
2663 937 2855 992 Amen.

494 1128 3681 1179 ___________________________________________________

1267 1258 1376 1335 ⁵⁷
1420 1282 1813 1418 VITA
1871 1285 2003 1419 s.
2071 1288 2942 1426 AUGUSTINI

472 1526 844 1592 MONACHI
880 1526 1405 1592 BENEDICTINI
1430 1572 1448 1604 ,
1482 1527 1712 1594 ΡΜΜί
1735 1529 2448 1593 CANTUAHIENSIUM
2479 1530 2827 1595 ABLHIEP

3300 1535 3454 1600 me
3465 1538 3689 1605 [.01th

1896 1612 1945 1671 Α
1958 1609 2313 1672 POSTOLI.

1618 1769 1701 1825 Ea:
1731 1782 1823 1825 rel.
1860 1785 1957 1824 ms.
1997 1766 2273 1823 Beccensis
2305 1770 2553 1826 abbatire.

2038 1879 2186 1902 -ι-

1467 1984 2103 2080 PROLOGUS
2175 1988 2304 2079 IN
2372 1989 2792 2082 VITAM.

542 2188 672 2259 Quae
695 2188 761 2244 de
790 2187 962 2258 ipsius
992 2184 1148 2257 primi
1179 2182 1480 2255 Anglorum
1505 2181 1832 2237 insidiatoris
1867 2182 2052 2252 Augu-
2080 2184 2128 2248 Β
2157 2190 2400 2254 paternae
2431 2182 2756 2239 dilectionis.
2781 2182 2906 2240 ﬁliis
2940 2185 3454 2245 obsecundaremus.
3489 2191 3551 2245 At
3586 2193 3697 2249 hunc

470 2284 599 2339 stini
649 2283 754 2336 vita
798 2289 853 2335 et
902 2278 1071 2351 signis
1117 2274 1447 2333 venerabilis
1476 2274 1637 2330 Bedte
1676 2274 1943 2344 depromit
1977 2275 2065 2328 bi-
2170 2274 2412 2330 libellum
2448 2276 2732 2347 paululum
2770 2279 3167 2343 contraximus,
3209 2290 3269 2334 ut
3316 2281 3455 2336 inter
3496 2284 3700 2340 diviuiet

468 2379 634 2432 storia
662 2368 820 2448 (79'),
847 2386 1078 2443 qtneque
1102 2370 1170 2424 ab
1202 2369 1319 2441 ipso
1348 2365 1715 2439 praetermissa
1742 2368 1793 2420 in
1822 2364 1942 2419 aliis
1967 2378 2062 2419 eo-

470 2471 683 2525 (IIIlIlllS
752 2466 984 2520 vetustis
1057 2461 1359 2533 reperimus
1395 2500 1413 2525 ,
1487 2457 1803 2514 ﬁdelissime
1876 2465 2063 2512 nostro

471 2561 722 2617 malleolo
760 2530 1103 2615 reeudimusi.z
1129 2554 1262 2620 Quae
1283 2553 1448 2608 etiam
1484 2559 1611 2622 post
1638 2548 1755 2619 ejus
1789 2549 1855 2603 ad
1883 2548 2060 2604 sidera

470 2650 807 2721 triumphum
848 2645 1124 2702 declarata
1164 2659 1228 2699 ac
1269 2640 1538 2710 descripta
1580 2638 1826 2709 legimus,
1873 2640 2061 2694 eadem

469 2742 736 2816 probabili
762 2740 865 2796 Iide
896 2737 1263 2807 adiungimus.
1300 2732 1431 2801 Quae
1460 2744 1593 2787 vero
1626 2730 2061 2801 praesentialiter,

473 2837 704 2892 testibus
762 2833 1016 2906 populis,
1057 2838 1112 2883 et
1151 2826 1658 2898 probatissimarum
1701 2838 2055 2895 personarum

469 2927 748 2983 indicibus
789 2923 984 2987 oculis,
1031 2921 1157 2974 luce
1189 2916 1406 2972 clarius
1448 2914 1695 2979 rutilant,
1737 2914 1851 2969 suis
1891 2913 2059 2968 radiis

469 3020 763 3074 credentes
793 3014 1089 3076 illustrant,
1121 3009 1439 3063 hmsitantes
1464 3006 1835 3061 reverberant.
1864 3004 2058 3061 Posse-

474 3130 596 3169 mus
618 3123 673 3168 et
704 3112 1089 3182 inspectorum,
1119 3113 1173 3161 et
1200 3112 1510 3160 curatorum
1531 3101 1790 3173 pleraque
1812 3109 2062 3157 retexere

474 3205 591 3259 loca
624 3212 678 3258 et
711 3202 952 3266 nomina,
1009 3199 1113 3254 nisi
1144 3204 1351 3251 vetaret
1388 3208 1613 3250 nausea.
1660 3193 1834 3265 Super
1877 3194 2059 3250 omnia

470 3298 615 3353 beati
658 3294 906 3366 Gregorii
959 3292 1155 3347 cadent
1210 3289 1520 3345 testimonia
1575 3287 1720 3359 (80):
1772 3287 1864 3357 qui
1917 3287 2061 3342 hunc

473 3388 696 3460 scriptis
742 3386 981 3442 declarat
1040 3384 1269 3454 plurima
1304 3388 1550 3451 patrasse
1587 3380 1762 3449 signa.
1795 3378 1922 3434 Hzee
1953 3379 2058 3433 ita-

480 3497 586 3553 que
626 3496 765 3553 qum
811 3479 1063 3542 lectione,
1122 3475 1205 3530 vel
1264 3476 1386 3529 visu
1424 3471 1705 3537 novimus,
1764 3470 1871 3525 alio
1923 3469 2061 3524 libro

477 3552 676 3629 fusius,
706 3572 1057 3643 exposuimus
1109 3567 1277 3639 (8i),
1338 3574 1615 3637 quatenus
1665 3552 2131 3618 insatiabilibusC

2168 2364 2389 2421 humani
2417 2365 2651 2420 convivii
2680 2367 2965 2432 solemnia,
2991 2368 3240 2440 benignis
3272 2379 3330 2426 et
3350 2369 3589 2430 fraternis
3607 2374 3696 2444 (8!)

2166 2457 2476 2526 hospitibus
2521 2460 2978 2531 obtempcremus.
3030 2461 3205 2517 Simul
3254 2464 3419 2520 etiam
3461 2466 3570 2522 alia:
3598 2483 3699 2522 con-

2168 2550 2397 2606 l'ratrum
2445 2549 2727 2615 Ecclesia).
2773 2568 2871 2623 per
2909 2555 3052 2609 hunc
3093 2570 3366 2611 occinunt
3414 2557 3615 2624 diffusa,
3646 2562 3698 2615 ad

2166 2659 2302 2714 quas
2342 2644 2460 2701 beo
2499 2646 2791 2717 contigerit
2826 2648 3142 2717 pervenire,
3179 2650 3367 2703 nativo
3414 2652 3700 2721 congauth

2128 2774 2135 2777 .
2165 2750 2375 2803 amore,
2398 2746 2654 2807 tanquam
2670 2738 2754 2792 sui
2781 2740 3184 2810 protoparensis
3207 2739 3352 2794 illic.
3370 2741 3698 2797 Verumtamen

2164 2842 2330 2900 super
2375 2830 2482 2885 hoc
2522 2830 2827 2899 compendii
2868 2832 3235 2901 propositum,
3277 2832 3436 2887 video
3470 2843 3701 2888 crescente

2165 2921 2345 2976 Elismi
2394 2919 2519 2977 oleo
2567 2920 2898 2989 superﬂuere
2944 2937 3039 2977 vas
3096 2937 3299 2977 iocum.
3335 2920 3557 2979 Oramus
3601 2937 3700 2994 ergo

2158 3027 2356 3068 omnes
2398 3012 2801 3068 eruditissimos
2830 3028 2893 3075 ac
2932 3012 3357 3083 benignissimae
3387 3014 3629 3078 «lectores.
3651 3026 3701 3069 ac

2132 3104 2461 3174 odissipulos
2501 3102 2798 3160 Dominicae
2851 3103 3079 3170 scholae,
3130 3113 3195 3159 et.
3234 3105 3372 3171 hsce,
3415 3114 3521 3160 tem
3563 3104 3701 3159 liuida

2163 3198 2517 3267 comprobata
2547 3236 2564 3261 ,
2630 3213 2737 3251 non
2794 3197 2973 3252 solum
3026 3211 3135 3250 non
3207 3207 3439 3254 renuant
3489 3197 3697 3262 credere.

2163 3302 2351 3343 verum
2400 3289 2566 3344 etiam
2613 3288 2770 3359 plena
2828 3288 3208 3344 benevolentia
3258 3290 3469 3357 paterni
3518 3287 3699 3344 allectus

2163 3381 2461 3450 suscipere,
2495 3378 2717 3450 jugique
2763 3378 2889 3446 ﬁde,
2922 3387 3114 3435 contra
3149 3379 3449 3449 improbos.
3487 3380 3698 3435 studeant

2163 3472 2464 3529 celebrare.

1660 3754 2130 3851 INCIPIT
2183 3755 2509 3847 VITA.

542 3944 760 4004 Fortem
804 3951 1072 3998 armatum
1120 3939 1272 4009 cujus
1312 3938 1531 3996 atrium.
1576 3932 1845 3997 mundus;
1897 3929 2055 4000 cujus

476 4042 903 4099 firmamentum,
942 4050 1103 4106 regna
1142 4044 1440 4096 terrarum;
1471 4042 1626 4099 cujus
1657 4025 1858 4097 praeda,
1882 4036 2056 4094 genus

475 4136 810 4190 humanum:
845 4138 1030 4185 noster
1079 4136 1320 4182 armatus
1362 4124 1415 4178 in
1458 4133 1643 4176 nostra
1689 4118 1853 4173 etiam
1901 4114 2053 4169 inﬁr-

474 4226 709 4291 mitate,
784 4221 941 4293 longe
1003 4218 1196 4274 fortior
1263 4224 1590 4285 congressus
1665 4205 2054 4280 potentialiter,

467 4325 660 4389 parata
686 4316 811 4371 inse
836 4310 1189 4382 eruce,plaga
1220 4322 1495 4377 nunquam
1519 4302 1747 4360 sanabili
1764 4297 2052 4363 transﬁxit,

471 4421 534 4466 et
556 4400 739 4465 omnia
771 4406 1187 4478 opprobriorum
1220 4403 1322 4457 tela
1350 4417 1412 4456 ac
1433 4398 1613 4469 jacula
1636 4396 1738 4452 sibi
1772 4392 1968 4463 injecta
2000 4390 2055 4444 in

468 4496 623 4557 illum
657 4500 893 4555 retorsit.
925 4496 1116 4554 Omnia
1156 4494 1271 4565 ejus
1304 4508 1453 4548 arma
1484 4488 1729 4552 abstulit,
1763 4487 2073 4557 ipsumque

465 4602 674 4650 aeterno
709 4608 928 4648 carcere
963 4607 1027 4647 ac
1054 4587 1336 4660 suppliciis
1365 4584 1734 4654 mancipatum
1784 4580 2057 4633 irrevoca-

468 4687 659 4743 biliter
686 4686 984 4741 damnavit.
1017 4684 1212 4739 Omnia
1268 4679 1439 4750 spolia
1488 4677 1659 4749 ipsius
1700 4674 1824 4742 jure
1869 4672 2058 4725 [rituu-

474 4782 685 4852 phata,
738 4777 1052 4849 apostolicis
1114 4773 1350 4830 duribus
1416 4771 1531 4825 suis
1613 4764 1889 4821 distribuit
1944 4762 2056 4818 ele-

466 4882 696 4943 ctosque
718 4870 1009 4941 principes,
1044 4882 1208 4938 super
1230 4873 1442 4936 gentes,
1470 4860 1749 4921 nationes,
1784 4864 1839 4910 et
1872 4869 2054 4925 regna,

466 4964 750 5021 constituit
804 4961 964 5032 (Luc.
1014 4960 1121 5032 st).
1170 4955 1456 5012 Remausit
1506 4948 1804 5005 Britannici
1858 4945 2057 5003 Oceani

464 5059 619 5115 orbis
663 5072 974 5130 a‘quoreus,
1022 5056 1089 5109 ab
1141 5048 1434 5107 universali
1492 5045 1625 5101 orbe
1677 5041 2054 5098 circumcisus.

470 5151 627 5207 llunc
666 5151 756 5206 ille
810 5165 904 5205 rex
953 5144 1484 5219 prchoteutissimus
1510 5180 1524 5205 ,
1572 5134 1876 5207 Augustino
1912 5132 2056 5189 lideli

2157 3928 2250 3998 qui
2278 3929 2427 3984 hunc
2457 3928 2641 3984 divino
2670 3926 2933 3985 instinctu
2959 3936 3284 4000 segregaret
3317 3925 3373 3982 in
3404 3940 3535 3997 opus
3553 3922 3700 3981 Demi-

2158 4026 2362 4087 nicum,
2413 4030 2471 4076 ut
2517 4021 2791 4092 (mendam
2844 4021 3033 4077 Petrus
3077 4020 3385 4076 Bai-nabant
3428 4030 3481 4075 et
3523 4017 3701 4073 Saulus!

2159 4114 2297 4182 (Acr.
2314 4113 2851 4185 xut,2).lntenderat
2882 4114 2998 4183 ipse
3022 4112 3159 4168 hanc
3182 4112 3418 4182 palmam
3436 4110 3699 4181 praeripere.

2158 4208 2253 4261 sed
2298 4206 2577 4276 respondit
2618 4206 2878 4262 Dominus
2934 4206 3036 4261 hoc
3086 4204 3436 4274 privilegium
3461 4197 3701 4272 Augustini

2158 4313 2299 4354 esse.
2356 4298 2490 4353 Nam
2547 4314 2764 4369 pueros,
2821 4298 2982 4353 niveo
3034 4296 3275 4352 candore
3337 4310 3511 4365 nuper
3556 4294 3702 4346 Rome

2162 4393 2328 4459 visos,
2354 4392 2578 4448 audiens
2603 4391 2809 4463 Anglos
2833 4390 3040 4457 vocari,
3063 4400 3120 4445 et
3144 4387 3511 4459 provinciales
3534 4385 3698 4443 Βάτοὴ

2160 4499 2225 4539 ac
2278 4498 2459 4553 regem
2502 4492 2665 4538 terrae
2707 4482 2825 4538 Alle
2874 4481 3218 4551 nuncupari;
3250 4499 3269 4531 ι
3298 4479 3519 4549 Anglos,
3550 4475 3699 4545 inquit,

2161 4574 2370 4644 angelis
2418 4574 2640 4639 sociari,
2667 4584 2722 4629 et
2750 4574 2970 4640 Deiros,
3004 4574 3070 4628 de
3116 4573 3194 4626 ira
3228 4570 3323 4627 Dei
3387 4570 3609 4634 liberari,
3654 4578 3701 4617 ac

2165 4668 2261 4723 Dei
2292 4668 2505 4722 laudem
2544 4668 2596 4721 in
2637 4677 2781 4729 terra
2812 4667 3023 4722 alleluia
3054 4673 3272 4737 oportet
3300 4663 3590 4720 decantari.
3619 4679 3634 4711 ο

2252 4761 2468 4817 Paratis
2520 4763 2702 4831 itaque
2754 4762 2918 4816 rebus
2973 4761 3142 4815 mittit
3191 4758 3585 4828 Augustinum,
3631 4750 3701 4807 Dei

2160 4856 2385 4911 scientia
2413 4856 2667 4924 omnique
2690 4854 2889 4909 virtute
2915 4851 3221 4916 ﬂorentem,
3243 4867 3373 4906 eum
3392 4850 3700 4921 quadraginta

2160 4949 2509 5005 electissimis
2559 4948 2880 5011 comitibus,
2935 4962 3073 5017 quos
3131 4945 3418 5017 religiosos
3468 4943 3617 4997 novit.
3662 4944 3701 4988 et

2162 5050 2440 5113 promptos
2492 5041 2545 5095 in
2587 5039 2787 5097 divinis
2838 5037 3208 5109 dogmatibus.
3263 5035 3419 5090 Viam
3457 5034 3701 5089 salutarem

2164 5136 2370 5190 alacres
2421 5132 2839 5198 accelerabant,
2896 5144 2952 5186 et
2990 5147 3088 5200 per
3134 5130 3340 5200 aliquot
3383 5129 3495 5184 dies
3534 5122 3731 5193 longius'

467 5245 834 5316 dispensatori
872 5216 970 5298 suo
995 5241 1276 5313 quondam
1313 5244 1568 5298 venturo,
1613 5237 1933 5293 reservavrt,
1964 5243 2056 5296 qui
2090 5218 2137 5277 Ι)
2165 5234 2567 5300 processerant.
2600 5226 2740 5280 Ecce
2769 5234 2949 5279 autem
2978 5232 3203 5278 ventosa
3251 5221 3418 5285 fatua,
3451 5236 3478 5274 a
3512 5216 3701 5284 maligno

472 5349 688 5396 noctem
721 5346 959 5393 verteret
996 5337 1049 5389 in
1080 5333 1243 5397 diem,
1290 5339 1344 5386 et
1375 5342 1570 5383 novam
1604 5341 1668 5381 ac
1702 5338 1910 5386 veram,
1942 5330 2061 5393 post

471 5436 746 5496 tenebras,
771 5441 1086 5502 perpetuam
1112 5424 1422 5481 inlunderet
1458 5421 1654 5477 lucem.
1686 5416 1928 5474 Pellebat
1948 5416 2061 5489 jam

472 5540 611 5596 papa
642 5524 937 5593 Gregorius
959 5519 1181 5578 humani
1208 5516 1424 5591 generis
1450 5513 1704 5586 splendor
1736 5513 2056 5578 immensus,

545 5677 685 5747 (79‘)
726 5675 977 5729 Historia;
1023 5685 1167 5746 gent.
1222 5671 1537 5747 Anglorum,
1577 5667 1670 5727 lib.
1694 5683 1744 5735 ι.
1776 5682 1809 5722 a
1838 5680 1959 5737 cap,
1985 5664 2061 5721 ~23

468 5746 754 5806 Itllittent.
786 5757 837 5800 cl
870 5747 901 5798 I.
931 5762 994 5811 II,
1024 5762 1142 5815 cup.
1174 5747 1223 5809 1,
1250 5746 1306 5807 ‘2,
1339 5748 1394 5801 ὅ.

544 5818 659 5890 (80)
701 5816 888 5870 Refert
919 5818 975 5870 S.
1003 5815 1163 5881 Beda,
1198 5816 1286 5869 ubi
1316 5830 1505 5885 supra.

2116 5344 2117 5347 η
2166 5320 2482 5377 adversario
2510 5318 2652 5390 vulgi
2681 5333 2777 5373 ore
2806 5317 3090 5383 ventilata,
3138 5315 3337 5373 terruit
3382 5314 3596 5369 athletas
3626 5306 3704 5362 Do-

2169 5414 2327 5479 mini,
2367 5427 2488 5483 qua:
2534 5412 2743 5468 diceret
2776 5419 2993 5483 gentem
3030 5423 3198 5479 quam
3241 5406 3491 5477 petebant
3532 5396 3704 5457 cunctis

2167 5506 2488 5562 mortalibus
2535 5503 2859 5560 ferociorem
2908 5515 3051 5565 esse,
3092 5500 3415 5571 sanguinem
3457 5497 3703 5551 humanum

2240 5666 2356 5748 (ὃς)
2384 5664 2590 5720 Auctor
2609 5664 2961 5734 prolixiorem
2995 5660 3172 5718 Vitam
3213 5659 3273 5717 S.
3299 5653 3560 5731 Augustini
3587 5662 3705 5706 com-

2170 5747 2369 5809 pOSllll.

2243 5807 2354 5877 (82)
2382 5805 2691 5862 Menacltus
2721 5803 2841 5860 fuit.
