3852 6308
97 372 181 436 τις

1074 374 1229 433 τιτΑ
1273 375 1332 432 s.
1371 373 1749 433 AUGUSTINI
1787 344 1993 435 suun.
2025 378 2278 439 arosr.

3206 390 3311 448 713

93 488 236 553 sitire,
258 486 372 558 pati
404 500 510 541 non
538 486 701 557 posse
720 483 1058 542 Christianos
1085 486 1286 549 vivere,
1312 475 1464 541 nullo
1489 492 1621 541 vero
1648 492 1696 549 Α
1727 486 2009 558 legationis
2028 498 2234 548 nomen
2260 507 2416 548 suum
2443 509 2775 569 causamque
2823 498 3033 558 itineris
3067 503 3312 563 scribens

94 583 222 637 modo
255 582 319 635 ab
342 580 499 635 idolis
534 580 644 635 suis
676 594 771 635 eos
805 576 1095 643 revocari,
1118 594 1218 634 nec
1247 579 1314 634 ad
1349 579 1626 633 Christum

91 674 293 731 converti
346 678 525 744 posse.
594 673 685 728 Sic
742 672 1014 741 quondam
1077 672 1358 742 discipulis
1413 672 1625 728 Domini

91 782 212 824 mare
246 766 633 836 navigantibus,
665 774 861 820 ventus
889 762 999 837 58
1026 766 1337 821 contrarius
1383 767 1622 833 obstitit,

90 860 246 923 donec,
294 859 567 929 increpata
600 859 811 914 modica
854 873 1045 913 eorum
1097 858 1223 924 fide,
1249 858 1462 924 ﬂuctus,
1492 874 1629 930 quos

90 952 178 1019 ipse
212 951 511 1014 calcaverat
538 950 818 1014 Dominus,
857 950 1087 1021 imperio
1123 953 1359 1006 sedaret.
1412 951 1631 1007 Mittunt

88 1040 235 1111 itaque
260 1041 571 1112 suppliciter
599 1042 761 1097 beato
774 1041 1041 1114 Gregorio
1062 1042 1446 1114 Augustinum,
1492 1058 1627 1114 qua-'-

88 1142 212 1189 tcnus
255 1149 343 1189 eos
370 1136 679 1204 permittat
721 1136 899 1190 redire
947 1136 1215 1201 domum,
1259 1151 1359 1193 nec
1412 1146 1627 1192 tantum

86 1225 334 1281 discrimen
364 1228 564 1283 subire
613 1228 958 1282 iri-vacuum.
990 1226 1103 1284 Sed
1144 1242 1175 1283 a
1212 1228 1506 1300 Gregorio,
1536 1246 1627 1286 se-

85 1320 275 1374 cundum
300 1334 495 1376 nomen
522 1336 699 1383 suam,
728 1320 1013 1391 prcvigill,
1045 1322 1206 1377 missa
1236 1323 1461 1394 cpistola
1485 1324 1627 1394 quod

85 1426 292 1482 magnum
328 1413 575 1469 laborem
622 1414 795 1483 major
839 1414 1009 1484 gloria
1050 1425 1441 1485 consequatur,
1482 1426 1539 1472 et
1568 1425 1628 1472 ut

84 1502 355 1572 Augustino,
401 1521 566 1576 quem
614 1505 837 1574 eis’jam
881 1505 1130 1562 abbatem
1177 1508 1525 1564 ordinaverat
1560 1511 1627 1564 in

84 1595 294 1650 omnibus
344 1596 650 1661 obedirent,
700 1598 793 1667 qui
847 1597 1012 1651 etiam
1067 1599 1363 1668 apostolica
1416 1599 1629 1657 ferebat

84 1687 245 1757 scripta
294 1688 355 1743 ad
386 1688 670 1744 Etherium
701 1691 816 1760 (85)
850 1691 1226 1747 Arelatensem
1272 1694 1629 1766 arcbiprasu-

85 1775 183 1844 lem,
208 1791 458 1851 quatenus
492 1783 581 1838 bis
610 1780 699 1839 Dei
729 1784 922 1856 legatis
959 1786 1311 1843 solatiaretur
1349 1788 1406 1844 in
1435 1805 1626 1847 neces-

1730 580 1923 637 baculo
1970 581 2023 637 in
2072 592 2217 639 terra
2261 584 2417 653 juxta
2469 585 2696 654 fontem,
2757 590 2843 645 bis
2888 591 3122 647 litteris:
3162 612 3180 646 t
3214 595 3310 652 llic

1730 672 2025 744 hOSpitium
2064 675 2256 733 habuit
2290 693 2480 735 servus
2513 696 2790 736 servorum
2819 683 2933 748 Dei,
2958 685 3308 758 Augustinus,

1730 782 1891 836 quem
1941 769 2089 824 misit
2128 771 2195 825 ad
2244 774 2644 829 convertendos
2687 775 2889 845 Anglos
2937 778 3129 835 beatus
3169 795 3309 853 papa

1727 856 2095 930 Gregorius.)
2146 860 2433 929 Ingruente
2476 864 2588 934 jam
2636 880 2855 930 aurora,
2900 879 3175 940 arreptum
3208 871 3313 926 iter

1732 962 2006 1007 maturant
2059 969 2381 1024 percurrere
2430 957 2499 1013 ad
2548 958 2825 1015 Dominica
2877 960 3066 1027 lucra,
3116 973 3311 1034 agente

1722 1040 1954 1097 forsitan
2013 1044 2192 1099 divina
2251 1047 2554 1114 sententia,
2611 1058 2669 1104 ut
2714 1050 2808 1120 qui
2862 1050 3008 1106 ultro
3057 1053 3312 1111 collatam

1729 1136 2125 1192 benedictionis
2158 1138 2391 1209 gratiam
2443 1140 2497 1195 in
2544 1141 2849 1212 hospitibus
2888 1143 3179 1200 Dominicis
3224 1161 3312 1201 re:-

1727 1227 2041 1297 pulsissent,
2086 1226 2200 1296 jam
2245 1245 2353 1285 non
2408 1241 2853 1303 assequerentur,
2913 1250 3036 1289 cum
3087 1236 3310 1292 vellent.

1724 1316 1847 1373 1am
1886 1318 1974 1374 die
2013 1318 2187 1383 claro,
2218 1330 2330 1376 tota
2373 1322 2500 1377 illuc
2526 1323 2722 1379 vicinia
2752 1326 3008 1391 accurrit,
3040 1326 3129 1381 ubi
3158 1343 3190 1381 a
3217 1342 3312 1382 su-

1726 1425 1901 1479 perno
1933 1412 2174 1479 cardine,
2200 1428 2375 1486 usque
2409 1414 2462 1469 in
2496 1425 2721 1482 terram,
2746 1418 3110 1487 jubarsolarc
3146 1434 3315 1489 super

1727 1504 1877 1558 cives
1915 1502 2036 1567 coeli
2078 1505 2256 1559 adhuc
2296 1506 2611 1577 peregrinos
2652 1516 2828 1574 terrae,
2871 1509 3056 1565 videre
3093 1510 3310 1581 plurimi

1729 1593 1963 1649 radiare.
1992 1593 2277 1664 Aspiciunt
2310 1595 2382 1650 ibi
2409 1597 2574 1651 etiam
2600 1598 2867 1653 mirabilia
2896 1600 2989 1654 Dei
3029 1600 3084 1654 in
3109 1600 3314 1656 sanctis

1706 1684 1843 1739 auis
1882 1699 2176 1767 coruscare
2214 1687 2297 1741 (ιε’
2320 1696 2493 1753 terra,
2535 1689 2676 1744 sicut
2720 1699 2882 1746 noctu
2927 1692 2976 1745 vi
3003 1692 3175 1747 lerant
3219 1707 3310 1757 ra-

1729 1778 1969 1834 diantem
2019 1779 2330 1836 columnam
2375 1782 2444 1836 de
2488 1796 2614 1837 arce
2671 1797 2927 1853 superna.
2981 1782 3213 1855 Stupent
3254 1792 3314 1839 et

83 1871 423 1929 sitatibus.~lta
463 1875 581 1946 jam
625 1886 753 1931 sunt
788 1852 1104 1932 coroborati
1150 1887 1210 1933 ut
1250 1894 1379 1934 cum
1426 1882 1620 1952 majori
1658 1852 1700 1911 ³
1728 1874 1929 1927 novum
1960 1870 2166 1939 fon'em
2197 1873 2301 1930 sibi
2332 1885 2595 1945 perpetua
2623 1891 2685 1930 ac
2724 1852 2865 1930 dulci
2899 1892 3037 1932 vena
3076 1852 3311 1941 scatere.

84 1965 437 2036 gaudio,quem
470 1978 603 2022 ante
633 1968 983 2025 vehementer
1006 1981 1358 2039 expaverant,
1386 1969 1622 2029 laborem

86 2066 438 2123 percurrereut.
758 2064 761 2065 ⁷
1034 2068 1035 2073 ‘
1190 2074 1193 2075 '

134 2146 315 2206 interea
366 2152 778 2224 multis‘signis
823 2168 919 2225 per
952 2154 1313 2227 Augustinum
1366 2155 1625 2214 divinitus

84 2238 281 2309 collatis,
316 2244 743 2301 consolabantur
769 2247 1094 2317 plurimum,
1116 2263 1195 2303 rex
1224 2247 1439 2317 quibus,
1473 2249 1625 2305 verbi

84 2335 238 2401 gratia,
280 2337 363 2391 hic
397 2338 694 2394 inserimus
739 2354 928 2404 unum,
975 2340 1085 2395 imo
1130 2341 1184 2395 iu
1233 2356 1340 2396 uno
1393 2343 1623 2411 trinum,

83 2426 289 2484 omnibus
315 2430 565 2502 ejus‘loci
599 2432 688 2487 ubi
722 2431 926 2488 factum
954 2442 1041 2487 est
1081 2449 1297 2504 semper
1332 2434 1625 2491 celeberri-

86 2534 218 2586 mum,
239 2532 385 2593 atque
411 2525 579 2580 etiam
607 2510 830 2597 scriptis
855 2526 1142 2581 creditum.
1163 2527 1284 2582 Jam
1312 2527 1402 2584 ille
1425 2530 1624 2585 chorus

90 2621 371 2681 sanctorum,
418 2616 761 2688 legens‘iter
787 2633 887 2689 per
914 2618 1363 2690 Andcgavcnsem
1411 2622 1625 2690 provin-

87 2700 217 2768 ciam,
253 2705 474 2761 subeunt
522 2707 731 2774 villam,
776 2706 869 2763 Sai
922 2709 1035 2780 (84)
1082 2710 1427 2781 appellatam.
1475 2711 1624 2779 Quos

86 2794 384 2854 ruricolamm
430 2801 593 2855 turba
631 2800 917 2866 indomita;
956 2811 1014 2856 ut
1045 2803 1258 2873 ignotos
1292 2786 1346 2859 et
1384 2814 1622 2872 exteros,

84 2882 231 2943 humili
275 2889 448 2945 habitu
486 2906 559 2946 ac
597 2892 832 2962 pedestri
883 2893 1098 2948 incessu
1147 2895 1449 2964 despectos,
1509 2897 1623 2951 risu

86 2984 126 3025 et
157 2979 347 3047 apporia
388 2980 681 3036 afﬁciebat.
725 2981 791 3035 Et
815 2980 916 3035 viri
943 2982 1159 3051 quidem
1197 2984 1263 3037 ad
1299 2983 1622 3040 feminarum

85 3070 312 3125 vesaniam
364 3073 651 3129 indemnes
696 3072 1045 3129 videbantur.
1115 3073 1221 3129 Illae
1267 3091 1427 3141 vero,
1479 3076 1624 3131 velut

1726 1972 1784 2018 et
1826 1963 2270 2035 incomparabilis
2309 1965 2567 2021 bonitatis
2608 1965 2845 2022 advenas
2893 1967 3008 2022 haec
3045 1966 3311 2022 beneficia

1723 2055 1830 2112 albi
1874 2071 1975 2126 pro
2021 2056 2326 2113 malefactis
2379 2059 2700 2115 reddidisse.
2752 2060 3032 2115 Discentes
3061 2060 3227 2116 etiam
3257 2070 3314 2116 et

1722 2148 1922 2210 litteris
1954 2165 2148 2206 nomen
2174 2150 2419 2221 praeclari
2442 2152 2703 2219 doctoris,
2744 2163 2800 2207 et
2835 2162 2943 2208 tam
2975 2152 3312 2210 salutiferam

1722 2255 1950 2296 causam
2000 2240 2234 2305 itineris,
2268 2242 2514 2297 nubilosa
2550 2242 2876 2299 confusione
2910 2254 3122 2299 reatum
3154 2259 3312 2300 suum

1726 2330 2077 2403 deplanxere,
2104 2333 2251 2404 quod
2273 2332 2475 2389 ChriSti
2506 2333 2764 2404 legationi
2795 2343 2851 2389 et
2877 2334 3039 2390 saluti
3071 2337 3311 2406 gentium

1722 2430 1837 2479 tam
1870 2424 2113 2494 improbe
2144 2424 2414 2481 restitere.
2456 2423 2570 2481 Heu
2617 2440 2718 2481 nos
2748 2425 3004 2488 furiosos,
3037 2426 3309 2491 dicebant,
3342 2458 3353 2465 -

1724 2517 1872 2587 quod
1932 2526 2209 2572 tantorum
2277 2516 2596 2588 angelorum
2641 2533 2748 2573 non
2797 2519 3096 2573 meruimus
3143 2517 3313 2575 foveri

1725 2610 2123 2675 benedictione,
2155 2624 2258 2667 nec
2290 2611 2461 2666 imbui
2495 2610 2813 2666 dulcedine!
2862 2610 3166 2667 Condidere
3213 2614 3313 2665 ita~

1726 2718 1831 2773 que
1876 2703 2162 2758 ecclesiam
2208 2704 2263 2759 in
2286 2705 2490 2760 eodem
2538 2704 2658 2759 loco
2705 2705 2948 2761 unanimi
3004 2705 3309 2767 devotione,

1718 2806 1781 2851 et
1824 2796 1879 2851 in
1928 2797 2134 2853 honore
2178 2813 2245 2854 ac
2295 2799 2515 2856 nomine
2559 2801 2730 2855 sancti
2774 2799 3059 2873 Augustini
3091 2799 3312 2857 Christo

1726 2885 2066 2942 dedieaverc.
2112 2888 2301 2945 Altare
2340 2903 2494 2955 vero,
2523 2890 2613 2945 ubi
2651 2890 2770 2962 ejus
2799 2894 3000 2961 scripta
3048 2891 3307 2960 legerant,

1723 2986 1987 3042 statuere,
2019 2977 2249 3047 utenjus
2280 2994 2388 3034 non
2416 2981 2769 3036 merebantur
2788 2981 3057 3051 corporali
3076 2980 3314 3052 gaudere

1723 3069 2048 3140 pmsentia,
2100 3080 2359 3142 perpetuo
2400 3087 2525 3127 eum
2580 3081 2901 3143 praesentem
2950 3072 3211 3129 baberent
3257 3073 3310 3127 in

83 3160 342 3229 conjuratte,
377 3164 429 3219 in
469 3166 797 3222 innocentes
842 3167 1080 3221 advenas
1125 3176 1235 3221 tota
1264 3169 1688 3264 insultatione(1
1726 3162 1839 3230 ipsa
1877 3177 1973 3216 sua
2012 3162 2261 3219 ecclesia.
2301 3162 2377 3218 lbi
2405 3164 2571 3219 etiam
2599 3164 2972 3234 prtecordialis
2995 3163 3159 3221 Pater
3182 3179 3311 3234 per-

85 3249 360 3311 ferebantur.
404 3258 640 3328 Jamque
686 3271 813 3314 rure
853 3259 1077 3329 ejectos.
1121 3268 1180 3314 ut
1222 3261 1422 3315 rabida:
1456 3275 1619 3317 canes

86 3344 263 3415 ululatu,
290 3352 463 3424 rugitu
496 3368 569 3406 ac
596 3350 813 3406 frentitu
841 3351 1270 3409 insectabantur.
1308 3351 1619 3408 Proximam

84 3436 247 3495 almum
292 3453 414 3521 tunc
452 3452 729 3499 astantem
772 3441 900 3498 lassi
953 3443 1190 3498 viatores
1225 3453 1508 3514 captantes
1554 3447 1621 3500 ad

89 3532 508 3601 requiescendum,
574 3534 701 3590 inde
751 3534 919 3590 etiam
982 3551 1013 3590 a
1073 3534 1371 3591 ludibriosa
1420 3537 1621 3606 impetu

83 3625 379 3682 exturbantur
434 3627 766 3697 viraginum.
833 3627 905 3682 At
943 3644 1108 3684 unam
1151 3627 1280 3684 almi
1338 3628 1493 3685 ducis
1530 3644 1623 3684 ve-

84 3713 241 3784 stigiag
269 3717 656 3776 irreverentius
687 3720 1079 3791 astringentem
1109 3761 1127 3786 ,
1178 3736 1274 3776 seu
1320 3721 1620 3789 colubram,

82 3818 177 3859 cum
205 3794 283 3863 ille
309 3822 574 3881 pnctento
603 3810 793 3867 baculo
826 3811 986 3867 vellet
1031 3811 1314 3881 repellere,
1362 3822 1619 3884 tanquam

78 3890 234 3958 feram.
274 3897 409 3956 illico
452 3901 684 3957 baculus
723 3901 788 3956 de
830 3917 992 3956 manu
1025 3902 1174 3973 ejus,
1210 3902 1359 3957 velut
1393 3904 1461 3959 ab
1491 3919 1620 3960 arcu

80 3986 254 4057 sagitta,
298 3995 593 4058 excutitur,
632 4004 692 4048 et
718 4008 818 4064 per
850 3995 959 4049 tria
998 3993 1115 4051 fere
1153 3996 1331 4051 stadia
1373 3996 1619 4063 evolans,

85 4075 197 4134 humi
225 4082 461 4156 anigitur.
496 4086 863 4156 Subsequitur
897 4087 1004 4141 dux
1042 4102 1162 4141 eum
1206 4088 1400 4144 devoto
1429 4088 1617 4155 choro,

81 4173 206 4238 quasi
247 4190 308 4231 eo
340 4194 395 4233 se
424 4193 660 4235 vocante
706 4180 955 4234 Domino.
1002 4180 1333 4251 Augustinus
1370 4170 1619 4237 baculum

82 4263 244 4333 evellit,
288 4280 338 4325 et
393 4287 519 4327 eum
574 4270 768 4327 baculo
816 4272 1143 4343 perpetuum
1202 4289 1356 4344 aqua:
1416 4274 1617 4331 fontem

82 4360 290 4417 curabit.
325 4364 440 4432 Quo
480 4366 690 4437 pariter
726 4381 757 4419 a
798 4366 949 4436 gravi
991 4366 1080 4421 siti
1112 4366 1359 4432 relevati,
1388 4378 1620 4423 arternas

85 4447 313 4511 immolant
334 4461 536 4529 gratias
562 4460 756 4514 divina:
788 4458 1034 4514 bonitati.
1074 4459 1149 4514 lbi
1184 4462 1424 4516 suaviter
1451 4460 1620 4517 fessos

1721 3253 1893 3307 multa
1932 3268 1994 3308 se
2039 3254 2389 3324 poscentibus
2431 3264 2787 3326 repraesentat
2823 3256 3108 3320 beneficia,
3141 3255 3311 3312 inulta

1721 3355 2022 3409 sanitatum
2069 3354 2295 3410 exhibet
2337 3355 2618 3411 miracula.
2670 3352 3056 3411 Verumtamen
3103 3352 3173 3407 ab
3208 3353 3312 3407 hac

1718 3448 1949 3504 ecclesia
1993 3457 2257 3519 perpetuo
2297 3449 2524 3518 repudio
2552 3463 2723 3503 omne
2762 3456 2981 3503 arcetur
3010 3460 3185 3517 genus
3226 3444 3309 3499 fe-

1718 3539 2018 3603 minarum,
2087 3547 2149 3593 ut
2207 3538 2463 3594 omnibus
2523 3548 2837 3593 sanctorum
2898 3534 3310 3606 injuriatoribus

1720 3644 1937 3699 semper
1962 3627 2073 3684 sint
2103 3630 2157 3684 in
2190 3628 2520 3700 exemplum.

1791 3719 2050 3788 Quadam
2078 3729 2325 3776 matrona
2352 3720 2505 3776 dives
2539 3720 2645 3775 huc
2675 3735 2799 3775 cum
2830 3734 2988 3776 ceree
3024 3718 3311 3790 appetebat

1718 3809 2065 3881 ingressum.
2114 3820 2171 3866 et
2221 3805 2701 3866 interminantibus
2760 3810 3013 3866 omnibus
3084 3807 3312 3881 urgebat

1708 3904 2096 3974 propositum,
2133 3903 2322 3959 dicens
2370 3919 2430 3960 se
2481 3919 2588 3959 non
2634 3918 2886 3974 peccasse
2932 3902 2988 3957 in
3028 3912 3347 3968 sanctum,

1721 3996 1817 4051 sed
1849 3996 1986 4050 velle
2016 4010 2075 4051 se
2099 3997 2369 4052 honorare
2400 4013 2546 4053 eum.
2582 3995 2681 4051 Vix
2716 4006 2896 4053 autem
2937 3995 3311 4051 inconcessum

1722 4100 1925 4145 metam
1946 4089 2222 4161 attigerat,
2247 4100 2307 4146 et
2330 4091 2511 4146 subito
2533 4090 2706 4161 ruptis
2735 4090 3010 4145 intestinis
3037 4090 3308 4159 exspirat;

1720 4179 1979 4252 forasque
2024 4191 2273 4238 extracta
2327 4191 2563 4247 mortua,
2614 4196 2807 4237 omnes
2854 4181 3075 4236 credere
3127 4180 3313 4235 docuit

1721 4275 1866 4345 quod
1912 4274 2042 4329 nulli
2091 4275 2423 4342 crediderat,
2467 4286 2523 4331 et
2560 4289 2684 4344 quas
2726 4288 2916 4329 omnes
2958 4273 3179 4328 vincere
3212 4287 3310 4326 sua

1720 4370 1930 4442 putavit
1970 4369 2434 4440 prtesumptione,
2493 4368 2748 4423 omnibus
2797 4366 2977 4438 palam
3029 4365 3312 4422 interdixit

1723 4461 1852 4516 talia
1885 4476 2160 4532 nunquam
2189 4474 2545 4531 praasumere.

84 4550 202 4598 artus
251 4548 546 4617 refo‘ventes
595 4554 808 4606 noctem
868 4552 1046 4622 ipsam
1101 4552 1155 4605 in
1217 4551 1308 4606 Dei
1366 4552 1619 4624 laudibus
1649 4565 1697 4625 ι)
1796 4551 2007 4607 Habent
2062 4563 2245 4605 tamen
2308 4549 2382 4605 ibi
2435 4549 2651 4605 femina:
2703 4564 2800 4605 sua
2851 4546 3189 4619 receptacula
3256 4554 3311 4602 et

81 4637 284 4711 exegere.
320 4644 465 4714 Quos
497 4644 681 4719 pulsos
710 4647 968 4717 hospitio,
1002 4649 1317 4719 residesque
1352 4648 1451 4703 sub
1487 4662 1616 4704 aere

83 4734 213 4800 nudo.
238 4753 440 4812 semper
467 4740 1029 4797 miserans'altissima
1060 4740 1371 4812 benignitas
1400 4743 1618 4812 operuit

84 4822 215 4889 gloria
256 4848 346 4901 pro
393 4844 569 4902 tecto,
622 4832 746 4889 fuso
791 4833 1000 4889 scilicet
1048 4831 1281 4903 desuper
1326 4831 1614 4903 splendore

84 4916 294 4986 iuberes,
317 4922 409 4993 qui
449 4923 619 4979 selum
651 4916 891 4978 vinceret
927 4920 1135 4993 fulgore
1157 4901 1327 4988 'novo,
1358 4938 1426 4979 ne
1454 4924 1615 4979 indu-

1724 4641 2000 4709 sacraria,
2033 4640 2123 4696 ubi
2162 4655 2325 4696 orare
2360 4647 2416 4695 et
2451 4639 2659 4711 gratias
2691 4640 2803 4695 Deo
2828 4652 3023 4710 agere,
3057 4646 3178 4693 vota
3213 4652 3311 4693 sua

1726 4733 1975 4798 reddere,
2005 4732 2191 4789 divina
2227 4732 2487 4805 mysteria
2520 4732 2727 4798 audire,
2758 4742 2813 4787 et
2838 4728 3096 4787 salutaria
3129 4746 3314 4787 sacra-

1725 4834 1909 4881 menta
1942 4824 2153 4897 possint
2183 4824 2487 4895 percipere.
2524 4825 2739 4880 Habent
2773 4834 2829 4881 et
2858 4825 3218 4897 Augustinum
3257 4826 3314 4879 in

1723 4901 1980 4975 omnibus
2026 4917 2448 4974 necessitatibus
2491 4917 2606 4971 suis
2645 4917 2935 4986 benignum
2982 4916 3310 4979 auditorem,

85 5012 146 5061 los
168 5026 304 5070 arma
331 5016 466 5074 lucis
495 5019 841 5073 tenebrarum
875 5024 1099 5087 augeret
1128 5015 1362 5080 obsidio,
1394 5016 1620 5087 pulchre
1718 5025 2063 5081 prceumque
2129 5025 2194 5065 ac
2243 5008 2638 5065 desideriorum
2682 5007 2953 5079 juStorum
3001 5013 3310 5076 promptum

83 5096 210 5153 etiam
258 5105 500 5161 columna
555 5107 733 5175 lucis,
779 5123 901 5178 quae
947 5106 1216 5177 quondam
1283 5108 1623 5176 praecedebat
1724 5115 2141 5171 exsecutorem,
2204 5112 2404 5175 praeter
2467 5100 2832 5157 inviolabilem
2890 5097 3140 5154 ecclesia:
3202 5108 3313 5149 sua:

84 5186 381 5252 lilios+lsrael
422 5200 488 5254 ad
527 5208 729 5255 terram
782 5198 1244 5270 repromissionis,
1285 5214 1448 5268 super
1482 5200 1620 5256 istos
1726 5196 2115 5252 conditionem.
2180 5195 2546 5250 Vehementer
2594 5201 2774 5247 autem
2835 5189 3091 5245 admirari
3137 5186 3314 5242 solent

83 5285 287 5354 refulsit,
314 5301 401 5366 qui
445 5293 773 5367 de‘Egypto
809 5308 1063 5360 errones,
1104 5274 1264 5364 juxta
1316 5293 1398 5348 sui
1450 5294 1620 5349 inter-

1726 5286 2144 5365 Andegavenses
2184 5286 2428 5352 advenae,
2476 5284 2676 5356 aliique
2719 5281 2879 5352 hujus
2915 5279 3141 5345 notitia,
3184 5281 3309 5333 dum

84 5380 413 5450 lli-stationem,
452 5391 759 5455 tenebrosa,
796 5385 873 5445 tot
913 5395 1105 5457 gentes
1132 5389 1381 5451 eductas,
1409 5401 1616 5456 prtece-

84 5468 212 5525 deme
257 5477 374 5531 lidei.
414 5479 533 5536 luce
578 5481 797 5545 Christo
858 5479 1140 5545 credentes
1196 5476 1515 5531 indueerent
1562 5477 1616 5531 in

88 5560 271 5631 rt'gnum
311 5570 566 5627 claritatis
610 5582 896 5632 reternunt.
940 5567 1235 5625 Adnotavit
1282 5566 1477 5623 autem
1508 5567 1615 5643 dux

1722 5380 1865 5451 apud
1897 5380 2063 5449 ipsius
2082 5378 2368 5448 Augustini
2393 5377 2726 5448 corporalem
2756 5375 2996 5444 requiem
3022 5369 3311 5442 aspiciant,

1723 5471 1996 5543 quaslibet
2042 5469 2272 5526 feminas
2318 5485 2492 5541 usque
2538 5470 2606 5526 ad
2656 5466 2827 5539 ipsius
2874 5464 3075 5521 tumba
3125 5458 3309 5515 oscula

1694 5564 2011 5630 accedere,
2051 5572 2106 5620 et
2151 5563 2357 5620 nullam
2409 5577 2657 5634 unquam
2694 5557 2836 5632 apud
2866 5550 3027 5630 ipsos
3067 5551 3311 5611 ecclesia

266 5743 476 5827 Etherio
494 5741 1393 5827 Arelatensl_miéz_sa_eriistola_ay:
1417 5741 1683 5815 Grchrio
1704 5729 1903 5802 "exstat
1925 5744 2019 5803 lib.
2059 5761 2113 5801 Ix
2141 5745 2303 5819 epist.
2337 5730 2427 5801 65.

160 5811 241 5880 δι)
276 5815 427 5872 Forte
461 5833 590 5905 pons
614 5818 879 5887 Caesaris,
909 5817 1025 5872 Gal.
1050 5811 1197 5871 'Pont
1227 5814 1293 5870 de
1314 5812 1406 5870 ce.

348 5909 614 5972 Pnnoc.
662 5910 784 5972 CL.
873 5922 879 5927 '
937 5922 940 5925 ‘

2824 5898 2903 5960 2h-
