3848 6292
538 376 642 431 ⁸147

1523 372 1613 427 AD
1654 370 1882 428 OPERA
1921 370 1979 424 Β.
2024 367 2412 426 LANFRANCI
2454 369 2811 425 APPEVDIX.
3658 375 3744 431 748

537 498 650 543 lum
697 485 857 539 limen
897 494 1063 555 posse
1120 484 1407 555 attingere,
1456 499 1555 541 nec
1600 485 1665 541 de
1711 484 1859 540 fonte
1900 484 2113 554 potare.
2142 490 2188 547 Α
2216 485 2462 555 Angliam
2488 487 2765 553 suscepisti
2797 486 2981 549 filiam,
3008 500 3168 555 quam
3196 486 3408 541 sidereo
3436 486 3558 558 Regi
3578 487 3745 546 formo-

536 576 744 643 Quibus
776 575 1300 644 respondeturistas
1338 577 1404 629 ad
1438 576 1581 631 hunc
1618 575 1717 630 rite
1757 575 1961 629 intrare
2001 588 2121 643 qua:

538 683 663 727 eum
719 683 1008 738 recepere,
1069 668 1187 723 illas
1235 683 1365 724 vero
1414 666 1536 738 jure
1591 668 1772 739 repelli
1830 682 1950 738 quas
1998 682 2119 723 eum

534 758 913 828 repudiavere.

607 848 882 919 Competit
912 850 1037 905 huic
1085 860 1309 921 antiquo
1353 851 1696 921 nuperimum
1748 850 1866 922 ejus
1912 850 1983 906 ibi
2015 849 2123 922 59

537 949 750 1011 gestum
789 942 1109 997 subnectere
1141 942 1478 1008 miraculum,
1512 957 1820 1013 quanquam
1850 943 2121 998 morosius

536 1048 932 1103 prosequamur
971 1034 1145 1102 ipsum
1184 1033 1463 1088 luciferum
1506 1034 1854 1089 festinantem
1893 1036 1959 1088 ad
2009 1035 2122 1088 An-

538 1124 735 1195 glicum
781 1124 1072 1182 Oceanum.
1123 1126 1355 1180 Venerat
1397 1126 1606 1195 pridem
1657 1126 2121 1181 reverentissimus

536 1218 943 1289 Andegavensis
969 1219 1163 1287 praesul
1198 1217 1493 1273 Guifl'ridus
1532 1220 1943 1280 Doroberniam,
1992 1234 2122 1288 gan-

538 1309 675 1367 dens
710 1311 881 1381 ipsum
912 1311 1191 1378 antiquum
1228 1326 1337 1365 sum
1364 1310 1553 1380 patria:
1588 1312 1853 1379 hospitem
1884 1309 2122 1365 revisere

539 1400 923 1473 Augustinum.
975 1400 1100 1467 Qui,
1148 1402 1375 1455 audiens
1430 1417 1458 1454 a
1507 1400 1766 1456 fratribus
1809 1402 2119 1456 monasterii

536 1495 849 1564 praescripta
900 1495 1111 1549 recitari
1151 1494 1433 1557 miracula,
1471 1495 1676 1565 optime
1700 1495 2034 1565 recognovit,
2068 1504 2121 1548 et

532 1586 846 1641 testimonio
874 1586 1017 1643 fideli
1047 1586 1390 1656 astipulando
1433 1587 1830 1655 comprobavit,
1856 1586 2120 1641 recentis-

534 1692 645 1747 que
690 1677 817 1733 facti
863 1677 982 1748 ejus
1024 1679 1162 1749 apud
1205 1693 1280 1740 se,
1320 1687 1376 1733 et
1417 1678 1557 1749 apud
1603 1678 1776 1748 ipsam
1823 1677 2119 1734 Ecclesiam

534 1768 743 1823 relator
770 1770 1018 1840 egregius
1048 1769 1118 1823 ita
1148 1770 1390 1823 narravit
1425 1786 1440 1823 :

2221 591 2335 631 sam
2361 578 2600 631 enntrias
2657 592 2928 644 sponsam.
2972 575 3089 630 Jam
3139 586 3263 647 post
3308 593 3548 647 magnum
3588 583 3747 637 orbem

2222 678 2401 734 teme,
2430 670 2640 724 intrasti
2674 670 2816 724 hunc
2853 669 3144 724 vastissimi
3177 669 3376 725 Oceani
3418 671 3589 725 orbem
3635 674 3751 728 alte-

2221 776 2363 826 rum,
2400 776 2592 815 serena
2625 760 2761 815 facte
2798 759 3221 830 pulcherrimum
3253 774 3317 814 ac
3355 759 3747 819 fecundissimum

2221 854 2385 918 arvis,
2438 854 2628 923 pratis,
2682 853 2916 923 pascuis,
2967 851 3163 917 fluviis,
3232 850 3386 906 fretis
3432 853 3749 921 uberrimum;

2221 944 2514 1005 montibus.
2547 944 2771 1013 campis,
2800 941 2949 997 silvis
2977 941 3378 1011 gratissimum;
3434 943 3632 998 urbibus
3665 960 3751 1013 po-

2218 1035 2423 1106 pulosis
2449 1051 2512 1089 ac
2560 1034 2937 1089 transmarinis
2966 1033 3274 1088 institorum
3306 1032 3525 1103 negotiis
3550 1032 3750 1089 festivis-

2221 1131 2446 1195 simum;
2494 1136 2649 1200 gente
2692 1126 2939 1192 candida,
2973 1141 3265 1196 rerumque
3284 1125 3751 1195 Opibnsillustrissi-

2222 1239 2388 1279 mum.
2425 1222 2537 1276 lloc
2567 1221 2778 1277 scilicet
2807 1227 2915 1274 tam
2946 1220 3155 1288 ingens,
3197 1229 3254 1272 et
3302 1216 3603 1288 praeclarum
3646 1218 3751 1288 Ely-

2220 1318 2383 1381 sium,
2415 1313 2524 1377 iam
2555 1314 2681 1369 olim
2716 1313 2808 1368 tibi
2842 1312 3016 1367 electo
3044 1310 3258 1365 officiali
3292 1326 3409 1374 suo,
3436 1310 3650 1364 omnium
3666 1312 3751 1365 Ar-

2221 1408 2352 1465 tifex
2390 1407 2788 1478 praeordinavit.
2829 1404 2928 1470 Qui
2958 1419 2987 1457 a
3022 1403 3321 1472 primordio
3354 1402 3598 1455 mundum
3628 1404 3751 1458 omni

2220 1511 2414 1560 ornatu
2443 1517 2505 1555 ac
2531 1502 2727 1554 decore
2754 1497 3073 1567 perfectum,
3105 1496 3252 1548 edito
3282 1493 3487 1549 homini
3514 1494 3750 1561 possiden-

2221 1597 2347 1652 dum
2382 1592 2641 1650 exhibuit.
2673 1590 2796 1646 Haec
2829 1604 2964 1659 gens
2992 1587 3128 1641 faeie
3158 1586 3418 1649 formosa,
3448 1586 3535 1640 sed
3571 1585 3753 1639 idolola-

2224 1686 2340 1741 triae
2370 1685 2590 1754 fuligine
2619 1682 2927 1753 deuigrata,
2956 1689 3015 1733 ιιι
3062 1675 3229 1749 Moysi
3270 1677 3605 1746 Ethiopissa,
3630 1686 3755 1748 parte

2223 1779 2276 1833 iu
2300 1777 2534 1832 Iordane
2560 1775 2760 1837 abluta,
2785 1773 3042 1829 ascendet
3080 1781 3189 1825 tota
3239 1770 3505 1825 dealbata.
3534 1768 3655 1831 Jam,
3699 1769 3753 1822 ad

544 1918 549 1922 .
613 1861 766 1916 Hanc
808 1876 939 1916 sane
999 1864 1286 1917 ecclesiam
1344 1863 1396 1916 in
1456 1873 1639 1917 nostra
1692 1863 2000 1932 praesentia,
2052 1862 2119 1916 ab
2153 1862 2196 1917 B
2223 1868 2483 1937 majorem
2516 1866 2607 1920 Dei
2639 1874 2693 1920 et
2723 1873 3067 1920 coronmtua:
3090 1860 3456 1933 gloriam,illa
3485 1859 3756 1914 novazlucis

543 1957 804 2009 amatrice
838 1963 969 2008 tanti
1003 1954 1217 2023 patroni
1273 1952 1428 2024 plebe
1475 1954 1775 2008 solemnius
1823 1954 2121 2009 recedifica-

536 2052 678 2107 tam,
709 2059 810 2117 ego
837 2046 889 2099 in
939 2045 1107 2115 ipsius
1134 2046 1337 2100 honore
1369 2055 1423 2100 et
1460 2046 1696 2110 nomine,
1748 2052 1803 2099 ut
1867 2046 2120 2116 primitus

538 2143 673 2190 nata
694 2145 796 2201 est,
832 2136 1060 2191 Domino
1116 2137 1363 2207 proxime
1414 2136 1674 2191 dedicavi.
1726 2135 2122 2192 Adolescebant

535 2223 697 2297 longe
726 2227 939 2297 lateque
969 2228 1021 2283 in
1050 2228 1279 2283 circuitu
1331 2243 1586 2284 arvorum
1617 2237 1851 2298 segetes,
1894 2236 1947 2283 et
2002 2237 2119 2282 sata

531 2316 647 2387 jam
681 2321 731 2374 in
755 2321 933 2391 spicas
959 2332 1014 2375 et
1034 2322 1231 2377 aristas
1262 2322 1703 2376 maturescentia.
1729 2320 2151 2376 lnundantibus.

536 2419 719 2465 autem
751 2412 818 2465 ad
846 2412 1237 2468 dedicationem
1268 2412 1501 2484 populis,
1534 2412 1683 2467 velut
1708 2413 1821 2482 ipse
1877 2410 2121 2467 effunde-

538 2510 692 2556 retur
732 2502 927 2559 fluvius
986 2503 1219 2575 Ligeris,
1279 2505 1353 2558 ita
1409 2503 1758 2567 conculcatte,
1816 2503 2014 2558 attrita:
2067 2512 2122 2560 et

538 2593 887 2649 conuninutze
917 2604 1043 2649 sunt
1077 2595 1220 2650 illius
1276 2594 1475 2650 arvalis
1508 2595 1742 2665 mquoris
1781 2610 2029 2659 annonae,
2064 2604 2123 2649 ut

538 2699 645 2737 non
679 2686 838 2740 modo
861 2694 969 2739 tam
1002 2702 1294 2756 percussae,
1327 2687 1411 2740 vel
1451 2686 1745 2741 confracta:
1801 2696 2121 2742 notarentur

518 2775 749 2845 «stipula:
775 2791 936 2845 quam
973 2778 1169 2847 passim
1197 2779 1498 2848 exhausta),
1553 2776 1639 2831 vel
1672 2788 1904 2849 scepat:e
1955 2793 2114 2833 areae.

537 2866 688 2920 Adeo
735 2867 787 2920 in
821 2869 922 2921 hoc
953 2867 1297 2923 desiderabili
1352 2883 1647 2939 congressu
1703 2870 2122 2937 Augustincnsis

538 2956 920 3025 solemnitatis,
967 2976 1127 3015 nemo
1170 2961 1484 3015 attendebat
1530 2971 1797 3031 quatenus
1844 2962 1926 3015 vel
1980 2964 2118 3027 suis,

540 3047 626 3101 vel
670 3047 865 3105 alienis
907 3061 1157 3120 parceret
1190 3052 1421 3107 damnis.
1473 3051 1590 3107 Jam
1639 3053 1789 3115 illius.
1827 3054 1952 3108 anni
2004 3054 2123 3109 vale

539 3136 719 3194 fecere
746 3141 1010 3197 defuncta:
1031 3144 1141 3213 spei
1172 3153 1225 3199 et
1265 3145 1484 3211 fructui,
1513 3160 1682 3215 usque
1727 3147 1779 3199 in
1813 3146 1975 3200 alium
2006 3147 2119 3201 Au-

2223 1959 2493 2022 columna,
2523 1973 2642 2027 qua:
2671 1956 2904 2027 priscum
2936 1954 3193 2025 populum
3219 1951 3410 2008 eduxit
3456 1952 3511 2006 in
3560 1950 3666 2025 fide,
3709 1958 3753 2003 et

2222 2063 2383 2105 cruce
2432 2046 2761 2116 resurgentis
2790 2044 2989 2099 Christi
3050 2051 3256 2106 erecta,
3295 2050 3348 2095 tu
3402 2041 3621 2095 educens
3647 2053 3754 2109 gen-

2224 2141 2354 2194 tium
2394 2137 2645 2209 pOpulum
2674 2137 2740 2190 de
2766 2134 3103 2206 Egyptiacis
3153 2132 3394 2188 tenebris
3444 2128 3755 2191 infidelitatis,

2221 2245 2275 2287 et
2298 2233 2485 2285 umbra
2511 2229 2723 2296 mortis,
2756 2228 3064 2284 introduces
3102 2234 3222 2297 post
3252 2223 3435 2279 .lesum
3458 2221 3595 2277 Nave
3610 2222 3654 2275 in
3677 2230 3759 2276 ter.

2223 2338 2339 2377 ram
2392 2319 2855 2392 repromissionis,
2907 2326 3106 2372 terram
3163 2308 3401 2369 lactis'ct
3437 2312 3619 2367 mellis.
3660 2310 3757 2365 Tibi

2221 2414 2363 2470 enim
2387 2411 2696 2481 evangelico
2719 2411 2839 2465 duci
2868 2409 3042 2479 gratia
3069 2406 3301 2462 contulit
3330 2403 3616 2473 Evangelii,
3643 2401 3758 2472 quod

2224 2516 2475 2577 negatum
2502 2515 2585 2558 est
2603 2502 2825 2574 legifero
2853 2500 3045 2572 Moysi,
3071 2499 3323 2569 quodque
3353 2496 3441 2551 ille
3463 2496 3514 2550 in
3535 2494 3659 2564 Lege
3674 2507 3756 2546 non

2221 2598 2394 2667 potuit
2418 2595 2699 2665 consequi,
2738 2602 2794 2647 tu
2827 2594 2879 2647 in
2910 2607 3038 2646 vero
3070 2590 3218 2644 illum
3270 2598 3365 2642 tuo
3418 2584 3623 2655 explere
3668 2596 3760 2636 me-

2224 2689 2400 2743 ruisti.
2433 2687 2551 2743 Jam
2576 2688 2642 2742 de
2671 2684 2858 2755 spoliis
2882 2682 3049 2737 vincti
3083 2680 3293 2752 tyranni
3326 2687 3380 2733 et
3406 2677 3472 2731 de
3500 2689 3647 2743 regno
3683 2687 3756 2727 ca-

2222 2783 2351 2853 ptivi
2380 2781 2665 2853 pra-donis,
2700 2777 2869 2833 facies
2899 2775 3009 2831 Deo
3038 2783 3223 2829 nostro
3255 2785 3482 2841 regnum
3528 2769 3689 2836 (Αροε.
3715 2780 3756 2827 v,

2224 2872 2332 2941 10),
2370 2881 2425 2925 et
2453 2870 2706 2941 populum
2730 2866 3105 2937 acquisitionis
3144 2862 3197 2936 (l
3231 2860 3375 2917 Petr.
3435 2876 3498 2923 ιι,
3549 2858 3616 2927 9).
3663 2855 3757 2910 iam

2221 2975 2342 3033 post
2371 2964 2591 3017 cmleste
2621 2966 2925 3029 regnumet
2956 2957 3203 3011 laborum
3246 2951 3496 3023 praemia,
3533 2950 3636 3003 hac
3680 2946 3760 3000 erit

2222 3063 2478 3125 perpetua
2521 3052 2791 3122 possessio
2819 3060 2931 3116 tua,
2970 3064 3089 3119 quae
3121 3062 3217 3118 per
3248 3056 3300 3100 te
3324 3046 3555 3099 Domino
3595 3049 3664 3096 est
3689 3054 3760 3091 ac-

2223 3145 2442 3214 quisita.
2475 3144 2540 3197 Et
2575 3142 2728 3211 cujus
2757 3142 2938 3212 fugisti
2991 3136 3305 3209 temporalia
3334 3136 3628 3199 commoda,
3673 3132 3758 3201 jam

524 3240 753 3299 .guszum
815 3231 1160 3288 irremeabili.
1212 3234 1517 3305 Sperabant
1546 3236 1599 3290 in
1625 3236 1909 3306 Augustini
1960 3236 2122 3307 largi-
2149 3219 2193 3279 (ἶ
2225 3236 2524 3306 possidebis
2554 3235 2897 3290 haereditaria
2928 3234 3104 3288 lucra.
3146 3231 3244 3285 llic
3295 3230 3506 3301 positus
3553 3229 3600 3282 in
3644 3233 3760 3279 antc-

543 3328 676 3383 tate.
700 3322 793 3377 sed
822 3323 876 3377 in
906 3323 1034 3389 alia,
1065 3339 1223 3394 quam
1272 3341 1390 3394 qua:
1423 3334 1549 3382 tunc
1577 3336 1910 3393 excesserat,
1958 3327 2121 3387 bene-

535 3410 793 3470 dictione.
830 3414 1024 3470 Verum
1048 3432 1114 3471 ex
1147 3428 1250 3472 hac
1276 3418 1677 3487 desperatione,
1720 3418 1892 3487 major
1946 3419 2120 3474 admi-

534 3506 764 3562 rationis
806 3523 871 3563 ac
906 3508 1028 3563 fidei
1074 3519 1198 3564 nata
1248 3519 1331 3565 est
1375 3510 1581 3575 laetitia,
1636 3513 1761 3565 dum
1813 3512 1929 3565 haec
1961 3509 2122 3567 tellus

536 3607 650 3654 tam
693 3601 1037 3671 pessumdata
1079 3611 1134 3657 et
1166 3604 1526 3659 condemnata
1576 3618 1767 3659 omnes
1822 3612 1997 3659 terras
2034 3604 2119 3673 ip-

535 3690 652 3747 sius
677 3693 970 3761 provincize
998 3695 1049 3748 in
1077 3710 1253 3751 messe
1273 3697 1780 3767 supergrederetur,
1803 3704 1859 3751 et
1879 3696 2122 3750 altitudi-

538 3800 610 3841 ne
640 3786 852 3857 frugnm
878 3798 929 3843 et
957 3790 1132 3859 copia.
1166 3790 1319 3847 Unde
1358 3791 1503 3846 circa
1543 3800 1750 3845 tantum
1804 3791 2119 3845 advocatum

518 3891 694 3941 ,suum
716 3879 1100 3949 Augustinum,
1137 3891 1283 3936 tanta
1311 3884 1554 3937 omnium
1601 3882 1845 3936 excrevit
1890 3897 2119 3937 venera-

539 3968 615 4023 tio
640 3984 703 4024 ac
733 3970 855 4024 fidei
894 3970 1109 4028 devotio
1131 3981 1190 4027 ut
1212 3974 1439 4029 credant
1492 3988 1617 4027 eum
1645 3972 1822 4027 ubivis
1877 3973 2117 4043 gentium

537 4057 843 4121 invocatum
889 4063 1102 4126 adesse,
1132 4070 1188 4116 et
1233 4062 1494 4132 quidquid
1544 4078 1572 4113 a
1609 4062 1836 4116 Domino
1884 4062 2120 4132 postulet

534 4150 786 4206 obtinere
806 4162 863 4207 et
891 4153 1020 4208 dare
1059 4167 1237 4223 posse.
1269 4152 1364 4206 His
1420 4152 1488 4207 de
1516 4153 1683 4208 veteri
1713 4163 1769 4217 et
1799 4168 1938 4209 novo
1973 4170 2121 4210 com-

534 4252 783 4312 petenter
805 4246 1087 4315 expositis,
1114 4244 1230 4315 jam
1248 4244 1524 4302 Oceanum
1566 4255 1925 4317 occupantem
1974 4247 2118 4318 lega-

537 4341 651 4388 tum
696 4336 910 4390 Domini
938 4338 1358 4407 subsequamur.

605 4422 912 4495 Finitojam
941 4426 1226 4496 principali
1257 4427 1386 4499 orbe
1416 4427 1654 4497 gentium
1678 4429 1922 4483 terrestri
1952 4429 2112 4494 calle,

535 4513 870 4583 Augustinus
890 4516 1112 4587 navigat
1142 4517 1193 4569 in
1219 4532 1524 4586 :equoreum
1560 4520 1746 4573 orbem
1784 4517 2111 4586 Britanniae,

534 4612 594 4660 et
608 4607 868 4675 excipitur
883 4646 899 4673 ,
924 4623 1045 4663 cum
1067 4610 1431 4678 suprascripto
1452 4626 1677 4665 numero
1693 4612 1962 4665 sociorum
1983 4628 2115 4682 qua-
2148 4582 2194 4641 ί)

536 4696 783 4763 terdeuo,
806 4697 858 4750 in
880 4698 1115 4767 opimam
1138 4709 1193 4754 et
1220 4702 1589 4772 prmgrandem
1625 4702 1856 4757 insulam
1884 4702 2110 4769 Cantiae,

537 4787 803 4843 Tanetum
834 4789 1115 4845 vocabulo.
1170 4791 1294 4847 Haec
1341 4794 1571 4863 primani
1621 4809 1681 4848 se
1724 4794 1999 4851 Christum
2060 4795 2111 4848 in

535 4880 647 4934 suis
674 4878 949 4951 legatariis
988 4884 1291 4954 suscepisse
1336 4885 1532 4940 merito
1581 4885 1875 4954 triumphat
1928 4885 1980 4937 in
2028 4884 2113 4939 be-

532 4972 865 5038 nedictione,
895 4972 1021 5029 felix
1046 4974 1203 5030 tellus
1232 4991 1327 5030 sua
1354 4975 1649 5037 fertilitate,
1674 4976 1767 5029 sed
1796 4974 2114 5030 felicissima

539 5063 983 5119 totdeiferorum
1050 5082 1113 5120 ac
1169 5066 1370 5120 civium
1437 5080 1796 5135 supernorum
1840 5066 2111 5136 primitiva

534 5153 923 5224 hospitalitate.
950 5156 1058 5221 Sic,
1084 5158 1325 5226 inquam,
1358 5158 1623 5227 dirigente
1684 5158 1886 5228 Spiritu
1933 5159 2114 5232 Domi-

537 5244 595 5299 ni
616 5246 732 5316 ejus
758 5248 925 5311 viam,
956 5248 1213 5317 applicuit
1239 5248 1483 5317 proxime
1512 5249 1662 5318 quasi
1690 5251 1789 5305 sub
1820 5251 1991 5322 ipsam
2024 5266 2110 5305 re-

537 5337 641 5406 gia:
689 5337 1006 5407 metropolis
1033 5346 1273 5408 portam;
1306 5340 1395 5395 ubi
1446 5342 1628 5396 sedem
1683 5342 1880 5397 habeat
1927 5357 2113 5412 perpe-

542 5435 711 5491 tuam,
738 5435 793 5482 et
817 5442 973 5482 secus
999 5429 1170 5498 ipsam
1201 5430 1447 5500 requiem
1478 5432 1882 5502 sempiternam.

613 5516 775 5584 Ecce,
827 5519 987 5576 beate
1046 5529 1400 5592 protoparens
1460 5525 1891 5593 regenerationis
1942 5527 2118 5594 gentis

543 5604 795 5677 Anglicae,
837 5609 1149 5681 relinquens
1197 5623 1480 5685 augustam
1535 5621 1811 5684 parentem
1865 5602 2117 5685 Romam,

2224 3327 2414 3382 murali
2453 3327 2698 3381 turritam
2730 3326 2972 3382 servabis
2995 3324 3291 3395 speculam,
3328 3324 3470 3378 unde
3496 3321 3755 3376 univerSam

2217 3415 2421 3488 jugiter
2460 3417 2665 3471 tuearis
2695 3417 2789 3471 tibi
2816 3417 3049 3470 dicatam
3085 3415 3344 3485 patriam.

2292 3510 2621 3566 Praesidebat
2676 3509 2790 3580 (85)
2847 3509 3192 3565 Dorobcrnia:
3231 3507 3577 3562 Edelbrithus
3610 3505 3759 3560 tertius

2221 3618 2407 3673 regum
2436 3602 2751 3672 Anglorum,
2786 3601 2878 3657 sed
2908 3602 2998 3672 qui
3040 3602 3244 3671 primus
3277 3599 3419 3654 foret
3458 3599 3587 3653 civis
3632 3610 3760 3665 ange-

2222 3693 2419 3748 lorum.
2473 3693 2621 3749 Uxor
2657 3693 2729 3747 illi
2776 3693 3269 3757 Cliristianissima,
3323 3692 3542 3746 nomine
3580 3688 3757 3751 Bcrtha,

2223 3786 2370 3857 regia
2404 3785 2603 3856 puella,
2636 3786 2799 3857 regiis
2828 3786 3146 3855 parentibus
3195 3801 3262 3840 ex
3311 3784 3540 3839 Francis
3585 3781 3759 3852 regibus

2221 3888 2531 3950 procreata,
2553 3878 2641 3932 tali
2672 3887 3013 3936 sacramento
3036 3888 3153 3933 erat
3175 3877 3491 3946 conjuncta,
3517 3885 3758 3945 quatenus.

2223 3971 2275 4025 in
2324 3970 2756 4027 Christianitatis
2823 3970 3191 4034 observantia,
3248 3968 3398 4023 nulla
3463 3966 3761 4022 infestaretur

2220 4064 2479 4119 versutia.
2520 4061 2640 4117 Haec
2665 4062 2889 4117 advenis
2923 4060 3121 4117 Christi
3145 4060 3313 4130 janua
3344 4060 3412 4114 ad
3465 4073 3632 4129 regem
3671 4061 3760 4110 erat

2221 4152 2426 4223 pervia.
2455 4151 2674 4205 Mandat
2700 4165 2829 4222 ergo
2858 4150 2971 4220 regi
3027 4151 3270 4220 prudens
3298 4149 3640 4219 Augustinus,
3689 4159 3759 4214 per
3828 4170 3829 4177 ι

2223 4250 2443 4303 idoneos
2476 4247 2694 4301 nuntios
2723 4260 2787 4301 so
2811 4245 2876 4300 de
2906 4244 3075 4299 Roma
3105 4258 3217 4299 sum
3263 4257 3591 4311 suorumque
3614 4236 3759 4295 salutis

2224 4338 2395 4410 gratia
2425 4338 2618 4391 missos
2646 4351 2675 4389 a
2708 4335 2950 4390 Romano
2991 4333 3258 4393 antistite.
3294 4332 3340 4386 si
3382 4331 3536 4385 modo
3572 4331 3755 4397 dignen-
3800 4350 3813 4361 -

2224 4439 2310 4483 tur
2367 4427 2619 4482 bealifico
2673 4427 2886 4490 nuntio,
2940 4440 3100 4495 quem
3159 4423 3391 4477 afferant
3441 4421 3754 4491 atquin-scere

2222 4519 2336 4575 Rex
2370 4519 2525 4587 jubet
2563 4530 2670 4572 tam
2707 4516 3041 4587 prmstabiles
3073 4516 3333 4580 advenas,
3363 4515 3415 4567 in
3448 4515 3556 4583 ipsa
3588 4527 3673 4580 qua
3697 4524 3757 4560 re-

2222 4613 2360 4683 cepti
2388 4622 2512 4666 sunt
2533 4611 2724 4675 insula,
2757 4626 2914 4664 suum
2937 4610 3225 4664 adventum
3253 4616 3523 4660 maturum
3547 4600 3753 4673 opperiri.

2220 4706 2406 4774 eisque
2433 4705 2555 4758 vita:
2582 4704 2863 4758 commoda
2892 4702 3049 4771 plene
3080 4699 3402 4754 ministrari.
3456 4698 3578 4751 lltrc
3602 4695 3673 4748 diu
3695 4706 3755 4744 re-

2222 4806 2462 4849 moratus
2497 4794 2643 4849 venit
2690 4794 2741 4847 in
2790 4794 3079 4857 Tauetum,
3114 4791 3468 4858 residensque
3514 4789 3608 4843 sub
3631 4787 3752 4843 divo;

2220 4903 2355 4942 vana
2395 4885 2538 4940 enim
2567 4885 2874 4954 suspicione
2903 4884 3098 4939 vetusti
3123 4884 3328 4939 erroris
3358 4881 3755 4953 augurabaturse

2221 4978 2365 5032 intra
2390 4977 2606 5032 domum
2649 4978 2825 5046 aliqua
2854 4976 3225 5031 incantatione
3273 4990 3433 5043 posse
3479 4970 3667 5029 seduci,
3706 4966 3757 5017 fo-

2221 5072 2467 5125 rinsecus
2508 5084 2636 5123 vero
2668 5084 2772 5122 non
2806 5083 2965 5138 posse
3017 5069 3070 5122 in
3102 5062 3399 5137 conspectu
3452 5064 3596 5120 cmli.
3644 5057 3755 5113 Foris

2219 5161 2494 5231 przebebat
2539 5160 2743 5214 sanctis
2791 5159 3119 5212 audientiam
3167 5159 3273 5213 sui.
3316 5157 3565 5211 Absurde
3608 5152 3755 5221 quippe

2223 5267 2325 5306 nox
2384 5249 2607 5304 timebat
2672 5250 2953 5304 obscurari
3007 5264 3037 5303 a
3084 5248 3328 5305 luciferis
3397 5247 3493 5301 Dei
3553 5254 3606 5298 et
3666 5237 3756 5291 ﬁliis

2222 5342 2348 5397 diei.

2292 5433 2648 5504 Augustinus,
2684 5431 2895 5487 afllatus
2926 5430 3131 5501 Spiritu
3169 5438 3379 5493 sancto,
3414 5430 3653 5500 ingerens
3688 5434 3754 5490 pa-

2222 5536 2341 5577 cem
2388 5531 2441 5575 et
2463 5521 2692 5577 salutem
2748 5522 2883 5589 regi,
2935 5521 3158 5589 suisque
3211 5520 3467 5574 omnibus
3518 5528 3575 5572 et
3613 5523 3751 5583 regat).

2224 5614 2390 5670 refert
2408 5630 2466 5669 se
2492 5630 2726 5685 suosque
2754 5622 3035 5670 consortes
3061 5614 3259 5669 missos
3284 5613 3353 5667 ad
3388 5613 3585 5683 ipsum,
3629 5616 3752 5673 seque

614 5790 726 5861 (85)
756 5791 1075 5852 Cantuarim.
1107 5782 1450 5852 Edclbrithus
1480 5794 1894 5850 Cantuariorum
1943 5761 2054 5851 res.
2099 5782 2441 5850 Malmesbur.
2467 5795 2500 5847 Ι.
2534 5812 2548 5849 ι
2577 5796 2778 5867 Regum
2812 5794 2992 5864 Angl.,
3018 5809 3135 5863 cap.
3178 5794 3230 5846 ί.
