3848 6292
1071 383 1226 439 VITA
1266 383 1323 437 S.
1359 384 1731 443 AUGUSTINI
1771 389 1952 446 ANGL
2011 394 2253 451 APOST.

131 382 217 439 ’ὖιῦ

3214 416 3321 473 πῑο

132 500 262 553 etiam
289 493 519 549 ultronea
549 494 912 550 benevolentia
948 498 1174 561 venisse,
1199 506 1464 566 quatenus
1503 486 1633 572 gau-
1670 510 1713 564 Α
1738 513 1944 572 portas,‘
1963 517 2010 560 et
2031 508 2361 577 ingrediatur
2387 518 2690 586 gensjusta,
2724 526 3017 581 custodiens
3045 533 3333 588 veritatem

130 590 264 651 dium,
287 594 338 640 et
358 586 576 654 gloriam
598 597 652 640 et
670 602 886 658 regnum
909 588 1225 642 annuntient
1251 597 1528 654 mternum,
1549 593 1637 647 ubi

128 677 431 733 obaudientes
455 678 565 729 suis
591 677 749 732 dictis
777 676 1225 746 sempiternaliter
1256 679 1437 733 vivant
1462 691 1515 735 et
1544 696 1640 734 ex.

126 769 303 826 saltent.
334 766 922 837 lndicat600mnium
971 777 1265 823 creatorem
1326 769 1491 824 Deum
1542 770 1636 827 Dei

125 858 515 925 omnipotentem,
544 863 751 909 tantum
783 855 1024 911 homines
1054 872 1081 909 a
1130 872 1189 912 se
1221 856 1392 913 factos
1419 860 1637 916 dilexis-

122 962 185 1007 se.
206 955 255 998 ut
276 946 422 999 homo
442 953 497 997 et
526 943 667 996 filius
692 943 947 1009 hominis,
975 944 1119 999 salva
1172 961 1385 1016 semper
1413 948 1633 1017 dcitate,

120 1037 387 1105 dignaretur
429 1032 567 1096 fieri,
621 1043 884 1102 quatenus
927 1034 1170 1090 homines
1218 1049 1388 1092 morte
1420 1054 1514 1093 sua
1546 1056 1634 1095 re-

120 1127 321 1194 demptos
347 1124 544 1179 faceret
595 1123 734 1180 filios
791 1126 906 1180 Dei.
963 1127 1125 1197 Cujus
1177 1129 1441 1184 nativitati
1498 1148 1633 1188 nova

118 1218 237 1273 Stella
267 1216 460 1279 alluxit,
491 1216 646 1284 cujus
676 1218 898 1289 pedibus
929 1234 1078 1273 mare
1106 1219 1364 1275 calcabilc
1385 1224 1631 1293 servivit,

115 1309 237 1375 cujus
269 1308 525 1377 passionis
560 1308 754 1378 injuria
804 1309 883 1365 sol
924 1311 1105 1365 radios
1161 1328 1287 1367 suos
1329 1314 1631 1384 abscondit,

114 1401 235 1470 cujus
261 1399 554 1468 sepultum,
582 1409 636 1453 et
666 1401 1073 1466 resurrectioni,
1102 1404 1279 1457 omnis
1325 1412 1467 1459 terra
1498 1422 1631 1461 con-

116 1491 292 1545 tremuit
342 1500 394 1543 et
445 1490 733 1559 acquievit.
793 1491 908 1560 Ipse
954 1503 1058 1557 est,
1124 1494 1319 1562 inquit,
1373 1496 1631 1553 Dominus

112 1582 236 1636 Jesus
255 1580 509 1647 Christus,
540 1583 606 1636 ab
623 1584 846 1638 exordio
890 1585 1096 1650 mundi,
1127 1585 1196 1639 ab
1229 1587 1482 1644 omnibus
1529 1604 1627 1659 pa-

114 1672 318 1727 triarchis
349 1682 401 1727 et
440 1675 740 1742 prophetis,
788 1664 879 1729 Dei
905 1675 1076 1732 Filius
1114 1679 1511 1747 pronuntiatus,
1562 1681 1630 1738 de

112 1766 273 1835 Spiritu
300 1774 479 1820 sancto
508 1776 822 1837 conceptus,
849 1768 917 1821 de
938 1758 1162 1841 Virgine
1188 1780 1366 1837 natus,
1395 1783 1449 1827 et
1477 1773 1627 1827 innu-

1740 590 2020 661 legationis
2031 610 2159 650 sme.
2182 596 2340 654 Vetus
2350 618 2496 657 error
2516 608 2644 660 abiit
2664 610 2976 669 idololatriae
2994 616 3147 687 (Isai.
3162 638 3316 687 xxvt,

1736 682 1792 747 2,
1819 684 1895 751 5).
1917 694 1974 739 ut
1998 686 2083 741 hic
2106 691 2298 746 amodo
2321 705 2568 751 servetur
2595 714 2696 769 pax
2721 701 2921 760 Christi
2948 682 3013 762 et
3038 682 3312 769 Ecclesiae;

1736 771 1854 828 Jam
1901 775 1989 831 hic
2038 794 2195 835 ruere
2236 785 2375 839 muri
2412 786 2730 845 videbantur
2769 792 2993 853 Jcricbo
3020 802 3107 857 ubi
3151 804 3316 861 aditié

1739 871 2093 923 centurtuuri
2121 868 2442 931 Jerusalem.
2478 879 2657 935 llttunt
2696 885 2925 952 scilicet,
2983 907 3088 947 non
3145 910 3311 952 saxea

1736 958 1965 1025 moenia,
1987 961 2078 1015 sed
2096 962 2398 1020 datmonum
2428 971 2774 1040 munitiones,
2803 989 2857 1031 et
2886 994 3042 1035 saxea
3068 987 3314 1055 numina,

1735 1067 1766 1107 a
1787 1065 2095 1111 sanctorum
2128 1070 2332 1116 terrore
2353 1066 2629 1127 dissoluta.
2654 1086 2775 1139 qua:
2810 1073 3044 1131 cultores
3065 1095 3192 1134 suos
3218 1099 3315 1135 ea-

1734 1145 1980 1215 ptivitate
2016 1159 2070 1203 et
2096 1150 2377 1211 obsidione
2400 1159 2788 1223 damnaverant
2814 1175 3037 1222 aeterna.
3073 1170 3193 1226 Jam
3224 1174 3313 1228 hic

1736 1234 1978 1305 Sponsus
2006 1240 2212 1311 gloriae,
2256 1248 2443 1304 urbem
2483 1252 2586 1306 sibi
2635 1270 2828 1311 novam
2873 1259 3171 1317 Jerusalem
3219 1281 3326 1335 peri

1734 1329 2070 1399 archipolum
2101 1334 2463 1407 Augustinum
2505 1359 2739 1417 suosque
2759 1352 3049 1421 complices
3072 1329 3327 1413 artifices

1734 1421 1972 1490 molitur,
2007 1427 2159 1497 cujus
2185 1430 2529 1490 fundamenta
2554 1452 2608 1492 et
2630 1443 2769 1495 muri
2815 1458 2878 1497 ex
2905 1460 3036 1500 auro
3084 1451 3323 1515 mundo,-

1733 1523 1787 1567 et
1814 1516 1957 1569 omni
1988 1515 2165 1587 lapide
2210 1525 2480 1593 pretioso;
2512 1529 2664 1598 cujus
2708 1533 3094 1605 designatores,
3142 1544 3314 1610 patri-

1733 1604 1938 1670 archae;
1963 1607 2114 1677 cujus
2138 1628 2436 1684 measures,
2461 1623 2766 1692 prophetas;
2824 1604 2979 1697 cujus
3016 1604 3312 1688 aaditlcato-

1732 1709 1842 1761 res,
1866 1701 2147 1768 apostolici
2176 1705 2397 1773 Patres;
2425 1711 2578 1779 cujus
2614 1714 2973 1775 illustratores
3007 1731 3062 1776 et
3117 1724 3315 1791 polito-

1731 1802 1819 1844 res
1845 1796 2159 1862 getnmaril,
2189 1812 2487 1874 martyres;
2524 1806 2674 1875 cuius
2705 1809 3108 1867 instructissimi
3136 1816 3314 1870 dicta-

110 1858 240 1911 meris
264 1857 422 1925 signis
454 1856 668 1912 Deus'ct
696 1860 856 1914 homo
878 1860 1076 1931 ubique
1098 1862 1442 1931 declaratus;
1489 1866 1620 1937 jam-

1848 1855 1874 1861 -
2147 1855 2158 1862 .
2333 1855 2353 1874 ,
2379 1855 2382 1856 ν
2530 1855 2672 1875 -_,_-
2705 1855 3107 1867 -..--.-~-.--.....
3137 1855 3311 1870 amr

1733 1887 1911 1950 tores,
1978 1888 2357 1960 confessores;
2431 1898 2589 1966 cujus
2646 1902 2994 1969 pulchritudo
3076 1907 3132 1961 in
3210 1910 3314 1963 do-

110 1966 190 2019 que
212 1949 269 2003 ab
287 1949 526 2005 omnibus
560 1952 809 2023 gentibus
830 1963 887 2006 ut
913 1956 1152 2009 omnium
1185 1955 1434 2011 Salvator
1455 1958 1630 2013 credi.

112 2050 195 2105 tus,
236 2040 487 2111 cognitus,
540 2056 605 2095 ac
640 2051 937 2111 susceptus.
978 2041 1132 2099 Hunc
1181 2061 1329 2116 ergo,
1393 2047 1480 2102 illa
1530 2064 1625 2102 sua

108 2134 323 2187 charitate
364 2148 463 2188 nos
496 2133 829 2199 stimulante,
880 2149 985 2201 qua
1033 2151 1132 2206 pro
1183 2139 1338 2193 nobis
1386 2140 1622 2195 animam

106 2224 263 2292 posuit,
284 2238 487 2293 quaque
506 2239 604 2279 vos
624 2224 677 2280 in
694 2212 898 2281 aeterno
921 2240 1087 2298 regno
1113 2242 1212 2283 suo
1232 2229 1428 2284 habere
1452 2231 1627 2286 socios

109 2316 204 2371 totis
225 2316 503 2371 visceribus
534 2316 936 2383 desideramus;
988 2320 1129 2373 sicut
1148 2335 1214 2376 ex
1269 2336 1376 2377 uno
1406 2320 1626 2378 homine

106 2422 255 2462 omnes
271 2408 530 2487 procreati
552 2423 740 2465 sumus
763 2427 777 2463 :
802 2410 944 2465 hunc
960 2451 975 2475 ,
1007 2412 1248 2482 inquam,
1277 2413 1624 2470 Conditorem

104 2508 146 2551 et
172 2499 475 2553 Salvatorem
530 2500 793 2568 omnium,
832 2501 885 2555 in
938 2517 1100 2573 quem
1156 2505 1440 2561 credentes
1490 2506 1623 2562 salvi

105 2590 213 2653 sitis,
240 2591 376 2645 vobis
402 2592 811 2657 annuntiamus,
831 2593 959 2663 quia
980 2594 1096 2648 sine
1118 2594 1223 2649 ulla
1248 2594 1621 2668 ambiguitate,

104 2680 316 2750 promissa
341 2681 561 2751 praemia
591 2683 915 2750 preveniunt
938 2685 1301 2754 credentibus,
1336 2698 1391 2743 ct
1413 2684 1623 2745 infinita

103 2772 313 2842 supplicia
337 2756 824 2829 contemnentibus.
851 2774 957 2831 lsta
984 2785 1038 2831 et
1069 2777 1171 2831 alia
1198 2794 1357 2849 quam
1389 2780 1622 2850 plurima

104 2864 330 2919 Dominico
354 2864 530 2936 legato
555 2864 935 2936 proloquente,
966 2878 1023 2923 et
1062 2867 1362 2925 innumeris
1412 2872 1621 2927 divina-

103 2972 189 3010 rum
210 2959 440 3013 virtutum
474 2960 798 3017 testimoniis
820 2978 945 3017 vera
1000 2966 1401 3033 comprobante,
1436 2967 1622 3023 simul-

102 3067 178 3118 que
197 3052 455 3123 imaginem
479 3053 656 3107 sancti
680 3052 1051 3124 Redemptoris
1078 3057 1337 3112 decorose
1354 3067 1407 3113 et
1429 3075 1622 3114 aurose

103 3144 143 3194 in
162 3143 309 3197 tabula
332 3144 598 3213 depictam
628 3145 966 3213 praalibante,
994 3162 1101 3216 quo
1149 3148 1420 3204 discerent
1455 3154 1616 3206 etiam

102 3235 356 3306 alienigena:
403 3236 452 3291 ei
507 3237 713 3305 gratias
776 3237 1073 3293 immolare.
1144 3238 1255 3296 Rex
1321 3242 1620 3298 admiratus

102 3323 239 3379 laudat
278 3326 483 3396 quidem
519 3335 574 3381 et
616 3326 889 3383 beatificat
920 3338 1066 3383 tanta
1114 3331 1396 3399 promissa,
1434 3333 1621 3387 simul-

101 3418 367 3485 quegratias
393 3418 906 3473 redditsanctorutn
953 3420 1338 3476 benevolentia:
1386 3424 1502 3493 qui,
1555 3426 1621 3480 de

103 3517 182 3561 tam
204 3508 470 3580 longinquo
516 3520 779 3565 venerunt
822 3526 933 3566 sua:
977 3512 1259 3567 salvationi
1311 3516 1615 3592 consulere,

101 3596 149 3667 At
179 3613 284 3653 vero
311 3614 371 3654 ex
400 3601 588 3655 nativa
611 3601 850 3656 caecitate
887 3601 1235 3672 lippientibus
1272 3606 1461 3671 oculis,
1520 3604 1621 3661 ini-

99 3691 260 3757 patieus
284 3699 439 3746 tanta:
496 3691 635 3747 lucis
671 3693 1008 3763 splendorem
1042 3696 1200 3762 ferre,
1236 3699 1510 3768 respondit
1562 3715 1620 3754 se

98 3794 175 3833 non
195 3796 331 3849 posse
350 3793 565 3838 veteres
592 3797 802 3853 patrum
843 3801 1059 3841 suorum
1110 3790 1275 3854 ritus,
1326 3806 1462 3859 quos
1509 3802 1617 3847 tota

96 3870 242 3940 Anglia
285 3882 501 3929 eatenus
530 3866 809 3942 coluisset,
849 3892 1086 3944 exuere;
1138 3895 1200 3934 ac
1242 3882 1394 3936 novis
1436 3883 1616 3938 inccr-

99 3962 234 4032 tisque
272 3968 605 4022 carremoniis
631 3968 1007 4037 juvenescere.
1044 3971 1423 4028 Verumtamen
1470 3976 1617 4045 ipsos

96 4071 166 4122 pro
188 4058 308 4112 bona
336 4076 427 4114 sua
481 4061 746 4116 industria
781 4078 841 4117 se
870 4062 1007 4117 velle
1038 4064 1089 4117 in
1140 4080 1291 4119 suam
1342 4069 1613 4137 civitatem

97 4143 425 4203 Doroberniam
477 4151 655 4206 amica
708 4152 964 4208 civilitate
1012 4152 1307 4225 suscipere.
1385 4160 1617 4230 vitasque

93 4237 296 4293 subsidiis
326 4240 656 4297 sufﬁcienter
691 4242 935 4298 refovcre
963 4244 1122 4300 simul
1153 4247 1318 4301 etiam
1349 4261 1615 4321 quotquot

1648 3200 1689 3255 C

18 4340 19 4343 ‘
94 4342 264 4395 possent
293 4335 354 4388 ad
396 4352 553 4391 suam
610 4345 813 4391 sectam
860 4348 1196 4405 convertere,
1250 4340 1391 4395 ultro
1438 4356 1497 4397 se
1535 4343 1614 4398 eis

93 4435 297 4479 tumuere.

144 4514 213 4569 Sic
229 4532 345 4588 ergo
372 4520 464 4574 Dei
492 4521 896 4590 dispensatione
946 4538 1041 4576 cor
1080 4538 1223 4592 regis
1284 4524 1610 4591 illustrantc,
1641 4539 1689 4597 1)
1718 4551 1817 4605 res,

90 4604 362 4675 Augustinus
386 4628 510 4667 cum
536 4614 730 4683 pusillo
751 4630 913 4685 grege
938 4615 1169 4676 Domini.
1213 4619 1411 4688 quibus
1463 4635 1611 4675 com-

89 4695 241 4761 placuit
272 4701 408 4758 Patri
440 4706 741 4774 gratiarum
776 4707 905 4762 dare
933 4723 1178 4778 regnum,
1223 4725 1346 4766 cum
1392 4713 1612 4768 canoris

89 4786 266 4849 Lctaniis
310 4798 533 4852 veniens
607 4798 1017 4865 Doroberniam,
1068 4801 1208 4857 hanc
1257 4804 1607 4873 antiphonam

46 4938 58 4956 η
88 4891 308 4940 gratanter
329 4887 571 4953 inchoat,
592 4898 648 4943 et
674 4904 794 4944 cum
817 4890 1070 4945 omnibus
1084 4892 1227 4947 dulci
1243 4895 1609 4952 modulatione

54 4968 287 5031 'tdecautat
319 4997 333 5032 :
377 4980 746 5050 Deprecamur
792 4991 860 5043 te,
888 4982 1135 5049 Domine,
1163 4985 1214 5039 in
1247 4988 1395 5040 omni
1441 4989 1608 5044 mise-

89 5066 408 5138 ricordia-tua,
434 5085 493 5127 ut
518 5073 797 5128 auferatur
829 5074 979 5130 furor
1019 5085 1142 5131 tuus
1166 5087 1218 5132 et
1251 5079 1326 5132 ira
1357 5089 1443 5143 tua
1475 5098 1504 5135 a
1539 5084 1608 5138 ci-

87 5169 211 5215 vitate
234 5163 349 5227 ista,
383 5176 437 5221 et
463 5183 493 5220 a
521 5167 683 5222 domo
712 5177 898 5221 sancta
930 5178 1039 5233 tua,
1105 5171 1359 5239 quoniam
1412 5190 1605 5243 pecca-

85 5257 234 5305 umus.
269 5273 286 5304 ι
317 5254 454 5312 Bene
492 5273 554 5311 se
602 5258 695 5311 tali
725 5256 1063 5313 confessione
1125 5264 1498 5329 peccatoribus
1525 5265 1607 5319 itt-

84 5341 305 5407 urebant,
338 5361 471 5414 quos
514 5348 621 5400 Deo
668 5347 1016 5403 reconciliare
1059 5359 1113 5404 et
1153 5351 1396 5407 relaxare
1447 5369 1607 5411 vene-

84 5438 192 5481 rant.
207 5431 307 5487 Tali
333 5435 622 5491 devotione
651 5440 1139 5508 protodoctoribus,
1163 5454 1218 5496 ct
1242 5444 1293 5498 in
1319 5444 1421 5500 fide
1447 5446 1605 5501 Chri-

85 5518 133 5571 Sli
174 5529 574 5595 protopatribus,
633 5530 836 5601 Anglia:
882 5535 1219 5602 metropolim
1281 5551 1432 5590 suam
1481 5552 1603 5591 cum

86 5610 341 5683 triumphali
372 5622 553 5674 crucis
587 5620 769 5677 laharo
825 5624 1282 5695 ingredientibus,
1337 5639 1455 5681 erat
1506 5645 1605 5683 an-

86 5702 198 5767 gelos
236 5712 473 5768 custodes
529 5714 711 5769 dicere
758 5718 1045 5773 crctlituris
1086 5720 1335 5774 civibus:
1397 5721 1603 5791 Aperite

1732 1972 1909 2031 mibus
1959 1978 2232 2049 eburneis,
2264 1987 2530 2058 virgines;
2569 1990 2724 2061 cujus
2776 2007 3116 2062 ornamenta,
3154 2014 3314 2055 omne

1730 2067 1872 2143 quod
1900 2068 2015 2125 visu
2044 2073 2327 2141 pulchrum
2358 2090 2462 2145 est,
2488 2082 2747 2140 theoricis
2766 2088 2936 2143 oculis
2967 2090 3311 2149 delectabile.

1728 2154 1786 2247 in
1815 2162 2146 2232 summitate,
2183 2176 2239 2221 et
2285 2171 2491 2225 ambitu
2543 2190 2858 2244 murorum,
2907 2179 3055 2250 jugis
3096 2192 3148 2236 et
3184 2198 3313 2253 ρει--

1728 2240 1855 2319 vigil
1875 2260 1983 2306 stat
2010 2259 2253 2311 custodia
2288 2263 2619 2332 angelorum.
2648 2267 2817 2337 llujus
2845 2240 3313 2331 taiuliecoraliilis

1727 2341 1877 2397 urbis
1912 2346 2118 2414 primus
2164 2351 2443 2409 iustitutor
2493 2358 2783 2415 asciscitur
2833 2362 3187 2433 Augustinus,
3253 2380 3313 2424 ut

1716 2429 1923 2503 .Sponsi
1943 2440 2214 2507 prze'filiis
2241 2444 2516 2501 hominum
2544 2429 3034 2521 speciosifamicus
3058 2468 3112 2511 et
3142 2474 3311 2528 spon-

1727 2528 1993 2597 sregloria
2031 2541 2086 2587 et
2114 2535 2322 2593 honore
2370 2552 2667 2609 coronatae,
2727 2551 3147 2620 paranymphus.
3208 2552 3309 2607 llic

1727 2617 1884 2673 modo
1906 2620 2030 2676 dum
2070 2640 2168 2694 pro
2222 2630 2416 2685 castris
2463 2633 2758 2691 Dominicis
2792 2617 3199 2706 decertandum,
3251 2655 3310 2698 ct

1725 2709 1963 2768 subactis
1996 2717 2284 2773 rebellibus
2312 2723 2561 2791 gentibus
2589 2728 2655 2780 ad
2702 2730 2887 2785 urbem
2943 2734 3049 2786 erit
3113 2744 3308 2788 trium-

1724 2802 2021 2872 pbandum.
2055 2807 2163 2864 lste
2190 2813 2532 2879 primicerius
2562 2821 2774 2887 consul,
2802 2833 2855 2877 et
2905 2824 3171 2883 Dominici
3228 2837 3307 2883 te—

1724 2898 1975 2951 stamenti
2003 2902 2246 2971 angelus,
2291 2917 2606 2975 perpetuum
2641 2911 2981 2971 ltaareditabit
3030 2919 3301 2985 thronum,

1722 2988 2072 3060 omniumque
2103 3007 2505 3064 successorum,
2535 3001 2661 3056 dum
2696 3007 2876 3059 veniat
2900 3007 3158 3079 Princeps
3208 3026 3307 3080 pa-

1722 3088 1949 3145 storum,
1975 3093 2033 3137 ut
2065 3094 2217 3153 pater
2238 3086 2469 3143 ﬁliorum
2498 3092 2706 3162 apicem
2738 3097 2938 3152 referet
2960 3103 3304 3170 primarium.

1724 3168 2014 3242 Postquam
2037 3186 2213 3232 autem
2240 3188 2486 3238 terrenos
2534 3183 2748 3241 labores
2778 3168 3068 3245 mutaverit
3096 3191 3306 3251 ecclesti

1724 3281 1946 3332 corona,
1981 3278 2108 3325 tunc
2131 3272 2207 3325 uti
2245 3290 2387 3329 nunc
2438 3275 2602 3341 lucet,
2652 3283 2927 3349 potentius
2974 3287 3221 3356 regnabit
3249 3288 3304 3342 in

1724 3374 1851 3413 arce
1882 3360 2032 3426 Sion,
2087 3378 2213 3417 arce
2237 3380 2334 3418 sua
2372 3367 2674 3436 splendida,
2721 3389 2841 3441 qua:
2887 3390 3048 3445 supra
3090 3378 3301 3444 urbem,

1724 3451 1976 3504 turritum
1996 3453 2189 3507 attollit
2213 3457 2468 3512 verticem
2499 3459 2550 3514 in
2570 3476 2719 3526 acra,
2748 3478 2868 3532 qua:
2899 3475 3005 3519 tam
3029 3468 3304 3539 princrpaw

1723 3539 1788 3592 lis
1816 3542 2054 3597 thesauri
2088 3552 2275 3614 totque
2307 3550 2725 3605 conrecouditor
2754 3554 3056 3623 principum
3101 3560 3298 3625 gratia.

1722 3639 1831 3685 tota
1861 3632 1912 3686 in
1940 3634 2171 3690 excelsis
2195 3635 2395 3708 fulgeat
2418 3656 2601 3708 aurea,
2640 3645 2782 3699 unde
2836 3662 3007 3717 usque
3053 3649 3105 3703 in
3157 3651 3300 3706 diem

1721 3723 2147 3789 regenerationis
2189 3729 2452 3792 omnium,
2511 3747 2663 3785 suam
2700 3742 2950 3806 protegat
2999 3736 3301 3795 Jerusalem

1720 3823 1842 3863 cum
1879 3819 1987 3866 tota
2024 3816 2216 3882 patria,
2247 3818 2463 3883 virtute,
2487 3830 2540 3875 et
2570 3824 2818 3881 oratione
2847 3838 3132 3896 perpetua.

1787 3900 1955 3971 Igitur
1975 3906 2099 3959 novi
2132 3909 2384 3979 armigeri
2414 3911 2624 3968 Domini
2670 3918 2934 3973 sedebant
2974 3920 3026 3973 in
3078 3922 3299 3979 civitate

1717 3994 1997 4050 condenda
2047 3996 2283 4067 Christo,
2352 4004 2521 4061 donec
2580 4007 2934 4066 iuduerentur
2983 4014 3182 4070 virtute
3230 4031 3297 4071 ex

1716 4084 1845 4149 alto,
1874 4095 1928 4141 et
1955 4089 2154 4144 auxilio
2181 4102 2501 4162 opportuno.
2532 4098 2663 4165 Quis
2686 4110 2867 4156 autem
2914 4105 3147 4173 explicet
3198 4108 3297 4161 hos

1716 4177 2037 4247 nubigenas,
2080 4182 2290 4237 scilicet
2329 4195 2389 4239 ut
2428 4188 2597 4243 nubes
2645 4190 2909 4255 volantes,
2952 4195 3172 4264 angelos
3216 4197 3299 4248 vi-

1715 4275 1922 4332 ventes,
1947 4266 2107 4324 tlores
2137 4272 2327 4337 eremi,
2358 4274 2623 4330 Antonios
2642 4287 2696 4331 et
2725 4278 3051 4345 Macbarios,
3076 4282 3129 4335 in
3159 4284 3293 4339 urbe

1714 4357 2029 4415 exhibentes
2072 4363 2254 4429 omnia
2311 4366 2494 4420 mundi
2544 4367 2941 4424 oblectamenta
2979 4372 3201 4441 pulchra
3238 4385 3295 4431 et

1714 4450 1915 4513 suavia,
1947 4452 2094 4507 velut
2117 4454 2423 4512 Iethifernm
2440 4475 2843 4530 vaporem,non
2874 4464 3045 4520 solum
3080 4467 3291 4539 fugien-

1841 4558 2028 4597 vcrum
2061 4547 2222 4600 etiam
2248 4564 2438 4606 omnes
2465 4553 3088 4626 antlitoresparturieuti
3111 4561 3290 4618 chari-

1716 4643 1846 4699 tate,
1874 4647 1928 4690 et
1958 4640 2287 4707 praecordiali
2314 4644 2687 4711 parturitlone,
2732 4648 2797 4702 ad
2828 4648 3035 4703 infinita
3057 4662 3291 4709 artemo-

1714 4741 1831 4778 rum
1861 4728 2176 4795 gaudiorum
2218 4733 2413 4786 saecula
2447 4733 2819 4803 impclleutes?
2855 4737 2940 4792 Nil
2970 4740 3037 4796 de
3084 4753 3288 4797 morta-

1710 4818 1841 4872 lium
1873 4822 2091 4890 opibus,
2110 4833 2306 4891 praeter
2352 4826 2639 4882 salvandas
2697 4831 2909 4887 animas
2956 4836 3284 4902 ambiebant,

1710 4911 1822 4967 sola
1847 4913 2027 4966 divina
2058 4924 2111 4968 et
2138 4930 2372 4985 superna
2411 4919 2806 4990 inexplebiliter
2831 4927 3175 4995 appetebant.

1780 5002 1946 5058 Lucet
1976 5004 2045 5057 ab
2068 5007 2315 5061 orientali
2345 5009 2498 5080 plaga
2531 5013 2857 5070 confessoris
2895 5016 3090 5072 Christi
3146 5018 3287 5073 Mar-

1710 5094 1806 5147 tini
1835 5093 2080 5159 basilica,
2102 5095 2327 5151 dimidio
2358 5098 2472 5154 fere
2500 5104 2679 5157 stadio
2721 5105 2788 5159 ab
2817 5106 3043 5161 ecclesia
3070 5106 3283 5162 Domini

1709 5184 2008 5240 Salvatoris
2036 5197 2266 5254 remota,
2290 5190 2418 5244 olim
2451 5208 2480 5245 a
2504 5192 2763 5250 Romanis
2798 5197 3123 5252 Christianis
3154 5214 3284 5254 con-

1708 5272 1841 5337 dita,
1866 5273 2131 5345 hodieque
2158 5280 2328 5333 sacris
2350 5278 2538 5335 ofﬁciis
2559 5284 2800 5352 prtedita.
2831 5283 2965 5338 Nam
3011 5300 3107 5355 per
3151 5304 3285 5356 qua-

1708 5362 2019 5433 tlringentos
2039 5366 2260 5422 circiter
2283 5384 2475 5434 annos.
2514 5385 2685 5441 usque
2709 5375 2774 5427 ad
2796 5374 3087 5430 Maximum
3116 5378 3285 5447 impe-

1707 5457 2327 5524 ratorem,incoluerant
2350 5460 2577 5517 Romani
2606 5464 2720 5517 hinc
2770 5464 3009 5528 climata,
3050 5456 3165 5536 qui
3215 5455 3299 5520 ἀεὶ

1706 5536 1964 5603 Gratiano
2026 5562 2080 5606 et
2132 5550 2509 5607 Valentiniano
2582 5556 2859 5624 angustis,
2925 5558 3068 5612 civili
3142 5561 3270 5616 bellc

1703 5633 1807 5704 61
1849 5638 2227 5710 triumphavit;
2279 5656 2386 5710 quo
2432 5643 2720 5697 abstractis
2763 5644 3020 5701 militibus
3070 5648 3282 5719 Britan-

1707 5729 1849 5782 niam
1886 5728 2129 5795 Rouuuo
2161 5734 2350 5788 robore
2372 5732 2638 5787 exhausit.
2666 5733 2722 5787 lu
2757 5734 2869 5803 ipsa
2907 5737 3088 5809 itaque
3108 5740 3280 5811 cccle—
