3848 6292
523 374 620 431 751

1510 372 1598 427 AD
1638 366 1863 428 OPEM
1904 370 1966 428 Β.
2007 370 2400 430 LANFRANCI
2440 364 2801 430 APPENDIX.
3654 374 3729 445 ‘75!

513 487 603 541 sia
634 484 1036 542 sacratissimus
1066 485 1304 556 pontifex
1341 486 1603 541 Letardus
1625 485 2106 543 Christianissimae
2135 493 2179 552 Α
2210 499 2631 561 persecutorem.
2665 484 2758 545 llle
2779 491 2940 545 etiam
2967 490 3238 560 subjectos
3270 492 3371 547 sibi
3396 508 3549 565 reges
3569 502 3616 551 et
3636 504 3731 567 opti.

523 579 722 648 reginae
773 576 986 632 Berthte
1032 592 1218 634 sacras
1260 580 1459 634 missas
1506 576 1659 648 (86),
1707 587 1762 632 et
1830 577 2104 635 Dominica

512 668 693 725 oﬂicia
727 668 1066 735 assiduabat;
1096 671 1187 739 qui
1220 671 1294 725 illi
1331 685 1358 725 a
1395 671 1540 740 regia
1580 670 1810 727 Francia
1838 672 1996 726 datus
2027 680 2109 727 est

521 772 725 825 eomes,
755 766 811 815 et
845 771 1029 815 custos
1077 761 1492 831 probatissimus
1535 761 1586 815 in
1609 761 1755 815 omni
1794 772 1979 818 sancta
2012 764 2105 818 ob-

521 848 819 914 servantia,
855 865 923 904 ne
968 864 1073 919 qua
1103 849 1367 906 Dominici
1398 851 1641 922 prestigii
1675 850 1835 918 furia,
1867 854 2107 925 splendi-

512 940 742 997 dissima
769 942 891 996 ﬁdei
920 941 1123 997 Christi
1158 942 1210 996 in
1244 956 1309 996 ea
1339 941 1627 998 oﬂ‘uscaret
1654 942 1892 999 monilia.
1929 945 2108 1017 thue

520 1039 771 1092 niaximts
801 1038 1164 1093 assimilemus
1196 1038 1429 1105 minora,
1475 1048 1812 1109 praevenerat
1856 1040 1947 1095 hic
1974 1055 2107 1109 apo-

519 1128 696 1183 stolici
730 1128 1012 1201 Augustini
1046 1130 1490 1199 praedicameuta,
1516 1139 1575 1185 ut
1610 1130 1803 1185 lucifer
1827 1146 2103 1197 auroram,

517 1228 573 1276 et
598 1236 794 1277 aurora
823 1220 1017 1288 solem,
1036 1221 1183 1275 illum
1213 1222 1467 1278 videlicet
1489 1222 1695 1288 Solem,
1723 1238 1880 1293 quem
1904 1208 2107 1280 clarius

517 1313 705 1369 extulit
732 1314 1065 1386 Augustinus
1102 1314 1337 1377 Oceano,
1384 1323 1642 1386 tanquam
1685 1332 1946 1387 sponsmn
1981 1318 2107 1388 pro;

518 1406 801 1461 cedentem
822 1408 889 1462 de
912 1406 1151 1462 thalamo
1176 1422 1274 1463 suo
1300 1406 1474 1476 (Paul.
1507 1423 1660 1466 xvm.
1689 1407 1763 1477 6).
1795 1407 1844 1463 Is
1870 1424 2103 1478 quoque,

516 1508 576 1553 ut
600 1514 907 1569 praecursor
936 1511 989 1555 et
1020 1498 1243 1568 jauitor,
1268 1500 1542 1555 Christum
1580 1500 1881 1556 ferentibus
1916 1501 2109 1572 legatis

515 1590 659 1646 ultro
685 1592 915 1661 aperuit.
956 1591 1088 1647 Cum
1118 1594 1220 1648 hoc
1246 1607 1375 1648 sane
1410 1593 1571 1649 beato
1600 1593 1828 1664 przesule
1854 1594 2104 1660 Letardo,

514 1681 611 1737 Dei
643 1682 877 1737 famulus
898 1684 1249 1752 Augustinus,
1281 1684 1471 1755 suique
1514 1686 1667 1749 socii,
1702 1686 1883 1741 addito
1916 1684 2108 1757 magno

517 1773 711 1830 salutis
754 1776 970 1845 gaudio,
1003 1777 1054 1830 in
1091 1777 1345 1832 onmibus
1376 1778 1670 1835 Dominicis
1701 1780 1973 1850 mysteriis
2001 1778 2106 1835 una

2209 594 2399 650 mutes,
2430 600 2549 639 cum
2596 585 2803 654 populis
2835 585 2946 640 suis
2973 586 3187 640 Christo
3229 588 3479 656 acquirit,
3525 606 3729 663 suumque

2206 677 2358 746 prius
2380 677 2664 747 imperium
2693 678 2894 732 mavult
2930 694 3050 734 esse
3074 679 3351 736 dilatando
3372 692 3424 736 et
3447 688 3731 756 prapagantlo

2207 764 2407 823 Christi
2442 784 2685 841 regnum.
3078 830 3079 833 η

2279 860 2517 917 Primum
2552 862 2735 933 itaque
2762 862 3142 935 Augustinum,
3171 864 3551 935 promptiorem
3574 869 3629 922 ad
3650 886 3732 925 om-

2208 952 2355 1007 nium
2396 953 2624 1009 salutem
2675 969 2835 1024 quam
2866 955 2930 1009 ad
2970 954 3050 1009 sui
3084 955 3475 1024 prrelationem,
3506 958 3564 1010 ad
3591 959 3732 1018 Ethe-

2207 1043 2349 1101 rium
2398 1045 2633 1102 Arelatis
2685 1047 3185 1119 archiepiscopum,
3236 1049 3337 1103 sibi
3389 1065 3591 1119 suaeque
3626 1056 3731 1120 genti

2207 1124 2631 1195 causecrandum
2688 1139 2987 1209 apostolum
3038 1141 3223 1205 mittit,
3285 1140 3529 1195 videlicet
3560 1152 3611 1196 ut
3633 1144 3735 1201 Dcus

2210 1230 2398 1295 voluit,
2422 1242 2473 1285 et
2501 1232 2691 1287 beatus
2722 1248 2857 1304 papa
2891 1232 3185 1302 Gregorius
3228 1233 3433 1302 Spiritu
3464 1232 3551 1289 Dei
3576 1251 3733 1304 perro-

2208 1324 2373 1395 gavit.
2395 1324 2517 1393 Qui,
2547 1325 2896 1380 transfretato
2925 1340 3167 1395 (equore,
3195 1335 3419 1395 accepto
3440 1325 3735 1395 apostolatua

2208 1421 2447 1487 domino,
2472 1428 2526 1477 et
2555 1420 2928 1475 benedictione
2956 1419 3196 1473 omnium
3217 1420 3455 1490 gentiqu
3478 1422 3735 1488 primarium

2208 1512 2445 1585 Anglica:
2474 1512 2618 1582 geuti
2650 1510 2833 1565 retulit
2868 1510 3321 1581 patriarchatum,
3361 1518 3415 1564 et
3435 1510 3738 1581 patriarchae

2209 1603 2589 1676 patrocinium.
2635 1588 2805 1670 Quem
2853 1600 2962 1657 Deo
3010 1601 3261 1655 amabilis
3287 1616 3406 1665 rex,
3447 1610 3503 1655 ut
3545 1602 3737 1672 angelum

2212 1697 2521 1753 testamenti
2570 1695 2685 1760 Dei,
2726 1693 3040 1764 triumphali
3075 1694 3277 1764 gaudio
3306 1693 3594 1764 excipiens,
3618 1704 3739 1765 utque

2208 1789 2434 1860 pusillus
2461 1789 2721 1843 Zachzeus
2750 1786 3058 1850 Dominum,
3086 1784 3279 1845 statuit
3308 1801 3431 1841 eum
3462 1801 3566 1841 sua:
3588 1796 3741 1841 metro-

519 1882 679 1926 erant
710 1872 951 1928 Ecclesia
1004 1883 1056 1927 et
1104 1873 1345 1941 collatio,
1396 1890 1538 1931 unus
1580 1875 1803 1945 spiritus
1860 1876 1917 1931 in
1949 1874 2107 1933 unico
2139 1885 2181 1945 Β
2211 1880 2348 1951 polis
2400 1878 2829 1934 ecclesiasticum
2906 1875 3223 1945 pnesidem;
3286 1875 3340 1930 in
3392 1890 3493 1945 qua
3548 1876 3743 1944 primitus

521 1964 751 2019 Domino
800 1981 915 2020 suo.
973 1965 1035 2021 lli
1104 1967 1269 2022 etiam
1321 1969 1467 2034 novi,
1507 1970 1657 2025 velut
1703 1985 1848 2035 suos,
1883 1970 2107 2041 praevios

518 2057 816 2125 prosecuti,
851 2068 905 2112 et
932 2068 1188 2129 tanquam
1221 2074 1411 2113 aurum
1445 2064 1827 2130 superductum
1860 2070 2107 2133 argento,

516 2147 848 2204 decorabant
903 2150 1047 2221 ipsos
1076 2166 1436 2220 praecessores
1476 2153 1926 2223 supervenieudo.
1970 2152 2108 2207 San-

516 2247 639 2294 ctus
668 2254 797 2295 vero
825 2240 1179 2311 Augustinus,
1215 2242 1405 2312 suique
1435 2243 1486 2296 in
1510 2243 1762 2298 omnibus
1789 2250 2105 2308 sectatores,

516 2343 713 2400 magna
764 2332 1039 2402 signorum
1081 2332 1254 2401 gratia
1297 2332 1527 2401 praediti,
1589 2348 1780 2389 omnes
1822 2334 2105 2400 curabant,

516 2420 602 2475 vel
656 2420 758 2476 sibi
791 2431 1169 2492 praascntatos,
1220 2423 1301 2477 vel
1351 2438 1379 2478 a
1424 2438 1482 2478 se
1533 2424 1779 2479 visitatus
1816 2425 2021 2481 debiles
2054 2434 2109 2481 et

516 2524 769 2587 aegrotos.
800 2516 1101 2588 Stupebant
1120 2529 1328 2590 gentes,
1357 2533 1385 2571 a
1418 2527 1568 2573 tanto
1597 2518 1856 2573 virtutum
1884 2518 2109 2575 fulmine

516 2610 812 2674 exterritxe,
880 2611 1217 2680 ambigentes
1285 2612 1412 2681 quid
1452 2612 1826 2667 vehementius
1872 2614 2107 2668 admira-

518 2708 727 2765 rentur,
772 2716 840 2755 an
879 2702 1181 2771 terrigenas
1239 2712 1585 2758 transeuntes
1643 2705 1694 2757 iu
1753 2705 1986 2768 ctelites.
2039 2721 2108 2759 an

516 2791 780 2847 mortales
824 2792 1289 2847 immortalitatem
1341 2795 1644 2849 animarum
1686 2804 1741 2851 et
1794 2811 2108 2866 corporum,

488 2881 629 2938 'vita
686 2890 742 2937 et
800 2884 1188 2952 praedicatione
1238 2886 1543 2942 certissima
1619 2888 1991 2959 astipulantes,
2041 2904 2107 2942 an

519 2975 891 3043 dilectionem,
940 2992 1061 3047 qua:
1098 2977 1253 3034 fortis
1284 2988 1366 3034 est
1415 2989 1472 3035 ut
1502 2997 1647 3036 mors
1677 2979 1854 3054 (Cant.
1886 2997 2004 3046 vtu,
2029 2980 2107 3054 6).

521 3083 628 3139 qua
671 3082 856 3124 secum
907 3085 1099 3127 omnes
1156 3072 1375 3129 trahere
1432 3074 1498 3129 ad
1549 3090 1782 3145 superna
1831 3076 2107 3131 consortia

520 3171 839 3229 restuarent,
874 3180 979 3235 qua
1013 3180 1111 3235 pro
1162 3166 1397 3221 hostium
1430 3168 1618 3233 etiam,
1658 3169 1812 3239 quasi
1860 3184 1957 3238 pro
1998 3168 2108 3222 fra-

2210 1979 2522 2040 susceperat
2551 1968 2839 2039 hospitem,
2870 1981 2972 2021 nec
2999 1974 3209 2021 tantum
3242 1965 3416 2030 urbis,
3441 1968 3529 2019 sed
3551 1975 3599 2019 et
3621 1965 3745 2019 totius

2209 2062 2358 2121 orbis
2387 2062 2467 2117 sui
2501 2060 2888 2132 speculativum
2938 2058 3225 2129 praetendit
3253 2057 3549 2112 custodem.
3584 2055 3741 2111 Solium

2212 2153 2360 2224 regni
2420 2153 2475 2206 in
2522 2146 2888 2223 pontiﬁcalem
2938 2147 3278 2213 cathedram,
3329 2146 3510 2200 aulam
3569 2146 3741 2216 regiam.

2209 2245 2511 2316 Augustino
2568 2241 2899 2297 reformante
2954 2255 3018 2296 ac
3054 2239 3363 2302 dedicaute,
3420 2237 3473 2291 in
3523 2235 3745 2308 regiﬁcam

2210 2336 2409 2393 Christi
2436 2335 2597 2389 vertit
2619 2331 2927 2388 ecclesiam.
2962 2330 3040 2385 Ad
3064 2331 3333 2384 orientem
3366 2343 3495 2384 vero
3527 2328 3573 2381 in
3600 2328 3748 2383 subur-

2211 2427 2350 2482 bano
2380 2426 2515 2482 colle
2562 2423 2739 2496 regale
2791 2432 2844 2477 et
2889 2420 3245 2491 apostolicum
3288 2418 3435 2473 Petri
3467 2427 3520 2471 et
3544 2415 3671 2470 Pauli
3690 2424 3750 2470 at-

2214 2521 2351 2575 tollit
2403 2518 2817 2582 monasterium,
2891 2525 3147 2584 tauquam
3195 2511 3346 2566 urbis
3397 2510 3677 2582 prassidium
3709 2518 3750 2563 et

2212 2614 2625 2677 munimentum,
2670 2608 2811 2680 quod
2864 2608 2916 2662 in
2967 2621 3174 2671 arcem,
3216 2614 3271 2660 et
3312 2602 3579 2673 speculam
3618 2601 3751 2671 regni,

2211 2706 2415 2763 cxaltat
2448 2704 2721 2769 bravium,
2757 2700 2898 2772 quod
2950 2698 3345 2770 pretiosissima
3386 2697 3498 2767 jam
3535 2695 3641 2751 cmli
3666 2696 3752 2748 the-
3840 2740 3841 2771 ξ

2212 2800 2453 2857 saurizat
2475 2804 2820 2860 ornamenta,
2849 2792 3098 2848 videlicet
3138 2791 3310 2863 ipsius
3340 2789 3634 2859 Augustini,
3660 2804 3752 2841 san-

2212 2902 2531 2960 ctorumque
2606 2900 2981 2943 successorum
3048 2884 3167 2953 ejus
3239 2881 3571 2952 pontiﬁcum,
3624 2888 3752 2949 atque
3840 2938 3841 2943 η

2212 2980 2398 3056 regum
2446 2980 2877 3053 splendidissima
2922 2992 3175 3046 corpora,
3217 2990 3338 3044 quae
3371 2975 3423 3028 in
3471 2972 3750 3027 revelatione

2211 3075 2398 3147 gloria:
2424 3072 2604 3143 magni
2640 3069 2843 3127 Christi
2876 3067 3119 3124 resilient
3166 3066 3217 3120 in
3256 3065 3451 3135 gloria.
3483 3064 3558 3118 Tu
3587 3077 3757 3132 quoque

2216 3166 2503 3221 Rhofeusis
2575 3162 2903 3227 hierarchia,
2956 3160 3186 3215 Andreze
3234 3157 3466 3229 apostoli
3522 3166 3606 3210 tuo
3638 3153 3756 3207 titulo
3840 3214 3841 3231 χ

520 3261 667 3309 trum
718 3254 909 3319 salute,
966 3271 1025 3311 se
1072 3257 1349 3343 traderent
1381 3275 1395 3313 :
1425 3274 1493 3313 an
1533 3260 1750 3314 tandem
1797 3260 1939 3330 quod
1996 3260 2107 3330 ipsa
2139 3250 2183 3312 C
2214 3260 2435 3331 inclyta,
2484 3266 2538 3313 et
2574 3254 3003 3311 Dorobernensis
3040 3251 3296 3306 Ecclesiae
3327 3252 3515 3305 dextra
3539 3246 3755 3343 suifraga-

521 3357 833 3402 sanctorum
897 3348 1163 3419 promissa
1217 3359 1324 3403 tam
1368 3350 1668 3421 perspicuis
1722 3349 2103 3406 miraculorum

516 3441 994 3507 coruscationilms
1018 3456 1081 3497 ac
1123 3442 1451 3497 testimoniis
1480 3442 1758 3497 credibilia
1808 3443 1950 3498 facta
1982 3451 2107 3497 sunt

520 3531 703 3587 nimis.
728 3533 992 3589 Dicebant
1022 3534 1243 3600 diversi,
1278 3545 1365 3588 aut
1399 3535 1648 3590 homines
1680 3536 1732 3589 iu
1766 3535 1902 3591 Deos
1934 3544 2109 3589 muta-

520 3631 625 3684 tos.
663 3631 756 3678 aut
805 3624 946 3678 inter
997 3625 1247 3681 homines
1294 3626 1527 3680 humana
1576 3626 1755 3696 specie
1797 3627 2108 3681 conversari

522 3713 683 3769 Deos.
708 3713 834 3769 Haec
855 3730 919 3769 ex
950 3724 1061 3769 toto
1087 3714 1305 3771 fallebat
1332 3715 1482 3771 rudis
1504 3716 1645 3787 vulgi
1672 3716 1883 3785 opinio;
1911 3717 1977 3771 de
1998 3716 2111 3771 suis

522 3809 790 3880 adoptivis
841 3810 1054 3865 dicente
1091 3811 1319 3867 Domino
1349 3828 1363 3865 :
1395 3812 1507 3883 Ego
1550 3812 1662 3867 dixi
1691 3827 1707 3864 :
1744 3810 1830 3865 Dii
1875 3811 2014 3871 estis.
2064 3823 2108 3866 et

521 3898 624 3968 [itii
682 3898 896 3954 Επειεὶ
937 3918 1129 3968 ouium,
1158 3900 1333 3974 (Psal.
1384 3919 1572 3967 Lxrxr,
1628 3902 1705 3973 6).
1755 3902 2113 3958 Crediderunt

524 3989 707 4060 itaque
728 3991 943 4047 Christo
964 3993 1209 4065 plerique
1235 3994 1377 4050 victa
1405 3994 1628 4061 duritia,
1662 4003 1826 4049 tanta:
1856 3994 2117 4051 novitatis

523 4078 902 4140 admiratione.
2074 4082 2079 4085 ἠ

594 4175 788 4232 Tantis
828 4177 992 4232 etiam
1027 4193 1209 4233 rerum
1249 4177 1568 4250 fulgoribus,
1603 4195 1698 4235 rex
1746 4179 1859 4249 ipse
1912 4194 2115 4251 pavore

521 4278 579 4324 et
623 4268 986 4326 oblectatione
1055 4272 1235 4327 divina
1298 4272 1581 4339 attonitus,
1650 4272 1955 4344 Augustino
1997 4272 2112 4344 jttgi

521 4357 785 4416 instantia
835 4362 1213 4432 persuadente,
1274 4361 1513 4417 Ecclesia
1554 4371 1764 4426 orante,
1799 4363 2005 4434 regina,
2056 4370 2116 4416 ut

524 4452 701 4508 sacris
752 4452 951 4509 litteris
979 4454 1215 4520 erudita,
1248 4455 1641 4525 permulcente,
1689 4455 1892 4510 sanctis
1938 4454 2114 4510 Patri-

477 4536 481 4541 ”
524 4541 628 4597 bus
659 4543 1092 4615 gratiﬁcautibus
1119 4552 1422 4614 opportune
1452 4545 1535 4600 vel
1573 4548 1881 4616 importune
1906 4585 1921 4610 ,
1970 4545 2114 4601 ultro

525 4633 793 4691 abdicatis
833 4635 1099 4692 feralibus
1139 4636 1434 4692 inferorum
1488 4638 1830 4704 numinibus,
1884 4638 2117 4693 edicitur

525 4726 581 4781 in
608 4726 829 4782 Christo
859 4728 1055 4783 divina:
1107 4729 1411 4800 adoptionis
1442 4728 1604 4785 ﬁlius.
1652 4729 1883 4800 Jamque
1908 4729 2117 4785 cunctis

525 4818 787 4875 caelorum
831 4820 1123 4876 virtutibus
1156 4820 1459 4876 sublimiter
1488 4820 2013 4893 eongratulantibus,
2061 4829 2117 4875 et

526 4913 847 4986 populorum
881 4914 1073 4969 turmis
1103 4915 1168 4969 ad
1203 4923 1353 4970 tanta
1376 4913 1639 4970 solemnia
1675 4913 2113 4977 occurrentibus,

525 5004 775 5074 baptizat
822 5021 1021 5061 novum
1054 5007 1468 5063 Constantinum
1500 5005 1764 5060 Silvester
1791 5019 1977 5060 novus.
2012 5004 2117 5061 Un-

527 5099 673 5166 gitur
707 5097 1050 5170 evangelicus
1084 5100 1248 5155 David
1273 5099 1394 5154 oleo
1427 5096 1650 5161 laetitiae,
1678 5106 1732 5151 et
1760 5096 2117 5151 intronizatur

529 5197 847 5244 mansuetus
894 5190 1031 5245 solio
1076 5188 1483 5244 misericordia.
1519 5186 1826 5241 Coronatur
1853 5185 2113 5242 ecclesia-

529 5280 699 5337 sticus
744 5280 1001 5339 Salomon
1033 5298 1233 5339 corona
1279 5281 1524 5352 paciﬁca,
1570 5281 1622 5335 in
1655 5282 1907 5351 aequitate
1944 5288 2001 5334 et
2029 5294 2116 5334 sa-

529 5372 759 5442 pientia.
800 5373 1014 5429 Praebet
1056 5388 1114 5428 se
1156 5372 1222 5428 de
1252 5372 1481 5442 imperio
1505 5386 1785 5427 servorum
1818 5370 1911 5426 Dei
1944 5369 2116 5424 fatuu-

529 5465 673 5532 lum,
713 5467 1051 5524 convertitur
1109 5467 1360 5538 princeps
1397 5467 1595 5521 ducu‘m
1650 5466 1701 5521 in
1730 5464 2116 5535 evangelicum

532 5558 853 5629 parvulum,
906 5566 962 5613 et
992 5544 1302 5615 dominator
1347 5556 1670 5629 populorum
1706 5557 2020 5626 sociumque
2063 5568 2121 5612 se

530 5652 823 5727 proﬁtetur
842 5665 1162 5724 pauperum.
1198 5651 1408 5708 Gaudet
1435 5651 1769 5722 Augustinus
1797 5659 1853 5705 et
1884 5649 2122 5706 Ecclesia

535 5744 767 5815 amplius
811 5759 871 5800 se
913 5743 1115 5800 habere
1142 5742 1443 5813 adiutorem
1472 5756 1632 5812 quam
1662 5746 1791 5798 ante
1818 5741 2127 5797 timuissent

2216 3366 2351 3414 nea;
2389 3360 2553 3420 tuque
2592 3346 2900 3404 Lundoniae"
2922 3341 3251 3414 pontiﬁcalis
3283 3338 3646 3411 przerogatira,
3672 3348 3758 3387 uta-

2210 3444 2299 3515 gui
2323 3438 2477 3497 Pauli
2507 3440 2702 3512 gloria,
2732 3444 2991 3493 coronata
3018 3434 3192 3489 beata:
3217 3430 3495 3486 memoria:
3524 3426 3761 3482 Edelberto

2211 3514 2321 3606 regi
2372 3542 2559 3587 nostro
2614 3528 2902 3594 conditori,
2932 3535 3093 3596 atque
3133 3523 3439 3593 Augustino
3481 3514 3759 3616 institutori,

2211 3626 2422 3682 debetis
2453 3625 2505 3679 in
2557 3622 2785 3678 Domino
2812 3628 3013 3673 aeterna
3041 3613 3483 3671 benedictiomun
3510 3613 3760 3680 praeconia.

2286 3721 2355 3775 At
2407 3734 2578 3773 novus
2623 3717 2839 3797 Domini
2888 3715 3143 3771 sacerdos
3187 3713 3389 3767 ardens
3430 3718 3573 3764 tanta
3607 3702 3759 3778 gaudia

2189 3810 2581 3902 {attentissimo
2630 3807 2892 3879 Gregorio
2929 3806 3203 3871 nuntiare,
3256 3804 3311 3859 iu
3361 3804 3483 3873 ipso
3511 3800 3666 3855 reditu
3688 3808 3761 3850 suo

2187 3888 2199 3947 ἶ
2214 3902 2385 3959 mittit
2409 3902 2637 3955 Romam
2670 3899 2881 3955 eximiaa
2910 3898 3218 3954 sanctitatis
3257 3896 3427 3957 viros,
3458 3888 3764 3948 Laurentium

2215 4004 2344 4050 tunc
2366 3994 2764 4065 presbyterum,
2793 4000 2915 4062 post
2956 3992 3039 4046 sui
3069 3989 3210 4046 sacri
3236 3988 3504 4061 primatus
3523 3995 3762 4040 successo-

2214 4099 2332 4138 rem
2358 4083 2616 4155 pritnum,
2654 4083 2847 4153 suique
2889 4076 3526 4136 suburbani'monasterii
3547 4075 3764 4145 primum,
3840 4130 3841 4141 χ

2216 4152 2463 4231 abbatem
2504 4152 2765 4231 Petrum.
2799 4173 2886 4239 lli,
2932 4172 3135 4227 volucri
3168 4172 3353 4226 animo
3384 4184 3447 4224 ac
3478 4166 3646 4223 studio
3670 4178 3767 4219 san-

2215 4249 2304 4324 eto
2336 4281 2487 4339 papae
2538 4260 2795 4330 admissi:
2830 4263 3074 4319 referunt
3117 4270 3332 4333 gentem
3364 4257 3649 4330 Anglorum
3671 4266 3766 4307 cum

2216 4376 2344 4431 rege
2388 4375 2509 4425 suo,
2539 4359 2592 4414 in
2631 4356 2836 4413 Christi
2875 4354 3133 4427 p0pu|um
3170 4354 3436 4409 transisse
3473 4360 3527 4407 et
3559 4362 3765 4419 regnum.

2216 4452 2576 4520 Augustinum
2619 4449 2723 4504 illis
2753 4448 3064 4519 pontiﬁcem
3089 4455 3500 4507 consecratum,
3531 4457 3699 4497 verum
3718 4437 3771 4492 ad

2220 4554 2327 4599 tam
2361 4542 2584 4598 multam
2614 4555 2847 4596 messem
2875 4539 3235 4605 credentium,
3266 4552 3473 4609 paucas
3494 4549 3674 4591 manus
3687 4545 3768 4585 non

2147 4618 2195 4677 ι)
2221 4636 2470 4694 suﬁieere
2510 4634 2901 4706 operariorum.
2949 4631 3242 4687 Proferunt
3298 4639 3354 4685 et
3400 4630 3636 4685 diversas
3676 4622 3770 4679 novi

2222 4728 2487 4803 praeconis
2537 4725 2825 4798 Augustini
2880 4725 3359 4794 interrogationes,
3416 4721 3611 4791 quibus
3658 4714 3773 4772 rudis

2222 4820 2451 4894 populus
2496 4820 2698 4876 certius
2728 4817 3029 4873 erudiatur.
3071 4815 3225 4871 Tunc
3277 4809 3776 4884 prmcellentissimus

2224 4912 2571 4985 apostolicus,
2604 4908 2951 4965 iuell‘ahiliter
2977 4906 3336 4970 exhilaratus,
3392 4904 3526 4959 fusis
3553 4903 3658 4957 Deo
3682 4897 3778 4952 inti-

2222 5002 2351 5057 nitis
2373 5002 2483 5073 62
2512 4999 2804 5072 gratiarum
2834 4996 3140 5060 sacriﬁciis,
3163 5003 3217 5048 et
3242 5004 3399 5049 orato
3426 4992 3648 5047 Domino
3674 5001 3778 5042 necs-

2222 5097 2299 5152 sis
2332 5106 2391 5150 ut
2425 5097 2607 5150 mittat
2641 5092 2921 5164 operarios
2973 5092 3027 5147 in
3066 5105 3299 5146 messem
3348 5104 3528 5154 suam,
3562 5083 3781 5142 exhaurit

2225 5187 2553 5243 monasteria
2586 5200 2679 5240 sua
2714 5194 2769 5239 et
2800 5182 3080 5245 ecclesias,
3113 5190 3170 5235 et
3194 5179 3456 5250 quidquid
3498 5184 3666 5247 potest
3687 5188 3782 5228 ent-

2221 5281 2456 5336 ditorum
2495 5295 2558 5334 ac
2588 5279 2963 5348 religiosorqu
2995 5278 3233 5332 virorum
3280 5275 3331 5329 in
3365 5289 3504 5343 opus
3535 5267 3784 5338 Evangelii

2221 5369 2535 5442 eﬂlagitare,
2563 5379 2677 5424 toto
2727 5369 2926 5423 mentis
2970 5365 3185 5431 affectu,
3222 5368 3383 5421 unico
3410 5363 3719 5437 Augustino,
3745 5366 3787 5412 et

2221 5463 2395 5517 unica:
2454 5472 2648 5517 amata:
2695 5460 2840 5532 genti
2896 5467 3071 5514 certat
3112 5458 3386 5529 delegare.
3439 5457 3577 5512 Huic
3624 5462 3790 5510 Sancto

2223 5554 2579 5610 contubernio
2622 5550 3004 5623 prmpollebant
3033 5560 3268 5620 quatuor
3306 5546 3662 5604 ecclesiastici
3689 5556 3787 5613 pro-

2226 5663 2401 5712 ceres,
2450 5663 2545 5703 seu
2603 5656 2841 5716 quatuor
2894 5641 3265 5713 evangelistzr,
3308 5640 3562 5706 Mellitus,
3610 5635 3790 5696 Justus,

2228 5740 2509 5807 Paulinus,
2563 5737 2845 5794 lluﬁauus.
2886 5735 3123 5792 Mellitus
3153 5736 3323 5791 abbas
3357 5732 3645 5793 melliﬁuus
3687 5739 3789 5785 tunc

610 5855 721 5925 Ψ)
749 5856 995 5913 Pontifex
1023 5858 1287 5915 Letardus
1313 5857 1526 5915 Bcrthte
1553 5857 1751 5930 regina
1775 5856 2084 5914 Christiana
2124 5854 2297 5913 cilicia
2329 5854 2729 5911 submiistrat.
2762 5850 3115 5908 ﬂabucsbur.
3147 5848 3237 5905 ubi
3269 5863 3465 5918 supra.
