3852 6308
522 307 627 388 755

1478 333 1572 388 AD
1598 331 1832 415 orans
1865 333 1925 390 Β.
1964 332 2358 395 LANFRANCI
2394 338 2758 398 arenam.
3634 347 3707 407 ei

522 438 709 502 Gloria
753 447 808 499 in
856 443 1069 500 excelsis
1106 442 1239 510 Deo,
1279 453 1325 498 et
1361 444 1416 497 in
1472 454 1611 499 terra
1651 462 1758 517 pax
1808 446 2104 502 hominibus
2134 453 2184 513 Α
2209 454 2276 507 ad
2297 451 2663 510 Christianam
2679 455 2838 510 ﬁdem
2853 456 3016 513 conia
3033 456 3393 516 Romanorum
3411 461 3641 526 accendit,
3660 465 3712 519 ει,

522 539 675 592 bona
710 536 1009 591 voluntatis.

601 627 807 697 Regem
841 626 1190 682 nihilominus
1213 624 1583 681 Ethelbertum
1614 625 1727 699 [seu
1746 626 2106 702 Aldibertum]
2154 640 2157 643 '

522 729 649 789 post
696 718 976 773 laudisona
1022 718 1195 780 initia.
1240 718 1321 773 sic
1368 718 1617 771 hortatur
1665 718 1956 783 blandillua
1997 720 2110 789 epi-

526 811 665 865 stola
688 811 773 879 (D.
799 810 1039 865 Gnaeos.
1070 811 1221 879 epist.
1246 810 1640 864 commonitoria
1659 812 1727 863 ad
1749 827 1916 881 regem
1931 810 2112 864 Ethel-

528 901 753 967 bertum,
782 900 876 966 60,
903 901 937 954 Ι.
965 902 1067 971 rx).
1096 919 1114 951 ι
1142 900 1304 966 Eam,
1334 899 1529 970 inquit,
1557 899 1788 970 gloriose
1814 900 1917 966 fili,
1948 914 2110 971 quam

526 994 786 1064 accepisti
816 994 1075 1048 divinitus
1100 993 1353 1064 gratiam,
1378 991 1607 1048 sollicita
1641 1001 1820 1047 mente
1873 992 2107 1059 custodi,

528 1085 901 1140 Christianam
936 1084 1095 1139 ﬁdem
1125 1084 1177 1137 in
1203 1082 1411 1153 populis
1436 1082 1532 1136 tibi
1567 1083 1796 1138 subditis
1821 1084 2115 1139 extendere

528 1180 751 1243 festina,
811 1178 986 1232 zelum
1043 1176 1385 1233 rectitudinis
1433 1185 1535 1231 tua”:
1578 1178 1633 1231 in
1665 1192 1852 1232 eorum
1880 1191 2115 1233 convcr-

531 1273 684 1328 sione
729 1270 1051 1339 multiplica,
1086 1269 1350 1323 idolorum
1397 1268 1576 1323 cultus
1614 1269 1924 1339 insequere,
1965 1268 2118 1323 lano-

533 1380 651 1419 rum
700 1362 928 1418 aedificia
963 1370 1167 1428 everte,
1215 1361 1555 1417 subditorum
1587 1377 1764 1417 mores
1811 1364 1865 1417 in
1919 1378 2115 1435 magna

530 1458 660 1511 vitae
694 1457 955 1511 munditia
991 1455 1353 1523 exhortando,
1396 1456 1675 1519 terrendo,
1699 1456 2044 1527 corrigendo,
2064 1464 2120 1511 et

532 1549 662 1605 boni
690 1548 871 1618 operis
918 1547 1165 1615 exempla
1198 1548 1570 1613 monstrando,
1604 1547 1831 1615 aedifica,
1861 1557 1923 1606 ut
1968 1548 2118 1603 illum

536 1638 920 1693 retributorem
969 1637 1213 1692 invenias
1245 1637 1295 1691 in
1327 1638 1488 1703 coelo,
1533 1637 1687 1706 cujus
1731 1654 1926 1693 nomen
1957 1649 2120 1709 atque

535 1730 902 1801 cognitionem
931 1728 1241 1783 dilataveris
1278 1729 1330 1783 in
1366 1737 1532 1784 terra.
1568 1729 1687 1800 Ipse
1732 1730 1873 1785 enim
1922 1740 2118 1785 vestra:

2208 554 2263 601 et
2290 562 2387 617 per
2428 547 2611 618 gloriae
2643 557 2838 604 vestrae
2868 549 3126 614 studium,
3178 551 3235 605 in
3288 551 3560 623 Anglorum
3596 568 3715 625 gente

2209 638 2326 708 ejus
2352 640 2775 694 misericordiam
2817 642 3137 697 confidimus
3162 644 3397 712 operari.
3428 643 3488 698 Et
3513 648 3715 715 quoniam

2210 732 2513 801 prudentia:
2568 733 2730 799 bono,
2764 734 2906 788 sicut
2936 750 3124 789 revera
3159 736 3497 804 Christiana,
3538 750 3585 792 et
3610 750 3717 794 recta

2212 824 2337 887 fide,
2369 825 2536 895 gloria
2566 834 2743 880 vestra
2779 827 3006 889 munita.
3051 836 3107 882 et
3131 827 3329 883 litteris
3372 829 3518 884 docta
3558 841 3640 893 est,
3680 844 3721 886 et

2214 920 2325 975 Deo
2349 919 2566 974 volente
2584 928 2766 989 aptum
2794 936 2937 975 nunc
2967 928 3176 990 tempus
3208 930 3313 987 est,
3344 920 3565 992 agitent,
3586 924 3721 979 divina

2216 1010 2389 1079 gratia
2438 1019 2796 1080 cooperante,
2856 1025 2977 1066 cum
3036 1022 3327 1082 augmento
3378 1013 3577 1081 possitis
3619 1018 3723 1079 quod

2219 1100 2522 1170 neglectum
2580 1110 2666 1157 est
2728 1117 3007 1173 reparare.
3063 1102 3253 1173 Itaque
3293 1113 3516 1159 mentem
3558 1104 3721 1175 gloriosi

2218 1193 2461 1264 conjugis
2518 1195 2685 1250 vestri
2745 1196 2801 1249 in
2880 1194 3223 1250 dilectionem
3298 1195 3596 1252 Christiana:
3638 1197 3723 1251 ﬁdei

2221 1286 2602 1341 adhortatione
2647 1286 2864 1340 assidua
2903 1287 3174 1342 roborate.
3238 1288 3425 1342 Vestra
3471 1287 3536 1342 illi
3574 1287 3723 1343 sollici-

2222 1381 2350 1434 tudo
2378 1380 2429 1434 in
2456 1388 2806 1450 augmentum
2841 1380 2895 1433 in
2926 1378 3036 1434 Deo
3065 1382 3271 1435 amoris
3316 1381 3571 1445 infundat;
3610 1391 3725 1449 atque

2221 1470 2294 1525 ita
2311 1471 2521 1525 animos
2546 1470 2663 1539 ejus
2690 1470 2856 1524 etiam
2884 1485 2983 1540 pro
3007 1470 3267 1539 subjecta:
3294 1469 3393 1526 sibi
3416 1470 3725 1541 gentisplenisr

2220 1578 2357 1619 srma
2386 1563 2740 1617 conversione
2761 1564 3079 1626 succendat,
3111 1572 3170 1616 ut
3201 1571 3258 1617 et
3283 1578 3526 1634 magnum
3548 1564 3728 1631 omnipo-

2222 1656 2356 1710 tenti
2407 1654 2518 1709 Deo
2553 1654 2622 1709 de
2652 1655 2957 1710 devotionis
3000 1664 3203 1710 vestrae
3244 1655 3423 1710 studio
3475 1655 3727 1709 sacriﬁcium

2222 1746 2482 1813 offeratis,
2501 1755 2556 1802 et
2573 1761 2635 1802 ea
2654 1761 2774 1817 quas
2792 1748 2857 1803 de
2875 1747 3025 1802 vobis
3043 1757 3267 1802 narrata
3293 1757 3437 1812 sunt,
3457 1757 3507 1801 et
3529 1756 3726 1807 crescant,

535 1823 721 1894 gloria:
755 1838 951 1877 nomen
982 1822 1145 1877 etiam
1178 1822 1409 1891 posteris
1441 1821 1728 1891 gloriosius
1762 1821 1937 1876 reddit
1965 1819 2117 1889 CHjtlS
2151 1822 2193 1881 Β
2224 1848 2270 1892 ει
2304 1854 2429 1893 pem
2453 1852 2574 1892 esse
2604 1838 2777 1893 modis
2801 1839 3052 1894 omnibus
3082 1838 3468 1908 approbent”.
3498 1838 3601 1907 qui,
3631 1837 3729 1892 δοίη

534 1930 633 1969 vos
664 1916 923 1969 honorem
962 1913 1222 1981 quieritis,
1250 1921 1304 1966 et
1327 1914 1614 1968 reservatis
1642 1914 1697 1967 in
1730 1921 1999 1985 gentibus.
2030 1911 2118 1967 Sic

537 2008 682 2060 enim
731 2006 1117 2062 Constantinus
1161 2006 1433 2075 quondam
1481 2006 1758 2075 piissimus
1802 2006 2117 2074 imperator,

536 2100 837 2155 Romanam
875 2100 1281 2169 rempublicam,
1309 2114 1338 2152 a
1371 2094 1647 2169 perversis
1691 2099 1955 2154 idolorum
2005 2096 2119 2152 cul-

539 2189 685 2244 tibus
735 2206 1017 2253 revocans,
1078 2190 1429 2260 omnipotenti
1481 2190 1610 2255 Deo,
1658 2187 1886 2244 Domino
1932 2198 2121 2243 nostro

536 2280 665 2336 Jesu
697 2281 937 2348 Christo,
970 2298 1153 2337 secum
1191 2282 1447 2346 subdidit,
1482 2297 1649 2351 seque
1702 2297 1828 2337 cum
1862 2280 2119 2348 subjectis

539 2376 772 2445 populis,
807 2384 918 2431 tota
961 2378 1027 2431 ad
1056 2392 1179 2439 eum
1205 2385 1382 2430 mente
1403 2376 1690 2430 convertit.
1727 2374 1883 2435 Unde
1920 2375 2118 2431 factum

536 2464 622 2522 est
668 2478 729 2523 ut
778 2470 1122 2537 antiquorum
1155 2467 1461 2537 principum
1510 2482 1709 2522 nomen
1737 2469 1861 2521 suis,
1904 2466 1988 2520 vir
2037 2467 2122 2521 ille

540 2561 788 2618 laudibus
816 2562 1077 2626 vinceret,
1096 2539 1152 2616 et
1174 2571 1321 2614 tanto
1342 2562 1394 2614 in
1423 2560 1677 2630 opinione
1697 2560 2124 2629 priedeeessores

538 2654 687 2719 'suos,
733 2662 937 2723 quanto
972 2662 1027 2707 et
1057 2652 1109 2706 in
1143 2654 1285 2706 bono
1313 2667 1477 2720 opere
1505 2662 1810 2722 superaret.
1872 2652 1936 2705 Et
1982 2666 2125 2705 nunc

538 2745 723 2816 itaque
752 2726 930 2800 vestra
964 2742 1133 2815 gloria
1176 2744 1535 2815 cognitionem
1588 2740 1748 2797 unius
1796 2741 1891 2797 Dei
1922 2742 2122 2809 Patris,

540 2845 599 2892 et
660 2819 815 2901 Filii,
882 2845 935 2891 et
988 2836 1223 2905 Spiritus
1271 2834 1467 2899 sancti,
1530 2833 1745 2904 regibus
1796 2848 1861 2889 ac
1910 2834 2125 2905 populis

539 2927 761 2982 sibimet
804 2926 1084 2994 subjectis,
1139 2926 1359 2980 festinet
1387 2924 1693 2991 infundere,
1718 2934 1781 2980 ut
1799 2934 1854 2981 et
1874 2927 2126 2998 antiquos

486 3046 489 3049 λ
540 3017 720 3087 gentis
771 3032 882 3071 suae
928 3031 1081 3088 reges
1121 3016 1369 3071 laudibus
1402 3031 1467 3073 ac
1504 3017 1714 3071 meritis
1763 3025 2023 3081 transeat,
2072 3027 2129 3072 et

543 3116 748 3178 quanto
796 3109 850 3167 in
900 3106 1158 3177 subjectis
1188 3107 1301 3161 suis
1332 3107 1507 3162 aliena
1547 3115 1768 3178 peccata
1815 3108 2121 3175 deterserit,

543 3210 705 3257 tanto
724 3200 890 3254 etiam
938 3197 1005 3253 de
1051 3198 1290 3269 peccatis
1314 3197 1547 3267 pr0priis
1574 3206 1700 3252 ante
1745 3197 2129 3268 omnipotentis
2156 3194 2199 3253 C

540 3290 636 3346 Dei
667 3290 912 3347 terribile
940 3305 1166 3344 examen
1197 3290 1439 3345 securior
1469 3288 1581 3345 fiat.
1622 3289 2128 3349 Reverendissimus

543 3392 725 3440 autem
754 3382 924 3437 frater
954 3391 1138 3437 noster
1166 3380 1503 3452 Augustinus
1524 3381 1579 3435 in
1604 3381 1917 3436 monasterii
1941 3370 2128 3451 regula

542 3476 801 3541 edoctus,
858 3489 1029 3531 sacrae
1074 3474 1370 3544 Scriptura:
1412 3474 1642 3529 scientia
1687 3473 1941 3544 repletus,
1972 3473 2128 3528 bonis

547 3580 772 3626 auctore
812 3572 922 3626 Deo
950 3570 1206 3641 operibus
1232 3568 1509 3641 praeditus,
1551 3582 1780 3639 quaeque
1823 3582 1917 3622 vos
1941 3567 2126 3623 admo-

542 3671 659 3726 net,
723 3663 953 3721 libenter
987 3664 1193 3727 audite,
1230 3664 1423 3719 devote
1476 3663 1740 3733 peragite,
1774 3661 2015 3715 studiose
2073 3660 2127 3713 in

547 3755 867 3807 memoriam
908 3765 1205 3821 reservate,
1260 3742 1387 3824 quia
1439 3756 1483 3809 si
1537 3770 1636 3810 vos
1688 3769 1811 3809 eum
1847 3754 1991 3823 quod
2031 3766 2129 3822 pro

546 3844 921 3913 omnipotente
959 3846 1067 3899 Deo
1091 3845 1331 3914 loquitur
1361 3845 1580 3911 auditis,
1608 3845 1751 3899 idem
1791 3845 2132 3915 omnipotens

547 3935 695 3990 Deus
751 3935 893 3993 hunc
926 3951 1025 4004 pro
1053 3935 1211 3989 vobis
1256 3945 1570 3991 exorantem
1614 3934 1845 3990 celerius
1890 3934 2129 3991 exaudit.

546 4025 720 4081 Parva
750 4037 934 4081 autem
958 4026 1116 4080 xenia
1158 4026 1460 4091 transmisi,
1490 4041 1612 4096 quae
1644 4027 1797 4081 vobis
1818 4040 1987 4095 parva
2026 4040 2130 4080 non

548 4127 730 4184 erunt,
762 4134 883 4175 cum
913 4134 943 4173 a
974 4118 1130 4174 vobis
1160 4133 1228 4175 ex
1276 4117 1421 4172 beati
1451 4117 1599 4175 Petri
1651 4117 1879 4190 apostoli
1932 4117 2136 4175 fuerint

544 4210 926 4267 benedictit‘me
952 4220 1226 4282 suscepta.
1262 4210 1621 4281 Omnipotens
1661 4212 1846 4280 itaque
1874 4209 2037 4276 Deus,
2078 4210 2133 4264 in

543 4302 699 4358 vobis
742 4303 972 4373 gratiam
1033 4318 1185 4357 suam
1246 4317 1406 4373 quam
1439 4302 1625 4373 coepit,
1671 4303 1941 4372 perficiat,
1972 4311 2133 4372 atque

546 4394 715 4448 Vitam
735 4404 975 4450 vestram
1002 4406 1058 4449 et
1089 4395 1177 4449 hic
1202 4410 1298 4465 per
1329 4395 1621 4451 multorum
1650 4411 1919 4451 annorum
1959 4396 2134 4450 curri-

546 4485 669 4541 cula
704 4488 982 4553 extendat,
1029 4497 1083 4545 et
1136 4497 1262 4558 post
1297 4487 1452 4560 longa
1501 4497 1748 4563 tempora
1796 4490 1849 4542 in
1897 4489 2135 4543 caelestis

548 4591 648 4632 vos
678 4578 866 4646 patriae
896 4581 1315 4651 congregatione
1344 4580 1626 4649 suscipiat.
1666 4600 1684 4631 ›

620 4666 882 4723 Gloriosa:
918 4684 1132 4739 quoque
1175 4670 1375 4742 regina:
1412 4671 1626 4726 Berthie
1666 4667 1785 4743 [al..
1813 4669 2136 4742 Aldibregzc]

548 4754 741 4817 scribit
768 4758 899 4829 (88).
952 4758 1104 4815 Unde
1140 4761 1255 4821 haec
1286 4762 1653 4830 excerpsimus
1692 4779 1705 4815 :
1740 4779 1764 4819 ι,
1790 4762 2134 4827 Remeantes,

549 4851 936 4909 dilectissimus
966 4852 1108 4909 ﬁlius
1136 4864 1319 4912 noster
1345 4854 1673 4911 Laurentius
1723 4855 2026 4925 presbyter,
2085 4863 2139 4908 et

549 4946 744 5001 Petrus
799 4947 1117 5011 monachus,
1192 4948 1366 5016 qualis
1442 4963 1571 5018 erga
1636 4948 2131 5003 reverentissinmm

551 5036 778 5090 fratrem
808 5046 864 5090 et
889 5036 1269 5107 coepiscopum
1295 5046 1539 5091 nostrum
1570 5036 1930 5106 Augustinum
1962 5036 2129 5106 gloria

546 5134 729 5181 vestra
776 5126 1051 5185 exstiterit
1096 5136 1408 5199 quantaque
1447 5127 1522 5183 illi
1565 5127 1777 5194 solatia,
1804 5127 1889 5186 vel
1916 5127 2130 5198 qualem

544 5218 869 5275 cbaritatem
913 5219 1258 5289 impenderit,
1315 5219 1638 5274 retulerunt.
1692 5218 1758 5273 Et
1785 5220 2129 5288 omnipoten-

547 5318 658 5365 tem
704 5311 872 5365 Deum
921 5311 1322 5377 benediximus,
1368 5311 1459 5379 qui
1487 5311 1899 5369 conversionem
1954 5308 2131 5378 gentis

546 5402 842 5473 Anglorum
892 5404 1129 5459 mercedi
1203 5414 1399 5458 vestrae
1450 5403 1703 5472 dignatus
1748 5410 1834 5457 est
1864 5401 2129 5471 propitius

552 5507 853 5549 reservare.
906 5494 1039 5549 Nam
1092 5495 1233 5549 sicut
1286 5508 1385 5569 per
1449 5493 1800 5550 recordandae
1854 5490 2132 5547 memoria:

553 5579 809 5638 Helenam
830 5590 1072 5639 matrem
1114 5585 1340 5655 piissimi
1387 5583 1733 5640 Constantini
1785 5581 2132 5651 imperatoris

2218 1937 2428 1990 .vestra,
2456 1943 2563 1981 non
2593 1926 2766 1983 solum
2788 1928 2902 1998 jam
2930 1928 3069 1999 apud
3093 1928 3393 1994 Romanos,
3416 1944 3508 1999 pro
3536 1929 3625 1982 vita
3655 1926 3730 1981 for-

2224 2020 2331 2075 tius
2378 2028 2693 2085 oraverunt,
2740 2021 2836 2075 sed
2878 2020 3042 2075 etiam
3070 2035 3167 2091 per
3206 2022 3420 2077 diversa
3462 2021 3643 2085 loca,et
3671 2035 3730 2074 ns-

2221 2130 2328 2183 que
2375 2113 2901 2185 ConstantinOpolim
2943 2115 3010 2169 ad
3059 2116 3469 2172 serenissimum
3507 2116 3729 2186 principem

2223 2212 2605 2276 pervenerunt.
2662 2207 2817 2264 Unde
2864 2210 3097 2280 petimus
3170 2221 3271 2277 ut,
3336 2212 3472 2267 sicut
3527 2209 3649 2265 nobis
3687 2209 3730 2262 de

2222 2298 2653 2353 Christianitatis
2681 2309 2877 2355 vestra:
2926 2299 3134 2355 solatiis
3181 2301 3373 2357 laetitia
3401 2300 3531 2356 facta
3572 2308 3652 2363 est,
3682 2299 3729 2351 ita
3826 2298 3827 2321 ‘

2223 2406 2442 2461 quoque
2479 2392 2546 2447 de
2578 2392 2818 2463 perfecta
2852 2394 3171 2463 operatione
3220 2405 3404 2455 vestra
3459 2392 3633 2465 angelis
3672 2391 3731 2445 ﬁat

2225 2486 2474 2556 gaudium
2529 2486 2581 2539 in
2642 2485 2813 2540 cmlis.
2871 2485 2967 2541 Sic
3028 2501 3126 2542 vos
3172 2487 3229 2541 in
3280 2487 3583 2558 adjutorium
3621 2498 3729 2552 supra

2226 2578 2412 2646 scripti
2442 2578 2865 2633 reverentissimi
2901 2578 3179 2642 fratris,et
3206 2579 3507 2650 coepiscopi
3534 2577 3731 2637 nostri,et

2225 2686 2504 2725 servorum
2556 2670 2648 2725 Dei
2687 2686 2823 2741 quos
2870 2671 2997 2727 illuc
3048 2672 3304 2727 misimus
3365 2672 3417 2727 in
3464 2671 3731 2726 conversione

2227 2765 2399 2835 gentis
2435 2775 2646 2831 vestrm,
2673 2766 2866 2819 devote
2887 2780 2950 2820 ac
2977 2765 3103 2820 totis
3119 2766 3334 2820 viribus
3361 2765 3606 2819 exhibete.
3632 2760 3731 2815 Utet
3828 2752 3829 2757 “

2227 2859 2315 2913 hic
2338 2858 2567 2913 feliciter
2604 2875 2727 2914 cum
2754 2859 2989 2928 glorioso
3020 2858 3133 2915 lilio
3163 2868 3357 2915 nostro
3388 2858 3591 2928 conjuge
3608 2864 3731 2907 vestro

2228 2952 2490 3020 regnetis,
2559 2961 2616 3007 et
2660 2960 2782 3020 post
2827 2950 2984 3021 longa
3020 2966 3294 3005 annorum
3338 2944 3731 3018 temperauimus

2230 3059 2444 3114 quoque
2490 3043 2684 3113 gaudia
2721 3044 2866 3105 vitae,
2916 3058 3037 3112 quae
3085 3042 3253 3097 linem
3300 3040 3499 3097 habere
3534 3037 3729 3095 nesciunt.

2231 3154 2352 3194 eum
2419 3136 2597 3193 fructu
2663 3145 2881 3191 interna:
2936 3136 3202 3192 mercedis
3254 3134 3495 3205 capiatis.
3529 3131 3636 3185 Data
3676 3125 3731 3179 die
3830 3174 3831 3189 ξ

2233 3232 2444 3289 decimo
2487 3230 2850 3290 Kalendarum
2899 3227 3508 3299 Juliarum,imperautc
3548 3218 3731 3278 Mauricio

2232 3323 2487 3395 Tyberio,
2519 3338 2662 3377 anno
2700 3338 2842 3378 nono
2867 3322 3098 3378 decimo.
3136 3339 3155 3372 ι

2304 3437 2379 3492 De
2408 3438 2493 3493 his
2526 3436 2692 3493 etiam
2740 3450 2861 3506 quia
2908 3433 3250 3491 Francorum
3292 3431 3547 3505 episcopis
3579 3422 3731 3493 scripsit

2232 3528 2373 3584 idem
2439 3542 2574 3599 papa
2643 3525 2936 3581 mellilluus
3012 3526 3128 3581 hinc
3179 3540 3358 3594 pauca
3430 3517 3731 3588 excerpsinm

2237 3639 2256 3675 ς
2314 3619 2467 3675 Sicut
2503 3619 2668 3691 ignis,
2713 3634 2843 3673 aura
2872 3616 3059 3682 flante,
3118 3615 3180 3672 fit
3204 3615 3498 3686 grandior,
3527 3611 3587 3666 ita
3627 3606 3731 3661 bona

2231 3712 2429 3768 ruentis
2487 3711 2666 3766 studia
2730 3709 3202 3766 commendatione
3285 3706 3574 3778 proficiunt.
3639 3695 3731 3762 0“ia

2232 3801 2419 3867 igitur,
2470 3800 2850 3870 Redemptoris
2882 3799 3054 3855 nostri
3085 3798 3263 3869 gratia
3300 3800 3610 3867 cooperante.
3633 3793 3730 3842 1³³⁸³

2235 3892 2301 3946 de
2360 3891 2654 3962 Anglorum
2702 3899 2861 3961 gente
2904 3890 2974 3947 ad
3038 3888 3371 3946 Christianae
3439 3884 3550 3941 fidei
3569 3877 3731 3951 gratiam

2235 3984 2524 4041 multitudo
2570 3983 2927 4047 convertitur,
2960 3991 3021 4038 ut
3050 3981 3514 4038 reverentissimus
3539 3975 3667 4030 frater
3695 3974 3731 4020 α

2235 4077 2592 4147 coepiscopus
2619 4084 2804 4131 noster
2817 4075 3174 4145 Augustinus,
3210 4088 3311 4130 eos
3335 4073 3428 4143 qui
3452 4079 3610 4126 secum
3630 4066 3729 4117 svnt.

2236 4169 2303 4223 ad
2334 4166 2438 4222 hoc
2466 4182 2602 4236 opus
2626 4166 3052 4235 exsequendum,
3093 4174 3308 4220 asserat
3336 4179 3441 4220 non
3483 4147 3725 4231 possum“

2236 4276 2389 4327 cere;
2431 4261 2738 4331 aliquantos
2764 4261 2829 4313 ad
2862 4275 2985 4314 eum
3016 4259 3322 4316 monachos
3367 4271 3482 4315 cuin
3523 4240 3713 4307 diledissi

2238 4353 2363 4417 mis,
2391 4362 2447 4407 et
2473 4350 2851 4410 communibus
2888 4351 3035 4414 ﬁliis,
3079 4350 3374 4406 Laurentio
3401 4344 3672 4419 presbytero.
3692 4338 3729 4383 εί

2239 4446 2439 4502 Mellito
2493 4445 2690 4501 abbate
2736 4443 3085 4514 praevidimus
3116 4440 3564 4498 transmittendos.
3586 4426 3729 4487 Ειὶάω

2166 4567 2213 4623 D
2241 4536 2556 4593 fraternitas
2578 4544 2757 4591 vestra
2783 4536 2882 4591 cha
2892 4536 3126 4600 ritatem,
3153 4548 3318 4605 quam
3340 4519 3726 4623 decet,-

2242 4627 2509 4683 Praeterea
2550 4641 2672 4696 qua:
2702 4626 2811 4697 regi
2850 4625 3185 4680 Francorum
3208 4621 3465 4679 Lothario
3491 4617 3550 4672 de

2243 4733 2360 4772 rum
2407 4718 2773 4788 susceptione,
2823 4714 3169 4771 Brunechildi
3218 4715 3287 4770 de
3338 4714 3558 4783 ipsorum
3593 4699 3728 4790 ubi“?

2241 4807 2376 4871 fusis
2399 4808 2699 4873 miraculis,
2725 4807 2988 4877 gratiﬁcis
3009 4806 3227 4875 scriptis
3247 4798 3575 4876 suggesserit.
3597 4792 3729 4847 ius“

2240 4898 2483 4969 epistolis
2511 4897 2713 4967 liquide
2741 4895 3011 4953 clarescit.
3050 4915 3070 4949 ι

2309 5010 2436 5066 Haec
2477 5012 2663 5080 itaque
2716 5010 3026 5079 apostolicae
3071 5001 3545 5065 commendationis
3586 4992 3727 5080 sui?“

2238 5104 2531 5160 Britanniae
2568 5119 2772 5175 regem,
2796 5114 2851 5159 et
2876 5104 3116 5176 reginam
3148 5117 3271 5157 eum
3311 5110 3514 5155 summo
3551 5078 3726 5143 antistite

2237 5213 2357 5263 suo,
2409 5215 2515 5254 non
2552 5199 2723 5254 solum
2764 5199 2947 5253 divino
2988 5198 3185 5267 gaudio
3225 5193 3561 5265 repleverunt.

2236 5289 2397 5343 etiam
2444 5288 2510 5341 ad
2554 5289 2797 5345 caelestia
2847 5303 3011 5360 regna
3080 5286 3377 5358 appetenda
3440 5272 3728 5334 vehentem!oi

2236 5381 2598 5436 ascenderunt
2628 5379 2717 5453 [[2,
2748 5377 3154 5450 accenderunt].

2309 5491 2516 5547 Interea
2542 5491 2871 5562 Augustinus
2887 5491 2954 5545 ab
2971 5486 3340 5544 ecclesiastico
3365 5482 3465 5537 ritu
3487 5476 3723 5562 discrepiﬂ‘

2238 5592 2321 5638 tes
2363 5556 2655 5638 Britonuni
2685 5584 2990 5652 pontilices,
3040 5582 3185 5653 regis
3211 5571 3520 5635 adminiculo
3551 5563 3603 5620 ad
3635 5556 3726 5612 ³⁵³⁸

622 5692 736 5763 (88)
784 5693 866 5771 At!
918 5694 1159 5771 reginam
1208 5693 1459 5752 Bertham
1500 5696 1692 5751 littera:
1735 5696 1798 5751 ἰ).
1852 5693 2118 5765 Gregorii,
2157 5699 2351 5771 qubus
2393 5698 2596 5771 gratias
2637 5698 2823 5766 habet,
2868 5680 3097 5770 eamque
3148 5693 3454 5753 adhortatur
3484 5681 3541 5740 ad
3560 5671 3725 5737 ωεέἱοη

550 5764 663 5841 (lib.
703 5778 757 5825 ιι
785 5763 943 5834 epist.
970 5764 1085 5835 59.)
