3852 6308
102 377 187 435 737

1058 367 1217 428 VlTA
1265 366 1324 424 s.
1368 322 1734 424 aucusrmt
1770 361 1974 419 ANuL.
2012 363 2251 422 APOST.

3226 374 3326 430 758

94 505 200 545 rum
225 486 579 543 Ecdesiarum
608 483 845 539 omnium
870 495 1205 537 communem
1229 480 1648 547 observantiam,
1682 483 1728 545 Α
1757 477 1996 533 nasterio
2018 475 2225 533 Bancor
2248 477 2531 551 plusquam
2562 482 2666 539 duo
2719 484 2882 540 millia
2918 486 3331 556 monachorum,

100 577 265 632 humili
297 591 459 646 prece
504 583 555 631 et
576 574 956 630 admonitione
986 574 1194 627 invitat.
1226 572 1323 627 Cui
1355 570 1451 636 illi,
1505 570 1652 626 velut

102 669 294 731 inacie,
333 682 438 722 non
478 667 660 721 solum
713 674 1033 736 repugnant,
1091 680 1279 720 verum
1323 665 1485 718 etiam
1524 679 1651 719 suos

100 776 211 815 usus
232 758 480 813 omnibus
503 756 961 827 praeminentiores
997 756 1173 811 sancti
1216 771 1365 826 papa:
1397 756 1649 810 Eleuthe—

102 850 155 903 rii
198 849 517 902 auctoritate
581 846 955 917 pronuntiant.
1021 846 1261 901 Tandem
1320 847 1652 917 signipotens

103 942 400 1011 Augustinus
428 954 586 1009 parat
623 940 676 994 in
706 939 886 1009 aliquo
916 939 1078 994 debili
1114 940 1351 994 curando
1401 940 1649 995 veritatis

99 1041 472 1102 argumentum.
527 1031 816 1086 Assistitur
851 1031 961 1104 64
1004 1047 1203 1097 caecus,
1242 1032 1519 1100 Anglicus,
1553 1031 1647 1087 Dei

100 1124 325 1178 nimirum
379 1133 515 1178 nutu
547 1123 781 1190 oblatus,
824 1138 890 1178 ne
920 1124 1170 1180 Britones
1201 1125 1302 1180 sibi
1332 1133 1650 1197 arrogarent

98 1216 304 1285 signum,
336 1216 381 1271 si
404 1216 530 1286 quis
553 1217 617 1271 de
646 1217 757 1271 suis
783 1228 924 1272 esset
958 1217 1217 1273 salvatus.
1260 1216 1496 1273 Oflertnr
1519 1233 1648 1290 ergo

98 1305 396 1359 adversariis
437 1320 654 1370 czccus;
710 1304 813 1360 illis
860 1306 1245 1371 abnuentibus,
1293 1306 1644 1377 Augustinus,

98 1397 213 1450 flexo
232 1412 384 1467 genu,
421 1396 541 1450 fusa
579 1412 761 1467 prece,
786 1398 1011 1469 signatis
1036 1397 1256 1453 orbibus
1286 1399 1441 1452 uncis
1468 1398 1647 1453 Domi-

98 1489 196 1545 uica
232 1502 410 1543 cruce.
443 1507 461 1541 ‹
495 1490 552 1543 1η
602 1490 855 1555 nomine,
899 1490 1093 1560 inquit,
1142 1491 1353 1545 Domini
1420 1492 1499 1545 sic
1546 1493 1646 1548 iste

94 1596 242 1638 οωειιε
266 1581 624 1649 illuminetur,
653 1583 789 1638 sicut
816 1593 1001 1637 nostra
1031 1583 1262 1638 assertio
1280 1584 1463 1638 sanior
1491 1599 1641 1639 corn-

95 1671 337 1743 probatur.
380 1692 399 1725 ›
436 1672 536 1727 Cui
563 1672 809 1741 protinus
850 1674 1180 1742 respondens
1224 1674 1371 1728 claro
1401 1674 1644 1731 testimo-

96 1764 168 1819 nio
207 1764 343 1819 clara
389 1764 671 1822 oculorum
727 1765 1070 1832 illuminatio,
1114 1768 1205 1822 dat
1230 1778 1434 1822 certam
1480 1768 1640 1822 fidem

1704 610 1709 615 .
1755 581 1890 635 quos
1915 582 2105 622 omnes
2136 568 2286 623 labor
2315 586 2572 625 manuum
2597 572 2808 629 'alebat.
2836 575 2945 633 Hos
2970 578 3174 648 pariter
3206 592 3332 635 ora-

1754 658 1922 723 tione,
1972 672 2027 714 et
2068 660 2331 716 triduanis
2375 662 2597 732 jejuniis
2640 665 2695 719 in
2749 667 2959 725 hostem
3007 680 3329 740 pugnantes,

1753 749 1967 805 hostilis
1992 750 2199 821 gladius
2224 752 2307 808 vel
2338 753 2574 809 acriores
2596 757 2944 814 adversarios
2972 760 3240 815 exhausrt.
3265 761 3334 816 Et

1752 859 1819 899 ex
1866 844 1950 900 his
1980 844 2123 900 mille
2154 847 2405 913 ducenti,
2454 847 2677 918 reliquis
2726 849 3044 920 profligatis,
3076 853 3333 908 exstincti

1751 945 1896 990 sunt.
1950 936 2083 992 Caesi
2135 947 2316 994 autem
2374 940 2555 1010 populi
2618 957 2723 996 non
2771 951 2856 997 est
2905 959 3184 999 numerus.
3240 945 3333 999 Sic

1750 1025 2039 1096 Augustlni
2072 1037 2497 1097 contemptores,
2537 1040 2713 1084 vatem
2748 1034 2958 1103 experti
3005 1045 3131 1087 sunt
3173 1050 3345 1090 vera-7

1750 1131 1866 1172 cem
1895 1158 1909 1181 ,
1939 1132 2096 1188 quem
2123 1118 2417 1189 supplicem
2441 1118 2753 1189 abjecerant
2778 1131 2832 1177 et
2857 1124 3149 1180 minacem.

1819 1206 2110 1265 Confessor
2138 1209 2319 1280 itaque
2352 1212 2563 1266 Domini
2582 1227 2611 1266 a
2635 1228 2797 1282 supra
2822 1216 3137 1270 memoratis
3160 1215 3334 1270 rebel-

1748 1294 1889 1352 libus
1917 1299 2165 1364 tendens,
2192 1314 2314 1354 cum
2348 1310 2537 1356 sancto
2566 1302 2731 1356 choro
2761 1302 3057 1372 sociorum,
3089 1304 3156 1361 ad
3186 1305 3329 1360 Ebo-

1749 1402 1931 1442 racam
1962 1389 2236 1446 civitatem
2264 1431 2278 1457 ,
2326 1391 2473 1447 videt
2504 1393 2775 1449 hominem
2807 1410 2962 1451 secus
3001 1396 3141 1450 viam
3167 1412 3331 1453 accu-

1746 1476 1964 1533 bantem
1987 1478 2523 1552 paralysi,’c:ecitate,
2550 1492 2712 1549 atque
2734 1480 2991 1552 aegestate
3014 1486 3335 1541 termisera-

1744 1566 1930 1622 bilem.
1948 1568 2110 1624 Audit
2131 1571 2274 1625 hunc
2292 1571 2462 1626 turba:
2476 1575 2841 1641 pretereuntis
2862 1590 3084 1630 causam
3098 1575 3333 1632 interrod

1745 1667 1993 1729 gantem;
2023 1662 2408 1733 cognitumque
2425 1662 2616 1720 famosi
2642 1665 2923 1734 Augustini
2948 1681 3141 1720 nomen
3162 1665 3329 1721 incla—

1745 1759 2010 1817 mantem,
2067 1767 2333 1823 opemque
2379 1763 2437 1808 et
2503 1754 2901 1828 eleemosynam
2960 1758 3093 1811 tanti
3152 1756 3334 1812 Patris

96 1858 204 1913 mu
253 1858 385 1929 signi
445 1858 761 1929 splendore,
798 1859 1158 1931 congaudent;
1212 1859 1429 1928 populo.
1480 1875 1641 1930 quam
1676 1838 1718 1892 Β
1746 1838 2143 1931 implorantem.
2175 1843 2256 1897 Ad
2280 1859 2439 1914 quem
2462 1845 2728 1900 accedens
2750 1846 3035 1901 annulalor
3064 1846 3335 1903 Dominici

94 1962 196 2002 vera
239 1950 304 2003 sit
342 1950 635 2019 Augustini
690 1951 937 2006 assertio.
989 1951 1094 2019 Ipsi
1142 1966 1355 2021 quoque
1394 1950 1645 2006 Britones

94 2041 358 2110 approbant
381 2043 532 2112 quod
565 2042 795 2098 inficiari
828 2052 1124 2114 nequeunt.
1148 2044 1403 2099 Attamen
1431 2044 1645 2100 dilatio-

95 2150 192 2190 nem
238 2136 507 2205 postulant
537 2152 646 2205 qua
696 2135 930 2205 majores
965 2152 1092 2193 suos
1121 2138 1467 2204 conveniant,
1516 2138 1643 2193 data

92 2226 162 2281 die
204 2242 301 2297 qua
347 2228 639 2282 consilium
683 2236 948 2297 repetant.
1003 2229 1212 2283 Venere
1255 2243 1383 2297 ergo
1436 2237 1643 2297 septem

94 2316 293 2386 episcopi
323 2333 352 2371 a
381 2318 619 2388 quodam
649 2316 803 2372 .lusto
842 2333 953 2373 suae
976 2318 1147 2388 partis
1170 2318 1289 2373 viro
1337 2318 1412 2372 ita
1462 2318 1641 2374 edocti

95 2416 141 2460 ut
164 2409 202 2461 si
228 2411 558 2480 Augustinus
600 2411 746 2466 mitis
772 2420 825 2467 et
850 2412 1068 2468 humilis
1093 2415 1257 2470 corde
1286 2414 1639 2484 probaretur,

94 2498 211 2565 quod
234 2514 344 2556 esse
369 2502 413 2556 si
456 2502 593 2572 ipsis
620 2501 889 2572 episcopis
930 2502 1344 2559 advenientibus
1389 2519 1641 2574 assurge-

94 2598 180 2656 ret,
222 2605 664 2663 cognosceretur,
696 2602 823 2650 tunc
871 2594 944 2649 illi
988 2594 1137 2650 velut
1166 2595 1376 2650 Domini
1426 2597 1639 2663 nuntio,

96 2680 308 2751 etjugum
330 2684 547 2741 Domini
574 2685 768 2741 ferenti
793 2686 1094 2741 obedirent.
1114 2686 1170 2742 Si
1198 2702 1328 2741 vero
1350 2686 1639 2757 episcopis,

98 2769 170 2838 qui
192 2771 352 2841 plures
386 2781 598 2838 essent,
628 2787 735 2826 non
760 2782 1070 2842 assurgeret
1104 2773 1250 2828 velut
1275 2787 1559 2840 arrogans,
1586 2781 1643 2829 et

98 2872 389 2935 contemptor
411 2866 479 2919 ab
502 2866 590 2921 his
615 2874 1076 2922 contemneretur.
1104 2866 1221 2919 Tali
1248 2881 1508 2920 mucrone
1534 2882 1641 2935 quo

96 2953 294 3022 perirent
314 2956 610 3026 pnecincti,
627 2955 925 3025 Augustino
938 2956 1039 3011 sibi
1065 2971 1167 3011 non
1183 2971 1307 3010 assu
1318 2968 1526 3027 rgente,
1554 2955 1639 3009 fu-

98 3044 212 3101 riose
229 3045 501 3117 indignati,
522 3046 789 3115 ipsum,et
808 3048 987 3101 omnia
1012 3047 1129 3118 ejus
1152 3047 1296 3102 dicta
1322 3046 1604 3118 rcpudiant
1622 3087 1639 3113 ,

96 3136 461 3206 eoqueferocius
475 3138 761 3199 rebellant,
778 3140 985 3208 quoille
1000 3139 1272 3202 humilius,
1291 3139 1641 3193 etamabilius
1669 3188 1710 3210 η

99 3228 395 3298 deprecatur,
428 3241 489 3285 ut
518 3232 839 3287 concordem
863 3231 1229 3286 Ecclesiarum
1259 3247 1501 3285 normam
1526 3246 1639 3286 sec-

101 3327 263 3377 tentur.
287 3323 392 3379 Hac
415 3338 552 3379 sane
577 3324 1013 3378 mansuetissima
1038 3324 1307 3378 charilate
1329 3333 1381 3378 et
1398 3324 1641 3378 charita-

101 3410 186 3465 tiva
204 3416 604 3471 mansuetudine
627 3423 766 3479 erat,
796 3415 1113 3485 discipulum
1142 3414 1346 3469 Christi
1374 3425 1429 3469 et
1461 3414 1638 3470 famu-

100 3499 186 3557 lum
238 3506 454 3563 lucidius
505 3520 853 3578 cognoscere,
886 3521 1048 3576 quam
1084 3507 1127 3561 si
1158 3507 1404 3577 superbis
1451 3522 1638 3562 assur—

101 3596 241 3664 gcudo
276 3599 514 3669 ipsorum
542 3599 818 3653 videretur
852 3597 1202 3653 obstinationi
1241 3598 1541 3663 honorare,
1584 3608 1640 3653 et

102 3683 367 3746 honorando
399 3691 721 3762 approbare.
755 3690 1015 3745 Pervorse
1035 3704 1163 3759 ergo
1211 3690 1428 3759 superbi
1464 3691 1641 3743 humi-

102 3774 185 3832 lem
231 3780 476 3837 famulum
551 3781 763 3837 Domini
832 3781 1305 3837 calumniabantur
1370 3781 1638 3850 superbiae

105 3868 373 3940 iusessiouc,
412 3890 543 3932 cum
571 3874 685 3944 ipse
713 3873 994 3937 Dominus,
1021 3873 1112 3941 qui
1151 3873 1325 3948 dicit:
1370 3872 1565 3927 Discite
1603 3889 1636 3928 α

104 3975 165 4014 me
195 3966 302 4034 quia
345 3968 485 4022 mitis
536 3983 652 4021 sum
692 3977 741 4019 et
788 3965 1003 4019 Immitis
1049 3969 1203 4019 corde
1260 3964 1491 4036 (Matth.
1544 3982 1635 4033 χι,

104 4050 224 4124 Ξ9);
268 4060 451 4115 sedens
516 4059 799 4124 docuerit,
851 4044 1117 4128 pauperes
1184 4058 1375 4128 spiritu
1448 4056 1651 4113 beatos

103 4158 223 4213 esse;
268 4152 399 4219 quod
462 4151 543 4205 illi
621 4165 742 4207 esse
798 4148 1133 4219 nequibant,
1206 4158 1332 4223 typo
1390 4148 1638 4205 elationis

105 4248 207 4289 nne.
250 4237 347 4294 Sed
398 4256 528 4296 cum
576 4241 750 4295 adhuc
803 4238 1171 4309 primordialis
1222 4250 1375 4308 pater
1419 4239 1636 4293 illorum

105 4326 257 4385 salutis
303 4334 644 4390 avidissimus
677 4342 882 4398 oraret,
912 4340 961 4385 et
1005 4331 1195 4387 saltem
1246 4332 1299 4384 in
1354 4332 1437 4386 his
1468 4331 1653 4387 tribus‘

106 4419 347 4480 universali
390 4426 653 4482 Ecclesiae
681 4424 1057 4497 jungerentur,
1106 4426 1207 4479 hoc
1248 4432 1331 4479 est
1362 4424 1414 4478 in
1462 4424 1641 4494 bapti-

107 4513 260 4580 zando,
297 4525 348 4572 et
373 4518 584 4574 Pascha
614 4516 827 4571 Domini
859 4515 1205 4579 celebrando,
1232 4522 1393 4584 atque
1421 4528 1529 4569 una
1550 4529 1637 4570 se-

109 4616 204 4661 cum
235 4611 405 4684 Anglis
430 4614 711 4671 Christum
742 4611 1151 4682 evagclizando,
1182 4610 1361 4665 omnia
1415 4624 1640 4679 prorsus

107 4695 331 4769 abdicem,
384 4705 512 4775 quin
566 4704 729 4759 etiam
775 4717 992 4758 omnem
1032 4699 1149 4768 ejus
1200 4700 1460 4754 ditionem
1511 4714 1541 4752 a
1582 4715 1641 4755 se

108 4795 443 4851 exterminant.
498 4796 647 4862 Quos
689 4795 777 4849 ille
825 4793 1126 4865 prophetali
1183 4793 1473 4861 increpans
1526 4799 1653 4845 [ηε-ι’

110 4880 252 4937 chatra
273 4903 285 4937 :
309 4888 384 4941 Ab
415 4888 539 4953 illis,
568 4888 764 4956 inquit,
788 4883 1039 4941 hostibus
1066 4883 1329 4952 peribilis,
1360 4898 1497 4951 quos
1520 4882 1640 4957 fra-

112 4978 197 5027 tres
216 4976 395 5034 habere
415 4981 666 5050 inregno
696 4978 787 5031 Dei
815 4976 1142 5041 abhorretis,
1166 4984 1219 5029 et
1258 4974 1326 5029 ab
1358 4975 1441 5030 his
1472 4975 1637 5027 vitam

111 5064 323 5132 Perdetis,
364 5071 556 5139 quibus
592 5068 815 5124 effusam
864 5067 1116 5121 omnibus
1167 5066 1397 5135 gratiam
1434 5062 1639 5119 Christi

113 5148 339 5212 invidetis.

168 5244 311 5316 Igitur
355 5261 475 5322 post
509 5250 891 5320 triumphalem
934 5247 1096 5317 hujus
1139 5247 1279 5300 vatis
1311 5244 1657 5314 assumptio-'

114 5351 211 5392 nem
232 5343 289 5395 ad
317 5343 616 5409 Dominum,
658 5358 755 5398 rex
804 5342 1102 5413 Anglorum
1155 5338 1467 5394 Edelfridus
1486 5337 1641 5394 belli-

114 5432 398 5502 wsissimus,
423 5438 670 5493 Britones
694 5435 1085 5491 immanissima
1111 5434 1258 5489 caede
1304 5447 1446 5502 pene
1491 5431 1641 5487 dele-

114 5516 199 5583 ‘il;
226 5536 365 5595 capta
387 5530 603 5584 civitate
631 5528 948 5599 Legionum,
989 5540 1154 5596 quam
1184 5522 1373 5594 Angcli
1402 5522 1639 5591 Lagace-

117 5620 275 5682 stram,
299 5618 535 5679 Britones
562 5621 850 5690 Karlegion
881 5618 1175 5689 appellant.
1222 5616 1466 5671 lrruerat
1512 5614 1639 5670 illuc

119 5703 391 5771 inaestimata
441 5718 724 5773 multitudo
770 5715 1114 5771 sacerdotum
1168 5720 1223 5765 et
1253 5708 1641 5764 monachorum

118 5790 270 5857 cutura
299 5805 491 5867 hostem
544 5820 787 5870 oratura.
837 5805 1184 5863 Confluxerat
1209 5802 1371 5858 etiam
1415 5803 1480 5857 de
1527 5815 1640 5856 mo-

1746 1927 2033 1999 Clavrgcri,
2060 1950 2079 1981 ι
2107 1930 2390 2001 Argentum
2414 1934 2611 2003 tnquit,
2639 1944 2697 1988 et.
2712 1951 2902 1989 aurum
2932 1953 3034 1990 non
3058 1946 3141 1992 est
3164 1938 3335 1990 milii:

1744 2020 1883 2091 quod
1907 2030 2081 2075 autem
2121 2020 2316 2086 habeo,
2368 2029 2465 2077 hoc
2505 2025 2573 2077 do
2600 2025 2695 2078 tibi
2727 2042 2747 2080 :
2786 2024 2851 2079 In
2885 2028 3092 2080 nomine
3119 2026 3339 2083 Domini
3352 2084 3355 2085 ν

1744 2110 1871 2166 Jesu
1909 2109 2130 2178 Christi,
2159 2126 2317 2184 surge
2364 2115 2520 2185 (Act.
2565 2131 2661 2182 ut,
2716 2115 2814 2187 t5),
2870 2126 2925 2171 et
2988 2117 3340 2181 illuminare;

1744 2208 2113 2277 praeditusque
2145 2209 2325 2265 salute
2366 2219 2422 2264 et
2448 2210 2591 2276 luce,
2621 2213 2892 2281 procede;
2934 2227 3032 2267 nec
3059 2212 3170 2281 jam
3195 2213 3339 2265 india

1745 2317 1873 2374 gcas
1923 2311 2200 2373 gestatore
2266 2303 2351 2359 vel
2405 2305 2559 2360 duce.
2607 2325 2626 2360 ι
2687 2306 2802 2362 Hoc
2857 2309 3078 2363 verbum
3131 2308 3347 2367 Christi:

1744 2394 2017 2462 nominis,
2067 2395 2224 2464 quasi
2279 2411 2346 2452 ex
2402 2412 2501 2452 ore
2552 2388 2755 2453 Christi
2802 2399 3113 2469 prolatum,
3154 2401 3333 2456 subito

1742 2487 1919 2543 erexit
1948 2488 2342 2561 paralyticum,
2377 2489 2699 2548 illuminavit
2724 2509 2951 2562 caecum,
2980 2496 3139 2551 simul
3164 2496 3329 2552 etiam

1746 2578 1829 2634 his
1876 2581 2080 2649 apertis
2146 2581 2318 2637 oculis
2390 2582 2568 2637 cordis
2602 2624 2617 2650 ,
2689 2585 2927 2655 suscepit
2972 2587 3327 2657 baptismum,

1743 2673 2054 2743 pariterque
2078 2688 2199 2728 cum
2232 2676 2477 2745 corporis
2512 2675 2725 2744 oflicio,
2779 2678 2973 2734 anima:
3004 2679 3333 2748 profectum.‘

1813 2762 1859 2819 Ο
1884 2763 2059 2818 virum
2086 2764 2278 2834 spiritu
2320 2765 2414 2821 Dei
2444 2766 2662 2837 plenum
2683 2809 2699 2835 ,
2747 2769 2865 2836 cui,
2898 2770 2990 2826 ubi
3034 2786 3123 2827 res
3148 2771 3328 2829 divina

1744 2856 2031 2926 poscebat,
2090 2866 2199 2911 tam
2245 2869 2432 2927 parata
2490 2869 2648 2916 erant
2692 2861 2844 2933 signa
2896 2863 2963 2919 ad
3011 2862 3329 2923 saltandum

1742 2962 1905 3016 quam
1937 2947 2098 3001 verba
2126 2948 2192 3002 ad
2219 2949 2552 3007 docendum!
2598 2952 2730 3006 Nam
2768 2955 2890 3026 quis
2931 2954 3133 3011 referat
3162 2973 3326 3027 quam

1742 3037 1949 3093 crebris
1984 3038 2368 3095 miraculorum
2416 3045 2887 3102 coruscationibus
2942 3046 3143 3119 ubique
3188 3050 3325 3103 cmi-

1743 3128 1956 3182 cuerit?
1980 3129 2225 3196 Quantas
2247 3130 2485 3187 fidelium
2512 3136 2698 3190 turbas
2723 3146 2775 3190 et
2797 3137 2851 3191 in
2890 3137 2981 3193 illo
3014 3139 3244 3206 itinere,
3277 3147 3333 3195 ct

1744 3218 1796 3272 in
1825 3219 2021 3275 finibus
2051 3221 2278 3278 Eboraci
2305 3234 2359 3279 et
2389 3224 2441 3279 in
2468 3226 2722 3283 omnibus
2752 3244 2859 3298 quo
2881 3245 2939 3285 se
2969 3232 3133 3286 vertit
3160 3231 3295 3287 locis
3314 3228 3339 3297 .“

1741 3311 2122 3368 Dcolucratus
2145 3314 2266 3369 sit?
2317 3329 2579 3385 quantum
2629 3320 2794 3375 etiam
2834 3322 2955 3377 aliis
3004 3324 3223 3388 diebus,
3267 3341 3332 3381 ac

1742 3402 2077 3471 temporibus
2102 3404 2432 3473 profecerit,
2466 3423 2589 3462 cum
2625 3409 2678 3462 in
2720 3426 2824 3464 una
2857 3411 3152 3468 Dominicte
3183 3412 3334 3469 Nati-

1741 3492 1923 3547 vitatis
1968 3493 2054 3548 die
2081 3532 2097 3559 ,
2147 3509 2309 3564 quam
2350 3497 2602 3552 universa
2643 3501 2957 3567 angelorum
2989 3502 3158 3572 gloria
3207 3519 3330 3575 per-

1739 3576 2296 3655 petuoioncclebrat,
2322 3588 2443 3658 plus
2464 3605 2628 3659 quam
2652 3591 2841 3648 decem
2874 3593 3037 3649 millia
3064 3596 3341 3666 virorum,
3408 3644 3413 3647 .

1739 3686 1940 3745 praeter
1970 3678 2419 3736 innumerabilem
2451 3683 2854 3755 multitudinem
2895 3686 3220 3752 feminarum
3268 3706 3337 3759 ac,

1740 3770 2089 3839 parvulorum
2142 3773 2288 3828 vitali
2346 3773 2669 3847 baptismate
2719 3784 3145 3851 regeneraverit.
3204 3783 3353 3855 ane

1740 3875 1870 3915 vero
1885 3863 2251 3929 sacerdotum,
2275 3866 2577 3926 aliorumve
2594 3884 2872 3927 sacrorum
2889 3874 3137 3932 ordinum
3154 3866 3332 3946 cepta,

1741 3952 1807 4007 ad
1839 3962 2049 4009 tantum
2073 3958 2330 4027 populum
2357 3960 2680 4017 abluendum
2707 3963 3014 4022 sufﬁceret?
3037 3966 3333 4023 Benedicto

1742 4046 1925 4117 itaque
1972 4047 2158 4117 fluvio,
2202 4051 2428 4123 Anglice
2480 4054 2709 4110 Sualvus
2765 4068 3108 4128 nuncupato,
3175 4059 3334 4129 jubet

1740 4150 1987 4192 summus
2008 4139 2247 4209 pontifex
2274 4157 2371 4210 per
2386 4158 2692 4212 praecones,
2721 4154 2777 4215 et
2800 4149 3111 4218 magistros,
3138 4164 3329 4204 omnes

1740 4229 1927 4297 binos,
1976 4242 2033 4287 et
2073 4232 2261 4300 binos,
2296 4235 2634 4291 confidenter
2686 4238 2926 4307 ingredi;
2982 4249 3039 4295 et
3081 4242 3134 4301 in
3190 4242 3344 4304 trino,

1742 4318 1971 4374 Deitatis
2022 4323 2269 4388 nomine,
2326 4324 2559 4379 alterum
2587 4326 2656 4381 ab
2679 4327 2850 4383 altero
2880 4330 3119 4385 vicissim
3156 4331 3351 4401 bapti-

1741 4411 1877 4469 zari.
1937 4411 2138 4482 Sicque
2183 4429 2374 4472 omnes
2424 4417 2598 4471 renati
2651 4432 2760 4474 non
2814 4419 3012 4476 minori
3065 4422 3330 4479 miraculo

1671 4533 1717 4588 Β
1742 4522 1904 4576 quam
1935 4508 2211 4578 quondam
2238 4509 2468 4580 populus
2500 4510 2665 4566 Israel
2694 4511 2925 4567 divisum
2956 4527 3107 4568 mare
3132 4530 3146 4580 ;
3174 4515 3333 4569 item-

1742 4614 1845 4669 que
1864 4599 2155 4657 Jordanem
2180 4612 2324 4662 retro
2344 4618 2664 4659 conversum
2692 4606 2911 4661 transiet
2927 4613 3004 4672 at,
3029 4606 3081 4662 in
3104 4606 3331 4664 alteram

1742 4694 1917 4762 ripam
1970 4704 2097 4749 sunt
2152 4697 2485 4766 transpositi.
2523 4696 2581 4751 In
2626 4705 2736 4753 tam
2770 4698 3041 4769 profundo
3086 4704 3329 4774 gurgite,

1743 4786 1796 4840 in
1824 4795 1972 4841 tanto
2018 4798 2235 4858 tamque
2260 4789 2473 4845 diverso
2517 4805 2678 4846 sexus
2725 4799 2781 4846 et
2825 4794 3000 4848 aetatis
3044 4795 3329 4864 examine,

1741 4893 1901 4933 nemo
1930 4872 2070 4949 perit
2094 4920 2108 4943 .
2142 4896 2300 4936 nemo
2321 4881 2565 4948 laeditur;
2598 4898 2856 4955 magnum
2892 4886 2996 4941 hoc
3020 4895 3139 4941 erat
3164 4888 3333 4941 mira-

1742 4970 1943 5025 culum.
1999 4970 2103 5025 Sed
2128 4971 2231 5027 hoc
2261 4989 2546 5044 magnum,
2600 4975 2793 5045 majori
2821 4978 3116 5034 eminentia
3164 4994 3329 5048 supe—

1744 5070 1931 5126 ratur,
1973 5077 2097 5116 cum
2148 5063 2326 5119 omnis
2369 5064 2621 5121 debilitas
2680 5077 2737 5121 et
2794 5067 3085 5123 infirmitas
3132 5067 3185 5120 in
3236 5066 3345 5121 illo'

1743 5166 1902 5208 amne
1946 5153 2269 5223 deponitur;
2308 5156 2485 5211 omnis
2529 5156 2817 5226 languidus
2871 5165 2928 5211 et
2995 5156 3330 5212 deformatus

1743 5260 1907 5300 sanus
1955 5253 2010 5301 et
2042 5246 2367 5303 reformatus
2393 5248 2689 5319 egreditur.
2728 5247 2774 5304 0
2832 5247 3083 5303 festivum
3118 5257 3328 5317 specta-

1743 5341 1922 5397 culum
1948 5341 2261 5411 angelorum
2284 5351 2340 5399 et
2360 5344 2669 5399 hominum!
2693 5358 2814 5399 cum
2844 5351 2920 5399 tot
2947 5342 3112 5397 millia
3136 5342 3325 5399 candi-

1743 5433 1883 5489 datze
1905 5434 2080 5505 gemis
2104 5451 2169 5490 ex
2194 5435 2353 5490 unius
2377 5434 2616 5490 fluminis
2651 5434 2833 5499 alveo,
2876 5435 3024 5489 velut
3063 5448 3128 5489 ex
3170 5434 3327 5491 unius

1744 5525 2048 5596 genitricis,
2090 5526 2371 5597 prodirent
2420 5525 2575 5590 alvo;
2617 5533 2673 5580 et
2703 5525 2771 5580 de
2808 5539 2916 5579 uno
2951 5533 3144 5595 stagno
3175 5532 3324 5580 tanta

1742 5620 2027 5691 progenies
2045 5621 2096 5674 in
2111 5633 2399 5689 supernam
2422 5618 2733 5672 civilitatem
2751 5625 3067 5673 nasceretur
3079 5616 3321 5690 olympo!
3340 5636 3341 5639 ‘

1744 5709 1881 5766 Hinc
1923 5711 2302 5765 serenissimus
2356 5723 2491 5780 papa
2519 5707 2813 5778 Gregorius
2841 5753 2854 5777 ,
2909 5724 3033 5764 cum
3071 5710 3324 5767 omnibus

1746 5815 2105 5877 supernorum
2136 5800 2507 5861 ctntuberniis
2537 5815 2823 5874 erumpens
2850 5801 2903 5867 in
2946 5801 3135 5872 gaudia
3156 5841 3175 5871 ι
3213 5815 3331 5867 non,
