3852 6308
108 461 299 516 dimouit
322 449 681 517 miraculum,
722 454 867 505 teste
892 445 1177 518 provincia
1202 450 1235 510 ,‘
1264 457 1435 513 nuper
1471 441 1721 503 decla-A

112 563 281 606 ratum.
396 578 399 581 ι
491 553 495 557 ’
667 570 733 576 ’·
952 540 955 543 ἱ

165 638 454 711 ωΝοωε
480 642 563 689 est
613 632 715 687 sub
757 629 951 684 abbate
995 625 1323 687 Cerneliensi
1369 624 1665 696 presbyter,

112 731 471 800 parochianus,
506 739 654 781 sacra
704 720 956 791 mysteria
1003 717 1199 788 p0pu|o
1243 716 1517 777 celebrare
1566 730 1650 799 as-

113 822 291 877 solitus.
317 818 366 873 ls
389 819 642 888 languore
677 812 925 873 detritus,
949 810 1229 881 vigilanter
1262 807 1650 864 observabatur

110 915 197 984 jam
219 905 685 969 moriturus.,Nox,
716 912 770 959 et
790 902 1071 973 mgritudo,
1099 914 1352 956 somnum
1379 898 1649 967 suggessit

112 1002 312 1056 defesso.
358 997 511 1052 Videt
558 995 915 1066 Augustinum
977 991 1237 1047 assistere
1292 987 1648 1044 clementissi-

113 1110 230 1149 mum
260 1092 649 1163 pontificalibus
686 1087 1032 1150 redimiculis,
1059 1096 1116 1140 et
1157 1081 1469 1155 praafulgida
1497 1082 1646 1153 virga

113 1186 347 1240 festivum.
377 1182 471 1237 ille
495 1223 510 1247 ,
559 1188 875 1235 trementem
914 1176 1109 1232 blando
1150 1174 1385 1246 alloquio
1414 1172 1648 1244 permul~

112 1293 233 1342 cens,
255 1277 402 1344 jubet
427 1290 629 1346 aegrum
655 1286 897 1343 surgere,
935 1270 1218 1341 Augustini
1246 1268 1446 1324 fontem
1474 1267 1644 1333 adire,

111 1369 261 1438 ibique
298 1366 436 1420 trina
486 1366 771 1420 iteratione
823 1362 1086 1433 psalmum
1142 1360 1665 1431 quinquagesimum

111 1475 184 1514 ore
209 1458 337 1513 fideli
372 1456 688 1522 revolvere,
740 1456 881 1509 inter
931 1452 1277 1525 psallendum
1321 1467 1449 1508 vero
1496 1461 1646 1507 terna

111 1549 386 1605 intinctione
424 1562 623 1616 corpus
661 1546 890 1612 diluere,
944 1546 1024 1601 sic
1069 1545 1247 1615 ipsum
1280 1544 1386 1598 vita
1436 1544 1637 1599 donan-

110 1641 211 1693 dum
239 1655 299 1694 ac
334 1637 617 1708 sospitate.

130 1732 216 1785 .Et
238 1748 317 1795 ne,
347 1732 546 1802 inquit,
574 1728 924 1793 dubitaveris,
948 1730 1064 1784 lucc
1093 1729 1269 1799 ipsum
1292 1728 1645 1799 Augustinum

111 1821 182 1875 tibi
207 1822 374 1877 dicere
398 1800 719 1887 noveris,ad
745 1821 899 1890 cujus
928 1820 1131 1875 fontem
1158 1820 1428 1889 dirigeris.
1452 1818 1643 1874 Mirum
1679 1800 1718 1858 Β

111 1914 248 1968 dictu!
277 1914 527 1977 Protinus
552 1915 932 1987 expergiscens
957 1914 1358 1974 semimortuus,
1389 1922 1645 1982 tanquam

109 2017 259 2070 sospes
283 2005 523 2075 exsurgit
551 2042 573 2067 ,ι
610 2004 953 2073 innitensque
979 2003 1200 2067 baculo,
1229 2004 1295 2057 ad
1324 2000 1534 2070 jussum
1566 2001 1646 2055 la-

111 2104 290 2150 vacrum
338 2097 584 2151 tetendit.
628 2097 895 2150 Putabant
924 2096 1180 2150 custodes
1210 2095 1352 2151 hunc
1390 2092 1519 2150 letbi
1568 2093 1647 2153 in,-

111 2187 267 2239 stantia
306 2187 382 2240 sic
431 2189 717 2240 oberrare.
765 2184 1060 2254 Sublegunt
1109 2185 1227 2255 ejus
1262 2185 1484 2253 vestigia
1536 2200 1644 2239 non

112 2275 384 2339 resistendo,
412 2277 506 2330 sed
544 2276 720 2345 potius
758 2290 888 2345 quo,
921 2275 1003 2329 vel
1028 2276 1097 2329 ad
1127 2276 1254 2345 quid
1299 2275 1645 2346 processerit,

109 2366 407 2433 explorando.
436 2364 685 2435 Egerio
713 2365 879 2419 fontis
920 2364 1138 2419 lavacro
1168 2365 1330 2419 tertio
1357 2364 1644 2434 mergitur,

111 2457 363 2526 iujuuctum
393 2457 663 2529 psalmum
692 2456 851 2510 tertio
877 2454 1203 2517 modulatur.
1238 2456 1324 2520 Et,
1351 2470 1383 2509 ο
1412 2454 1643 2509 celerem

111 2548 332 2607 medicum
361 2547 554 2601 suum!
586 2562 730 2613 aeger
769 2544 920 2613 quasi
952 2545 1017 2598 de
1068 2554 1242 2598 morte
1272 2543 1645 2607 resuscitatus,

112 2653 259 2712 sospes
280 2640 487 2694 domum
521 2636 848 2707 regreditur.
875 2635 1027 2703 Quod
1053 2650 1183 2705 ergo
1214 2634 1437 2689 Elisaeus
1467 2633 1647 2702 exegit

112 2730 151 2782 iu
176 2731 361 2799 leproso
382 2739 612 2800 septeno
640 2728 888 2791 lavacro,
919 2727 1249 2797 septiformis
1279 2728 1487 2782 Domini
1526 2728 1646 2798 Spi-

117 2823 224 2877 ritus
262 2832 641 2888 sacramento,
687 2822 789 2876 hoc
836 2821 1168 2893 Augustinus
1212 2821 1646 2891 compendiosius

112 2903 301 2983 explevit
332 2915 381 2970 in
413 2914 703 2985 languido;
757 2923 912 2967 terno
959 2911 1206 2967 videlicet
1255 2912 1483 2967 vivifica:
1525 2913 1645 2967 'l‘ri-

112 3006 258 3059 uitatis
300 3006 676 3077 probamento.
708 3004 825 3059 Jam
864 3000 994 3059 vero
1025 3005 1148 3073 quis
1177 3019 1447 3073 exponere
1497 3003 1645 3057 suni-

112 3092 193 3149 (.th
222 3102 400 3148 tantam
447 3104 672 3167 tamque
704 3093 1000 3163 jucundam
1044 3092 1284 3147 omnium
1328 3092 1642 3146 admiratio-

74 3232 75 3235 η
112 3197 233 3244 ueni,
262 3199 374 3238 cum
406 3148 600 3239 mane.
640 3184 817 3241 abbas
853 3194 909 3238 et
959 3186 1156 3238 fratres
1202 3200 1324 3239 cum
1374 3182 1643 3256 frequenti
1670 3148 1715 3219 δ

111 3274 265 3343 populo
289 3277 562 3333 audissent
586 3278 762 3347 ipsum
794 3277 1134 3333 sacerdotem
1161 3277 1377 3340 missas,
1406 3289 1462 3332 et
1486 3279 1644 3331 horas

115 3364 303 3432 debitas,
334 3369 537 3422 astanti
574 3369 745 3423 turbae
792 3369 1206 3432 decantantem,
1257 3366 1410 3436 cujus
1457 3383 1644 3423 omnes

113 3460 453 3525 exspectabant
483 3440 951 3514 internecionem?
975 3459 1067 3514 llle
1107 3474 1398 3533 exponens
1432 3460 1643 3530 publice

113 3557 186 3609 Per
227 3549 451 3604 ordinem
504 3550 870 3619 Augustinum
927 3567 1040 3605 suae
1103 3550 1533 3620 recuperationis
1588 3550 1641 3602 in

114 3632 283 3693 Christo
324 3639 487 3696 fuisse
542 3642 815 3695 auctorem
842 3682 861 3708 ,η
909 3656 1101 3697 omnes
1146 3642 1202 3696 in
1248 3641 1506 3710 majorem
1551 3641 1644 3696 Dei

113 3729 269 3785 Excitat
298 3730 531 3797 laudem,
559 3733 841 3803 sanctique
886 3734 968 3788 sui
1000 3735 1423 3790 venerationem.

178 3818 284 3875 Post
325 3824 707 3892 perlustratam
754 3816 877 3880 cum
928 3827 1140 3881 crebris
1187 3828 1519 3895 virtutibus,
1577 3844 1643 3883 ex

113 3926 266 3982 magna
280 3927 431 3993 [parte
447 3919 790 3973 Britanniam
813 3958 830 3985 ,
863 3934 1106 3991 regresso
1126 3921 1427 3992 Augustino
1455 3926 1521 3978 ad
1553 3940 1647 3994 pe-

114 4010 702 4071 renncnrhabitationem
738 4026 894 4071 suam
959 4012 1380 4082 Dorobcrniam,
1410 4018 1647 4087 undique

113 4101 365 4159 occurritur
392 4118 421 4157 a
467 4102 771 4160 domestico
801 4103 1023 4174 populo,
1058 4115 1313 4177 tauquam
1358 4123 1468 4165 sua:
1496 4110 1644 4179 pacis

114 4190 288 4275 angelo,
314 4204 364 4275 et
409 4206 667 4273 tanquam
709 4200 808 4254 soli
847 4200 913 4254 ad
956 4212 1136 4255 ortum
1186 4218 1347 4258 suum
1396 4205 1640 4269 reducto,

114 4274 181 4329 ubi
227 4283 541 4355 recolligitur
587 4303 615 4341 a
662 4289 870 4347 cunctis
911 4290 1219 4360 triumphali
1265 4292 1455 4361 jubilo.
1497 4294 1647 4348 'lunc

114 4370 361 4439 conﬂuente
384 4380 541 4433 turba
570 4379 825 4437 debilium
854 4383 920 4435 ad
960 4391 1068 4436 tam
1099 4382 1290 4437 salutis
1314 4384 1642 4454 prodigium,
1680 4408 1683 4411 ι

115 4454 350 4559 intervenit
366 4467 586 4537 juvenis
610 4471 893 4539 tripliciter
918 4473 1279 4539 miserandus,
1295 4474 1486 4544 triplici
1505 4491 1643 4529 nexu
1676 4499 1723 4559 ο

113 4547 387 4612 calamitatis
417 4560 735 4626 obstrictus.
751 4561 995 4618 lncurvis
1021 4563 1262 4634 vestigiis
1276 4565 1503 4636 genibus
1519 4582 1644 4636 gra-

114 4638 431 4723 diebaturpro
455 4653 703 4722 pedibus,
739 4655 1124 4725 Obstructoque
1162 4671 1257 4710 ore
1278 4696 1293 4721 ,
1325 4666 1380 4711 et
1418 4658 1642 4712 auribus

115 4740 191 4784 nec
220 4733 370 4806 loqui,
399 4757 502 4798 nec
529 4742 719 4797 audire
746 4743 1031 4814 loquentes
1064 4755 1295 4816 poterat,
1322 4748 1516 4802 surdus
1536 4788 1551 4813 ,
1588 4758 1644 4803 et

116 4831 273 4881 mutus.
298 4830 391 4886 Dat
433 4835 698 4905 gemitum
724 4850 822 4905 pro
869 4837 1140 4907 precibus.
1172 4836 1353 4907 Signis
1379 4840 1641 4910 depreca-

118 4915 180 4989 ίυῐ
201 4928 223 4987 ς,
246 4916 399 4987 signis
428 4922 819 4999 interrogatur,
865 4926 1033 4996 signis
1079 4930 1321 4997 poscenti
1355 4930 1644 5000 responde-

118 5007 197 5057 tur.
217 5007 364 5066 Audit
380 5014 716 5087 Augustinus
737 5032 845 5071 non
866 5017 1191 5087 loquentem,
1218 5020 1511 5091 alloquitur
1530 5037 1639 5076 non

117 5094 394 5169 audientem,
426 5106 613 5178 dirigit
642 5123 747 5161 non
799 5109 1189 5166 ambulantem.
1240 5112 1362 5177 Sic,
1396 5115 1639 5185 inquam,

120 5188 389 5253 triformiter
412 5202 695 5267 miserum,
740 5203 792 5257 in
824 5204 982 5259 trinae
1011 5204 1249 5261 Deitatis.
1270 5209 1509 5274 nomine,
1548 5210 1640 5265 tri-

116 5275 214 5340 plici
240 5286 395 5365 donat
425 5293 621 5361 salute.

144 5366 455 5467 .llelormatis
480 5384 1539 5463 gressibus,erexitclaudnm,loquacem
1566 5393 1640 5448 fe-

119 5467 567 5558 cttmutum,surdo
598 5476 1162 5537 infuditanditum.De
1199 5485 1425 5539 trimoda
1451 5500 1639 5554 angus.

122 5553 196 5647 ξίθι
214 5558 425 5647 ll‘imoda
440 5579 637 5640 curato
657 5570 897 5631 nascitur
932 5572 1133 5647 laetitia.
1159 5573 1339 5629 Currit
1361 5553 1636 5643 inoﬁense,

121 5635 318 5732 loquitur
328 5652 497 5723 plane,
512 5660 660 5715 audit
672 5661 752 5715 cla
762 5676 845 5726 re;
867 5664 963 5717 sed
980 5644 1131 5719 mens
1147 5664 1377 5737 botninis
1395 5676 1636 5735 ventusa,

121 5738 362 5811 “timemur
384 5745 619 5827 pristinae
651 5750 893 5827 miseriae
919 5761 971 5807 et
995 5754 1281 5841 impatiens
1308 5756 1491 5813 salutis
1522 5759 1640 5814 real-

1090 318 1262 390 trra?
1283 331 1342 388 s.
1383 292 1755 387 AUCUSTmt
1780 326 2003 385 ‘ANGL.
2022 380 2025 383 ,
2041 326 2291 392 ,APOST.

1752 439 1898 502 dine,
1925 438 2059 491 adeo
2091 438 2143 492 in
2172 453 2387 493 omnem
2414 436 2634 494 deﬂuxit
2657 438 2951 496 vanitatem
2979 448 3175 503 utsua-
3196 458 3324 513 gare.

1756 517 1990 595 utilitate,
2019 540 2073 584 et
2121 530 2519 599 inquietudine,
2543 532 2686 589 inter
2725 549 2879 591 sacra
2918 534 3081 591 etiam
3112 534 3330 599 ofﬁcia,

1751 622 2035 678 ecclesiam
2067 623 2312 676 turbaret
2350 630 2405 677 et
2440 622 2670 691 plebem.
2700 622 3106 681 Murmurabant
3129 641 3329 683 omnes

1751 714 1892 785 quod
1915 712 2274 784 perniciosior
2304 713 2405 768 sibi
2434 725 2579 771 esset
2607 718 2840 785 sospitas
2878 732 3134 774 concessa
3158 734 3322 789 quam

1750 806 1900 875 prior
1945 820 2128 875 paena.
2158 803 2297 859 Hinc
2329 806 2644 881 indignante
2671 822 2767 876 per
2788 807 3155 879 Augustinum
3204 824 3345 867 eor-,7

1751 896 1983 965 reptriee
2013 895 2221 951 Domini
2249 897 2564 962 clementia,
2578 899 2741 968 pedes
2762 898 3047 964 saltatorii,
3065 910 3120 955 et
3146 900 3327 972 lingua

1749 1004 1985 1059 procax,
2016 997 2072 1045 et
2105 1003 2266 1047 aures
2296 989 2641 1045 scurrilitatis
2679 977 2869 1047 amica:
2911 991 3184 1060 prioribus
3211 995 3345 1050 vin-t

1749 1081 1884 1147 culis
1934 1080 2138 1137 arctius
2198 1080 2538 1155 alligantur,
2586 1082 2763 1139 donec
2815 1081 3027 1151 placato
3099 1083 3351 1141 Domino'

1746 1173 2137 1241 satisfactione,
2170 1188 2266 1244 per
2291 1174 2649 1249 Augustinum
2681 1174 3074 1231 relaxarentur.
3113 1175 3205 1232 Sic
3230 1177 3351 1234 illst.

1748 1263 1927 1319 denuo
1977 1264 2208 1318 trilormi
2262 1264 2503 1321 redditus
2557 1266 2802 1335 corporis
2850 1267 3092 1333 sanitati,
3135 1267 3349 1337 majori.

1748 1355 1911 1421 etiam
1956 1355 2189 1410 donatur
2218 1363 2448 1411 sensata:
2486 1356 2682 1411 meritis
2709 1356 3112 1412 incolumitate.

1784 1496 1789 1499 ς
1820 1444 1997 1500 Vitam
2018 1456 2073 1501 et
2101 1445 2408 1513 passionem
2433 1446 2655 1516 pretiosi
2680 1446 2949 1518 pontificis
2985 1452 3353 1530 et‘martyris'

1749 1536 1956 1600 Livini,
2008 1536 2243 1607 legimus
2278 1552 2308 1591 a
2352 1538 2555 1594 sanctis
2599 1540 2893 1599 comitibus
2920 1541 3036 1597 suis
3077 1540 3355 1610 Foliano,.~

1748 1629 1957 1693 Elia,et
1980 1628 2208 1699 Kyliano
2237 1627 2549 1693 ﬁdelissime
2573 1644 2672 1684 suo
2701 1630 2954 1701 scriptori
2982 1633 3284 1703 expositam
3308 1649 3325 1700 ;

1752 1721 1817 1776 de
1868 1736 1972 1790 qua
2019 1735 2195 1789 pauca
2245 1720 2334 1786 hic
2383 1720 2701 1788 inserimus,
2738 1722 2805 1778 ad
2855 1724 2999 1779 beati
3038 1724 3357 1796 Augustini.

1749 1812 2072 1882 pertinentia
2098 1813 2349 1883 gloriam.
2374 1812 2847 1873 Commemoratur
2872 1816 2945 1871 ibi
2966 1817 3328 1888 Augustinum

1747 1905 1998 1969 omnibus
2029 1904 2427 1975 profectuosnm
2479 1904 2575 1978 υἱ,
2606 1906 3028 1980 profectumm],
3066 1909 3134 1964 ad
3178 1910 3326 1980 pium

1749 2010 1928 2065 regem
1977 1986 2175 2051 Scotia:
2204 1996 2597 2055 Colomannum
2632 1997 2875 2063 venisse;
2916 1997 3168 2054 Livinum
3199 2015 3323 2069 pue-

1749 2102 1868 2143 rum
1897 2086 1968 2140 ibi
2005 2102 2127 2141 cum
2150 2097 2342 2143 sancto
2373 2086 2677 2149 Menalchio
2704 2090 3123 2159 arcbipontifice
3153 2092 3329 2162 bapti-
3354 2138 3357 2141 ,

1749 2192 1930 2245 zasse;
1966 2194 2167 2250 regem,
2195 2189 2250 2235 et
2281 2181 2521 2249 reginam
2564 2183 2709 2238 inter
2748 2184 3129 2254 baptizandum
3182 2187 3327 2241 hunc

1746 2271 2090 2339 suscepisse,
2141 2272 2390 2327 dextram
2446 2288 2671 2337 auream
2712 2274 2831 2329 fuso
2878 2275 3328 2348 desuperjubare

1748 2374 2086 2427 coruscassc,
2117 2368 2172 2415 et
2229 2363 2562 2433 baptizatum
2599 2365 2780 2425 divina
2812 2381 3021 2433 :cruce,
3054 2384 3195 2431 Lcum
3225 2368 3329 2424 bac

1748 2468 1879 2508 voce
1929 2464 2012 2510 ter
2058 2455 2406 2527 consiguasse
2445 2473 2460 2511 :
2501 2457 2732 2517 Dilectus
2765 2458 2873 2513 Deo
2912 2468 2961 2514 ct
3007 2461 3353 2525 hominibus,

1747 2547 1898 2616 cujus
1946 2549 2199 2602 memoria
2243 2550 2299 2602 in
2347 2549 2696 2613 benedictione
2741 2560 2815 2604 est
2870 2550 3063 2621 (Eccli.
3089 2567 3212 2617 XLV,
3247 2553 3324 2623 l).

1749 2637 1903 2694 Hunc
1932 2656 2054 2695 cum
2086 2641 2442 2708 adolesceret,
2491 2653 2547 2698 et
2589 2642 2878 2698 mundialis
2918 2645 3103 2715 gloria:
3154 2660 3356 2701 nexus,

1747 2733 2072 2805 abrumpere
2094 2745 2369 2801 azstuaret,
2394 2736 2614 2807 angelus
2643 2736 2854 2792 Domini
2879 2736 3055 2808 palam
3085 2737 3327 2793 salutans

1748 2845 1814 2885 cx
1851 2830 2087 2895 nomine,
2122 2830 2451 2900 dicensque:
2482 2848 2500 2881 ‹
2530 2830 2668 2896 Ave,
2692 2830 2860 2886 frater
2891 2831 3107 2899 Liviae;
3144 2851 3163 2884 ι
3199 2833 3330 2889 hor-

1749 2928 1896 2974 tatur
1926 2927 1981 2974 ut
2009 2920 2079 2975 ab
2110 2920 2315 2991 Anglia:
2363 2921 2608 2999 antistite
2653 2922 2955 2993 Augustino
3004 2924 3328 2993 praesidente

1749 3010 2112 3074 DOI‘ODBI’DitI},
2155 3011 2320 3066 totius
2362 3011 2670 3068 sanctitatis
2709 3014 3030 3068 documenta
3079 3022 3326 3084 pergeret

1746 3104 2010 3173 accipere.
2050 3102 2217 3170 Quem
2249 3103 2595 3158 festinantem
2630 3104 2697 3158 ad
2731 3118 2900 3169 mare,
2931 3104 3151 3176 angelus
3176 3106 3325 3161 exci-

1747 3195 1901 3264 piens
1929 3195 2277 3250 serenissima
2298 3196 2703 3265 pulchritudine
2718 3211 2781 3252 ac
2808 3196 3054 3252 melliflua
3073 3198 3327 3253 ciborta-

1747 3289 1917 3353 tione,
1945 3303 2067 3341 cum
2098 3288 2509 3357 praenominatis
2542 3288 2714 3343 tribus
2744 3288 2910 3344 sociis
2939 3289 3329 3359 duxit,praece-

1746 3378 1922 3432 dendo
1946 3393 2040 3447 per
2062 3377 2250 3451 longos
2278 3387 2480 3434 tractus
2510 3379 2707 3449 pelagi.
2735 3378 2888 3433 Ibant
2914 3388 3060 3433 tanta
3088 3380 3328 3435 oblecta-

1748 3471 1894 3525 tione
1928 3480 1987 3524 ut
2016 3479 2268 3541 putarent
2316 3484 2375 3524 se
2428 3485 2534 3524 non
2566 3471 2735 3534 freta,‘
2772 3472 2883 3525 sed
2905 3471 3228 3526 solidissima
3261 3487 3324 3524 ac

1746 3560 2126 3616 ﬂorentissima
2179 3569 2331 3630 prata
2363 3560 2599 3615 calcare.
2627 3561 2951 3615 Gaudebant
2980 3578 3038 3617 se
3083 3562 3237 3631 quasi
3270 3562 3325 3615 in

1748 3663 1931 3708 monte
1957 3653 2325 3724 translignrati
2365 3653 2574 3708 Domini
2604 3653 3040 3723 splendidissimo
3065 3654 3327 3709 deambu-

1746 3744 1895 3809 lare,
1941 3744 2027 3799 ubi
2067 3744 2261 3799 Petrus
2316 3761 2439 3800 cum
2496 3744 2773 3815 discipulis
2830 3746 3054 3813 optabat
3107 3761 3327 3800 manere

1747 3835 1966 3903 (Matth.
2001 3851 2133 3901 xvu,
2161 3833 2239 3904 4).
2280 3834 2393 3890 llac
2416 3849 2609 3905 nempe
2637 3835 2825 3890 florida
2866 3844 2918 3889 et
2965 3851 3175 3891 alumna
3206 3851 3324 3890 sua-

1747 3928 1935 3991 vitate,
1979 3927 2315 4005 docebantur
2338 3927 2487 3981 illnm
2517 3928 2795 3983 doctorem
2823 3937 3099 3997 appetere,
3133 3930 3201 3983 de
3227 3943 3326 3983 cu-

1742 4020 1831 4090 jus
1883 4019 2047 4074 corde
2102 4028 2156 4072 et
2184 4016 2280 4074 ore
2322 4020 2602 4076 haurirent
2648 4031 2837 4076 nectar
2886 4021 3195 4076 dilectionis
3234 4037 3326 4090 pa-

1749 4118 2013 4173 ternae,et
2042 4108 2147 4163 mel
2179 4109 2477 4164 dulcedinis
2500 4119 2754 4177 aeternae;
2786 4111 2852 4165 de
2881 4112 3037 4180 cujus
3063 4111 3327 4167 nardiﬂuo
3364 4136 3371 4141 ι

1748 4200 1905 4255 ltorto
1930 4210 2219 4270 carperent
2262 4210 2507 4255 aromata
2539 4202 2695 4267 vitm;
2726 4218 2834 4271 quo
2878 4203 3015 4256 duce
3044 4212 3327 4259 currerent

1748 4307 1843 4362 per
1872 4293 2053 4346 omnia
2098 4291 2288 4346 flereta
2323 4293 2563 4348 cmlestis
2608 4293 2979 4362 pbilosopbim.
3011 4301 3066 4346 et
3117 4294 3326 4347 uberri-

1750 4399 1866 4438 mos
1891 4398 2115 4452 campus
2141 4382 2395 4437 theoricze
2419 4383 2694 4436 doctrinm.
2730 4382 3011 4437 Perductis
3054 4381 3166 4450 jam
3198 4397 3321 4438 san.

1749 4472 1852 4527 etis
1879 4472 1953 4526 ad
1994 4471 2184 4527 Cantia
2222 4470 2475 4544 [Cantiaa]
2514 4472 2727 4537 littora,
2764 4471 2869 4526 dux
2923 4472 3146 4544 angelus
3198 4488 3322 4528 cum

1748 4563 1869 4616 luce
1915 4562 2218 4633 Splendida,
2264 4578 2373 4633 quo
2418 4572 2716 4632 sequantur
2759 4563 3027 4630 comites,
3084 4563 3222 4619 redit
3257 4563 3327 4618 ad

1745 4656 1969 4709 :ethera.
2004 4654 2096 4710 Sic
2135 4655 2325 4710 beatus
2357 4655 2577 4710 Livinus
2625 4655 2873 4727 pervenit
2931 4658 2998 4712 ad
3047 4657 3345 4712 desiderat

1748 4747 2016 4802 tissimum
2055 4748 2453 4818 Augustinum;
2489 4749 2629 4819 apud
2659 4765 2818 4820 quem
2844 4750 2952 4823 67
2992 4752 3063 4806 ita
3096 4750 3325 4821 profecit

1745 4852 1841 4907 per
1880 4837 2308 4908 quinquennium
2355 4849 2415 4893 ut
2459 4840 2590 4894 tanti
2645 4841 2818 4910 patris
2870 4841 3064 4896 filiolus
3102 4842 3170 4897 ab
3206 4844 3329 4912 ipso
3358 4864 3377 4885 π

1744 4930 1975 4986 donatus
1999 4930 2428 4986 sacerdotalibus
2459 4932 2804 4997 indumentis,
2838 4936 3137 5004 susciperet
3167 4934 3321 5005 (ado-

1746 5022 1984 5079 lescente
2027 5024 2246 5094 quidem
2289 5040 2426 5093 aevo,
2452 5026 2546 5081 sed
2578 5028 2759 5081 animo
2802 5028 3112 5095 grandaeva)
3144 5040 3324 5080 sacer-

1746 5112 1984 5181 d0tium,
2017 5115 2204 5184 sicque
2256 5115 2322 5171 de
2368 5115 2630 5186 discipulo
2682 5106 2939 5187 magister
2980 5115 3157 5185 gentis
3213 5128 3326 5168 sum

1746 5217 2176 5278 consequeretur
2192 5224 2461 5263 summum
2488 5208 2821 5279 pontilicium
2852 5218 2907 5263 et
2930 5208 3170 5278 martyrii
3199 5208 3323 5262 braa

1742 5313 1910 5352 vrum.

1814 5386 2071 5457 Sequitur
2098 5388 2373 5443 attestalio
2389 5386 2667 5457 cujusdam
2694 5388 2985 5450 veternosi,
3012 5387 3102 5453 qui
3127 5387 3318 5443 hacte-

1744 5493 1846 5532 nus
1872 5480 2074 5534 durans
2100 5480 2296 5535 asserit
2322 5497 2483 5535 avum
2514 5496 2668 5535 suum
2720 5481 2935 5534 beatum
2961 5480 3321 5549 Augustinum
3379 5486 3382 5497 '

1743 5569 1962 5634 vidisse,
1995 5580 2050 5624 et
2073 5572 2245 5642 ipsum
2280 5588 2437 5628 avum
2470 5575 2537 5628 de
2563 5572 2772 5634 lubrico
2801 5587 2864 5626 ac
2902 5570 3316 5635 nebulosissimu
3380 5602 3389 5611 ο

1746 5664 2456 5721 (hi-istianummodestum
2501 5666 2569 5721 ab
2618 5660 2736 5733 ejus
2773 5660 3089 5735 baptisterio
3136 5680 3333 5720 surre—A

1746 5759 1921 5820 xisse;
1981 5759 2155 5833 ipsum
2206 5772 2332 5809 vero
2382 5766 2654 5823 sanctum,
2710 5756 3145 5825 innumerabilia,
3200 5755 3314 5827 jugi
3374 5774 3377 5779 ί
