3852 6308
6 5696 15 5835 ἐ

493 317 601 373 765
1472 310 1561 364 AD
1600 307 1829 366 OPEllA
1866 308 1926 363 Β.
1968 306 2360 363 LANFRANCI
2400 307 2762 364 APPENDIX.
3641 319 3720 376 τα

494 430 650 489 turba
679 426 931 491 vallente,
962 424 1116 495 signa
1144 431 1418 493 'patrasse.
1457 420 1741 476 Referebat
1778 420 1921 475 idem
1955 435 2068 475 mo-
2096 427 2145 486 Α
2169 422 2419 477 omnibus
2472 435 2746 492 perpetua:
2801 420 3107 477 dilectionis
3169 423 3429 493 pignera,
3490 440 3725 495 prasente

490 520 693 576 demus
725 528 1018 589 superstes,
1060 517 1130 571 ab
1174 532 1274 570 avo
1319 524 1373 569 et
1416 523 1568 584 patre
1615 513 1841 568 relatam
1896 511 2069 568 sancti

491 613 739 677 formam,
773 626 1061 682 personam
1104 609 1410 679 patriciam,
1459 615 1723 661 staturam
1763 620 2068 674 procerum,

497 706 781 775 ipsumque
820 704 977 759 nudis
1028 700 1253 770 pedibus
1293 700 1524 769 patriam
1563 698 1863 758 lustraudo.
1903 696 2072 752 callos

491 798 545 853 iu
572 798 768 869 plantis
787 795 1098 851 attraxisse.
1124 793 1441 847 Alﬁrmaba’t
1465 793 1608 845 enim
1632 791 1882 845 eumdem
1910 805 2068 843 avum

490 904 559 945 ex
602 889 975 944 benedictione
1019 887 1372 958 baptizatoris
1418 884 1727 956 Augustini,
1780 882 2069 953 plurimmn

491 978 630 1034 ultra
659 989 874 1034 centmn
905 992 1078 1032 annos
1104 977 1307 1032 vixisse
1341 976 1510 1047 (107),
1550 976 1831 1046 ipsamque
1870 975 2071 1046 longae-

490 1069 680 1124 vitatis
704 1068 1137 1124 benedictionem
1165 1068 1218 1122 in
1242 1077 1459 1138 ipatrem
1499 1082 1654 1120 suum
1699 1066 2075 1134 descendisse,

491 1161 547 1216 in
581 1176 639 1217 se
673 1162 838 1216 etiam
873 1160 1218 1216 centenarias
1245 1160 1653 1231 progenitorum
1697 1172 1868 1213 annos
1915 1158 2073 1229 longe

492 1253 821 1309 excrevisse.

562 1342 680 1399 Jam
711 1344 929 1399 aiternis
955 1343 1233 1399 amoribus
1271 1351 1416 1398 totus
1445 1341 1686 1406 saucius,
1720 1340 2069 1414 Augustinus,

485 1439 600 1508 jam
630 1454 659 1493 a
688 1439 919 1493 terrenis
946 1437 1264 1493 tumultibus
1293 1437 1347 1491 in
1374 1436 1616 1506 requiem
1645 1434 1855 1489 Domini
1884 1433 2073 1489 absor-

487 1538 635 1603 ptus,
675 1530 781 1584 vim
823 1529 1055 1585 faciebat
1094 1529 1245 1584 ccelo‘
1274 1528 1482 1583 crebris
1520 1543 1764 1597 precum,
1812 1527 2073 1595 suSpirio—

491 1640 636 1687 rum,
681 1633 734 1679 et
780 1624 1142 1695 lacrymarum
1184 1622 1450 1693 pulsibus.
1492 1617 2072 1690 Tandem'intelligens

490 1728 557 1769 ex
586 1714 820 1785 Spiritus
852 1713 1023 1769 sancti
1052 1726 1311 1783 responso
1336 1727 1493 1767 suum
1520 1710 1832 1766 exauditam
1862 1711 2077 1766 deside-

2175 513 2291 583 ipso
2332 528 2457 584 rege
2492 528 2613 568 cum
2662 514 2918 583 pontifice
2965 514 3279 580 Laurentio,
3330 517 3478 571 luter
3517 520 3723 574 omnium

2174 607 2471 677 lacrymosa
2515 607 2787 673 examina,
2830 608 3064 661 vallante
3104 623 3223 662 cum
3268 609 3547 664 lenissima
3588 612 3722 667 carie-

2173 699 2335 752 stium
2371 699 2592 762 chorea,
2634 698 2848 752 transiit
2889 698 2954 753 ad
2992 708 3193 753 ceterna
3232 700 3441 756 Christi
3481 702 3725 758 solemnia.

2174 787 2320 858 Quos
2342 789 2506 843 iufuni
2538 788 2850 844 laudatores
2886 803 3302 859 prosequamur,
3336 807 3447 844 non
3488 807 3552 847 ex
3579 809 3728 863 aquae

2175 883 2316 940 libus
2352 884 2680 954 planctibus,
2726 883 2822 937 sed
2855 883 2940 939 his
2984 883 3453 952 triumphantibus
3494 885 3725 941 cantibus.

2174 976 2407 1049 Reguas,
2436 974 2749 1046 Augustine,
2785 974 3048 1044 Augustis
3075 973 3501 1039 smcli‘nomine,
3520 987 3571 1028 et
3590 975 3730 1043 digni-

2176 1077 2287 1125 tate
2313 1068 2622 1133 sublimior;
2656 1067 2745 1138 qui
2778 1066 2974 1120 auxisti
3006 1081 3121 1119 rem
3153 1065 3365 1120 Christi
3396 1067 3729 1136 publicam,et

2174 1162 2430 1217 Romana:
2455 1160 2707 1215 Ecclesim
2729 1159 2972 1231 adiecisti
2996 1158 3364 1223 Britanniam,
3389 1159 3577 1214 melius
3594 1176 3726 1229 quam

2174 1252 2358 1307 Caesar
2390 1254 2663 1321 Augustus
2705 1250 2965 1305 Remauis
3001 1249 3197 1318 opibus
3236 1247 3638 1303 Alexandriam.
3671 1250 3729 1303 Te

2175 1361 2352 1418 reges,
2382 1354 2437 1401 et
2476 1344 2773 1416 principes,
2808 1353 2861 1398 et
2888 1355 3109 1397 senatus
3148 1342 3477 1414 Anglorum,
3519 1352 3571 1397 et
3605 1344 3728 1397 turba

2175 1436 2414 1507 gentium
2441 1437 2772 1491 comitantur
2800 1436 2853 1490 in
2885 1434 3103 1490 coelum.
3128 1432 3205 1490 Te
3240 1434 3429 1503 angeli
3460 1443 3514 1489 et
3540 1435 3726 1489 ιιι-ρδθυο

2175 1527 2298 1599 geli,
2341 1526 2518 1581 throni
2560 1534 2616 1580 et
2655 1525 3056 1580 dominationes
3092 1522 3405 1594 excipiunt,
3451 1533 3503 1578 te
3545 1534 3728 1579 coronat

2178 1618 2289 1673 Rex
2322 1632 2533 1688 regum.

2245 1710 2302 1765 In
2345 1709 2678 1765 monasterio
2715 1723 2845 1763 vero
2867 1708 3010 1778 quod
3039 1707 3306 1772 condidit,
3343 1723 3374 1760 a
3408 1716 3589 1762 sancto
3614 1705 3722 1760 Lan-

491 1807 653 1870 rium,
688 1806 1109 1861 sacratissimum
1140 1804 1511 1866 Laurentium,
1548 1802 1861 1873 apostolicis
1895 1803 2073 1857 virtu-
2108 1785 2152 1844 Β
2183 1802 2378 1867 rentio,
2425 1801 2544 1872 ipso
2592 1816 2718 1871 rege
2769 1800 3077 1863 Edelberto,
3127 1809 3183 1854 et
3228 1798 3415 1872 patria
3469 1798 3729 1853 confluente

494 1897 637 1953 tibus
660 1897 976 1968 praclarum
996 1904 1053 1951 et
1074 1896 1217 1951 inter
1236 1904 1455 1951 sanctos
1474 1895 1701 1950 comites
1720 1895 2070 1965 prmcipuum,

490 2000 617 2055 rege
656 2001 778 2041 cum
823 1984 1036 2041 confluo
1082 1985 1278 2055 populo
1317 1985 1372 2038 in
1420 1985 1745 2039 immensum
1786 1995 2073 2055 congratu-

443 2088 446 2091 ‘
488 2077 659 2144 laute,
688 2079 903 2133 ordinat
924 2092 1045 2133 cum
1069 2077 1215 2132 omni
1238 2077 1467 2132 solemni
1506 2077 1703 2148 gaudio
1724 2075 1825 2131 sibi
1857 2091 2073 2131 succes-

494 2185 698 2238 sorem,
748 2181 807 2226 ut
854 2172 1123 2242 quondam
1170 2170 1541 2241 apostolorum
1585 2170 1839 2241 princeps
1877 2167 2073 2224 Petrus

490 2266 844 2331 Clementem,
880 2267 1135 2323 videlicet
1173 2267 1243 2322 ob
1278 2267 1503 2322 novellae
1547 2265 1946 2321 informationis
1978 2281 2074 2322 nc-

492 2358 829 2414 cessitatem.
876 2359 1051 2413 Antea
1100 2367 1280 2414 autem
1331 2357 1587 2413 Mellitum
1652 2366 2072 2416 consecraverat

490 2449 789 2507 Lundoniae
821 2451 1151 2521 episcopum,
1191 2449 1511 2521 Iustumque
1556 2451 1673 2506 Roli
1718 2452 1840 2524 [al.,
1883 2449 2072 2522 [tollite]

494 2542 595 2597 sibi
634 2542 1072 2613 sulfraganeum;
1105 2559 1333 2612 quorum
1372 2543 1605 2598 Mellitus
1644 2545 1856 2609 tertius,
1890 2544 2077 2599 Justus

494 2633 1080 2704 in-archipraesulatum
1111 2633 1213 2688 sibi
1247 2635 1510 2689 successit
1536 2642 1766 2703 quartus

560 2725 689 2781 Jam
712 2741 840 2781 vero
875 2728 1165 2781 exbortato
1200 2740 1346 2796 rege,
1387 2714 1449 2781 et
1476 2726 1839 2790 Ecclesia,ac
1880 2724 2076 2794 populo

492 2824 549 2869 ut
573 2827 982 2887 perseverarent
1010 2818 1060 2871 in
1088 2816 1210 2880 fide,
1233 2824 1287 2870 et
1306 2830 1490 2871 amore
1511 2814 1733 2880 Christi,
1763 2815 2080 2885 relinquens

2180 1893 2459 1959 dedicato,
2516 1893 2830 1948 reconditur
2883 1893 3346 1962 pretiosissimum
3408 1908 3594 1962 corpus
3638 1893 3726 1961 ejus

2182 1984 2376 2040 festivo
2422 1998 2543 2039 cum
2592 1982 2794 2054 jubilo,
2857 1983 2948 2038 ubi
2997 1982 3226 2039 Romani
3280 1991 3454 2052 atque
3508 1982 3591 2036 alii
3633 1997 3727 2035 suc-

2183 2088 2429 2130 cessores
2459 2073 2564 2140 sui,
2596 2072 2737 2129 sicut
2774 2087 2881 2127 uno
2926 2072 3129 2137 animo,
3178 2074 3254 2128 ita
3298 2088 3416 2127 uno
3450 2071 3727 2142 colliguntur

2183 2166 2439 2220 thalamo.
2704 2176 2705 2181 ‘

2250 2256 2422 2323 Quam
2472 2255 2699 2326 pulchre
2749 2270 2880 2311 vero
2935 2255 3312 2312 Ecclesiarum
3359 2270 3555 2327 parens
3596 2254 3724 2308 Roma

2183 2358 2330 2404 tanta
2365 2350 2590 2420 pignora
2635 2349 2831 2414 edidit,
2873 2364 2992 2419 qua:
3041 2351 3205 2405 totius
3235 2348 3540 2403 Britannici
3572 2346 3727 2403 Oceani

2182 2441 2373 2496 Patres
2399 2450 2454 2495 et
2484 2439 2825 2495 institutores
2850 2440 3126 2495 emineant
3152 2443 3164 2495 !
3195 2439 3420 2507 Quanto
3448 2440 3601 2494 odore
3631 2453 3723 2491 sua-

2183 2532 2368 2587 vitatis
2394 2542 2451 2586 et
2478 2531 2763 2601 splendore
2793 2530 2977 2600 gloria:
3002 2532 3164 2585 unius
3194 2546 3376 2594 amor,
3405 2540 3462 2584 et
3492 2545 3633 2583 unum
3654 2542 3724 2581 cu-

2182 2625 2417 2680 biculum
2455 2624 2619 2680 simul
2654 2625 2926 2689 confovet,
2964 2630 3018 2678 et
3045 2622 3339 2693 astringit!
3386 2622 3493 2690 Qui
3515 2623 3556 2677 si
3579 2619 3724 2675 distin-

2183 2727 2497 2789 guerentur‘
2536 2730 2633 2786 per
2682 2716 2928 2771 diversas
2986 2713 3176 2768 mundi
3233 2716 3522 2777 nationes,
3573 2709 3722 2785 singuli

2182 2808 2395 2880 patroni
2417 2807 2644 2878 singulis
2664 2805 2878 2877 pepulis
2898 2805 3155 2861 solariter
3174 2806 3558 2876 przelucerent.

1399 2925 1627 2997 Explicit
1667 2925 1787 2978 Vita
1817 2935 1982 2980 sancti
2015 2922 2291 2994 Augustini
2318 2902 2605 2991 Anglorum
2635 2916 2879 2989 apostoli.

569 3034 680 3109 (9|)
719 3020 996 3093 Auctorem
1045 3039 1235 3094 vixisse
1278 3020 1416 3095 circa
1466 3057 1592 3094 ann.
1644 3038 1780 3093 1000
1821 3054 1885 3092 ea:
1926 3038 2006 3092 his
2045 3036 2219 3106 colligi
2247 3043 2437 3106 potest.

1044 3290 1451 3379 VARI/E
1528 3287 2198 3381 LECTIONES
2265 3290 2415 3378 ET
2472 3286 3218 3380 ADDITIONES

1040 3468 1041 3471 η
1571 3443 1681 3502 AD
1734 3439 2194 3501 CHRONICON
2252 3439 2652 3501 BECCENSE

542 3592 782 3677 ,(Edidit
836 3602 1074 3675 Martcuc
1127 3603 1375 3674 Ampliss.
1414 3602 1630 3679 βοιιεει.
1674 3613 1805 3661 tom.
1834 3603 1920 3672 Vl,
1952 3604 2056 3659 col.
2074 3602 2321 3743 {13,55ch
2368 3618 2471 3659 ms.
2502 3602 2843 3659 bibliothecae
2872 3603 3232 3661 serenissimae
3260 3606 3467 3678 regina
3499 3605 3666 3663 Soeris:

1984 3693 2038 3729 η.
2106 3692 2138 3730 ο
2217 3713 2231 3726 .

1984 3693 2038 3729 ιι.
2074 3692 2231 3730 ιουο.

1980 3814 2216 3831 ——

2223 3817 2257 3833 υ

561 3892 674 3948 Cat.
703 3893 827 3961 65.3,
855 3893 950 3948 lin.
992 3895 1090 3948 ult.
1147 3893 1243 3949 Cui
1300 3894 1565 3949 successit
1610 3895 1877 3965 Rogerius
1926 3896 2140 3964 filius-ﬁ
2171 3906 2228 3953 et
2267 3904 2395 3951 ante
2419 3895 2591 3951 altare
2617 3895 2789 3951 beatae
2828 3897 2922 3953 Dei
2952 3897 3235 3968 genitricis
3266 3898 3459 3955 Mariae
3492 3900 3541 3954 in
3569 3898 3711 3953 eadem

489 4001 627 4055 ejus.
675 3984 946 4052 Ms.cod.,
979 3987 1064 4041 cui
1118 3987 1378 4042 successit
1424 3986 1685 4056 Regerius
1734 3987 1904 4042 frater
1937 3987 2072 4057 ejus.

491 4076 730 4133 Roberto
762 4078 828 4132 de
852 4076 1104 4149 Tougeyo
1130 4078 1312 4148 priore
1335 4077 1629 4133 claustrali.
1661 4077 1764 4133 .lls.
1791 4080 1932 4147 cod.,
1968 4080 2076 4132 Ro-

489 4168 643 4223 berto
697 4168 763 4223 de
818 4168 1120 4240 Torigueyo
1167 4185 1221 4239 p.
1274 4183 1323 4223 c.
1383 4167 1672 4224 Beccensis
1730 4170 2073 4224 monasterii.

488 4261 689 4318 Eodem
733 4276 922 4317 mense
950 4262 1057 4318 dux
1110 4261 1374 4317 Henricus
1421 4260 1636 4316 rediens
1697 4262 1763 4317 de
1784 4262 2097 4332 Aquitania

488 4349 814 4421 Rothomagi
871 4351 924 4406 in
968 4352 1053 4407 die
1100 4349 1411 4409 festivitatis
1454 4350 1512 4406 S.
1566 4349 1721 4407 Joan.
1750 4352 1904 4423 Bapt.
1954 4368 2076 4425 gra-

489 4449 669 4503 tanter
697 4459 977 4498 assensum
1025 4445 1255 4513 praebuit
1287 4446 1559 4514 praedicta:
1602 4444 1877 4511 electioni,
1910 4460 2073 4515 quam

490 4531 933 4602 archiepiscopus
982 4532 1435 4606 Rotbomagensis
1478 4535 1652 4608 llugo,
1712 4537 1797 4590 vir
1847 4552 2075 4592 summa:

490 4619 767 4690 religionis
797 4633 846 4677 et
866 4624 1166 4691 industria},
1187 4643 1310 4681 cum
1335 4628 1683 4699 imperatrice
1700 4637 1873 4683 matre
1896 4629 2071 4693 ducis,

488 4722 649 4769 antea
675 4723 733 4768 ut
755 4728 1050 4784 praesentes
1072 4719 1426 4775 libentissime
1452 4722 1927 4776 confirmaverant.
1978 4721 2076 4776 Se-
2108 4774 2109 4777 η

486 4804 675 4874 quenti
710 4821 837 4861 vero
869 4822 1053 4861 mense
1085 4809 1135 4862 in
1173 4809 1467 4863 festivitate
1514 4809 1695 4865 Mariae
1748 4810 2089 4880 Magdalenw

484 4896 781 4968 praedictus
822 4897 1027 4953 eleCtus
1074 4899 1387 4955 benedictus
1439 4908 1521 4955 est
1561 4900 1614 4952 in
1655 4900 1902 4955 abbatem
1934 4902 2093 4970 apud

486 4986 549 5044 S.
577 4986 930 5042 Philibertum
952 4988 1018 5041 de
1060 4986 1385 5055 Montel‘orti,
1437 4987 1505 5043 ab
1560 4988 1796 5044 Heberto
1823 4990 2091 5059 episcopo

483 5081 868 5138 Abrincatensi
889 5078 1187 5137 etGirardo
1217 5080 1487 5151 Sagieusi,
1522 5082 1880 5153 praesentibus
1910 5082 2076 5137 abba-

484 5174 630 5230 tibus
663 5173 896 5245 Rogerio
919 5174 1198 5243 Beccensi,
1228 5174 1491 5230 Michaele
1526 5175 1869 5241 Pratellensi,
1898 5176 2077 5247 llugo-

483 5282 551 5324 ne
577 5269 644 5323 de
668 5269 724 5324 S.
757 5269 1043 5325 Salvatore
1077 5269 1502 5325 Constantieusi.

562 5359 675 5416 Col.
733 5362 859 5430 654,
904 5363 1000 5418 lin.
1035 5362 1121 5417 l5.
1174 5361 1489 5432 Respiciens
1534 5369 1821 5433 augustum
1851 5362 2073 5432 praecisa

483 5468 615 5522 rupe
637 5456 967 5524 sepulcrum.
993 5454 1050 5510 Μ
1054 5472 1101 5511 s.
1124 5455 1264 5522 cod.,
1290 5454 1515 5526 respicis
1537 5465 1823 5526 angustum
1848 5455 2069 5524 praecisa

482 5557 615 5610 rupe
638 5544 925 5613 sepultum.
1446 5584 1453 5593 ς
1760 5594 1761 5597 η
2064 5590 2067 5593 ,

555 5633 670 5688 σοι.
695 5636 819 5704 655,
852 5638 945 5691 lin.
994 5638 1084 5694 3‘2.
1135 5638 1436 5706 Malitildis,
1494 5650 1600 5694 etc.
1633 5656 1731 5693 ms.
1765 5638 1903 5702 cod.,
1931 5637 2071 5692 Mas—

482 5724 672 5796 suldis,
690 5733 797 5783 etc.
853 5728 1004 5798 cujus
1034 5744 1230 5799 corpus
1261 5731 1401 5801 apud
1443 5731 1676 5788 Bcc;um
1728 5728 1962 5791 delatum
1989 5737 2072 5786 est

2178 3990 2404 4046 ecclesia
2435 3990 2733 4044 honorifice
2756 3988 3048 4058 sepultum.
3098 3992 3256 4046 Anno
3292 3992 3572 4047 millesimo
3617 4008 3710 4044 ceu-

2179 4082 2374 4153 tesimo
2401 4082 2800 4151 septuagesimo
2840 4090 3034 4136 octavo
3067 4082 3206 4137 idem
3232 4085 3506 4153 pretiosus
3554 4093 3714 4149 martyr

2178 4152 2528 4230 canonizatus
2545 4185 2648 4228 est.
2676 4190 2775 4229 ms.
2806 4176 2921 4228 cod.
2950 4189 3037 4228 an.
3071 4152 3241 4241 H75,
3266 4187 3378 4232 etc.

2249 4263 2365 4318 Col.
2400 4263 2527 4328 657,
2560 4263 2657 4316 lin.
2684 4263 2776 4317 25.
2812 4264 2880 4318 Et
2902 4264 3599 4337 Rotrodoﬁothomagcnsi.
3620 4264 3706 4315 ’κω

2178 4354 2321 4421 cod.,
2358 4369 2386 4408 a
2428 4352 2670 4409 Rotrodo
2706 4353 3027 4423 Bothomag.
3072 4354 3190 4411 Lin.
3257 4354 3355 4411 2-1.
3413 4356 3475 4410 Et
3536 4351 3709 4408 "ellth

2177 4445 2475 4501 Briocensi.
2510 4445 2615 4501 Ms.
2641 4446 2785 4510 cod.,
2843 4446 3080 4504 Henrico
3128 4447 3443 4519 Bajoccusi.
3490 4446 3583 4501 Hs.
3623 4446 3705 4497 ω1.

2180 4537 2305 4591 add.
2352 4537 2511 4591 Anno
2566 4538 2701 4593 H79
2754 4538 3059 4594 Ludovicus
3112 4555 3207 4595 rex
3258 4541 3579 4596 Francorum
3621 4542 3706 4587 \‘03:

2177 4641 2365 4687 sancto
2393 4632 2614 4687 Thomre
2670 4632 2946 4689 soluturus
2981 4634 3290 4690 orationum
3332 4653 3494 4692 causa
3518 4633 3706 4704 Angliam

2179 4726 2401 4778 intravit
2426 4734 2482 4779 et
2510 4738 2606 4792 per
2637 4725 2872 4779 triduum
2895 4725 3205 4781 Cantuariaz
3229 4736 3473 4782 moratus
3498 4737 3586 4781 est.

2247 4815 2366 4871 Col.
2407 4816 2534 4884 658,
2579 4817 2678 4871 lin.
2709 4816 2806 4871 ult.
2846 4812 3106 4872 Dominus
3144 4818 3448 4874 Ricbardus
3487 4818 3544 4872 de
3564 4819 3706 4870 sancto

2177 4909 2545 4980 Leodegario‘,
2611 4918 2739 4964 tunc
2787 4908 3119 4965 infirmarius
3167 4912 3412 4981 praedicti
3481 4910 3587 4964 loci.
3628 4902 3702 4958 ιε.

2177 5001 2321 5064 cod.,
2360 5001 2623 5055 Dominus
2666 5000 2973 5057 Richardus
3003 5002 3070 5058 de
3111 5002 3171 5059 S.
3224 5003 3561 5076 Leodegario,
3612 5008 3705 5053 tunc

2170 5090 2499 5161 justitiarius
2545 5091 2787 5161 praedicti
2821 5092 2945 5147 loci.

2247 5177 2361 5234 Col.
2390 5180 2634 5243 659,1in.
2658 5180 2747 5235 “27.
2800 5183 2997 5237 Amoto
3040 5182 3359 5254 lngelranno
3407 5186 3516 5239 foro
3540 5187 3699 5237 sancto.

2109 5279 2154 5334 D
2180 5280 2285 5327 etc.
2318 5270 2422 5325 Ms.
2444 5273 2586 5339 cod.,
2619 5283 2801 5328 amoto
2837 5274 3160 5345 lngelranno
3188 5276 3308 5332 foro
3332 5278 3488 5332 tacto.

2252 5360 2369 5417 Col.
2396 5362 2520 5417 662.
2548 5363 2646 5417 lin.
2676 5364 2768 5417 ult.
2794 5364 2868 5419 Ce
2893 5367 3049 5421 futen
3067 5377 3243 5437 temps
3269 5369 3333 5423 de
3360 5366 3523 5422 l‘abbé
3538 5364 3698 5423 Ρὶυιντε,

2178 5471 2315 5527 pour
2342 5472 2405 5512 ce
2423 5459 2582 5528 qu’en
2614 5459 2812 5527 pierre.
2844 5468 2950 5514 etc.
2986 5460 3091 5515 Ms.
3131 5463 3249 5516 cod.
3276 5461 3353 5517 αθ
3378 5462 3453 5515 fut
3475 5476 3535 5515 en
3567 5465 3701 5519 temps

2179 5548 2245 5603 de
2270 5547 2438 5605 l'abbé
2466 5549 2675 5617 Pierre,
2707 5551 2737 5605 ὲ
2766 5549 2858 5620 qui
2878 5549 3073 5623 écheyt
3108 5553 3338 5609 maintes
3373 5553 3576 5624 pierres,
3596 5556 3699 5617 poni

2177 5656 2239 5697 cc
2266 5641 2422 5711 qu’en
2448 5642 2646 5714 pierre,
2676 5653 2781 5699 etc.
2934 5638 2937 5641 λ
3454 5632 3457 5635 ’

2248 5731 2363 5789 σοι.
2393 5733 2516 5802 668,
2539 5734 2749 5791 (belli.
2793 5735 2942 5792 Fecit
2973 5735 3224 5794 dedicare
3253 5733 3521 5791 ecclesiam
3542 5734 3691 5784 novatn
