3852 6308
119 324 208 380 765
1046 316 1272 375 ADDIT.
1314 318 1406 372 AD
1443 313 1835 373 CHRONICON
1867 314 2241 373 BECCENSE.
2320 368 2323 369 ν

3221 311 3322 372 766

116 444 172 496 de
193 453 320 495 novo
343 436 683 506 completam,
709 445 771 491 ιιι
819 444 1005 505 postea
1034 436 1258 505 patebit.
1279 434 1381 489 Με.
1421 436 1561 500 cod.,
1588 434 1654 489 de
1683 440 1726 495 Α
1756 435 1974 500 volutis,
2009 434 2149 487 dicta
2173 433 2487 503 probatione
2516 434 2640 489 hinc
2672 433 2794 489 inde
2836 435 3000 501 facta,
3038 434 3326 507 ipsegmcre

116 547 234 587 novo
259 531 571 600 completam
625 541 679 585 et
727 538 1182 593 consummatam,
1223 545 1343 598 qua:
1388 527 1655 584 dedicatio

115 624 198 675 fuit
228 632 328 676 tam
379 621 730 676 celeberrime
784 630 839 675 et
890 628 996 673 tam
1037 618 1351 675 solemniter
1391 619 1654 688 completa

113 720 247 782 prout
267 710 468 780 patebit
505 710 554 763 in
587 711 956 777 sequentibus.

169 802 269 856 Col.
306 802 431 867 671,
460 803 556 855 lin.
576 801 666 855 45.
698 801 1014 857 Guillelmus
1036 802 1104 857 de
1124 802 1448 858 Benssevilla
1482 802 1657 857 dictus

111 892 356 961 Popeline,
386 904 495 948 etc.
519 893 625 947 Ms.
651 894 790 956 cod.,
819 892 884 948 (ἰ.
922 892 990 948 de
1017 892 1311 947 Beusevilla
1354 894 1527 948 dictus
1554 892 1657 947 Po—

110 985 261 1053 peline
293 985 344 1037 iu
372 986 619 1039 abbatem
644 993 707 1038 et
734 994 1001 1054 pastorem
1055 984 1225 1053 ipsius
1258 984 1581 1039 monasterii
1601 993 1657 1039 et

110 1075 417 1142 postmodum
450 1075 779 1142 benedictus,
805 1076 887 1129 vir
906 1075 1123 1144 quidem
1182 1090 1390 1146 magna:
1422 1077 1655 1145 pruden-

112 1168 182 1221 tiae
224 1176 276 1222 et
320 1168 631 1237 probitatis,
682 1167 983 1230 modestus,
1036 1166 1264 1231 facetus,
1321 1167 1468 1222 mitis
1493 1176 1548 1222 et
1577 1167 1656 1223 di-

107 1259 252 1314 lectus
275 1261 339 1314 ad
362 1275 572 1328 omnes,
595 1260 827 1329 patiens,
855 1259 1386 1331 niisericors,§largus
1400 1268 1456 1316 et.
1481 1262 1656 1317 muni-

110 1355 220 1409 ﬁcus
246 1353 332 1423 qui
350 1360 576 1414 strenue
597 1362 650 1408 et
680 1352 1021 1407 laudabiliter
1042 1352 1211 1418 rexit,
1238 1361 1345 1408 etc.

163 1443 263 1498 Col.
300 1443 425 1509 672,
452 1444 551 1498 lin.
595 1445 680 1499 I9.
719 1443 934 1499 Christe
977 1446 1231 1515 propina.
1266 1446 1369 1501 Ms.
1407 1447 1533 1501 add.
1557 1446 1656 1502 Hic

106 1536 392 1592 venerabilis
414 1537 498 1591 vir
524 1538 869 1606 supradictus
921 1538 1260 1608 temporibus
1294 1540 1408 1594 suis
1439 1540 1657 1596 vestivit

106 1639 147 1683 et
168 1632 351 1700 recepit
379 1632 433 1684 in
456 1633 717 1701 praedicto
761 1634 1094 1688 monasterio
1134 1635 1485 1705 quamplures
1536 1651 1655 1691 mo-

107 1722 277 1776 nachos
305 1720 591 1791 religiosos
626 1724 892 1780 discretos
931 1726 1097 1790 viros,
1127 1726 1194 1782 de
1213 1727 1409 1797 quibus
1467 1737 1652 1797 postea

1755 524 1915 580 solito
1938 523 2327 593 professionem
2377 539 2688 594 expressam
2733 524 3031 594 fecit;qua
3054 525 3222 591 facta,
3270 532 3328 581 et

1754 632 1853 686 per
1878 617 2080 671 dictmn
2113 616 2360 672 abbatem
2388 617 2641 686 frecepta,
2697 617 2750 672 in
2779 626 3043 673 conventu
3092 618 3325 674 fratrum

1756 723 1852 778 per
1877 710 2120 763 osculum
2147 710 2468 775 admittitur,
2498 712 2769 781 coepitque
2820 720 3007 780 postea
3029 710 3096 764 de
3130 712 3328 765 virtute

1755 799 1809 853 in
1845 800 2097 854 virtutem
2120 802 2399 871 proﬁcere,
2425 802 2663 873 singulos
2694 803 2889 858 fratres
2922 818 3047 858 suos
3082 802 3329 872 exemplo

1756 894 1822 947 ad
1844 893 2039 947 bonum
2063 892 2339 956 inclinare,
2359 902 2417 947 et
2450 903 2509 948 ut
2542 910 2704 950 verus
2732 894 3036 950 claustralis
3056 897 3201 950 omni
3229 897 3328 950 bu-

1750 983 1972 1038 ‘militati
2024 998 2246 1053 operam
2295 985 2444 1040 dare.
2502 984 2736 1039 Noverat
2783 986 2925 1041 enim
2974 987 3192 1041 humilis
3240 986 3329 1040 ille

1757 1077 2053 1131 monachus
2077 1078 2221 1145 quod
2271 1092 2375 1131 non
2426 1076 2526 1132 nisi
2550 1078 2867 1148 pergradus
2897 1078 3215 1132 humilitatis
3239 1093 3331 1131 va-

1755 1165 1830 1220 let
1853 1167 1976 1234 quis
1996 1167 2065 1221 ad
2090 1167 2294 1235 apicem
2323 1167 2622 1222 altitudinis
2657 1170 2967 1224 ascendere.
2996 1167 3064 1222 At
3087 1170 3177 1224 ubi
3200 1179 3333 1222 aeta-

1759 1258 1826 1311 tis
1854 1257 1952 1310 fuit
1980 1259 2358 1326 competentis,
2389 1268 2472 1314 est
2525 1262 2699 1315 sacris
2731 1271 3008 1330 promotus
3034 1260 3330 1324 ordinibus,

1758 1347 1823 1403 ad
1867 1348 2158 1404 sacerdotii
2220 1350 2434 1404 tandem
2491 1351 2692 1406 meruit
2741 1353 3039 1407 ascendere
3087 1354 3333 1423 gradum.

1758 1440 1958 1496 Deinde
1976 1450 2091 1511 post
2123 1442 2392 1497 modicum
2419 1446 2678 1513 temporis
2713 1445 3056 1499 intervallum
3080 1446 3338 1501 commis-

1755 1547 1848 1588 sus
1874 1532 1973 1587 fuit
1996 1532 2401 1589 administrator
2427 1536 2700 1606 prioratus
2732 1537 2799 1593 de
2844 1537 3170 1592 Bello-Saltu
3222 1538 3335 1592 Ilo-

1758 1626 2126 1697 thomagensis
2155 1643 2169 1692 ;
2199 1627 2394 1684 deinde
2415 1630 2685 1699 prioratus
2719 1630 2775 1685 S.
2812 1630 2957 1685 Petri
2981 1632 3048 1687 de
3067 1631 3338 1688 Cochiaco

1754 1714 2154 1782 Ambianeusis,
2196 1726 2386 1786 postea
2434 1718 2703 1788 prioratus
2747 1720 2809 1773 Β.
2844 1720 3033 1775 Mariae
3073 1722 3139 1777 de
3192 1722 3338 1793 Layo

106 1812 367 1867 floruerunt
394 1830 538 1869 unus
558 1814 1273 1888 Gaufridus;dictusllnrenc
1304 1820 1469 1876 abbas
1495 1820 1656 1877 Gem-

1760 1804 2118 1875 Belvacensis,
2143 1817 2197 1864 et
2219 1809 2475 1880 deinceps
2518 1811 2789 1879 prioratus
2833 1815 2891 1869 S.
2927 1813 3083 1868 Petri
3106 1814 3173 1869 de
3194 1814 3340 1869 Pon-

107 1909 405 1975 meticensis,
440 1911 762 1968 Vincentius
776 1914 843 1969 de
865 1915 1201 1987 Rothomago
1220 1916 1399 1972 dictus
1426 1917 1474 1972 le
1501 1916 1661 1971 Lieur

107 2000 246 2054 abbas
265 2000 648 2069 Pratellensis;
675 2020 882 2060 necnon
914 2007 1180 2062 Robertus
1210 2009 1275 2063 de
1298 2008 1657 2079 Rotbomago,

108 2092 217 2148 alias
241 2096 285 2147 le
310 2093 519 2158 Tellier,
544 2096 710 2151 abbas
729 2094 785 2151 S.
816 2098 1040 2165 Ebrulfi,
1076 2115 1139 2154 ac
1160 2100 1396 2156 Joannes
1424 2103 1490 2158 de
1520 2102 1660 2157 Bou-

107 2181 203 2253 leya
235 2186 395 2247 abbas
432 2186 796 2244 Ccraciensis.
853 2190 1011 2247 Anno
1060 2193 1122 2246 Ι).
1185 2193 1322 2250 1588
1371 2203 1494 2265 post
1537 2194 1658 2250 obi-

109 2284 217 2344 tum,
242 2288 345 2334 etc.
1428 2300 1431 2301 '

164 2366 263 2425 Col.
286 2369 405 2434 678,
422 2370 521 2426 lin.
554 2372 638 2427 18.
664 2372 1011 2428 Reverendus
1033 2384 1190 2445 pater
1214 2374 1530 2430 Guillelmus
1567 2378 1661 2431 ab-

108 2458 207 2524 bas,
226 2472 347 2525 etc.,
376 2480 542 2534 usque
560 2464 630 2518 ad
651 2465 762 2519 hazc
790 2465 958 2527 verba,
1004 2466 1090 2520 ubi
1122 2467 1257 2523 solet
1305 2470 1471 2539 accipi
1498 2470 1660 2525 bene-

110 2552 264 2614 dictio.
278 2565 329 2607 ut
352 2556 406 2609 in
437 2572 543 2608 ms.
574 2555 759 2611 Postea
797 2558 1040 2627 sequitur
1068 2559 1124 2612 in
1169 2577 1267 2614 ms.
1298 2563 1415 2615 cod.
1447 2561 1542 2616 llic
1577 2562 1661 2617 vir

108 2646 407 2701 venerandus
449 2648 599 2701 rexit
626 2649 941 2716 praedictum
972 2652 1281 2706 emnob‘tum
1308 2655 1517 2707 cunctis
1546 2656 1659 2710 suis

108 2736 323 2793 amabilis
378 2753 477 2807 per
508 2740 744 2808 spatium
798 2741 866 2796 t8
923 2759 1187 2797 annorum
1232 2752 1286 2798 et
1333 2745 1552 2801 dimidio
1577 2748 1659 2803 vel

104 2825 256 2892 circa;
278 2829 424 2893 cuius
451 2832 653 2885 animae
678 2834 1000 2903 propitietnr
1024 2835 1184 2892 Deus.
1225 2837 1418 2891 Amen.
1472 2866 1475 2869 ι

163 2922 263 2979 Co’.
292 2925 411 2990 685,
444 2927 551 2980 lin.
573 2928 663 2982 50.
692 2928 892 2985 Christi
936 2930 1073 2985 colla
1104 2932 1333 3003 subegit.
1363 2931 1469 2987 Ms.
1495 2932 1657 2989 Chri-

108 3021 175 3065 sto
207 3015 352 3079 colla,
379 3026 488 3070 etc.
529 3017 647 3071 Lin.
684 3018 771 3072 35.
794 3020 950 3075 Anno
982 3022 1200 3076 milleno
1222 3033 1448 3080 centeno
1472 3026 1659 3095 sicque

109 3114 355 3171 quaterno,
380 3107 487 3162 Ms.
513 3109 665 3161 addit
694 3125 712 3162 :
738 3109 937 3176 Quinta
970 3114 1214 3181 quintilis
1257 3113 1437 3170 decies
1467 3122 1658 3186 quarto

110 3207 286 3265 quoque
309 3208 482 3263 serto,
519 3210 706 3269 parcat
738 3202 810 3255 illi
844 3204 1003 3257 Deus.
1042 3205 1253 3260 Amen.“

167 3286 339 3342 Deinde
356 3292 595 3359 sequitur
628 3293 680 3345 in
712 3310 809 3346 ms.
851 3295 1030 3349 codice
1052 3312 1071 3349 :
1103 3294 1404 3352 Venerabili
1455 3298 1657 3355 Thoma

111 3374 503 3436 XXVlllabbato
530 3386 842 3439 monasterii
868 3386 928 3440 Β.
969 3386 1039 3441 Μ.
1072 3388 1138 3442 de
1189 3389 1359 3444 Becco
1414 3389 1656 3447 llerluini

111 3465 161 3519 de
182 3471 344 3525 carnis
384 3473 585 3527 educto
638 3476 928 3545 ergastulo,
964 3480 1239 3532 successit
1280 3480 1536 3535 honestus
1579 3482 1661 3535 vir

112 3559 309 3615 unanimi
338 3562 572 3617 fratrum
619 3580 883 3622 consensu
932 3568 1135 3623 electus
1183 3568 1419 3625 Joannes
1445 3570 1509 3625 de
1538 3571 1658 3627 Ro-

112 3649 347 3724 thomago,
384 3657 525 3711 alias
556 3657 621 3712 de
653 3659 849 3723 Mmba,
907 3661 1163 3715 saca'rdos
1190 3671 1244 3716 et
1277 3664 1571 3719 monachus
1603 3664 1656 3719 in

111 3745 226 3802 dicto
245 3752 835 3822 monasterioexpresse
881 3755 1175 3825 professus.
1226 3756 1323 3812 Hic
1372 3757 1457 3810 vir
1501 3762 1659 3813 vene-

110 3840 298 3907 randus,
340 3844 587 3899 decimus
634 3844 924 3900 liberorum
982 3848 1175 3902 nobilis
1197 3849 1296 3902 viri
1324 3848 1560 3904 Simbnis
1590 3852 1659 3905 de

110 3925 279 3997 Mollia,
309 3936 436 3989 civis
462 3936 939 4009 Rothomagensis.
978 3948 1259 4008 postquam
1297 3942 1538 4010 pueritiae
1578 3942 1659 3995 in-

111 4033 345 4079 crementa
373 4028 637 4098 transegit
658 4037 713 4082 et
739 4030 1040 4084 rudimenta
1071 4032 1493 4099 grammaticalia
1538 4043 1655 4091 stu-

111 4110 263 4168 diosus
288 4120 551 4190 percepit,
571 4120 821 4176 discretis
872 4123 1146 4193 magistris
1177 4122 1412 4178 Parisios
1438 4124 1491 4178 in
1518 4140 1665 4196 pne

112 4200 228 4257 ciara
254 4208 441 4262 artium
471 4209 753 4265 Facultate
797 4225 825 4263 a
886 4213 1201 4280 parentibus
1258 4215 1487 4268 traditur
1551 4217 1655 4270 im—

111 4288 351 4352 LuenJus:
382 4314 570 4355 verum
603 4302 729 4370 quia
764 4301 908 4356 Deus
964 4304 1285 4372 prarvi..'erat
1329 4320 1451 4359 eum
1491 4306 1658 4362 lucer-

113 4394 213 4435 nam
238 4385 282 4438 iu
305 4388 462 4444 domo
496 4406 595 4444 sua
629 4390 744 4447 fore
781 4394 1084 4459 ardentem,
1118 4394 1289 4449 noluit
1321 4397 1451 4449 tanti
1479 4397 1657 4466 splen-

112 4468 231 4526 doris
257 4476 423 4533 Inmen
451 4480 763 4537 subnubilo
822 4484 1107 4538 untndanm
1158 4486 1509 4541 obscuritatis
1538 4489 1657 4542 diu-

1765 1897 1930 1951 tisara
1976 1897 2427 1971 Rothomageusis
2481 1902 3149 1974 dioecesis;studebatque
3181 1904 3339 1959 Pari-

1759 1989 1873 2044 sius
1895 2004 2173 2061 quousque
2206 1994 2435 2063 adeptus
2459 2006 2603 2050 esset
2640 1998 2864 2066 gradum
2890 1998 3339 2054 baccalaureatus

1761 2080 1814 2135 in
1840 2082 2093 2149 decretis,
2117 2093 2172 2140 et
2201 2088 2525 2155 procedebat
2548 2089 2613 2143 ad
2643 2091 2887 2160 gradum.
2909 2090 3133 2146 Lutetiae
3162 2091 3339 2161 legen-

1760 2173 1829 2228 do
1854 2188 1951 2242 per
1976 2175 2156 2245 plures
2182 2192 2355 2233 annos
2408 2179 2461 2233 in
2520 2182 2663 2236 dicta
2691 2182 3032 2237 decretorum
3058 2182 3337 2247 facultate,

1761 2267 2057 2321 secundum
2081 2284 2285 2325 morem
2342 2271 2396 2325 in
2436 2272 2630 2327 studiis
2691 2275 3037 2328 decretorum
3078 2276 3341 2330 hactenus

1758 2365 2144 2416 observatum:
2178 2365 2272 2418 sed
2303 2375 2697 2435 consequenter
2749 2376 3034 2423 revocatus
3087 2368 3153 2423 ad
3199 2368 3342 2423 clau-

1760 2461 1952 2520 strum,
1982 2456 2157 2524 qualis
2194 2467 2494 2526 quantusve
2515 2458 2616 2513 fuit
2640 2475 2820 2514 rerum
2851 2459 3040 2515 eﬂ‘ectu
3067 2461 3341 2517 clarescit.

1760 2543 1894 2599 Nam
1927 2546 2130 2603 electus
2162 2547 2263 2603 fuit
2303 2550 2359 2604 in
2398 2551 2633 2621 priorem
2686 2550 3029 2607 claustralem
3061 2554 3189 2607 dicti
3226 2569 3344 2608 mo-

1761 2638 1981 2692 nasterii
2009 2655 2023 2704 ;
2053 2650 2236 2707 postea
2284 2642 2350 2695 ad
2404 2643 2838 2712 prosequendum
2877 2645 3162 2713 quamdam
3205 2658 3339 2699 cau-

1760 2744 1876 2786 sam
1903 2731 2221 2789 intentatam
2245 2749 2341 2804 per
2364 2734 2651 2804 quemdam
2692 2736 3023 2792 cardinalem
3054 2737 3345 2793 occasione

1760 2823 2033 2891 prioratus
2053 2826 2117 2880 de
2143 2825 2289 2883 Bello
2314 2828 2493 2885 Monte
2519 2830 2734 2899 Rogerii
2766 2831 3113 2887 Ebroicensis
3141 2831 3343 2888 directe-4

1762 2914 1859 2981 sis,
1885 2916 2080 2973 missus
2111 2917 2211 2973 fuit
2242 2920 2504 2989 Parisios,
2537 2933 2590 2978 et
2614 2924 2855 2989 interim,
2915 2925 3166 2980 videlicet
3200 2929 3344 2979 anno

1763 3004 1974 3062 Domini
2005 3009 2163 3073 1454,
2187 3012 2413 3082 gradum
2462 3015 2692 3071 licentiae
2724 3016 2775 3069 in
2812 3016 2953 3071 dicta
2997 3016 3353 3071 decretorum

1762 3089 2018 3156 facultate
2040 3102 2141 3158 fuit
2174 3116 2475 3171 assecutus,
2525 3117 2578 3163 et
2627 3113 2967 3178 postmodum
3020 3112 3346 3166 commissus

1685 3189 1728 3247 C
1762 3190 1862 3246 fuit
1885 3195 1950 3248 ad
1976 3196 2212 3263 regimen
2239 3207 2293 3253 et
2320 3201 2844 3259 administrationem
2887 3206 3161 3273 prioratus
3202 3206 3344 3259 Con-

1763 3281 1970 3338 fluentii
2002 3283 2322 3342 Parisiensis
2370 3290 2642 3357 ditecesis,
2674 3303 2731 3347 et
2774 3294 2998 3349 effectus
3026 3304 3109 3349 est
3131 3296 3342 3359 doctor,

1762 3383 1815 3427 et
1846 3384 1970 3430 actu
2002 3391 2192 3447 regens
2221 3379 2459 3435 Parisios
2507 3382 2561 3436 in
2610 3383 2753 3438 dicta
2793 3386 3133 3440 decretorum
3172 3385 3351 3441 laeula

1766 3474 1875 3519 tate
1905 3507 1923 3532 ,
1952 3467 2006 3521 in
2046 3482 2148 3536 qua
2172 3484 2269 3538 per
2297 3470 2541 3525 multum
2569 3481 2779 3543 tempus
2821 3475 2961 3528 rexit
2997 3486 3053 3530 et
3078 3476 3352 3533 utdoctor

1760 3570 1857 3625 per
1872 3556 2275 3612 universitatem
2303 3559 2658 3617 Parisiensem
2683 3564 2914 3619 dominis
2928 3565 3108 3620 abbati
3135 3575 3190 3619 et
3215 3568 3343 3620 con-

1758 3646 1943 3701 ventui
1975 3649 2285 3705 monaSterii
2314 3649 3052 3726 Majoris-Monasterjiprope
3083 3653 3340 3722 Turonis,

1759 3739 1966 3793 ordinis
1993 3741 2166 3795 sancti
2216 3740 2515 3811 Benedicti,
2546 3747 2841 3817 prioratum
2884 3750 2952 3804 de
2981 3748 3131 3814 Ovis,
3156 3765 3219 3803 en
3245 3747 3343 3803 Te-

1759 3848 1903 3886 rasse
1932 3831 2155 3900 Gallice,
2215 3834 2538 3893 Morincnsis
2600 3841 2870 3907 dioecesis,
2889 3852 2945 3897 et
2966 3845 3341 3899 commendam

1758 3925 2010 3980 obtinuit.

1829 4019 1985 4074 Anno
2010 4020 2221 4077 Domini
2274 4023 2411 4080 me
2448 4027 2590 4081 dicto
2630 4031 2962 4085 monasterio
2983 4030 3039 4083 Β.
3070 4030 3251 4085 Maria:
3276 4032 3344 4087 de

1757 4109 1929 4175 Becco
1956 4112 2185 4170 Ilelluini
2211 4128 2438 4174 vacante
2475 4136 2571 4187 per
2602 4132 2831 4176 mortem
2871 4123 3078 4190 praefati
3118 4123 3342 4179 'l'homze

1758 4203 1968 4259 XXVIII
2004 4207 2329 4275 abbatis,et
2377 4211 2580 4278 trengis
2638 4212 2780 4266 inter
2807 4227 2959 4282 reges
3014 4212 3257 4266 Francia:
3288 4224 3345 4269 et

1757 4294 1964 4365 Anglia:
1996 4296 2158 4353 factis
2182 4310 2235 4353 et
2274 4301 2641 4370 proclamatis,
2692 4306 3035 4374 pragmatica
3061 4304 3343 4359 sanctione

1761 4385 2206 4442 inNorhmannia
2264 4391 2487 4445 minime
2542 4392 2718 4448 locum
2792 4395 3044 4461 habente,
3103 4395 3341 4466 religiosi

1763 4478 1889 4549 dicti
1924 4483 2238 4537 monasterii
2265 4484 2585 4538 electionem
2618 4487 2850 4556 pastoris
2876 4490 2927 4541 in
2957 4488 3339 4558 capitulodicti

114 4559 198 4615 lius
218 4563 405 4636 latere;
437 4572 533 4627 sed
559 4587 723 4641 super
756 4574 1143 4629 candelabrum
1168 4577 1291 4631 vita:
1321 4580 1655 4648 contempla-

1760 4546 1860 4622 loci
1887 4569 2263 4627 celebrandam
2296 4542 2669 4630 decreverunt.
2704 4577 2759 4631 In
2788 4594 2896 4648 quo
2924 4542 3072 4633 ceria
3104 4580 3189 4634 die
3210 4595 3342 4635 con-
3404 4582 3409 4587 ⁷

114 4651 231 4719 tivaz,
254 4668 305 4710 ut
328 4663 579 4718 omnibus
611 4664 701 4732 qui
760 4665 812 4719 in
846 4666 1008 4721 domo
1038 4667 1129 4722 Dei
1160 4678 1283 4724 sunt
1310 4671 1654 4739 postmodum

114 4740 499 4819 luceret,voluit
554 4756 842 4813 collocare.
916 4758 1067 4816 Unde
1108 4777 1328 4817 suorum
1369 4775 1652 4834 parentum

113 4833 444 4901 HbSrcuudans
467 4848 629 4913 votis,
656 4848 793 4905 bene
851 4853 1074 4908 meritus
1125 4854 1265 4911 filius
1286 4833 1485 4911 dictum
1544 4875 1657 4915 mo-

115 4930 369 4987 nusteiium
415 4938 483 4991 ad
524 4940 859 5006 probandum
912 4946 1194 5000 monastici
1238 4948 1443 5005 Ordinis
1486 4951 1653 5006 vitam

114 5012 294 5075 oblatus
314 5022 632 5094 ingreditur,
658 5039 713 5082 et
735 5029 802 5082 ad
845 5030 926 5084 sui
960 5034 1332 5100 probationem
1365 5037 1435 5092 ab
1460 5040 1657 5095 abbate

113 5115 414 5197 etcumentu
448 5118 575 5173 dicti
601 5120 700 5175 loci
753 5123 981 5191 benigne
1028 5127 1343 5197 suscipitur,
1374 5130 1656 5187 IitChristi

118 5196 201 5290 tiro
220 5217 375 5260 novus
414 5210 505 5279 qui
526 5210 679 5280 prius
724 5222 843 5268 erat
869 5196 1234 5284 philosophus.
1275 5220 1487 5290 Accipit
1516 5220 1658 5278 illico

114 5289 394 5353 obcdieutia:
438 5299 735 5358 fortissima
766 5320 939 5369 arma,
968 5316 1023 5360 ct
1058 5304 1173 5378 jugi
1222 5289 1432 5366 Domini
1473 5313 1657 5367 suavi-

118 5386 275 5451 tatem,
300 5392 476 5448 oneris
504 5393 776 5451 levitatem
820 5398 1104 5466 diligenter
1130 5404 1428 5469 experitur,
1460 5406 1652 5473 prohat

115 5480 159 5523 et
181 5483 421 5547 approbat
471 5489 821 5543 monasticam
885 5491 1078 5544 vitam.
1115 5490 1381 5546 Probatur
1431 5510 1530 5548 nec
1568 5510 1653 5550 re-

117 5566 343 5627 Probatur
376 5576 487 5645 ejus
510 5578 848 5634 laudabunda
879 5582 1256 5646 conversatio;
1296 5599 1417 5637 nam
1441 5583 1510 5638 ob
1534 5585 1655 5639 vitm

118 5661 337 5717 meritum
366 5668 515 5735 bonae
536 5672 731 5727 indolis
756 5673 1068 5729 adolescens
1094 5675 1345 5730 omnibus
1389 5690 1447 5729 se
1478 5675 1655 5730 imita-
1694 5704 1695 5707 η

120 5743 562 5818 ὶυὶιριιιοκιιίυριωι.
607 5764 944 5826 Probalionis
1001 5768 1159 5835 igitur
1189 5786 1330 5823 .unzo
1380 5776 1427 5822 cl
1459 5768 1543 5824 die
1572 5784 1654 5827 rc-

1757 4662 1989 4730 grcgati,
2038 4666 2378 4722 caeremoniis
2431 4668 2496 4721 ad
2546 4669 2645 4724 hoc
2671 4672 2990 4726 necessariis
3034 4672 3213 4727 debite
3241 4671 3343 4726 ob-

1758 4755 2011 4817 servatis,
2037 4758 2276 4812 unanimi
2308 4775 2571 4815 consensu
2612 4765 2810 4818 dictum
2840 4764 3099 4821 Joannem
3126 4768 3191 4822 de
3230 4765 3340 4822 Ro-

1760 4846 2012 4919 tbomago
2034 4865 2132 4920 per
2156 4851 2294 4906 viam
2326 4851 2560 4922 Spiritus
2618 4858 2788 4911 sancti
2820 4858 3118 4930 elegerunt,
3150 4869 3205 4915 et
3232 4860 3341 4914 ele-

1759 4937 1991 4993 ctionem
2017 4940 2184 5008 ipsius
2210 4957 2332 4996 cum
2381 4948 2591 5016 magnis
2631 4948 2934 5017 sumptibus
2960 4951 3028 5003 ab
3048 4948 3341 5018 apostolica

1761 5030 1887 5086 sede
1916 5034 2244 5111 confirmari,
2293 5045 2346 5089 et
2374 5052 2471 5105 per
2496 5039 2767 5093 domimnn
2798 5041 3133 5111 Radulpbnm
3163 5043 3342 5097 archi-

1758 5109 2067 5193 episcopum
2090 5124 2578 5199 Rothomagensem
2610 5132 2663 5186 in
2684 5133 2885 5197 capella
2916 5109 3100 5203 palatii
3124 5136 3202 5187 sui
3235 5133 3341 5187 Ro-

1763 5213 2126 5282 thomagensis
2184 5233 2380 5274 munus
2418 5221 2841 5278 'benedictionis
2896 5225 2995 5277 sibi
3053 5224 3335 5293 impertiri,

1760 5318 1878 5357 cum
1909 5321 1969 5359 ea
1994 5307 2331 5364 solemnitate
2350 5328 2471 5380 quae
2494 5314 2716 5367 decebat
2742 5315 3110 5367 obtinuerunt.
3136 5312 3340 5379 Quibus

1759 5396 2017 5450 canonice
2036 5401 2292 5467 peractis,
2326 5402 2465 5457 idem
2496 5404 2743 5457 dominus
2772 5404 2958 5468 abbas,
2993 5420 3096 5457 non
3120 5406 3338 5458 obstan-

1758 5492 1811 5540 te
1868 5496 2108 5558 tempore
2159 5506 2367 5561 guerra:
2411 5503 2464 5548 et
2494 5494 2823 5549 desolatione
2871 5497 3077 5564 patrita,
3135 5496 3339 5551 dictum

1764 5580 2149 5647 monasterium
2179 5582 2521 5639 laudabiliter
2544 5584 2705 5650 rexit,
2730 5594 2782 5639 et
2811 5586 3143 5656 spiritalibus
3188 5602 3340 5642 seve~

1764 5673 1978 5728 ritatcm
2013 5675 2065 5727 in
2096 5689 2156 5728 se
2180 5675 2436 5729 retinens.
2482 5674 2618 5730 Nam
2662 5676 2848 5747 rigidis
2871 5686 2926 5731 et
2952 5680 3226 5748 perversis
3248 5694 3338 5732 co-

1766 5765 2152 5826 babitatiouem
2210 5765 2505 5837 disciplina:
2557 5767 2813 5837 inferens,
2872 5771 3087 5827 mitibus
3142 5779 3196 5828 et
3238 5770 3340 5844 piis
