3852 6308
524 416 843 491 mansuetus
868 439 990 488 erat
1013 431 1288 503 ut'ag’nus.
1317 430 1554 487 Gerebat
1579 430 1694 501 ipse
1746 428 2016 484 modicam
2041 429 2108 483 de

524 542 619 583 sua
657 540 887 595 persona
915 525 1367 589 sollicitudinem;
1407 539 1531 578 nam
1560 522 1772 578 cunctis
1830 528 1889 574 ιιι
1938 536 2106 591 agnus

526 621 771 675 Vidt'lit'ﬂl
796 621 917 688 pius
937 633 995 671 se
1020 618 1290 671 affabilem
1330 616 1641 676 exhibebat,
1679 630 1800 669 cum
1849 612 2107 668 fratribus

522 726 641 770 erat
670 714 809 767 sicut
837 727 975 766 unus
997 729 1060 764 ex
1088 711 1238 777 ipsis,
1262 712 1313 765 in
1344 725 1399 764 sc
1448 708 1672 763 formam
1710 707 1891 778 gregis
1930 706 2107 777 potius

1518 313 1880 379 morsus
1919 314 1983 375 ις,
2024 311 2418 371 LANFRANCI
2451 302 2817 375 seremus.

3648 335 3724 395 τω

2137 430 2184 490 Α
2214 429 2307 500 qui
2338 431 2542 487 studuit
2568 432 2867 488 doctrinam
2900 436 3134 507 Apostoli
3166 440 3428 500 dicentis:
3460 441 3644 503 Pascite
3660 455 3726 520 qui

2210 524 2265 577 in
2289 523 2429 577 vobis
2459 532 2530 577 est
2556 537 2761 594 gregem
2801 526 2897 579 1)νὶ
2913 568 2927 592 ,
2958 531 3283 597 providentes
3306 551 3409 590 non
3438 548 3628 605 coaete,
3661 548 3728 596 sed

2208 625 2490 681 spontanee
2516 621 2800 670 secundum
2832 618 3019 683 Deum,
3055 639 3213 692 neque
3237 630 3407 697 turpis
3428 629 3555 683 lucri
3576 636 3726 700 gratia,

2207 705 2296 758 sed
2330 705 2649 771 voluntarie,
2704 724 2865 779 neque
2901 721 2954 762 nt
3004 712 3329 768 dominantes
3367 718 3421 770 in
3470 719 3624 783 clero,
3662 727 3728 777 sed

520 825 682 875 quam
728 828 734 834 ·
771 805 1004 874 pastoris
1056 803 1364 857 ostendens.
1414 801 1748 857 Gravitatem
1806 797 2107 869 prtelatura!
2208 794 2379 864 forma
2427 797 2555 862 farti
2583 800 2749 869 gregis
2779 816 2844 854 ex
2883 801 3079 856 animo.
3130 803 3259 858 Nam
3302 810 3545 876 quamvis
3588 815 3728 884 gregi,

520 910 702 951 tamen
750 904 908 965 prout
947 903 1162 965 poterat
1204 893 1489 949 retinebat.
1542 891 1600 946 In
1644 890 1895 946 erunibus
1941 890 2102 945 etiam

522 990 634 1044 sui.
660 989 902 1058 agendis,
924 986 1025 1041 etsi
1050 987 1183 1040 satis
1210 985 1571 1055 cxpeditivus,
1597 982 1729 1037 satis
1757 982 2104 1037 nihilominus

522 1090 643 1135 erat
667 1080 803 1134 bene
832 1077 1131 1131 consultus.
1160 1077 1399 1147 Semper
1425 1080 1586 1130 etiam
1633 1076 1765 1129 citra
1798 1074 2100 1145 ingressmn

519 1185 665 1223 cum:
696 1168 984 1237 pastoralis
1016 1168 1290 1222 tristitiam
1325 1167 1469 1220 vultu
1518 1164 1855 1232 prteferebat.
1905 1164 2098 1219 Audivi

521 1262 717 1331 quippe
739 1275 769 1315 a
800 1259 904 1315 fide
930 1260 1111 1332 dignis
1145 1275 1266 1314 eum
1304 1267 1425 1329 post
1471 1258 1774 1328 ingressum
1800 1256 2100 1326 praelaturos

520 1367 796 1422 nunquam
820 1352 989 1407 fuisse
1012 1351 1238 1407 hilarem
1286 1352 1425 1405 sicut
1453 1360 1610 1405 antea
1642 1348 1831 1404 fuerat.
1860 1348 2096 1418 Perpen-

512 1445 684 1499 debat
715 1444 853 1500 forte
900 1459 1025 1499 cum
1077 1444 1136 1498 Β.
1189 1444 1451 1515 Gregorio
1500 1442 1757 1513 quidnam
1816 1441 2094 1507 amiserat,

520 1538 885 1607 perpendebat
910 1536 1260 1593 nihilominus
1313 1535 1442 1605 quid
1488 1535 1772 1600 tolerabat,
1818 1534 2098 1589 cernebat-

517 1643 624 1698 que
654 1643 712 1683 se
733 1629 933 1684 debere
966 1628 1258 1683 multorum
1295 1628 1502 1683 servire
1550 1627 1810 1691 moribus,
1860 1626 2097 1697 singulo-

517 1736 746 1791 rumque
775 1737 954 1778 mores
985 1722 1038 1776 in
1072 1722 1264 1777 melius
1296 1721 1611 1785 reformare,
1653 1728 1707 1776 et
1754 1721 1819 1775 de
1868 1719 2094 1791 singulis

518 1814 736 1869 tandem
763 1815 1253 1884 {equissimojudici
1285 1815 1545 1869 rationem
1572 1814 1817 1869 reddere.
1869 1813 1925 1867 In
1966 1823 2098 1867 tern-

516 1906 981 1978 poralibusetiam
1036 1907 1165 1963 dicti
1221 1908 1535 1962 monasterii
1579 1918 1687 1962 tam
1736 1909 1874 1961 intra
1934 1922 2095 1977 quam

513 2010 671 2056 extra
697 2001 748 2056 in
774 2001 915 2056 bono
943 2010 1088 2057 statu
1138 2017 1297 2055 manu
1353 2002 1584 2057 tenendo
1612 2008 1666 2056 et
1688 2000 1927 2055 desolata
1952 2015 2098 2070 repa-

514 2096 708 2157 rando,
762 2093 1054 2163 debitaque
1111 2093 1192 2147 sui
1234 2092 1651 2162 praedecessoris
1692 2107 1812 2161 quae
1862 2091 2098 2146 maxima

512 2194 692 2252 erant,
725 2186 1013 2241 occasione
1035 2200 1245 2256 guerrte
1276 2199 1396 2254 quae
1436 2194 1680 2254 tempore
1706 2199 1804 2239 suo
1826 2184 2093 2254 viguerat,

511 2279 864 2349 acquittando
908 2278 1041 2333 satis
1069 2277 1317 2347 profecit.
1347 2276 1405 2331 In
1443 2275 1848 2345 recuperatione
1879 2275 2094 2329 tandem

510 2369 738 2424 ducatus
769 2368 1179 2424 Nortbmannim
1208 2384 1306 2437 per
1338 2383 1517 2438 regem
1549 2367 1798 2423 Francia!
1826 2366 2092 2435 facienda,

512 2472 635 2517 cum
659 2463 933 2519 nonnullis
964 2460 1086 2518 aliis
1132 2464 1268 2519 viris
1297 2472 1351 2518 et
1398 2464 1696 2535 dynasticis
1724 2463 2016 2530 nobilibus,
2040 2460 2095 2519 et

510 2554 704 2609 civitas
751 2555 1203 2627 Rothomagensis
1223 2557 1363 2625 apud
1416 2557 1617 2611 dictum
1671 2550 1850 2627 regem
1908 2565 2095 2611 orator

512 2644 836 2699 destinatur.
862 2647 1065 2709 Deinde
1098 2663 1196 2718 per
1218 2648 1422 2703 dictum
1448 2662 1652 2717 regem
1685 2663 1787 2701 una
1817 2664 1938 2702 eum
1973 2647 2092 2702 aliis

509 2737 753 2807 praelatis
779 2752 877 2807 pro
902 2738 1252 2809 expeditione
1280 2740 1443 2795 dieue
1473 2741 1821 2811 pragmaticae
1857 2738 2094 2796 sanctio-

506 2831 594 2886 nis
624 2831 677 2886 in
702 2833 1056 2889 conventione
1079 2832 1402 2889 Bituriceusi
1434 2835 1754 2905 comparuit,
1775 2836 1866 2891 ubi
1894 2836 2095 2906 princi-

505 2923 655 2994 pium
684 2923 1019 2982 infirmitatis
1074 2928 1328 2997 sumpsit.
1373 2926 1635 2982 Finaliter
1660 2928 1726 2981 ad
1755 2929 2089 2983 scaccarium

507 3014 921 3073 Nortbmannia:
942 3018 1084 3089 apud
1106 3017 1289 3072 villam
1317 3017 1641 3088 Rotbomag.
1685 3019 1831 3073 sedis
1871 3028 2092 3075 vocatus

502 3108 623 3166 fuit.

522 3240 527 3243 -
572 3201 733 3256 Auno
770 3202 833 3255 D.
871 3200 1037 3266 μεθ,
1086 3200 1293 3257 decima
1326 3201 1556 3270 septima
1603 3201 1689 3255 die
1735 3199 2086 3268 Novembris,

501 3300 629 3360 post
666 3294 887 3346 suorum
931 3292 1331 3360 susceptionem
1377 3301 1843 3346 sacramentorum
1888 3292 1956 3345 ab
1985 3292 2087 3346 hac

501 3383 623 3440 luce
663 3386 936 3455 migravit,
985 3385 1338 3456 sepultusque
1386 3394 1469 3440 est
1513 3387 1564 3440 in
1599 3386 1776 3440 medio
1804 3386 1986 3450 chori,
2022 3387 2086 3441 ad

498 3487 679 3548 caput
708 3478 982 3534 Guillelmi
1028 3476 1233 3541 XXVI,
1279 3479 1490 3535 abbatis
1545 3480 1674 3534 dicti
1731 3480 2082 3534 monasterii:

497 3567 652 3635 cttjus
675 3570 870 3623 animae
900 3569 1224 3640 propitietur
1246 3567 1403 3625 Jesns
1424 3569 1693 3637 Christus,
1713 3569 1879 3626 Filius
1905 3571 2086 3626 Maria:

498 3656 754 3727 Virginis.
785 3658 980 3713 Amen.
1004 3700 1009 3704 .

570 3746 827 3816 Sequitur
849 3750 1183 3821 epitaphium
1213 3752 1328 3820 ejus
1358 3772 1372 3807 :

496 3836 712 3895 Clarum
746 3839 1103 3910 Rothomagus
1131 3844 1322 3912 gaudet
1352 3845 1590 3913 genuisse
1619 3842 1907 3908 Joannem,

573 3930 640 3983 Et
666 3940 813 3985 tanto
845 3931 1041 3985 Beceus
1071 3932 1230 3986 Patre
1255 3951 1433 3988 carere
1454 3935 1613 3989 (latet.

496 4021 913 4077 Jnris'Parisins
936 4024 1239 4077 cathedram
1268 4041 1360 4095 per
1385 4036 1616 4095 tempora
1644 4027 1795 4081 rexit.

524 4154 525 4157 η
572 4113 793 4169 Fratres
820 4117 1021 4171 direxit
1038 4118 1272 4172 moribus
1301 4119 1353 4171 in
1389 4119 1592 4172 melius.

494 4204 665 4274 Quem
688 4205 1123 4278 Rot/ronrgenere
1156 4212 1484 4264 commendat
1502 4253 1515 4277 ,
1544 4228 1705 4281 quem
1737 4224 1889 4267 saera
1908 4214 2037 4284 jura
2058 4258 2073 4282 ,

561 4297 728 4363 Quem
758 4296 1066 4363 prwlatura,
1098 4300 1331 4369 subjacet
1369 4302 1427 4354 in
1462 4302 1652 4357 cinere.

485 4386 560 4445 Μ.
592 4389 652 4443 C.
680 4402 865 4459 quater
902 4408 1031 4449 tem.
1071 4406 1087 4445 ι
1124 4393 1338 4461 duplex,
1366 4404 1412 4448 et
1445 4394 1632 4463 funera
1664 4397 1873 4468 signant

559 4480 756 4536 Mensis
784 4494 831 4537 et
862 4485 1056 4539 undeni
1084 4489 1301 4555 septima
1330 4489 1465 4542 dena
1495 4489 1625 4544 dies.

526 4570 864 4628 .Venerabili
918 4574 971 4629 in
1026 4575 1243 4631 Christo
1302 4580 1464 4636 Patre
1521 4597 1585 4637 ac
1636 4584 1853 4639 domino
1906 4585 2068 4641 Joan-

483 4678 549 4717 με
580 4660 776 4731 XXIX,
802 4664 996 4721 abbate
1020 4669 1251 4723 emnobii
1290 4669 1571 4727 Beceeusis
1595 4690 1621 4725 a
1653 4674 1758 4728 Deo
1781 4678 2066 4743 accersito,

487 4758 751 4812 succesSit
787 4760 837 4813 in
890 4760 1153 4832 regimine
1184 4762 1425 4830 prtedicti
1469 4764 1702 4817 coenobii
1745 4769 2069 4822 reverendus

485 4848 537 4903 in
570 4847 787 4904 Christo
815 4851 978 4907 Pater
1007 4868 1071 4907 ac
1096 4854 1349 4908 dominus
1374 4854 1668 4909 Gaufridus
1698 4857 1763 4909 de
1788 4856 2062 4926 Hispania,

476 4940 798 5008 cognomine
827 4940 1173 5007 Benedictus,
1207 4955 1319 4999 tum
1345 4945 1493 5012 prior
1524 4945 1590 4997 de
1625 4943 1820 5010 Prata,
1855 4948 1945 5014 qui
1977 4949 2066 5003 die

476 5032 728 5089 Mercurii
777 5035 1019 5104 Quatuor
1062 5034 1388 5108 Temporum
1440 5034 1752 5090 Decembris
1790 5035 1932 5113 anni.
1962 5038 2065 5092 Do-

479 5127 621 5183 mini
650 5128 808 5185 “52.
840 5129 1153 5185 convocatis
1197 5126 1447 5183 omnilms
1478 5138 1533 5181 et
1573 5127 1794 5195 singulis
1834 5145 2061 5195 quorum

474 5219 760 5285 intererat,
791 5225 1230 5277 solemnitatibus
1271 5224 1500 5275 assuetis
1535 5223 1633 5274 rite
1677 5224 1930 5291 perat-tis.
1969 5242 2062 5294 per

473 5312 612 5365 viam
643 5312 879 5381 Spiritus
908 5315 1081 5369 sancti
1110 5316 1161 5368 in
1189 5315 1438 5367 abbatem
1463 5313 1564 5367 luit
1591 5313 1813 5374 electus.
1845 5320 2059 5372 nemine

476 5394 880 5459 contradicente
905 5414 999 5458 aut
1028 5421 1086 5459 se
1110 5412 1445 5474 opponente;
1478 5402 1671 5456 deinde
1701 5419 1797 5473 per
1826 5405 2056 5460 vicarius

475 5495 858 5564 archiepiscopi
896 5496 1372 5567 Rothomagensis,
1412 5496 1539 5550 sede
1578 5506 1825 5560 vacante,
1860 5513 2050 5553 secun-

474 5585 598 5637 dum
651 5589 1042 5656 pragmaticam
1090 5591 1427 5646 sanctionem
1483 5591 1840 5645 confirmatus
1892 5600 2054 5659 atque

471 5674 815 5743 benedictus,
860 5680 1073 5733 demum
1108 5678 1580 5750 regimrrnajestati'
1607 5680 1883 5735 fidelitatis
1910 5695 2046 5750 pra:-

471 5763 1022 5835 stititjuramcntum,
1052 5783 1174 5823 mox
1209 5770 1259 5824 iu
1288 5788 1418 5826 cura
1460 5773 1559 5828 sibi
1593 5771 1879 5837 commissa
1912 5770 2048 5827 inse~

2197 888 2367 956 quem
2396 889 2733 960 dirigentium
2774 905 3122 964 susceperat,
3171 907 3318 953 esset
3355 911 3535 970 pastor
3556 913 3603 957 et
3628 922 3729 975 prte-

2204 978 2365 1045 latus,
2396 983 2698 1038 communis
2741 992 2918 1039 tamen
2963 997 3083 1041 erat
3117 990 3389 1044 omnibus.
3424 992 3594 1062 Itaque
3616 997 3726 1051 salva

2198 1070 2407 1140 justitia
2432 1081 2486 1127 et
2515 1073 2779 1143 gravitate
2803 1077 3090 1144 pastorali,
3114 1079 3450 1151 singulorum
3478 1084 3669 1141 auribus
3688 1080 3730 1143 se

2203 1168 2620 1234 aermumodat;
2657 1168 2709 1222 iu
2736 1171 3073 1226 cmremoniis
3095 1187 3312 1244 quoque
3339 1175 3509 1241 ebori,
3535 1178 3726 1245 claustri,

2198 1258 2424 1326 capituli
2459 1268 2513 1314 et
2542 1259 2815 1315 refectorii
2847 1262 2983 1317 adeo
3011 1264 3259 1336 religiose
3291 1278 3347 1321 et
3381 1278 3662 1325 reverenter
3686 1287 3729 1327 se

2201 1352 2445 1420 gerebat,
2469 1352 2612 1420 quod
2638 1367 2826 1409 omnes
2856 1368 2984 1409 suos
3017 1357 3082 1411 ad
3112 1358 3456 1415 devotionem
3492 1362 3728 1420 alliciebat.

2201 1441 2429 1497 Domum
2464 1444 2555 1499 Dei
2602 1446 2740 1500 sicut
2770 1446 3024 1503 ardenter
3053 1450 3293 1515 amabat,
3328 1451 3407 1506 sic
3438 1453 3639 1508 multum
3661 1456 3729 1511 de.

2199 1534 2442 1589 curabat.
2472 1534 2624 1591 Unde
2655 1538 2850 1593 merito
2877 1538 3058 1595 dicere
3079 1549 3293 1610 poterat
3320 1566 3334 1595 ς
3364 1541 3587 1603 Domine.
3609 1542 3727 1601 dilexi

2196 1626 2432 1681 decorem
2461 1628 2646 1683 domus
2675 1640 2800 1696 tute,
2831 1640 2879 1685 et
2910 1631 3079 1685 locum
3101 1632 3444 1688 habitationis
3464 1634 3727 1704 gloria-tm.

2199 1714 2335 1773 Nam
2369 1727 2534 1772 totam
2564 1721 2744 1774 navim
2791 1728 2848 1775 et
2884 1721 3163 1777 sinistram
3212 1738 3428 1792 partem
3458 1725 3597 1779 ebori
3620 1741 3729 1780 aca-

2130 1794 2172 1853 Β
2203 1808 2342 1878 pelia
2372 1808 2655 1882 Virginum
2685 1827 2859 1884 usque
2891 1814 2958 1868 ad
2987 1828 3204 1870 erucem
3235 1816 3543 1886 pavimento
3565 1818 3728 1881 stravit,

2194 1908 2255 1954 et
2281 1899 2410 1956 fecit
2448 1918 2566 1957 eam
2604 1905 2863 1967 dealbari,
2893 1906 3017 1975 quia
3058 1922 3123 1961 ex
3159 1922 3365 1977 vapore
3417 1908 3543 1962 fumi
3586 1924 3728 1977 proce-

2200 1992 2377 2053 dentis
2399 1994 2467 2048 ab
2496 1995 2619 2065 igne
2647 1995 2843 2051 ibidem
2872 2013 2900 2049 a
2927 1998 3123 2067 populo
3152 1997 3300 2053 facto
3339 1998 3604 2068 denigrala
3644 1998 3725 2051 [ηις

2197 2093 2304 2138 rat.
2338 2085 2394 2139 lu
2428 2103 2491 2139 ea
2522 2086 2652 2141 fecit
2682 2087 2875 2142 altaria
2917 2090 3026 2143 duo
3053 2090 3223 2159 erigi,
3260 2076 3389 2159 qua?
3430 2104 3530 2144 non
3564 2088 3728 2143 fuemut

2198 2191 2299 2232 suo
2332 2186 2577 2248 tempore
2603 2180 2874 2247 dedicata,
2907 2190 2961 2236 et
2989 2182 3039 2236 in
3070 2182 3342 2251 superiori
3374 2183 3605 2252 apposuit
3631 2182 3728 2234 ima.

2198 2270 2349 2341 gincs
2399 2280 2708 2327 sanctorum
2752 2272 2894 2327 Clari
2939 2282 2994 2327 et
3016 2273 3339 2343 Apolloniae.
3398 2274 3541 2331 Fecit
3580 2273 3724 2328 iterm

2197 2360 2342 2432 pingi
2369 2377 2562 2417 cruces
2592 2362 2737 2419 intus
2757 2373 2812 2418 et
2835 2364 2966 2419 foris
2995 2366 3047 2419 in
3080 2366 3297 2437 signum
3325 2366 3669 2429 dedicationis,
3690 2374 3725 2416 et

2197 2451 2396 2507 clausit
2418 2454 2753 2508 vestiarium.
2781 2455 2837 2510 In
2859 2456 3032 2511 choro
3053 2456 3255 2511 locavit
3278 2457 3727 2528 imaginesquatnor

2195 2542 2480 2599 doctorum
2529 2544 2816 2610 Ecclesize,
2867 2545 3114 2617 Gregorii
3170 2547 3420 2614 scilicet,
3484 2548 3724 2605 Ambrosii.

2194 2633 2483 2704 Augustini
2527 2644 2694 2705 atque
2724 2635 3061 2708 Hieronymi,
3094 2645 3147 2691 et
3168 2636 3324 2706 justa
3365 2640 3533 2693 altare
3552 2639 3597 2692 in
3617 2649 3725 2707 parte

2195 2723 2414 2778 sinistra
2446 2725 2627 2793 posuit
2654 2726 2981 2797 analogium,
3013 2727 3068 2781 in
3090 2743 3198 2798 quo
3224 2738 3353 2783 sunt
3379 2739 3594 2799 quatuor
3612 2742 3726 2798 ange-

2195 2812 2370 2869 lorum
2402 2815 2701 2872 cttotidem
2734 2818 3121 2888 prophetarum
3154 2820 3454 2889 imagines,
3490 2819 3611 2872 inter
3628 2831 3726 2887 φιης

2194 2917 2322 2963 sunt
2357 2915 2592 2977 quatuor
2640 2908 2825 2979 figurat
2871 2908 3339 2978 evangelistarum
3388 2924 3542 2977 super
3580 2908 3725 2977 quibus

2195 2998 2445 3069 leguntur
2487 2999 2811 3072 Evangelia,
2842 3000 3177 3070 singulorum
3212 3001 3457 3070 singuia,
3497 3016 3603 3054 cum
3630 3014 3722 3069 qua-

2145 3150 2158 3167 .
2198 3100 2320 3147 tuor
2371 3091 2588 3161 magnis
2639 3091 3003 3147 candelabris.
3044 3091 3187 3146 Ante
3242 3094 3539 3161 pedaneum
3583 3092 3723 3144 staqu

2118 3149 2159 3205 Ο
2194 3186 2482 3257 imaginem
2511 3187 2701 3259 Moysi,
2753 3202 2917 3259 super
2944 3202 3109 3258 quam
3157 3188 3420 3259 leguntur
3453 3188 3659 3257 epistolae
3685 3193 3722 3235 et

2193 3278 2453 3336 lectiones
2500 3279 2712 3336 Veteris
2760 3278 3129 3344 Testamenti,
3186 3289 3246 3335 et
3294 3281 3347 3334 in
3401 3281 3567 3334 medio
3607 3278 3719 3332 ebori

2192 3369 2417 3440 figuram
2449 3370 2665 3441 aquilae,
2698 3385 2862 3440 super
2893 3385 3054 3439 quam
3083 3370 3331 3425 chorista
3363 3370 3508 3441 ponit
3532 3366 3716 3439 gradale.

2189 3462 2321 3531 Quze
2349 3465 2529 3520 omnia
2563 3464 2806 3519 Parisinus
2850 3461 2918 3518 de
2950 3468 3120 3533 eupro
3147 3461 3377 3517 fuerunt
3425 3462 3570 3516 facta.
3610 3459 3717 3513 Fecit

2188 3558 2351 3611 etiam
2385 3556 2502 3612 fieri
2548 3573 2707 3611 unam
2735 3563 2953 3612 erucem
2986 3563 3308 3626 argenteam
3335 3556 3403 3609 de
3440 3552 3632 3625 scyphis
3646 3550 3715 3603 de-

2092 3661 2096 3664 ’
2187 3650 2490 3705 cedentium
2534 3649 2911 3720 religiosorum
2968 3647 3223 3719 ponderis
3272 3664 3381 3701 xxx
3436 3646 3713 3701 marcharmn

2186 3741 2269 3796 vel
2295 3742 2461 3805 circa,
2503 3740 2744 3811 reliquiis
2774 3751 2826 3796 et
2859 3742 3090 3818 gemmis
3114 3750 3399 3803 ornatam,
3430 3741 3480 3793 in
3519 3754 3606 3808 qua
3624 3742 3716 3788 sunt

2184 3843 2419 3902 quatuor
2466 3832 2635 3902 spinae
2693 3848 2909 3887 corona:
2970 3830 3276 3889 Salvatoris
3336 3830 3540 3886 Domini
3586 3824 3712 3882 nostri

2184 3922 2312 3978 Jesu
2340 3921 2566 3985 Christi,
2598 3932 2654 3976 et
2682 3923 2748 3977 de
2773 3938 2900 3977 vera
2943 3938 3108 3977 cruce
3133 3922 3257 3975 eum
3300 3921 3424 3975 aliis
3462 3928 3713 3974 sanctorum

2184 4017 2445 4087 reliquiis.
2496 4016 2574 4071 Eo
2603 4025 2848 4085 tempore
2874 4014 3002 4070 fecit
3039 4015 3090 4070 in
3127 4030 3357 4085 capsam
3388 4023 3542 4084 caput
3576 4006 3710 4062 sancti

2096 4138 2097 4141 η
2181 4111 2460 4167 Blasii.....
2491 4110 2603 4166 Has
2627 4124 2817 4164 omnes
2846 4108 3106 4179 reliquias
3134 4123 3234 4162 suo
3282 4118 3520 4177 tempore
3541 4106 3599 4159 ab
3626 4104 3710 4154 Au-

2180 4205 2287 4275 glia
2337 4222 2367 4259 a
2404 4202 2816 4258 commouachis
2850 4203 3053 4257 nostris
3099 4202 3222 4255 inde
3259 4201 3498 4272 expulsis
3532 4196 3707 4256 allatas.

2180 4296 2307 4352 fecit
2332 4300 2641 4368 approbari.
2671 4298 2818 4351 Duos
2840 4297 3006 4351 etiam
3046 4294 3298 4349 urceolos
3328 4297 3396 4348 de
3424 4297 3621 4359 argento
3638 4300 3709 4355 pro

2179 4404 2317 4459 aqua
2363 4390 2641 4445 benedicta
2690 4387 3023 4451 deferenda,
3071 4394 3127 4440 et
3178 4387 3406 4440 totidem
3435 4389 3706 4453 aspersam!

2028 4538 2031 4541 .
2107 4508 2151 4561 ι)
2181 4482 2294 4536 fieri
2324 4481 2453 4537 fecit
2494 4482 2862 4551 ponderis.....
2913 4478 3263 4532 marcharum
3301 4476 3384 4531 vel
3415 4476 3569 4529 circa.
3597 4467 3705 4523 Fecit

2176 4576 2339 4631 etiam
2382 4574 2494 4627 fieri
2544 4575 2680 4627 duas
2709 4571 2947 4643 capellas
2974 4570 3133 4639 panni
3174 4569 3365 4633 seriei,
3400 4565 3612 4622 munitas
3640 4574 3707 4613 σεο

2177 4668 2339 4731 sulis,
2376 4668 2598 4730 tunicis,
2629 4665 2964 4728 dalmaticis,
3006 4664 3195 4734 cappis
3237 4661 3412 4726 albis,
3460 4656 3643 4713 amictis
3667 4658 3705 4703 cl

2174 4761 2385 4831 mappis
2416 4761 2644 4830 paratis,
2678 4752 2840 4813 unam
2876 4752 3088 4813 scilicet
3136 4758 3291 4812 rubei
3331 4755 3550 4815 coloris,
3584 4747 3701 4803 alia!"

2174 4869 2303 4908 vero
2330 4853 2457 4915 albi,
2500 4861 2555 4907 et
2584 4851 2749 4905 etiam
2778 4851 3071 4920 complevit
3097 4849 3362 4919 capellam
3400 4849 3466 4902 de
3503 4840 3701 4901 (lambis,

2173 4959 2292 5015 qua:
2319 4954 2445 4997 ante
2477 4943 2652 4997 fuerat
2676 4958 2773 5013 per
2803 4958 2930 4997 suos
2957 4943 3389 5013 praedecessores
3415 4942 3635 5006 incmpta.
3657 4929 3702 4984 ει

2170 5053 2239 5093 ne
2269 5039 2383 5107 ipse
2402 5047 2456 5091 et
2485 5036 2601 5106 ejus
2629 5047 2931 5091 conventus
2953 5044 3235 5089 notaretur
3256 5036 3322 5088 de
3345 5026 3699 5101 ingratitudiar.

2167 5140 2221 5184 et
2258 5130 2531 5185 laberetur
2557 5131 2816 5185 memoria
2832 5127 3253 5184 benefactorum
3276 5125 3533 5185 ecclesiae,
3553 5130 3698 5189 quam-

2167 5227 2291 5279 dam
2327 5241 2557 5293 cuppam
2602 5225 2865 5277 nmnitam
2901 5222 3256 5276 circumcirca
3296 5228 3545 5289 argento,
3574 5222 3695 5280 quam

2166 5316 2467 5384 antiquitus
2496 5315 2718 5368 dederat
2754 5313 2902 5366 dicto
2926 5313 3179 5367 ρωποι)Ῐο
3208 5310 3438 5386 celebris
3474 5299 3698 5360 memorie

2163 5405 2382 5460 domina
2412 5403 2687 5458 Matbildis
2735 5402 3052 5471 imperatrix
3076 5442 3091 5468 ,
3122 5416 3241 5471 «prae
3268 5409 3441 5455 tractu
3487 5389 3697 5463 tempori!

2159 5502 2338 5552 fuerat
2368 5504 2688 5565 consumpta
2710 5538 2725 5561 ,
2767 5503 2822 5548 et
2851 5494 3047 5548 deinde
3082 5507 3183 5564 per
3211 5491 3514 5549 defunctum
3555 5480 3691 5540 donti-

2158 5603 2287 5642 num
2318 5586 2613 5641 Robertum
2639 5585 2708 5640 de
2735 5583 3013 5655 Hispania,
3052 5594 3293 5655 tempore
3317 5596 3425 5652 quo
3451 5578 3695 5633 vivebatet

2154 5678 2425 5740 decessit,
2472 5677 2709 5746 priorem
2754 5676 3027 5746 prioratus
3052 5674 3228 5730 beatae
3264 5674 3444 5729 Maria:
3468 5671 3531 5726 de
3562 5665 3695 5721 Prata

2155 5782 2326 5841 prope
2390 5766 2823 5847 Rntliomagum,
2878 5773 3137 5843 patruum
3200 5762 3436 5835 ejusdem
3495 5748 3689 5815 defuncti
