3848 6292
507 333 607 391 ’171

1498 336 1589 390 AD
1627 333 1851 392 OPERA
1894 334 1953 390 Β.
1996 334 2386 394 LANFRANCI
2425 337 2787 395 APPENDIX.

3631 350 3717 416 τη.

1333 476 1382 535 Τ
1388 474 1602 537 ITULI
1648 476 2069 539 LIBROBUM
2104 476 2528 541 BECCENSIS
2576 481 2949 544 ALMARIII

577 636 721 691 Libri
752 639 886 692 benti
914 638 1191 706 Augustini
1216 640 1460 710 episcopi.

578 726 645 782 In
663 746 764 783 uno
782 728 1038 791 volumine
1055 728 1522 799 supchohanncm
1545 745 1820 787 sermones
1833 731 2085 787 CXXIIII.

503 850 569 860 —
597 817 666 873 1η
690 819 816 873 alio.
852 819 924 873 De
952 818 1171 874 civitate
1199 819 1313 885 Dei,
1345 818 1434 873 lib.
1464 819 1620 875 XXII.
1643 852 1712 861 --
1741 821 1807 877 In
1831 821 1955 877 alio.
1983 821 2088 877 En-

503 913 797 977 chiridion,
830 912 965 966 liber
1006 929 1162 967 unus.
1189 943 1261 954 —
1292 912 1367 969 De
1403 914 1644 968 doctrina
1678 915 1991 977 christiana,
2024 914 2088 968 li-

504 1006 588 1060 bri
620 1006 701 1059 IIl.
733 1036 802 1044 —
832 1006 1130 1059 Simbolum
1159 1003 1228 1059 ab
1254 1005 1440 1060 eodem
1483 1005 1765 1059 dictatum.
1791 1037 1862 1044 —
1894 1005 2083 1075 Dispu-

506 1097 640 1151 tatio
662 1106 848 1151 contra
874 1095 1202 1150 Felicianum
1231 1096 1527 1151 hereticum
1554 1097 1621 1149 de
1648 1096 1903 1150 trinitate.
1925 1127 1991 1135 —
2015 1095 2088 1149 De

503 1184 839 1254 perfectione
861 1184 1103 1256 justicie,
1133 1184 1267 1238 liber
1297 1202 1452 1239 unus.
1476 1217 1545 1225 —-
1566 1185 1637 1239 De
1670 1197 1856 1239 natura
1889 1195 1943 1241 et
1969 1202 2087 1256 gra-

506 1277 611 1340 cia,
647 1278 783 1333 liber
812 1294 967 1332 IIIIIIS.
997 1309 1065 1318 —
1096 1277 1329 1347 Epistola
1364 1279 1601 1349 ejusdem
1630 1282 1696 1333 ad
1724 1280 2083 1343 Valentinum.

502 1398 574 1409 -——
604 1369 679 1423 De
722 1370 901 1441 gracia
948 1380 1003 1423 et
1050 1370 1217 1426 libero
1264 1372 1512 1435 arbitrio,
1560 1372 1693 1427 liber
1734 1390 1892 1427 llllllS.
1918 1403 1983 1413 —
2013 1372 2087 1428 De

502 1464 856 1532 conceptione
888 1473 943 1518 et
980 1465 1174 1533 gratia,
1218 1464 1354 1518 liber
1386 1481 1542 1519 unus.
1572 1497 1640 1506 --
1681 1465 1919 1537 Epistola
1953 1465 2084 1519 Pro-

500 1554 643 1622 speri
672 1555 737 1608 ad
761 1570 906 1608 eum.
931 1587 998 1595 —
1023 1556 1255 1626 Epistola
1290 1557 1472 1611 llilarii
1497 1559 1822 1613 Ardurensis
1844 1561 1910 1614 ad
1937 1576 2083 1615 cum.

498 1677 573 1686 —
596 1648 669 1702 De
696 1648 1150 1717 predestinatione
1181 1660 1517 1714 sanctorum,
1542 1650 1676 1705 liber
1696 1651 1733 1705 I.
1755 1683 1823 1692 —
1848 1654 1918 1707 De
1945 1653 2085 1707 bono

500 1739 921 1809 perseverantie,
964 1740 1099 1795 liber
1133 1741 1171 1794 I.
1211 1772 1280 1781 —
1319 1739 1383 1795 In
1422 1742 1549 1795 alio.
1587 1741 1787 1796 Contra
1826 1741 2082 1797 Faustum

500 1828 859 1888 Manicheum,
886 1828 978 1883 lib.
1011 1830 1072 1884 Il.
1102 1861 1163 1870 —
1186 1829 1259 1885 De
1290 1830 1579 1895 mendatio,
1608 1830 1700 1885 lib.
1730 1830 1769 1885 I.
1794 1861 1862 1871 —
1884 1830 2081 1886 Contra

503 1921 859 1986 mendatium,
888 1922 979 1976 lib.
1012 1921 1051 1975 I.
1081 1953 1146 1961 —
1184 1921 1256 1975 De
1284 1937 1412 1975 cura
1442 1937 1539 1992 pro
1570 1922 1796 1976 mortuis
1824 1921 2077 1992 gerenda,

499 2009 595 2069 lib.
623 2013 662 2068 l.
679 2045 751 2055 —
774 2014 850 2070 De
871 2030 994 2068 vera
1019 2013 1293 2084 religione,
1320 2012 1409 2068 lib.
1436 2012 1475 2067 I.
1498 2044 1567 2053 —
1590 2012 1663 2068 De
1687 2022 1873 2068 natura
1898 2021 1952 2070 et
1971 2015 2071 2068 ori-

490 2094 624 2176 gine
650 2106 830 2160 anime
855 2105 921 2160 ad
949 2104 1239 2170 Renalttm,
1268 2104 1409 2159 liber
1434 2104 1473 2159 l.
1502 2135 1571 2144 —-
1598 2104 1679 2160 Ad
1714 2105 1934 2160 Petrum
1963 2121 2087 2175 pre-

498 2195 759 2251 sbiterum
803 2198 869 2254 de
905 2198 1093 2253 eadem
1140 2212 1225 2262 re,
1273 2196 1409 2253 liber
1444 2197 1483 2252 I.
1526 2227 1595 2238 —
1630 2198 1713 2252 Ad
1746 2196 2082 2252 Vincentium

500 2287 773 2345 Victorem
812 2290 879 2346 de
912 2292 1099 2347 eadem
1138 2305 1222 2354 re,
1263 2288 1384 2344 libri
1422 2287 1481 2345 II.
1518 2320 1587 2329 ——
1624 2288 1814 2345 Sermo
1849 2287 2084 2345 Ariano-

498 2392 640 2431 rum.
672 2409 742 2419 —
771 2378 970 2435 Contra
998 2381 1245 2434 eumdem
1284 2394 1621 2445 sermonem,
1654 2379 1789 2435 liber
1823 2395 1981 2434 unus.
2017 2410 2085 2419 —

501 2470 579 2526 De
609 2472 843 2528 utilitate
868 2474 1144 2538 credendi,
1173 2473 1311 2528 liber
1334 2474 1372 2528 l.
1397 2505 1467 2514 —
1486 2472 1684 2528 Contra
1714 2473 2082 2528 adversarium

498 2559 634 2635 legis
661 2572 716 2617 et
740 2563 1147 2634 prophetarum,
1172 2564 1264 2620 lib.
1298 2565 1360 2620 ll.
1386 2596 1453 2605 —
1477 2562 1641 2620 Liber
1667 2566 1759 2634 qui
1787 2564 2085 2635 appellatur

500 2646 925 2722 Yponnosticon.
951 2684 1024 2695 --
1053 2654 1118 2710 In
1150 2656 1277 2710 alio.
1311 2656 1386 2711 De
1417 2655 1706 2722 Trinitate,
1740 2657 1832 2712 lib.
1866 2658 1982 2712 XV.
2015 2688 2082 2697 —

498 2742 565 2798 In
594 2746 722 2799 alio.
767 2746 957 2804 Sermo
994 2749 1059 2804 de
1101 2751 1427 2819 pastoribus,
1460 2766 1637 2806 sermo
1668 2751 1735 2806 de
1772 2751 1984 2807 ovibus.
2013 2783 2083 2791 —

498 2834 574 2889 De
616 2837 885 2907 baptismo
920 2836 1179 2893 adversus
1224 2838 1556 2904 Donatistas,
1601 2840 1722 2895 libri
1756 2839 1865 2895 VII.
1894 2871 1965 2879 —
2004 2840 2082 2895 De

497 2922 768 2996 baptismo
795 2930 1164 3000 parvulorum,
1198 2929 1318 2986 libri
1347 2930 1408 2984 ll.
1432 2960 1505 2970 ——
1532 2932 1767 3002 Epistula
1795 2933 2079 3001 Augustini

500 3020 569 3073 ad
600 3018 989 3077 Marcellinum.
1018 3054 1087 3061 —
1131 3022 1203 3079 De
1234 3024 1393 3079 unico
1427 3024 1713 3094 baptismo,
1756 3023 1890 3078 liber
1921 3012 2080 3079 unus.

487 3106 570 3152 ’--
608 3112 685 3167 De
724 3114 914 3183 spiritu
958 3124 1013 3170 et
1052 3115 1262 3180 littera,
1301 3115 1433 3171 liber
1461 3115 1501 3170 I.
1532 3147 1598 3157 ——
1633 3115 1701 3170 In
1738 3115 1863 3170 alio.
1906 3115 2082 3186 Super

497 3201 751 3259 Ccnesim
785 3206 851 3259 ad
894 3206 1164 3272 litteram,
1200 3207 1292 3263 lib.
1325 3206 1434 3262 XII.
1462 3239 1530 3247 —
1565 3206 1633 3262 In
1674 3208 1800 3261 alio.
1842 3206 1919 3263 De
1946 3223 2078 3263 con-

488 3286 660 3351 sensu
692 3299 1143 3369 evangelistarum
1164 3344 1177 3367 ,
1211 3302 1302 3356 lib.
1335 3300 1441 3355 IIII.
1471 3330 1542 3341 —
1575 3301 1651 3357 De
1684 3315 1937 3356 sermone
1972 3300 2078 3355 Do-

412 3462 424 3476 .
501 3388 631 3444 mini
670 3390 722 3443 in
765 3402 967 3458 monte,
1005 3393 1096 3448 lib.
1136 3393 1198 3449 Il.
1227 3425 1296 3434 —
1326 3393 1519 3450 Sermo
1550 3395 1616 3449 de
1652 3395 1830 3450 verbis
1866 3393 2079 3448 Domini

495 3484 589 3554 qui
618 3483 853 3542 dixerit:
889 3505 907 3537 ‹
951 3486 1279 3557 blasphemia
1310 3497 1499 3544 contra
1538 3488 1796 3559 Spiritum
1830 3496 2080 3541 sanctum

498 3590 605 3629 non
639 3576 934 3631 remittitur
961 3578 1031 3631 ei.
1068 3597 1086 3629 ι
1116 3609 1186 3618 --
1217 3578 1407 3634 Sermo
1437 3580 1503 3635 de
1535 3579 1582 3633 X
1617 3579 1787 3650 plagis
1813 3578 2002 3649 Egypti
2024 3586 2081 3633 et

497 3663 564 3718 de
594 3662 640 3717 Χ
669 3667 937 3735 preceptis
970 3666 1081 3722 Dei.
1113 3698 1182 3709 —
1210 3668 1277 3723 In
1311 3669 1439 3723 alio.
1474 3669 1666 3726 Sermo
1694 3672 1761 3725 de
1787 3670 1835 3724 X
1873 3671 2076 3727 cordis.

495 3785 569 3797 -—
591 3756 781 3813 Sermo
810 3760 875 3814 de
906 3760 1185 3829 disciplina
1212 3762 1529 3818 christiana.
1556 3794 1627 3803 —
1656 3764 1732 3819 De
1758 3764 2077 3833 penitentia,

497 3845 594 3902 lib.
626 3848 666 3902 I.
696 3879 766 3887 —
795 3849 870 3905 De
898 3852 1297 3909 cathecizandis
1330 3855 1573 3919 rudibus,
1603 3854 1697 3909 lib.
1722 3854 1764 3908 I.
1787 3884 1858 3894 —-
1886 3854 2080 3911 Solilo-

496 3940 719 4011 quium,
753 3941 848 3996 lib.
881 3942 943 3997 II.
967 3975 1038 3984 —
1069 3945 1142 4000 De
1171 3946 1340 4002 libero
1373 3947 1599 4002 arbitrio
1628 3948 1943 4014 voluntatis,
1981 3948 2075 4003 lib.

495 4029 581 4086 llI.
612 4061 682 4075 —
710 4035 838 4105 Seq.
865 4036 1070 4090 Genisii
1108 4037 1173 4108 (ἲ)
1205 4047 1391 4093 contra
1430 4039 1761 4105 Manicbeos,
1794 4038 1886 4093 lib.
1920 4039 1984 4093 II.
2006 4070 2078 4080 —

495 4124 769 4181 Adversus
800 4126 1107 4182 Manicbeos
1134 4129 1336 4184 Contra
1376 4130 1657 4200 epistolam
1694 4130 2072 4200 Fundamenti,

493 4212 586 4269 lib.
611 4215 650 4269 l.
676 4248 746 4257 —
772 4218 840 4273 In
866 4221 992 4275 alio.
1030 4220 1204 4291 Super
1232 4224 1459 4290 primam
1483 4232 1692 4292 partem
1721 4221 2073 4293 psalmorum.

491 4335 566 4350 —
590 4306 659 4363 In
693 4310 820 4364 alio.
860 4311 1035 4381 Super
1063 4314 1373 4368 secundam.
1403 4345 1473 4353 —
1502 4313 1567 4367 In
1604 4314 1727 4369 alio.
1762 4314 1936 4381 Super
1968 4324 2076 4369 ter-

494 4403 646 4457 tiam.
668 4434 740 4445 -—
758 4405 825 4458 In
849 4406 974 4461 alio.
999 4408 1195 4463 Contra
1217 4406 1488 4462 lulianum
1520 4409 1840 4476 hereticum,
1868 4410 1959 4464 lib.
1985 4410 2072 4465 VI.

494 4528 565 4538 —
592 4498 791 4555 Contra
825 4502 1061 4571 quinque
1088 4505 1342 4566 hostium,
1367 4505 1456 4558 lib.
1483 4505 1523 4558 I.
1544 4536 1616 4546 —
1637 4506 1711 4560 De
1738 4520 1908 4575 agone
1927 4506 2073 4561 chri-

494 4591 695 4657 stiano,
726 4593 821 4648 lib.
852 4594 890 4648 l.
917 4626 987 4636 —
1015 4596 1251 4666 Epistula
1296 4597 1501 4653 Ysidori
1532 4600 1767 4669 episc0pi
1799 4600 1864 4655 de
1891 4600 1934 4654 X
1971 4600 2071 4657 He-

2116 624 2373 700 Aetione
2394 643 2461 699 XI
2488 653 2540 699 et
2574 644 2723 701 mttlti
2754 646 2863 701 alii.
2886 676 2957 689 -
2980 648 3045 703 In
3076 651 3202 704 alio.
3241 651 3474 725 Epistole
3500 655 3705 729 ejusdem,

2190 746 2246 792 et
2287 737 2338 792 in
2380 738 2566 794 eodem
2602 739 2666 793 de
2700 738 2767 793 VI
2795 742 3188 810 questionibus,
3225 744 3319 800 lib.
3356 745 3397 801 l.
3430 779 3496 789 —
3526 750 3634 809 Item
3664 762 3712 814 ad

2191 826 2551 894 Bonifacium,
2574 830 2678 899 lib.
2716 830 2755 885 I.
2781 863 2852 871 —-
2878 830 3013 887 Item
3043 834 3109 889 ad
3142 834 3423 891 Paulinum
3455 838 3517 894 de
3537 843 3713 902 videndo

2191 916 2324 980 Deo,
2356 918 2449 972 lib.
2482 918 2522 973 I.
2555 949 2625 960 —-
2654 919 2781 974 Item
2815 921 2880 975 de
2912 923 3187 990 presentia
3222 924 3312 978 Dei
3344 926 3411 980 ad
3445 927 3710 1001 Dardanum,

2191 1005 2283 1061 lib.
2321 1008 2359 1062 Ι.
2396 1039 2463 1049 -
2497 1007 2564 1063 In
2608 1008 2738 1064 alio.
2784 1010 2859 1064 De
2899 1013 3078 1068 verbis
3122 1014 3356 1078 Domini,
3399 1026 3452 1070 et
3487 1018 3545 1073 de
3577 1024 3713 1079 verbis

2190 1099 2462 1169 Apostoli,
2505 1111 2559 1157 et
2600 1102 2665 1158 de
2705 1102 2927 1174 psalmis
2972 1120 3253 1163 sermones
3294 1104 3564 1165 LXXXIX.
3591 1116 3715 1171 -ιιι

2190 1194 2312 1247 alio.
2354 1194 2527 1264 Super
2550 1197 2832 1267 epistolam
2858 1199 2925 1252 ad
2960 1198 3234 1256 Romanos
3270 1210 3326 1257 et
3357 1217 3511 1272 super
3537 1208 3713 1275 primam

2191 1289 2256 1339 ad
2296 1286 2625 1343 Corinthios.
2657 1320 2728 1329 —
2762 1288 2828 1344 In
2871 1289 3001 1345 alio.
3052 1289 3230 1361 Super
3270 1293 3520 1363 epistolas
3555 1309 3715 1354 ceteras

2189 1378 2450 1450 Apostoli.
2483 1413 2552 1420 —
2586 1380 2650 1436 In
2676 1382 2801 1439 alio.
2837 1384 2911 1439 De
2941 1383 3084 1439 bono
3107 1386 3399 1457 conjugali,
3430 1387 3514 1443 lib.
3539 1388 3573 1443 I.
3593 1393 3716 1448 --De

2191 1472 2399 1541 nupciis
2434 1482 2488 1527 et
2516 1475 2976 1545 concupiscentia,
3004 1476 3096 1532 lib.
3132 1476 3195 1533 II.
3222 1508 3293 1518 —-
3321 1478 3515 1534 Contra
3542 1480 3715 1540 Parme-

2189 1562 2432 1630 nianum,
2464 1564 2555 1619 lib.
2588 1564 2671 1619 III.
2692 1595 2763 1605 -——
2784 1566 2981 1622 Contra
3010 1566 3358 1631 Petilianum,
3389 1568 3481 1623 lib.
3509 1572 3581 1626 llI.
3600 1573 3716 1627 -Ιιι

2188 1655 2313 1709 alio.
2343 1655 2543 1711 Contra
2575 1657 2992 1726 Achademicos,
3020 1660 3114 1715 lib.
3146 1660 3232 1715 IlI.
3262 1694 3332 1704 ——
3361 1662 3436 1718 De
3464 1664 3560 1717 vita
3582 1664 3716 1727 beata,

2187 1745 2279 1801 lib.
2312 1747 2351 1801 l.
2380 1780 2449 1787 —
2482 1748 2554 1803 De
2580 1749 2790 1814 ordine,
2822 1749 2919 1804 lib.
2953 1749 2992 1804 I.
3017 1781 3089 1793 ——
3131 1751 3204 1806 De
3234 1752 3444 1807 duabus
3472 1755 3715 1817 animabus,

2188 1835 2281 1892 lib.
2311 1836 2347 1891 I.
2369 1869 2439 1878 -—
2463 1836 2536 1893 De
2562 1839 2745 1911 regula
2771 1839 2893 1894 ﬁdei
2918 1856 3064 1907 vere,
3090 1841 3183 1896 lib.
3210 1838 3248 1896 I.
3267 1873 3339 1882 —
3360 1840 3716 1900 Sermoncsllll.

2188 1959 2254 1969 —
2278 1928 2441 1985 Liber
2462 1930 2526 1985 de
2549 1929 2798 1993 conﬂictu
2822 1932 3078 1987 vitiorum
3102 1941 3156 1987 et
3177 1934 3463 1988 virtutum.
3484 1964 3530 1973 -
3566 1935 3719 1992 Omelie

2188 2021 2393 2076 Cesarii
2428 2023 2494 2077 X.
2520 2054 2590 2065 —-
2622 2023 2827 2094 Regula
2855 2024 3199 2080 clericorum.
3223 2056 3294 2066 —
3319 2025 3384 2080 In
3414 2027 3531 2081 alio.
3559 2028 3620 2083 De
3645 2047 3718 2085 na-

2188 2113 2316 2184 ptiis
2340 2123 2393 2169 et
2415 2116 2880 2186 concupiscentia,
2906 2116 2999 2171 lib.
3026 2115 3061 2170 l.
3084 2149 3156 2158 —
3180 2116 3472 2174 Sermones
3498 2119 3572 2174 Ill.
3589 2150 3646 2161 —-
3667 2122 3720 2176 De

2187 2207 2645 2278 predestinatione
2671 2208 2873 2275 divina,
2910 2210 3001 2264 lib.
3028 2209 3065 2264 I.
3094 2242 3165 2251 ——
3188 2212 3265 2266 De
3294 2212 3564 2279 viduitate,
3594 2213 3665 2268 lib.
3690 2216 3718 2269 Ι.

2188 2330 2257 2340 -
2284 2299 2360 2355 De
2385 2300 2740 2368 continentia,
2768 2300 2863 2355 lib.
2894 2300 2935 2354 1.
2959 2333 3032 2341 -
3056 2300 3296 2373 Epistole
3322 2305 3389 2356 ad
3419 2303 3609 2358 Sixtum
3630 2306 3717 2360 duc.

2186 2425 2253 2435 ——
2282 2393 2636 2461 Qucstionnm
2676 2393 2851 2449 Orosii
2891 2394 2986 2448 lib.
3024 2393 3065 2449 I.
3098 2425 3169 2434 —
3200 2393 3400 2450 Contra
3438 2406 3622 2464 partem
3650 2396 3722 2450 Da-

2190 2484 2301 2538 nati
2333 2492 2454 2555 post
2485 2492 2654 2555 gesta,
2681 2483 2774 2539 lib.
2807 2483 2845 2538 I.
2870 2514 2941 2523 —
2964 2483 3357 2539 Annotationes
3384 2483 3434 2538 in
3466 2481 3578 2548 Job,
3601 2483 3673 2537 lib.
3691 2482 3718 2537 I.

2189 2608 2259 2616 —
2281 2576 2355 2632 De
2381 2577 2482 2631 ﬁde
2510 2587 2563 2632 et
2588 2577 2863 2646 operibus,
2896 2575 2987 2656 lib.
3013 2575 3051 2629 l.
3076 2607 3146 2615 —
3166 2576 3242 2631 De
3272 2574 3451 2646 regula
3472 2590 3586 2630 vere
3610 2576 3719 2640 Iidei,

2187 2668 2281 2724 lib.
2326 2671 2363 2723 I.
2393 2700 2462 2710 --
2494 2671 2567 2725 De
2600 2669 2702 2724 iide
2740 2685 2806 2723 ac.
2848 2669 3098 2735 simbolo,
3138 2670 3235 2723 lib.
3270 2669 3315 2723 I.
3346 2700 3414 2710 —
3441 2667 3517 2723 Ad
3557 2666 3716 2723 Janua-

2187 2760 2358 2825 rium,
2390 2761 2481 2815 lib.
2514 2760 2576 2815 II.
2609 2791 2676 2799 —
2714 2759 2779 2813 In
2818 2758 3017 2813 eodem.
3052 2759 3345 2814 Sermones
3385 2759 3555 2830 plures
3580 2761 3720 2830 Augu-

2189 2851 2315 2904 stini
2334 2891 2347 2913 ,
2386 2849 2645 2905 Johannis
2686 2859 2743 2905 et
2769 2849 2997 2904 aliormn
3025 2851 3406 2920 quorumdam.
3438 2880 3503 2890 —-
3528 2848 3587 2904 In
3616 2850 3714 2903 alio.

2186 2940 2384 2996 Contra
2404 2941 2772 3005 Cresconium,
2794 2941 2885 2996 lib.
2907 2939 3243 2995 "IL—Item
3268 2942 3320 2995 in
3342 2942 3513 3001 eodem
3531 2950 3655 3009 gesta
3671 2939 3721 2993 al-

2187 3029 2498 3085 tercationis
2530 3031 2668 3085 beati
2701 3031 2986 3101 Augustini
3018 3039 3211 3085 contra
3242 3028 3579 3083 Maximinum
3604 3030 3719 3083 Aria-

2117 1982 2158 2040 Β

2186 3139 2375 3177 norum
2410 3124 2739 3194 episcOpum.
2766 3154 2836 3163 —
2866 3123 2993 3177 Item
3028 3116 3217 3177 contra
3246 3120 3491 3176 eumdem
3523 3120 3723 3174 Maximi-

2186 3232 2345 3280 num,
2385 3215 2477 3269 lib.
2521 3214 2579 3269 II.
2608 3244 2677 3253 —
2710 3212 2777 3267 In
2804 3213 2934 3267 alio.
2975 3214 3051 3269 De
3087 3211 3348 3266 LXXXIII
3382 3200 3719 3280 qncsnonibus,

2186 3305 2279 3359 lib.
2305 3305 2344 3359 l.
2372 3336 2439 3344 —
2467 3303 2745 3360 Sententie
2771 3305 2839 3359 ab
2867 3309 3055 3359 eodem
3085 3303 3288 3357 dictale
3317 3302 3458 3357 XXI.
3483 3331 3546 3341 —-
3570 3302 3719 3356 Scnno

2187 3395 2425 3465 ejusdem
2456 3395 2523 3451 de
2553 3395 2832 3465 Epicureis
2857 3403 2912 3450 et
2936 3394 3153 3449 Stoicis.
3178 3425 3239 3434 -—
3273 3395 3406 3448 Item
3436 3393 3563 3448 alius
3583 3409 3721 3447 sermo

2186 3486 2253 3541 de
2279 3501 2344 3541 eo
2369 3485 2511 3557 quod
2534 3486 2739 3540 dictum
2764 3493 2848 3541 est
2874 3500 2903 3538 a
2934 3485 3161 3539 Domino
3187 3483 3255 3538 ad
3283 3484 3515 3554 Moysem
3539 3501 3617 3553 ego
3634 3500 3720 3536 sunt

2183 3581 2272 3649 qui
2301 3596 2436 3632 sum.
2464 3609 2533 3620 -—
2562 3578 2637 3633 De
2671 3588 2860 3633 natura
2896 3579 3042 3645 boni,
3078 3579 3169 3633 lib.
3205 3578 3246 3632 I.
3272 3608 3344 3617 —
3372 3578 3558 3634 Contra
3588 3576 3719 3630 Mani-

2184 3673 2366 3737 cheos,
2391 3672 2484 3727 lib.
2522 3670 2561 3725 I.
2596 3671 3048 3741 —Expositionis
3072 3670 3429 3740 quarumdam
3451 3668 3720 3740 prepositio~

2185 3780 2313 3818 num
2337 3780 2400 3817 ex
2426 3764 2650 3834 epistola
2681 3762 2831 3818 Pauli
2860 3764 2927 3816 ad
2963 3763 3232 3817 Romanos
3264 3763 3357 3817 lib.
3385 3762 3423 3817 Ι.
3452 3793 3515 3802 ——
3538 3760 3593 3815 In
3618 3760 3715 3814 alio.

2184 3855 2260 3909 De
2284 3855 2558 3926 magistro,
2580 3854 2670 3908 lib.
2689 3853 2902 3909 I.——De
2924 3853 3253 3907 divinatione
3277 3854 3575 3918 (IBIIIOIIUIII,
3598 3850 3717 3904 lib.l.

2182 3978 2253 3988 —
2274 3948 2350 4003 De
2373 3948 2690 4017 penitentia,
2716 3947 2809 4002 lib.
2835 3946 2957 4000 I.—
2974 3947 3047 4001 De
3069 3962 3242 4017 agone
3264 3947 3572 4009 christiano,
3595 3946 3668 3998 lib.
3686 3943 3716 3996 I.

2182 4072 2252 4081 —
2278 4041 2351 4095 De
2391 4030 2797 4094 immortalitate
2831 4040 3034 4106 anime,
3072 4039 3164 4094 lib.
3200 4038 3239 4092 I.
3274 4068 3347 4077 —-
3384 4039 3457 4093 De
3486 4036 3716 4107 patientia,

2184 4132 2276 4187 lib.
2306 4132 2347 4187 1.
2372 4162 2441 4171 —
2474 4133 2547 4185 De
2580 4131 2885 4197 heresilms,
2907 4110 3003 4186 im.
3028 4130 3069 4183 I.
3094 4161 3152 4169 —
3188 4130 3394 4184 Electio
3423 4139 3475 4184 et
3502 4126 3718 4183 ordinatio

2184 4223 2378 4279 Eraclii
2404 4223 2689 4293 presbiteri
2718 4222 3051 4277 successoris
3077 4221 3250 4277 sancti
3273 4220 3550 4292 Augustini
3572 4219 3716 4271 abeo-

2185 4318 2303 4372 dem
2344 4316 2642 4386 Augustino
2678 4315 2820 4369 facta
2858 4323 2914 4369 et
2943 4314 3110 4385 gestis
3137 4313 3525 4369 ecclesiasticis
3559 4309 3716 4366 contir-

2182 4420 2346 4465 mata.
2376 4438 2446 4448 —
2478 4407 2681 4463 Omelie
2711 4405 2951 4476 ejusdem
2986 4403 3149 4459 XVIII
3195 4404 3247 4457 in
3278 4403 3622 4474 Apocalipsim
3645 4398 3713 4455 lo-

2182 4503 2398 4559 hannis.
2426 4532 2493 4542 -
2528 4501 2695 4555 Liber,
2723 4502 2791 4555 de
2821 4499 3145 4553 testimoniis
3175 4498 3480 4553 divinarum
3523 4495 3716 4562 Scriptu—
3742 4562 3745 4563 ν

2182 4608 2364 4648 rarum
2407 4592 2497 4661 qui
2542 4590 2841 4661 appellatur
2878 4572 3188 4658 speculum,
3233 4587 3325 4656 qui
3371 4603 3474 4641 non
3502 4594 3577 4639 est
3611 4580 3715 4636 beati

2108 3340 2154 3402 C

494 4684 642 4740 breis
679 4688 985 4745 nominibus
1023 4691 1327 4747 salvatoris.
1357 4696 1657 4765 —-—ASermo
1693 4694 1929 4763 Cipriani
1962 4696 2076 4765 epi-
2101 4698 2154 4757 ι)
2180 4684 2481 4755 Augustini.
2515 4712 2581 4723 -—
2612 4680 2677 4734 In
2706 4679 2833 4733 alio.
2880 4680 2953 4733 De
2984 4677 3133 4733 Novo
3160 4677 3509 4733 Testamento
3541 4676 3598 4729 ad
3638 4672 3717 4765 11οξ

494 4777 641 4846 scopi
673 4779 738 4832 de
760 4795 923 4850 opere
954 4792 1008 4837 et
1041 4783 1385 4838 eleemosina.
1414 4754 1484 4824 -ἶ
1511 4784 1706 4840 Sermo
1737 4787 1978 4856 ejusdem
2008 4788 2075 4841 de

492 4870 739 4926 oratione
780 4873 1068 4931 dominica.
1111 4907 1181 4916 —-
1221 4878 1380 4931 Liber
1414 4878 1606 4933 Baruc.
1641 4910 1712 4919 ——
1752 4879 2069 4948 Exemplum

489 4962 714 5033 epistole
739 4964 991 5022 Jercmie.

564 5053 631 5108 In
666 5058 791 5112 alio.
830 5060 1244 5117 Confessiounm
1277 5063 1393 5117 libri
1435 5063 1569 5117 XIII.
1611 5093 1683 5103 -—
1726 5063 1790 5116 In
1836 5062 1961 5115 alio.
1997 5061 2072 5116 De

490 5147 795 5216 qttantitate
823 5150 1019 5213 anime,
1059 5150 1151 5205 lib.
1185 5154 1223 5208 Ι.
1254 5183 1322 5192 --
1354 5154 1531 5222 Super
1552 5153 1835 5223 epistolam
1874 5152 2075 5206 Johan-

490 5239 578 5296 nis
614 5250 875 5297 tractatus
905 5246 1108 5299 decem.
1137 5277 1205 5287 —-
1233 5247 1296 5300 In
1321 5249 1445 5300 alio.
1482 5248 1940 5301 Retractationum
1978 5244 2073 5299 lib.

489 5331 553 5388 ll.
580 5365 653 5375 —-
680 5334 754 5392 De
789 5338 1029 5392 moribus
1065 5340 1292 5393 crclesie
1322 5349 1374 5392 et
1407 5340 1471 5391 de
1504 5339 1745 5392 moribus
1768 5337 2074 5391 Manicheu-

490 5441 636 5492 rum,
678 5428 771 5484 lib.
815 5430 878 5484 Il.
903 5463 972 5472 —
1002 5432 1277 5502 Expositio
1314 5433 1554 5501 ejusdem
1596 5446 1758 5501 super
1798 5432 2073 5485 canticum

492 5517 819 5585 Salomonis,
846 5521 913 5575 de
944 5523 1168 5576 muliere
1200 5521 1345 5583 forti,
1370 5531 1418 5575 ot
1450 5522 1534 5577 VII
1569 5522 1657 5574 alii
1689 5520 1926 5588 ejusdem
1958 5536 2077 5575 ser-

489 5623 698 5675 tuoncs,
731 5621 784 5664 et
816 5609 1041 5663 aliorum
1077 5611 1260 5665 decem
1297 5621 1349 5665 et
1376 5609 1481 5664 VlI.
1515 5641 1585 5651 -—
1620 5610 1683 5663 In
1716 5609 1841 5663 alio.
1867 5608 2068 5663 Contra

490 5698 831 5768 Pelagianos,
851 5700 915 5754 ad
939 5716 1128 5770 papam
1155 5702 1508 5767 Bonifacium,
1531 5703 1622 5756 lib.
1647 5702 1751 5757 IIII.
1768 5732 1837 5742 —
1852 5699 1918 5755 In
1940 5701 2065 5755 alio.

490 5791 743 5862 Ejusdem
787 5804 1066 5863 sertuones
1104 5793 1170 5847 de
1206 5792 1434 5863 simbolo
1474 5795 1588 5857 IIII,
1630 5804 1683 5849 et
1724 5794 1789 5850 de
1830 5808 2073 5855 resurre-

2183 4787 2454 4839 noratttm,
2489 4774 2581 4827 lib.
2616 4773 2656 4826 I.
2685 4802 2755 4812 —-
2785 4772 2861 4825 De
2890 4773 2997 4825 vita
3038 4770 3359 4834 christiana,
3398 4772 3492 4825 lib.
3523 4770 3557 4823 l.
3582 4797 3638 4806 —
3658 4764 3714 4819 Ad

2182 4868 2615 4939 Sitttplit'iattum,
2638 4866 2731 4921 lib.
2757 4865 2817 4918 II.
2841 4894 2913 4903 κ-
2935 4864 3017 4918 Ad
3042 4863 3386 4918 Casusanum
3413 4861 3715 4931 prcsbitennn

2180 4962 2247 5016 de
2272 4961 2478 5029 jejunio
2507 4959 2739 5020 sabbati,
2770 4958 2865 5011 lib.
2904 4956 2945 5010 ι.
2978 4987 3045 4996 —
3077 4955 3153 5010 De
3183 4955 3553 5025 questionibus
3582 4951 3716 5004 Eran—

2180 5054 2469 5122 geliorum,
2514 5051 2606 5104 lib.
2638 5050 2701 5104 ll.
2737 5080 2808 5089 —
2847 5048 2921 5103 De
2955 5047 3063 5102 VIII
3094 5048 3332 5102 Aulercii
3367 5042 3713 5115 questionibus.

2178 5145 2269 5199 lib.
2303 5157 2339 5198 ι.
2371 5175 2441 5184 -
2468 5144 2533 5198 1η
2561 5145 2686 5197 alio.
2728 5143 3040 5211 Speculum.
3074 5171 3147 5182 -—
3184 5140 3251 5195 In
3278 5140 3407 5204 alio.
3448 5135 3714 5191 Locutiones

2176 5254 2340 5307 super
2384 5237 2693 5306 eptaticem,
2728 5237 2820 5290 lib.
2858 5236 2963 5289 VII.
3006 5265 3075 5274 ——-
3121 5234 3187 5288 In
3231 5232 3359 5286 alio.
3410 5231 3712 5298 Questionum

2175 5331 2266 5384 lib.
2305 5330 2413 5384 VII.
2443 5361 2516 5370 —
2548 5330 2611 5383 In
2636 5329 2760 5383 alio.
2795 5331 2871 5383 De
2902 5328 3125 5389 musica,
3159 5326 3250 5379 lib.
3282 5325 3369 5380 Vl.
3397 5355 3467 5364 —
3492 5324 3542 5377 In
3565 5320 3712 5375 eodem

2176 5423 2529 5479 Cassiodorus
2578 5423 2644 5477 de
2688 5421 3146 5491 ortographia.——
3175 5418 3243 5472 In
3284 5418 3412 5472 alio.
3456 5411 3710 5473 Ettcltith,

2174 5515 2268 5570 lib.
2294 5516 2334 5569 I.
2358 5545 2429 5555 —
2452 5515 2524 5569 De
2547 5515 2825 5584 disciplina
2853 5513 3168 5576 christiana,
3196 5512 3288 5566 lib.
3317 5513 3354 5565 I.
3381 5541 3452 5550 ——
3471 5508 3533 5563 In
3554 5506 3709 5560 eodem.

2179 5608 2466 5663 Tractatus
2492 5610 2633 5663 beati
2663 5607 2900 5676 Cipriaui
2924 5602 2997 5660 de
3019 5606 3269 5659 oratione
3298 5591 3711 5658 dominica.-—-ln

2178 5699 2304 5754 alio.
2338 5701 2412 5755 De
2439 5715 2602 5771 opere
2632 5699 3040 5762 monachorum,
3062 5696 3157 5751 lib.
3186 5697 3225 5750 I.
3250 5728 3321 5736 —
3348 5696 3476 5750 Item
3501 5694 3558 5748 de
3583 5699 3711 5755 expo-

2177 5794 2372 5848 sitione
2397 5792 2624 5863 cpistole
2650 5791 2714 5844 ad
2739 5789 2981 5855 Galatas,
3014 5789 3105 5843 lib.
3141 5788 3181 5844 Ι.
3206 5818 3277 5828 —-
3306 5788 3437 5841 Item
3458 5786 3519 5840 de
3542 5777 3711 5850 origine
