3852 6308
481 370 595 430 779

488 526 674 585 Iri'ruu
730 535 999 582 Ltnnonuu
1056 533 1191 585 quos
1244 531 1410 572 neutr
1462 524 1738 568 PHILIPPUS
1785 516 2074 565 ινιδεοιδηε

864 605 1179 649 ιιιιυοοεδειε
1214 602 1475 644 εεοιεειιε
1514 598 1661 638 8εοοι
1672 621 1683 637 .
1906 614 1909 615 ν

556 730 626 789 In
658 748 761 787 uno
791 728 1081 786 volumine.‘
1106 724 1438 798 Augustinus
1464 734 1626 790 super
1650 715 1973 773 Iohannem.
2007 711 2075 767 In

485 826 612 895 alio.
652 823 732 879 De
796 822 1016 879 civitate
1053 819 1169 874 Dei.
1201 817 1269 871 In
1307 800 1647 883 σθω-ευμεν
1681 802 1912 879 primam
1949 818 2074 895 par-

486 894 594 971 tem
631 912 896 985 psalterii.
934 909 1003 964 In
1038 909 1169 963 alio.
1209 896 1383 977 Super
1416 901 1709 959 secundam
1740 894 2073 969 partem.“

482 1002 611 1060 alio.
636 984 827 1074 iSuper
864 1001 1102 1057 tertiam.
1142 997 1208 1052 In
1247 996 1371 1050 alio.
1400 991 1646 1064 ‘Epistole
1683 986 1969 1061 Augustini
1996 984 2073 1041 de

470 1094 666 1163 verbis
692 1092 927 1149 Domini.
961 1090 1027 1145 In
1057 1087 1185 1143 alio.
1213 1083 1543 1157 Augustinus
1573 1089 1761 1137 contra
1793 1077 2071 1132 Faustum.

481 1186 550 1243 In
584 1188 720 1242 alio.
752 1182 1116 1255 Augustinus,
1158 1182 1224 1236 de
1258 1168 1612 1235 conlesSione.
1638 1172 1706 1228 In
1753 1168 2073 1237 αιὶορΗιιεο

480 1294 646 1350 super
674 1276 1091 1334 lamentationes
1120 1271 1390 1329 Jeremias.
1421 1274 1493 1310 —-'
1518 1267 1583 1322 In
1612 1265 1739 1320 alio.
1784 1262 2070 1317 Retracta-

480 1354 974 1441 tionesAugustini
1000 1375 1055 1422 et
1081 1367 1147 1420 de
1176 1363 1405 1420 diversis
1432 1359 1733 1415 lieresibus.
1761 1386 1833 1397 ——
1853 1353 1919 1408 In
1940 1352 2067 1408 alio.

480 1463 558 1520 De
591 1471 810 1533 pastore
837 1470 895 1517 et
926 1459 1147 1525 ovibus,
1180 1467 1237 1513 et
1267 1456 1333 1511 de
1362 1452 1633 1523 baptismo
1664 1458 1852 1507 contra
1894 1447 2071 1525 Dona-

472 1558 668 1621 tistas,
698 1563 754 1611 et
785 1553 851 1612 de
883 1552 1150 1624 baptismo
1177 1547 1557 1621 parvulorum,
1589 1551 1644 1599 et
1684 1543 1750 1598 de
1786 1540 1945 1596 unico
1973 1538 2069 1595 ba‘

473 1647 713 1718 ptismo,
748 1654 806 1699 et
835 1644 902 1700 de
929 1643 1119 1714 spiritu
1147 1651 1201 1696 et
1231 1640 1428 1694 littera.
1460 1666 1531 1677 —
1562 1634 1627 1690 In
1655 1633 1780 1689 alio.
1811 1631 2068 1701 Augusti-

476 1755 583 1794 nus
613 1753 778 1809 super
798 1735 1055 1793 Genesim
1086 1734 1151 1790 ad
1183 1733 1442 1799 litteram,
1475 1738 1529 1785 et
1559 1729 1625 1785 de‘
1646 1724 1908 1782 LXXXIII
1936 1740 2070 1795 que-

475 1803 766 1889 stionibus.
805 1829 874 1885 In
917 1828 1043 1883 alio.
1084 1826 1414 1897 Augustinus
1449 1830 1637 1878 contra
1684 1819 2029 1875 Adimantum
2053 1858 2069 1883 ,
2101 1803 2169 1877 Br

475 1923 569 1979 lib.
603 1923 662 1990 l;
692 1953 763 1995 —:
787 1930 975 1977 contra
998 1920 1418 1975 Parmenianum
1437 1957 1452 1982 ,
1490 1914 1628 1971 liber
1652 1908 1748 1980 lll;
1778 1942 1849 1953 —
1877 1918 2066 1967 contra

473 2015 657 2071 omnia
682 2014 885 2086 scripta
912 2013 1049 2083 ejus,
1080 2012 1219 2067 liber
1247 2010 1288 2066 l.
1314 2040 1383 2050 —
1411 2008 1705 2065 Sermones
1736 2003 1977 2062 Eil‘remi.
2000 2032 2068 2044 -
2137 2024 2140 2033 ν

474 2108 768 2163 Sermones
796 2104 1079 2177 Augustini
1113 2112 1168 2159 et
1194 2096 1357 2173 super
1394 2100 1658 2171 psalmum
1689 2088 1987 2163 LXXVIII,
2013 2105 2069 2151 et

470 2199 670 2255 omelie
708 2198 951 2269 ejusdem
1001 2205 1055 2253 et
1091 2194 1359 2267 leronymi
1404 2201 1459 2249 et
1494 2182 1786 2248 Ambrosii.
1827 2188 1895 2245 In
1938 2184 2062 2244 alio.

470 2292 794 2349 Ambrosius
825 2290 893 2347 de
928 2288 1064 2356 ﬁde,
1097 2297 1153 2345 et
1184 2287 1518 2361 Augustinus
1544 2292 1737 2341 eontra
1767 2282 2061 2341 Iulianum.

470 2415 543 2427 —
568 2384 637 2440 In
675 2383 803 2439 alio.
850 2382 1168 2454 leronymus
1200 2388 1391 2436 contra
1419 2374 1812 2442 ‘Jovinianum,
1850 2382 1907 2430 et
1938 2375 2066 2454 'Au-

470 2470 723 2552 gustinus
763 2477 831 2534 de
876 2452 1144 2534 consensu
1186 2461 1647 2544 evangelistarum
1679 2479 1735 2526 et
1777 2460 1844 2525 de
1885 2452 2066 2524 verbis

470 2570 743 2643 evangelii
775 2584 791 2625 :
831 2569 935 2637 Qui
974 2568 1366 2639 blasphematur
1394 2566 1447 2621 in
1488 2561 1745 2636 Spiritum
1778 2561 2065 2644 Sanctum;

471 2672 528 2722 et
555 2665 678 2722 libri
705 2663 754 2722 ll
787 2663 854 2721 de
886 2676 1137 2721 sermone
1172 2659 1386 2717 Domini
1427 2658 1482 2714 in
1513 2664 1719 2713 monte.
1742 2686 1812 2696 —
1841 2654 1906 2709 In
1936 2646 2062 2709 alia.

469 2760 832 2831 Augustinus,
863 2757 939 2813 de
959 2752 1211 2812 simbolo.
1241 2751 1537 2823 Tractatus
1562 2747 1650 2825 llll
1681 2747 1747 2803 de
1775 2744 2064 2831 llll’virtu-

471 2828 618 2910 tibus
641 2848 1011 2907 cardinalibus
1033 2887 1049 2915 ,
1079 2846 1218 2902 liber
1244 2858 1407 2900 unus.
1434 2872 1506 2885 —
1532 2841 1608 2897 De
1633 2839 1848 2901 cantico
1888 2828 2027 2894 navo
2046 2877 2062 2903 ,

470 2942 611 2998 liber
633 2957 794 2998 unus.
818 2968 889 2981 —-
914 2941 989 2996 De
1011 2938 1363 3010 cataclysmo,
1388 2920 1707 2991 libertinus.
1730 2962 1803 2973 —
1824 2931 1900 2986 De
1929 2939 2064 2985 tem-
2122 2920 2129 2939 7‘

477 3046 615 3103 pore
638 3030 928 3086 barbarico
948 3070 962 3095 ,
997 3027 1138 3084 liber
1165 3043 1326 3083 unus.
1352 3057 1424 3068 —
1447 3023 1641 3081 Sermo
1664 3021 1732 3079 de
1760 3020 1988 3079 simbolo
2010 3031 2063 3077 et
2122 3017 2127 3023 ’

984 366 1095 449 an
1132 362 1360 426 orans
1395 358 1463 418 n.
1506 336 2286 445 LAN’FMNCIAPPENptx.
2316 350 2379 391 με
2406 345 2653 404 CATAL.
2682 346 2832 404 asc.
2863 345 3036 406 sm.
3080 344 3192 405 xu.
3656 350 3736 410 τεο

1822 465 2069 535 θλ,μῶ
2102 452 2163 528 Α⁸
2249 462 2315 517 In
2358 461 2484 517 alio.
2526 460 2785 518 ‘Prennon
2832 460 3046 518 llsicon.
3095 460 3249 534 lln‘go
3294 477 3460 535 super
3499 463 3736 525 Eram.

2174 562 2334 611 stem.

2158 642 2159 645 “
2208 664 2213 668 δ
2246 645 2315 701 In
2349 643 2476 701 alio.
2522 638 2787 715 Origenes
2821 658 2987 715 super
3021 644 3309 717 epistolam
3339 649 3409 703 ad
3454 647 3737 717 Romanos,

2174 746 2229 793 et
2257 744 2427 808 super
2442 737 2571 792 Iesu
2597 752 2799 792 navem.
3230 756 3235 760 ι

2245 826 2313 882 1η
2350 825 2479 882 alio.
2513 820 2861 883 Tertulianus
2884 835 3076 883 contra
3104 827 3387 901 Paganos,
3427 840 3486 886 et
3509 831 3740 904 Origenes

2174 932 2338 990 super
2377 917 2665 975 Canticum
2692 919 3055 987 cantiwrum,
3095 929 3153 976 et
3179 934 3345 992 super
3375 924 3600 978 tertium
3622 926 3737 999 psal-

2174 1023 2353 1067 mum.
2414 1030 2417 1031 ⁷
2652 1038 2657 1059 2
3696 1038 3699 1039 ν

2176 1092 2177 1095 “
2204 1132 2207 1133 ν
2245 1096 2310 1157 In
2333 1096 2458 1156 alio.
2482 1102 2862 1160 Commentum
2883 1100 3113 1174 Philippi
3146 1103 3433 1171 presbiteri
3460 1106 3736 1176 superlata.

2201 1219 2206 1224 -
2238 1193 2310 1249 'In
2340 1194 2464 1248 alio.
2492 1192 2731 1251 Historia
2756 1193 3061 1251 Clementis.
3079 1210 3207 1251 cum
3241 1196 3495 1267 pluribus
3516 1199 3653 1254 aliis.

2194 1302 2205 1313 η-
2227 1282 2308 1369 λη
2335 1281 2463 1339 alia.
2493 1284 2633 1340 Beda
2662 1285 2730 1341 de
2758 1288 3126 1357 temporibus:
3160 1296 3216 1345 et
3244 1287 3557 1361 Egisippus.

2201 1375 2310 1430 "In
2340 1376 2469 1430 alto.
2495 1373 2769 1446 Josepltus‘
2784 1372 2947 1433 totus.
3028 1416 3029 1419 η
3472 1402 3477 1407 δ

2244 1458 2310 1519 ιη
2343 1464 2469 1519 alio.
2498 1463 2735 1520 Historia
2763 1464 3183 1523 Normanontm.

2206 1564 2207 1567 ‘
2240 1553 2309 1609 In
2334 1554 2459 1609 alio.
2490 1553 2968 1622 Vita'Alexandri;
2994 1558 3308 1617 et'ltistoria
3326 1559 3646 1620 Britontnn.

2244 1646 2308 1701 In
2338 1648 2465 1703 alio.
2495 1646 2730 1704 Historia
2752 1647 2980 1704 .Friculii
3020 1648 3372 1709 Lexoviensis
3394 1654 3654 1726 episcopi.

2242 1739 2311 1795 In
2340 1741 2467 1795 alio.
2500 1740 2794 1819 Triparlita
2826 1742 3074 1798 historia.

2243 1833 2310 1888 In
2333 1834 2463 1889 alio.
2491 1826 2719 1891 Orosius
2755 1846 2807 1890 et
2842 1835 3053 1908 Trogus
3088 1835 3404 1909 Pompeius.

2198 1936 2199 1939 ‘
2238 1925 2305 1981 In
2332 1927 2456 1982 alio.
2487 1926 2756 1983 lerarchia
2788 1927 3036 1985 Dienisii.
3118 1964 3121 1965 ν
3174 1966 3175 1969 η

2190 2038 2195 2041 τ
2238 2018 2304 2073 In
2332 2019 2459 2073 alio.
2492 2019 2895 2075 Burcbardus.»
2970 2070 2971 2073 η
3204 2062 3207 2063 ν

2241 2109 2306 2184 In
2342 2109 2469 2163 alio.
2502 2108 2787 2181 Remigius
2808 2106 2879 2164 de
2906 2110 3248 2181 expositione
3289 2111 3495 2179 misse;
3524 2123 3732 2184 etgesu

2171 2182 2502 2264 salvatoris;
2533 2198 2589 2256 et
2630 2200 2671 2254 n
2698 2199 2941 2271 'epistole
2970 2199 3272 2272 leronytni;
3304 2209 3356 2258 et
3389 2182 3657 2259 Tomellus
3678 2204 3731 2273 (τί)
3850 2206 3852 2213 '

2144 2288 2145 2295 “
2169 2293 2235 2347 de
2264 2292 2489 2347 incestis
2511 2293 2807 2364 conjugiis;
2833 2300 2888 2349 et
2914 2291 3255 2348 Gislebertus
3276 2305 3473 2349 contra
3496 2293 3728 2359 Judeum;

2138 2384 2694 2443 "et'liber'Pascltasii
2721 2386 2789 2443 de
2816 2402 3046 2458 corpore
3083 2387 3328 2453 Domini;
3372 2397 3433 2444 et
3470 2388 3603 2444 liber
3624 2391 3731 2443 Am-
3850 2376 3852 2379 ’

2166 2477 2334 2535 brosii
2383 2478 2449 2533 de
2491 2477 2603 2533 Sal.
2638 2477 2680 2545 I,
2713 2489 2769 2533 et
2801 2478 2938 2534 liber
2982 2476 3226 2548 ejusdem
3252 2479 3323 2535 de
3363 2477 3584 2551 Ioseph,
3609 2478 3731 2536 etde

2167 2571 2543 2628 benedictione
2568 2571 3023 2643 patriarcharum.
3246 2586 3261 2613 τ

2236 2662 2303 2717 In
2334 2663 2460 2719 alio.
2498 2662 2753 2719 Rabanu’s
2776 2678 2939 2734 super
2967 2661 3262 2719 Matheum.

2191 2805 2198 2815 .
2236 2755 2306 2811 In
2331 2756 2458 2812 alio.
2484 2756 2647 2812 Liber
2670 2756 2836 2826 ignoti
2862 2755 3196 2822 auctoris,“
3212 2752 3545 2811 Claudiam
3564 2765 3729 2810 mea

2164 2860 2311 2913 eum,
2347 2857 2403 2903 et
2432 2862 2659 2903 examen
2684 2846 2891 2904 Basilii.
3194 2856 3197 2857 ⁷

2176 2958 2182 2962 ν
2230 2930 2304 2997 ’1η
2331 2941 2743 2999 alimﬂabanus
2764 2942 2928 3012 super
2948 2940 3265 2997 Jeremiam.
3342 2960 3343 2963 η

2236 3030 2305 3090 1η
2335 3032 2462 3091 alio.
2486 3026 2769 3091 Jebannes
2789 3034 3159 3091 CriSsotomus
3186 3033 3647 3107 (Cbrysostomus)
3670 3032 3724 3086 de

469 3126 539 3197 de
563 3125 813 3182 oratione
838 3122 1133 3188 dominica,
1156 3130 1213 3178 et
1233 3120 1371 3178 iiber
1400 3120 1466 3176 de
1493 3118 1598 3174 nde
1627 3126 1681 3173 et
1705 3116 1980 3201 operibus,
2007 3123 2063 3171 et
2166 3130 2510 3202 reparatio“
2540 3128 2697 3198 lapsi,

469 3219 706 3292 quedam
756 3218 901 3274 dicta
942 3217 1010 3295 de
1054 3216 1321 3282 trinitate,
1362 3222 1418 3269 et
1457 3226 1637 3270 sermo
1682 3212 1748 3268 de
1797 3220 2054 3268 comtem-

470 3311 684 3385 pnenda
706 3318 902 3385 morte,
925 3318 979 3367 et
999 3307 1332 3379 Athanasius
1352 3306 1419 3363 de
1443 3306 1707 3373 trinitate,
1730 3316 1784 3362 et
1802 3304 2062 3385 Alc-uinus

469 3382 538 3459 de
568 3382 850 3481 trinitate,
898 3410 953 3459 et
990 3400 1260 3472 expositio
1301 3414 1464 3472 super
1490 3396 1777 3455 Canticum
1823 3382 2063 3454 cantico-

472 3512 615 3575 rum.
1598 3500 1601 3501 ⁷
1824 3480 1829 3487 ’
1992 3486 1999 3493 ³

474 3576 483 3581 λ
543 3586 613 3642 In
644 3587 774 3643 alio.
804 3586 1124 3658 leronymus
1161 3598 1324 3655 super
1354 3583 1595 3639 Ysaiam.
1634 3581 1703 3636 In
1741 3580 1871 3636 alio.
1910 3579 2060 3634 loro-

471 3672 670 3755 nymus
716 3696 882 3753 super
924 3679 1201 3757 Ezechiel.
1248 3677 1315 3733 In
1365 3677 1491 3732 alio.
1541 3675 1857 3750 lcronymus
1899 3682 2064 3742 super

472 3773 705 3841 Oscam,
742 3780 797 3827 et
840 3772 974 3827 alios
1007 3769 1247 3840 quinque
1285 3768 1597 3849 prophetas.
1643 3765 1705 3819 In
1744 3765 1872 3820 alio.
1921 3764 2062 3819 lcro-

474 3876 675 3935 nymus
721 3875 886 3933 super
926 3859 1243 3923 Danielem,
1293 3867 1347 3913 et
1389 3857 1533 3913 Beda
1568 3871 1731 3928 super
1773 3855 2063 3912 canonicas
2104 3876 2119 3881 ν·

474 3952 737 4025 epistolas
771 3961 827 4007 et
868 3965 1031 4023 super
1062 3958 1182 4005 acta
1224 3947 1616 4019 apostolorum.
1657 3946 1724 4001 In
1762 3945 1889 4001 alio.
1937 3946 2062 4016 Epi-

473 4043 614 4101 stole
651 4042 939 4115 leronymi.
979 4040 1049 4096 In
1086 4040 1214 4094 alio.
1258 4039 1578 4110 leronymus
1600 4050 1761 4119 super
1790 4034 2060 4090 Malbeum
2138 4066 2141 4067 ν

472 4146 528 4194 et
567 4135 839 4202 Marcum;
878 4142 935 4190 et
975 4131 1121 4188 Beda
1160 4146 1323 4202 super
1370 4129 1719 4194 Samuelem;
1756 4136 1810 4184 et
1844 4127 2061 4199 quidam

473 4243 752 4285 sermones
772 4224 1060 4297 Augustini
1086 4232 1139 4278 et
1162 4221 1402 4279 Eusebii.
1419 4251 1488 4263 —
1509 4219 1577 4275 In
1599 4219 1725 4274 alio.
1748 4217 2064 4289 leronymus

471 4336 637 4391 super
662 4319 924 4382 Marcum,
949 4325 1004 4370 et
1031 4316 1098 4370 de
1128 4313 1398 4370 bebraicis
1418 4310 1813 4383 questionibus.
1980 4310 1990 4320 "

548 4411 613 4464 In
649 4411 777 4464 alio.
808 4408 1125 4464 Ambrosius
1151 4420 1315 4475 super
1342 4405 1479 4459 beati
1507 4401 1856 4457 immaculati.

2234 3219 2302 3274 In
2328 3219 2455 3274 alio.
2490 3216 2733 3275 Joannes
2758 3217 3125 3275 Crissotomus
3169 3216 3241 3274 de
3286 3217 3449 3275 laude
3485 3216 3723 3281 Paulini

2164 3310 2525 3367 didascalicon
2553 3300 2827 3383 liug'onis;
2854 3321 2919 3366 et»
2945 3310 3290 3382 soliloquium
3320 3309 3544 3375 lsidori;
3570 3308 3721 3363 et'lit-

2171 3412 2284 3459 tera
2314 3404 2650 3479 apologettea
2690 3402 2951 3459 Bernardi
2984 3402 3236 3468 abbatis;
3264 3411 3323 3458 et
3354 3401 3495 3457 liber
3511 3398 3717 3471 ejusdem

2163 3496 2230 3551 de
2256 3494 2730 3562 consideratione;
2779 3486 2841 3550 et
2882 3484 3021 3550 liber
3065 3495 3305 3550 Ernaudi
3343 3490 3719 3549 abbatisBooev

2122 3580 2127 3581 ί
2164 3588 2319 3644 vallis
2350 3589 2417 3645 de
2461 3582 2645 3644 verbis
2666 3586 2882 3644 Domini
2911 3587 2985 3642 in.
3012 3584 3205 3653 cruce;
3233 3593 3289 3641 et
3315 3584 3455 3640 liber
3480 3576 3717 3638 Ambrosii

2162 3679 2231 3736 de
2254 3679 2494 3752 jejunio;
2525 3688 2585 3735 et
2618 3678 2892 3749 expositio
2917 3677 3177 3733 Bernardi
3214 3690 3424 3749 super:
3456 3674 3717 3730 lissam

2165 3767 2396 3825 Gabriel.
2414 3766 2548 3827 Item
2577 3768 2816 3841 Hugonis
2845 3769 2911 3825 de
2932 3784 3057 3824 arra
3082 3766 3286 3824 animo.
3362 3814 3365 3817 ἰ
3552 3794 3555 3797 ‹

2234 3858 2303 3916 In
2333 3860 2459 3915 alio.
2487 3859 2629 3915 Beda
2656 3870 2817 3929 super
2844 3858 3050 3915 Lucam
3070 3865 3130 3914 et
3161 3857 3431 3917 Marcum.
3528 3886 3532 3895 ν

2236 3948 2301 4003 In
2329 3949 2457 4004 alio.
2492 3949 2789 4005 Ennodius.
2834 3978 2835 3981 η
3186 3976 3189 3979 <

2237 4040 2303 4096 In
2332 4041 2461 4095 alio.
2491 4040 2753 4108 Isidorus,
2779 4038 3164 4111 etltimologiae.

2235 4133 2302 4188 lu
2338 4133 2464 4188 alio.
2496 4133 2735 4204 Epistole
2761 4133 3025 4203 Cipriani.

2235 4226 2266 4281 I
2270 4227 2454 4281 natio.
2482 4225 2720 4297 Epistole
2740 4224 3049 4281 Cassodori.
3488 4262 3493 4271 .

2236 4316 2304 4373 In
2336 4316 2463 4373 alio.
2501 4316 2779 4389 Expositio
2811 4312 3566 4385 BernardisuperCanticutu
3599 4321 3702 4364 can-

2052 4422 2055 4423 ⁷
2167 4406 2419 4466 ticorum.

551 4503 618 4556 In
648 4502 776 4555 alio.
809 4501 1043 4555 Isidorus
1072 4488 1137 4553 de
1165 4496 1357 4553 olliciis
1389 4496 1469 4551 vel
1498 4496 1565 4551 de
1598 4495 1827 4551 diversis
1850 4492 2061 4549 virtuti-

2214 4499 2313 4554 ;In.
2332 4496 2461 4554 alio.
2489 4497 2671 4553 Prima
2698 4512 2825 4569 pars
2846 4496 3088 4569 partiarii
3117 4496 3203 4569 (Ξ).
3234 4488 3697 4552 Ιηναιίο.νὸοαωιίιι

475 4594 601 4657 bus,
632 4602 686 4647 et
718 4592 852 4648 liber
894 4607 1033 4645 unus
1063 4591 1129 4644 de
1153 4587 1506 4651 diﬂ‘erentiis;
1540 4595 1592 4641 et
1622 4585 1759 4640 liber
1787 4583 2061 4638 Ambrosii

475 4685 545 4740 de
578 4683 817 4740 abusivis
856 4681 1064 4746 seculi;
1111 4689 1165 4735 et
1210 4679 1344 4733 liber
1375 4676 1720 4748 questionum
1756 4672 1930 4730 Orosii
1956 4714 1973 4739 ,
2008 4683 2064 4727 et

459 4764 798 4844 responsum
825 4768 1131 4840 Augustini.
1161 4767 1293 4822 Item
1336 4767 1403 4821 de
1433 4762 1804 4834 singularitate
1839 4763 2065 4818 clerico-

476 4883 598 4922 rum
627 4882 641 4929 ;
675 4863 800 4919 item
830 4863 899 4918 de
933 4860 1177 4925 Adamo;
1214 4859 1342 4911 item
1371 4857 1436 4911 de
1465 4856 1645 4925 regula
1675 4869 1800 4908 vere
1833 4853 1984 4919 tidei;
2009 4862 2065 4908 et

406 5026 409 5029 _
467 4972 757 5017 sermones
799 4952 1085 5025 Augustini
1132 4964 1295 5020 super
1342 4945 1623 5018 epistolam
1667 4943 1968 5011 Johannis;
2009 4953 2065 4999 et

470 5052 612 5110 iiber
642 5046 928 5106 Gennadii.
1038 5050 1039 5053 “
1255 5054 1258 5058 ’
1352 5032 1355 5037 ’

404 5202 411 5209 ,
544 5144 613 5199 In
636 5142 763 5197 alio.
790 5138 1083 5213 Gregorius
1101 5149 1266 5209 super
1286 5131 1656 5191 lezecbielem.
1682 5129 1751 5187 in
1774 5130 1904 5185 alio.
1932 5124 2063 5201 Spe-

392 5220 395 5223 ἰ
468 5232 652 5291 Culum
676 5230 944 5303 Gregorii.
1509 5257 1515 5260 -
1832 5240 1835 5241 ⁷

450 5318 453 5321 λ
550 5324 615 5382 lu
652 5324 783 5379 alio.
810 5322 1047 5379 Hilarius
1074 5322 1141 5377 de
1171 5318 1431 5375 trinitate.

548 5409 769 5471 ln'alio.
801 5412 1124 5469 Ambrosius
1153 5425 1315 5482 super
1344 5410 1569 5465 Lucam.
1604 5456 1607 5457 ν

446 5510 447 5513 “
480 5504 493 5531 λ
546 5508 613 5564 In
644 5508 771 5561 alio.
800 5492 1121 5562 Ambrosius
1152 5506 1219 5560 de
1243 5501 1449 5559 ciliciis.
1786 5548 1789 5549 ν

549 5597 576 5653 1
584 5616 616 5652 n
643 5598 770 5653 alio.
808 5597 988 5654 Prima
1016 5610 1145 5666 pars
1164 5596 1230 5651 de
1249 5592 1607 5650 sacramentis
1632 5588 1929 5647 secundum
1957 5587 2059 5643 Hu-

476 5703 693 5760 gonetn.
728 5717 799 5728 —
845 5686 913 5741 In
954 5686 1081 5740 alio.
1122 5685 1391 5742 Secunda.
1416 5715 1485 5725 —
1528 5682 1596 5738 In
1634 5680 1761 5738 alio.
1806 5677 1960 5749 litigo
1994 5681 2061 5737 de

478 5794 605 5837 arca
635 5790 687 5837 et
714 5782 780 5837 de
809 5780 930 5835 aliis
953 5780 1216 5849 pluribus.

2239 4588 2303 4643 In
2333 4589 2461 4643 alio.
2493 4586 2763 4644 Maximus
2804 4582 3067 4643 Valerius.

2233 4681 2301 4736 In
2325 4682 2449 4736 alio.
2484 4681 2741 4735 Rabanus
2766 4681 2832 4735 de
2858 4680 3069 4734 naturis
3098 4692 3304 4733 rerum.
3446 4724 3449 4727 λ

2240 4774 2306 4828 1η
2345 4774 2472 4843 alio.
2503 4771 2834 4844 Pomponius
2882 4771 3048 4836 Mela,
3103 4771 3169 4825 de
3214 4767 3698 4842 eostnogmpltia;cl

2165 4864 2393 4932 Tullius,
2426 4867 2492 4921 de
2530 4866 2638 4921 [ine
2672 4865 2800 4921 boni
2828 4875 2885 4921 et
2911 4864 3068 4928 mali;
3096 4873 3153 4919 et
3186 4864 3252 4918 de
3296 4861 3697 4921 Amdemicism

2164 4959 2385 5014 Timeus
2408 4958 2650 5013 Platonis
2680 4958 2747 5014 ab
2777 4957 2897 5026 ipso
2930 4956 3118 5012 Tullio
3162 4956 3491 5020 translatus;
3522 4962 3572 5010 et
3601 4946 3695 5003 Tul-

2164 5050 2267 5105 lius
2295 5050 2360 5105 de
2405 5049 2710 5119 particione
2736 5048 3006 5114 oratoria;
3051 5056 3106 5104 et
3152 5046 3290 5103 liber
3313 5032 3695 5102 CandidiAriaIi

2164 5140 2232 5194 ad
2264 5136 2607 5194 Victorinum
2648 5138 2717 5193 de
2744 5137 3093 5209 generatione
3135 5137 3352 5217 divina;
3394 5147 3455 5193 et
3492 5130 3690 5189 Hilarii.

2162 5231 2229 5287 de
2250 5229 2481 5297 sinodis,
2509 5236 2564 5286 et
2582 5228 2831 5299 ejusdem
2846 5228 2985 5284 liber
3020 5221 3521 5295 coutrﬁeValeutem
3548 5233 3593 5281 et
3612 5220 3693 5275 Διι-

2164 5321 2431 5379 xencium.
3284 5340 3287 5349 ·
3362 5334 3371 5339 ε

2234 5411 2299 5465 In
2325 5410 2455 5467 alio.
2487 5410 2682 5466 Petrus
2706 5407 2997 5464 Aull‘onsus
3016 5407 3298 5481 (Allonsi).

2236 5505 2262 5559 1
2272 5523 2303 5559 n
2329 5505 2456 5560 alio.
2483 5504 2706 5559 Anneus
2739 5501 2926 5560 ﬂorus.

2232 5598 2302 5654 In
2328 5597 2453 5652 alio.
2485 5596 2638 5651 Dicta
2659 5594 2949 5665 Gregorii-

2233 5690 2300 5744 In
2326 5690 2451 5744 alio.
2486 5688 2714 5743 Decreta
2744 5685 3011 5743 Gratiani.

2234 5782 2302 5836 In
2330 5782 2452 5835 alio.
2490 5778 2695 5839 Codex.
