3852 6308
98 340 174 396 m
522 330 765 390 BONIZO
795 327 1270 388 PLAIIENTINUS
1308 326 1521 387 EPISC.
1568 359 1631 370 —
1669 330 1755 388 DE
1799 331 1953 387 rm
1993 331 2078 389 ET
2125 332 2433 389 susurris
2469 333 2852 392 BONIZONIS.

1669 447 1721 508 Α
1820 443 1886 500 1η
1917 445 2038 498 alio.
2076 443 2305 498 Historia
2342 444 2557 500 Henrici
2593 446 2660 500 de
2685 445 2910 517 Anglia;
2940 454 2993 502 et
3020 445 3158 503 liber
3177 447 3321 507 Bede

160 449 207 507 In
232 447 352 504 alio.
381 444 520 502 Tres
559 452 738 516 partes
760 454 816 499 et
843 443 1057 516 Digesta
1093 457 1250 498 nova.

153 543 205 598 In
231 542 352 595 alio.
381 539 603 610 Digesta
635 546 838 593 vetera.

148 632 205 687 In
231 631 350 686 alio.
376 629 668 686 Inforciata
691 636 749 686 et
777 628 915 684 liber
940 627 1372 686 Autenticorum.

145 723 203 780 In
223 723 341 778 alio.
371 721 537 778 Liber
564 720 971 778 lnstitucionum
989 759 1004 788 ,
1028 729 1086 776 et
1108 729 1220 778 tres
1249 719 1375 778 libri
1402 719 1637 780 Codicis.

148 816 204 872 In
226 815 346 870 alio.
372 812 625 870 Instituta
651 811 944 870 Justiniani
970 813 1202 870 minora.

144 909 201 963 In
222 908 342 963 alio.
371 905 669 962 Suetonius
691 914 747 962 et
768 905 1076 976 Eutropius.

146 997 200 1050 In
222 996 339 1050 alio.
370 994 700 1063 Suetonius;
728 1003 783 1052 et
803 994 978 1052 Julius
1002 994 1334 1063 Frontinus;
1363 1002 1417 1051 et
1439 993 1638 1052 Eutro-

89 1088 209 1159 pius;
232 1095 284 1142 et
303 1083 466 1142 Tullii
497 1084 838 1153 Tusculanae,
861 1093 918 1144 et
939 1085 1242 1158 Philippica
1266 1084 1531 1155 ejusdem.

144 1179 199 1233 In
235 1178 357 1233 alio.
395 1177 608 1234 Tullius
639 1177 706 1234 de
752 1186 945 1234 natura
989 1179 1248 1248 deorum,
1296 1178 1416 1234 libri
1445 1177 1544 1245 III;
1569 1176 1638 1234 de

89 1271 414 1338 divinatione,
445 1270 575 1327 libri
603 1269 676 1338 II;
721 1271 942 1329 Timeus
969 1271 1212 1328 Platonis
1241 1271 1310 1327 ab
1345 1287 1411 1329 eo
1458 1280 1637 1328 trans-

89 1363 224 1428 latus;
249 1372 298 1417 et
338 1361 406 1418 de
457 1362 624 1426 Fato,
657 1360 794 1418 liber
835 1361 887 1429 I;
932 1362 1001 1418 ad
1029 1361 1340 1419 Ortensium
1383 1362 1637 1433 (Horten-

89 1454 238 1522 sium),
269 1452 405 1509 liber
426 1451 477 1519 l;
512 1461 571 1508 et
599 1452 666 1508 de
689 1451 922 1524 Legibus
951 1452 1073 1510 libri
1103 1452 1188 1508 III.

143 1544 198 1598 In
224 1546 341 1599 alio.
375 1544 623 1616 Epistole
658 1545 817 1602 Plinii
856 1545 1123 1618 junioris;
1178 1554 1236 1601 et
1266 1543 1526 1615 Apuleius
1573 1543 1640 1600 de

89 1637 165 1692 deo
188 1637 446 1705 Socratis;
478 1646 535 1693 et
572 1637 810 1696 Hilarius
851 1654 1014 1712 super
1049 1637 1354 1705 Matheum;
1387 1647 1442 1694 et
1470 1637 1633 1695 Gesta

89 1726 396 1785 Francorum.

140 1819 195 1874 1η
215 1820 330 1874 alio.
358 1819 698 1878 Collationes
725 1821 970 1878 Patrum.

142 1910 198 1964 In
217 1911 332 1966 alio.
365 1911 610 1983 Epistole
646 1913 844 1969 Ivonis.

140 2001 196 2056 In
214 2003 329 2056 alia.
362 2003 594 2060 Decreta
624 2005 824 2062 Ivonis.

141 2092 326 2148 Inalio.
360 2095 528 2150 Liber
558 2095 800 2167 Ilugonis
829 2095 1240 2167 archiepiscopi.

141 2186 193 2237 In
216 2186 331 2239 alio.
358 2187 586 2244 Boetius
612 2190 677 2244 de
709 2189 970 2254 trinitate,
992 2198 1047 2244 et
1075 2198 1439 2247 commentum
1469 2189 1636 2246 Gisli-

87 2276 193 2330 berti
222 2279 490 2334 I‘orrelani
520 2295 685 2350 super
717 2280 986 2335 eumdem.

137 2365 192 2418 In
215 2368 331 2422 alio.
362 2367 692 2424 Psalterium
729 2368 1048 2439 glossatum.

142 2458 193 2511 tu
221 2459 334 2514 alia.
362 2459 559 2517 Glosse
589 2460 856 2531 psalterii.

139 2547 195 2604 In
218 2549 334 2604 alio.
361 2551 609 2622 Epistole
647 2552 795 2607 Pauli
831 2551 1084 2623 glossate.

141 2639 194 2695 In
225 2642 339 2696 alio.
374 2642 655 2699 Palladius
685 2643 751 2699 de
779 2643 1130 2715 agricultura.

137 2731 194 2786 In
216 2735 331 2788 alio.
367 2735 614 2808 Vigetius
638 2735 936 2807 (Vegetius)
964 2735 1030 2790 de
1069 2750 1127 2791 re
1158 2735 1394 2790 militari.

140 2823 194 2877 In
217 2825 330 2880 alio.
361 2826 647 2899 Remigius
676 2843 837 2898 super
868 2827 1222 2882 Marcianum.

140 2914 194 2969 In
219 2918 334 2972 alio.
362 2919 562 2975 Glosse
591 2935 753 2989 super
783 2919 1137 2974 Marcianum.

140 3006 196 3062 In
222 3009 340 3065 alio.
374 3010 560 3082 Super
593 3011 958 3076 Marcianum;
987 3021 1041 3066 et
1076 3011 1212 3065 liber
1249 3009 1405 3064 Tullii
1442 3011 1506 3066 de
1537 3027 1635 3081 pa-

90 3098 296 3164 radoxis;
316 3109 368 3154 et
395 3100 610 3155 Tullius
635 3115 732 3170 pro
758 3100 934 3154 Marco
956 3099 1229 3165 Marcello,
1254 3108 1308 3154 et
1327 3117 1422 3169 pro
1437 3099 1635 3167 Quinto

3214 337 3322 397 789

1744 537 1920 592 minor
1955 537 2019 590 de
2047 546 2287 606 tempore
2313 545 2367 590 et
2394 538 2460 590 de
2489 547 2680 589 natura
2707 551 2907 591 rerum.

1813 629 1883 684 In
1913 629 2039 683 alio.
2071 629 2434 696 Quintilianus
2462 629 2528 683 de
2555 629 2905 686 institutione.

1811 722 1879 777 In
1912 723 2037 776 alio.
2063 720 2424 789 Quintilianus
2458 719 2526 773 de
2551 719 2752 774 causis.

1811 813 1877 868 In
1903 812 2028 866 alio.
2067 811 2340 867 Itetorica.

1811 904 1879 959 In
1908 905 2034 959 alio.
2070 903 2342 960 Rctorica.

1811 994 1880 1051 In
1915 996 2041 1050 alio.
2076 994 2352 1051 Retorica.

1811 1086 1880 1142 In
1901 1087 2026 1143 alio.
2055 1087 2393 1143 Geometrica
2421 1094 2475 1143 et
2497 1086 2822 1143 aritmetica.

1812 1177 1879 1233 In
1907 1179 2033 1234 alio.
2063 1177 2430 1236 Astronomia.

1811 1269 1877 1324 In
1905 1269 2032 1324 alio.
2061 1269 2224 1327 Gesta
2253 1269 2489 1326 Cesaris.

1809 1357 1877 1414 In
1907 1359 2036 1414 alia.
2063 1359 2226 1416 Gesta
2253 1361 2504 1426 Cesaris;
2535 1369 2589 1415 et
2616 1361 2860 1417 Orosius.

1809 1447 2034 1505 In'alio.
2064 1449 2292 1515 Tullius,
2327 1450 2393 1506 de
2420 1449 2628 1507 ciliciis.

1810 1538 1876 1593 In
1913 1539 2039 1594 alio.
2075 1539 2300 1609 Tullius,
2330 1539 2665 1598 Tusculanae.

1809 1630 1876 1685 In
1902 1632 2029 1686 alio.
2062 1631 2269 1688 Tullius
2291 1674 2305 1699 ,
2349 1633 2416 1689 de
2450 1634 2840 1704 particionibus
2869 1635 3140 1700 oratoriis,
3173 1642 3227 1688 et
3256 1635 3324 1690 de

1739 1721 2002 1789 amicitia,
2027 1732 2081 1778 et
2109 1724 2175 1779 dc
2200 1733 2502 1792 senectute,
2526 1735 2580 1781 et
2623 1727 2888 1783 invective
2920 1728 2973 1782 in
3010 1727 3321 1793 Catilinam,

1670 1821 1715 1881 Β
1742 1823 1798 1868 et
1842 1815 2106 1871 invective
2138 1817 2190 1870 in
2236 1815 2508 1874 Salustum
2545 1818 2938 1890 (Sallustium);
2974 1829 3029 1875 et
3077 1819 3323 1874 Salust

1742 1905 1794 1960 in
1826 1905 2093 1971 Tullium;
2125 1916 2180 1963 et
2215 1906 2421 1964 Seneca
2455 1910 2522 1964 de
2562 1910 2741 1966 causis
2771 1921 2823 1966 et
2861 1911 3112 1968 remediis
3137 1908 3325 1964 fortui-

1742 2004 1938 2063 torum,
1969 2005 2021 2051 et
2044 1998 2109 2052 de
2138 1997 2474 2054 naturalibus
2503 2001 2894 2070 questionibus.

1809 2086 1877 2142 In
1903 2088 2031 2142 alio.
2060 2088 2380 2156 Macrobius,
2413 2091 2480 2146 de
2505 2091 2888 2148 saturnalibus.

1811 2179 1876 2233 In
1903 2180 2026 2234 alio.
2060 2180 2383 2248 Macrobius,
2414 2184 2654 2249 Boetius,
2677 2182 2849 2239 Plato.

1815 2272 1876 2325 In
1906 2273 2030 2327 alio.
2064 2273 2290 2339 Seneca,
2320 2276 2386 2330 de
2413 2277 2713 2331 benetieiis.

1812 2362 1878 2416 In
1904 2364 2029 2418 alio.
2062 2365 2288 2431 Seneca,
2322 2367 2388 2421 de
2415 2367 2712 2423 beneliciis.

1810 2454 1878 2510 In
1914 2455 2038 2510 alio.
2073 2457 2299 2523 Seneca,
2327 2459 2391 2513 de
2419 2458 2714 2526 beneficiis,
2746 2458 2868 2515 libri
2895 2457 3003 2513 VII.

1812 2547 2026 2601 qulio.
2063 2549 2293 2612 Seneca,
2339 2550 2404 2605 de
2452 2549 2786 2604 naturalibus
2829 2547 3232 2620 questionibus;
3271 2554 3329 2601 et

1741 2640 2059 2698 Adelermus
2091 2643 2333 2698 Batensis
2354 2644 2712 2714 (Adbelardus
2736 2643 3134 2712 Bathonensis?)
3158 2643 3328 2713 proba

1740 2743 1920 2797 vates;
1950 2749 2112 2790 aurea
2143 2751 2304 2806 capra
2329 2735 2592 2807 (Simon);
2631 2745 2687 2792 et
2720 2736 2856 2790 liber
2889 2735 3182 2790 Ilildeberti
3214 2734 3328 2791 Tu-

1741 2825 1989 2879 ronensis
2033 2826 2421 2897 archiepiscopi
2475 2827 2542 2882 de
2577 2825 2914 2883 dissensione
2962 2827 3236 2884 interioris
3271 2837 3330 2885 et

1738 2916 2029 2972 exterioris
2057 2917 2314 2984 hominis,
2343 2928 2396 2974 et
2419 2934 2700 2974 sermones
2737 2919 2875 2988 ejus,
2916 2928 2970 2975 et
2998 2921 3105 2974 vita
3134 2919 3326 2989 ipsius.

1810 3009 1878 3063 lu
1901 3010 2026 3064 alio.
2057 3011 2347 3066 Zacharias
2369 3027 2528 3082 super
2554 3029 2715 3067 unum
2745 3030 2809 3067 ea:
2829 3022 3074 3083 quatuor.

1809 3101 1878 3156 In
1909 3101 2036 3155 alio.
2067 3101 2272 3159 Omelie
2297 3103 2491 3158 Leonis
2517 3119 2689 3173 papae,
2714 3113 2769 3157 et
2795 3102 3019 3172 epistole
3049 3101 3236 3173 ipsius.

91 3185 285 3260 Ligario,
318 3202 372 3248 et
403 3209 501 3263 pro
545 3167 816 3264 Deiotaro,
847 3203 902 3248 et
945 3209 1042 3264 pro
1085 3195 1291 3264 seipse;
1326 3167 1381 3248 et
1409 3194 1632 3264 epistole
1659 3167 1708 3226 Ω
1808 3192 1876 3247 In
1906 3194 2036 3248 alio.
2062 3195 2290 3260 Plinius,
2320 3195 2387 3250 de
2409 3167 2638 3250 naturali
2666 3167 2910 3259 histor-ia,
2937 3167 3325 3253 libri—XXXVI.

90 3280 278 3337 Dimlimi
307 3286 370 3339 ad
400 3285 773 3340 Alexandrum
799 3295 852 3340 et
875 3285 1167 3338 Alexandri
1196 3285 1263 3338 ad
1292 3285 1631 3351 Dindimum;

88 3381 130 3426 et
145 3375 349 3443 Aputeus
378 3376 692 3447 (Apuleius)
735 3380 800 3432 de
843 3376 981 3444 fato;
1015 3385 1070 3430 et
1097 3376 1350 3432 Claudius
1378 3375 1631 3430 Claudia-

90 3478 195 3529 nus;
221 3477 268 3520 et
303 3469 537 3538 epistole
564 3469 768 3524 Giraldi
814 3469 1204 3534 Eboracensis;
1241 3478 1296 3524 et
1337 3470 1442 3523 vita
1472 3468 1641 3525 Nero-

91 3553 245 3617 nisi“
267 3572 422 3629 super
458 3560 740 3616 variarum
771 3559 1103 3616 Cassiodori.
1139 3570 1192 3616 et
1224 3560 1358 3615 liber
1394 3561 1638 3631 ejusdem

91 3646 140 3701 de
163 3649 338 3706 anima.

1815 3286 1955 3344 Sunt
1978 3287 2247 3342 volumina
2273 3287 2450 3354 CXIII,
2475 3288 2712 3358 exceptis
2739 3286 2925 3342 XXVII
2946 3286 3328 3349 voluminibus.

1742 3392 1862 3447 qua:
1881 3376 2026 3431 dedit
2046 3377 2350 3447 cpiscopus,
2374 3377 2468 3435 sed
2491 3376 2729 3434 nondum
2753 3376 3080 3432 habuerunt.
3105 3375 3328 3431 Summa

1743 3467 2072 3523 voluminum
2101 3467 2278 3524 CXIII.

104 3756 3320 3808 Μ

1304 3929 1468 3975 ANNO
1514 3930 1741 3973 DOMINI
1789 3929 2089 3973 MLXXXIX

2795 4165 2842 4232 gf!

707 4341 1124 4400 SUTRIENSIS
1150 4281 1444 4407 PRIbiiJM,
1487 4338 1754 4396 POSTEA
1795 4338 2274 4421 ngggnfrmus
2312 4337 2686 4395 EPISCOPUS

2027 4417 2172 4434 ---—..-_..__
2181 4421 2266 4432 ..μ-ι..

1093 4526 2256 4654 PROLEGOMENA

455 4781 1118 4878 BONIZONIS
1185 4777 1516 4904 VITA,
1581 4779 1794 4870 RES
1864 4778 2314 4901 GESTE,
2385 4777 2875 4868 semen

753 4977 1006 5068 (girus,
1042 4973 1387 5032 Mouumenta
1414 4973 1602 5041 Boica,
1627 4972 1692 5040 ll,
1734 4973 1856 5040 780,
1889 4973 2027 5046 Aug.
2063 4971 2275 5030 Vindel.
2314 4971 2467 5036 I763.
2506 4971 2626 5042 Iul.)

1451 5133 1908 5149 *—

146 5279 352 5354 Devita,
386 5288 548 5346 rebus
573 5289 742 5360 gestis
778 5296 835 5345 et
855 5288 1073 5360 scriptis
1096 5288 1386 5347 Bonizouis
1409 5291 1488 5364 (I)
1515 5292 1630 5364 epi-
1665 5277 1710 5332 Ι)
1743 5289 1923 5345 tboldo
1967 5286 2391 5352 Constantiensi,
2439 5283 2531 5356 qui
2588 5281 2702 5339 fere
2751 5299 2889 5339 unus
2942 5281 3324 5339 historicorum

90 5374 209 5442 scopi
253 5379 475 5446 primum
524 5379 842 5448 Sutriensis,
890 5389 1079 5454 postea
1126 5381 1430 5440 Placentini
1479 5385 1631 5441 multi

91 5461 227 5517 multa
253 5470 592 5541 collegerunt,
623 5473 797 5530 facem
841 5475 1092 5531 omnibus
1132 5475 1455 5545 praeferente
1498 5476 1631 5533 Ber-

149 5597 214 5664 (I)
252 5599 440 5679 ln‘ejus
476 5609 693 5663 nomine
716 5611 935 5674 mirum,
966 5618 1234 5679 quantum
1273 5610 1490 5666 varient
1534 5625 1629 5664 au-

90 5672 256 5747 ctores.
309 5671 466 5730 Putes
505 5679 557 5732 in
609 5680 844 5735 tenebris
881 5671 1102 5743 micare,
1143 5679 1376 5733 Martino
1427 5680 1630 5734 Polono

94 5730 354 5822 Pallidus,“
375 5730 651 5822 anonymo
665 5730 971 5822 signasse
992 5730 1277 5822 "rapinis;
1288 5730 1630 5822 "amisss;

93 5798 289 5864 ιυεεηεί
311 5798 1042 5894 ’Βοηιδϊέὸῑ-ιίιόιᾰδῖξίῑτλειῖ
1065 5798 1627 5888 ⁷ἰὲότίίὶό,“έὲἰίἑ”ὗόζ

1745 5382 1903 5452 isque
1927 5381 2252 5446 Germanus,
2279 5380 2400 5446 viri,
2415 5393 2530 5434 aevo
2555 5393 2653 5434 suo
2673 5386 2728 5431 et
2753 5377 2909 5432 rebus
2926 5376 3104 5441 motis,
3126 5384 3182 5429 et
3201 5372 3328 5427 scri-

1740 5475 1848 5546 ptis
1870 5473 2029 5528 editis
2052 5479 2108 5526 ct
2133 5470 2574 5535 adversitatibus,
2593 5477 2756 5537 atque
2783 5469 2898 5538 ipsa
2911 5475 3133 5522 eruenta
3149 5473 3326 5520 morte

1739 5611 1913 5673 nitho,
1948 5609 2197 5670 Boni-ws,
2235 5607 2486 5681 licuizus,
2518 5605 2778 5681 Bobiuus.
2802 5601 3324 5681 etc._Lambeccius,

1739 5697 1845 5736 non
1876 5671 2050 5735 malus
2075 5677 2518 5750 etymologiarum
2559 5675 2781 5738 arbiter,
2809 5674 3010 5750 Bo_nizo
3045 5673 3216 5750 (quod
3238 5671 3326 5725 ille

1738 5767 1926 5806 verum
1954 5751 2070 5818 ejus
2111 5742 2167 5802 et
2195 5742 2486 5820 genuinum
2529 5761 2723 5820 nomen
2765 5761 2831 5820 ex
2860 5743 3152 5820 Bertboldo
3178 5742 3323 5820 (loti-

1739 5816 2022 5880 stantiensi
2053 5819 2316 5892 agnoscit)
2345 5816 2746 5884 diminutivum,
2800 5816 2992 5886 inquit,
3036 5829 3067 5868 a
3106 5816 3332 5867 nomine
