3852 6308
555 337 662 397 783

2308 216 2494 233 κῆαιονν---ν
2505 218 2551 233 4-)

1641 318 1887 391 noruz’o
1926 324 2405 387 PLACENTINUS
2440 322 2839 384 EPISCOPUS.
3671 330 3751 393 τα

551 449 959 508 celebratissimi
1004 448 1059 505 in
1113 440 1384 505 Chronico
1439 459 1538 502 suo
1591 443 1924 501 mentionem
1981 440 2126 497 fecit.
2158 421 2207 478 Α
2232 448 2365 504 ctat,
2405 438 2692 509 inculpatae
2719 446 2776 494 et
2800 435 3003 508 proba,
3027 434 3121 493 sed
3144 436 3319 494 animi
3349 437 3650 510 prafervidi,
3671 454 3750 498 ira.

553 545 848 615 Postquam
893 558 1023 599 vero
1071 558 1193 613 qua:
1232 541 1511 613 deperdita
1558 538 1881 595 videbantur
1931 535 2129 607 ingenii

550 636 665 705 ejus
692 644 1038 691 monumenta
1083 634 1338 706 paulatim
1369 648 1401 689 θ
1443 632 1631 690 forulis
1658 631 2129 695 bibliothecarum,

548 728 885 783 eruditorum
916 727 1259 798 indagatione
1284 726 1624 798 proeminere
1646 732 1949 795 creperum,
1974 722 2130 778 indu-

548 818 683 889 stria
723 818 775 872 in
807 818 983 889 ipsum
1029 827 1304 873 auctorem
1349 817 1588 874 curatius
1621 814 1933 888 indagandi,
1970 811 2129 870 simul

548 910 786 964 excitata
813 916 918 964 est.
1158 978 1159 981 η

620 1001 765 1057 Inter
810 1001 1018 1071 primos
1068 999 1396 1056 It‘erdinandi
1450 997 1685 1071 Ughelli,
1734 996 2128 1069 Antiquitatum

549 1092 1037 1148 ecclesiasticarum
1086 1092 1251 1147 Italim
1303 1092 1526 1147 statoris
1571 1089 1789 1158 eximii,
1851 1089 2128 1161 diligentia

548 1181 792 1236 emicuit.
822 1180 1049 1237 Secutus
1078 1192 1161 1237 est
1191 1180 1473 1253 Ughellum
1501 1180 1783 1237 indefessa:
1806 1188 1863 1237 et
1900 1181 2132 1251 copiosa)

548 1271 870 1328 eruditionis
926 1273 1330 1344 bibliographus
1377 1271 1569 1327 Petrus
1620 1270 1999 1335 Lambeccius,
2036 1271 2128 1340 qui

547 1362 616 1417 tle
640 1362 932 1431 Bonizone,
961 1364 1249 1419 occasione
1289 1362 1487 1433 reperti
1526 1364 1578 1417 in
1610 1377 1737 1418 arce
1765 1361 2129 1419 Ambrasiana

546 1452 748 1508 codicis
770 1467 954 1524 agens,
980 1463 1039 1509 ut
1064 1454 1154 1509 ille
1183 1454 1323 1525 apud
1349 1452 1667 1511 Ciceronem
1701 1470 1722 1505 ι
1754 1453 1805 1508 in
1836 1468 1957 1509 eam
1984 1458 2130 1525 ’pro—

546 1545 780 1601 vinciam
808 1547 886 1603 sic
929 1547 1159 1619 copiose.
1174 1547 1448 1619 profectus
1471 1556 1576 1613 cst,
1624 1557 1684 1603 ut
1712 1547 1855 1603 domi
1907 1560 2129 1618 prorsus

547 1636 680 1691 nihil
710 1637 1055 1709 relinqueret.
1084 1656 1110 1691 ι

618 1725 821 1807 Bonizo
858 1728 1021 1801 igitur
1047 1738 1287 1800 tempore
1329 1730 1503 1800 magni
1550 1728 1693 1785 illius
1722 1729 1948 1796 dissidii,
1982 1730 2129 1801 quod

546 1836 742 1893 papam
776 1823 914 1880 iuter
934 1822 1253 1896 Gregorium
1285 1821 1375 1879 Vll
1413 1835 1461 1879 et
1506 1823 1795 1879 llenricum
1841 1822 1907 1879 IV
1952 1824 2126 1895 impe-

549 1925 802 1983 ratorcm,
812 1917 933 1988 jura
960 1918 1190 1973 clavium
1208 1929 1260 1974 et
1284 1918 1445 1990 gladii
1477 1920 1803 1974 horrendum
1829 1919 1882 1974 in
1910 1922 2126 1976 modum

546 2007 907 2070 conturbavit,
941 2023 1301 2065 arruninosam
1340 2009 1503 2064 vitam
1544 2008 1672 2082 egit,
1721 2020 1776 2064 et
1828 2009 2128 2066 Lambeccii

548 2100 765 2170 quidem
799 2101 995 2172 elogio,
1017 2102 1235 2172 pietate,
1261 2102 1568 2159 eruditione
1594 2114 1649 2158 et
1690 2104 1993 2162 constantia
2019 2104 2131 2159 cla-

546 2194 795 2249 rissimus
818 2195 1058 2250 emicuit.
1108 2194 1429 2251 Clericalem
1459 2197 1625 2250 vitam
1666 2197 1947 2268 amplexus
2000 2196 2127 2251 dum

544 2283 748 2340 caelibis
774 2284 1088 2341 vitaiotlicia
1123 2300 1227 2341 non
1250 2284 1422 2341 solum
1447 2287 1664 2357 scriptis
1679 2289 1773 2341 sed
1795 2296 1850 2343 ct
1868 2287 2131 2358 sanguine

546 2374 685 2429 tueri
735 2377 1039 2443 contendit,
1086 2377 1295 2448 primus
1350 2379 1764 2433 mansuetudine
1816 2378 2127 2451 evangelica

546 2465 769 2535 excidit,
796 2477 849 2523 et
874 2467 1070 2537 gladio,
1106 2484 1265 2537 quem
1306 2468 1358 2523 in
1385 2470 1724 2525 adversarios
1756 2470 2128 2541 stringendum

546 2559 867 2629 scriptorum
919 2575 1139 2616 suorum
1183 2570 1240 2617 et
1288 2561 1742 2618 declamationum
1780 2563 1926 2618 velut
1978 2564 2126 2629 tuba,

546 2648 760 2703 miseris
789 2648 897 2705 illis
923 2658 978 2705 et
1006 2649 1259 2720 utrinque
1288 2651 1552 2721 pudendis
1600 2652 1954 2721 temporibus,
2002 2667 2129 2722 per-

546 2742 778 2813 suadere
821 2741 1115 2815 nitebatur,
1159 2743 1358 2800 misere
1388 2743 1603 2800 tandem
1634 2754 1688 2799 et
1736 2746 2028 2801 barbarum
2073 2746 2127 2800 in

546 2841 764 2896 modum
792 2840 972 2911 periit.

616 2929 866 2986 Privatus
892 2932 1186 2987 etiamnum
1204 2932 1594 3003 etpriusquam
1624 2932 1918 3003 majoribus
1941 2934 2129 2991 Eccle-

546 3022 642 3076 size
667 3022 1019 3091 dignitatibus
1044 3023 1441 3090 admoveretur,
1484 3026 1753 3094 epitomen
1783 3026 2130 3095 Augustinia-

2231 532 2416 599 eundi,
2466 530 2886 589 adversitatibus
2938 530 3278 601 exasperati,
3335 540 3392 587 et
3442 533 3537 589 sub
3582 536 3751 593 obtentu

2231 628 2480 699 veritatis
2512 621 2843 694 asserenda,
2886 622 3059 696 usque
3094 626 3160 682 ad
3203 625 3498 684 Cbrlsﬁani
3535 633 3753 701 sanguinis

2231 718 2550 777 eli‘usionem
2577 718 2911 776 ferocientis.
2925 720 3057 787 Quae
3076 717 3297 789 quidem
3322 720 3485 776 animi
3499 720 3749 793 impotentia

2230 825 2337 866 non
2365 809 2539 866 solum
2587 809 2964 877 adversitates',
3016 808 3340 866 inimicitias
3383 810 3753 885 calamitatesque

2231 900 2679 971 quamplurimas,
2724 899 2819 957 sed
2855 900 3026 968 ipsam
3069 900 3314 973 denique
3346 910 3565 960 mortem
3583 918 3753 980 eantque

2229 988 2660 1049 crudelissimam
2686 989 2867 1048 eidem
2903 992 3213 1048 accersivit.
3261 992 3395 1063 Ejus
3425 994 3498 1049 rei
3524 1011 3752 1065 argumea-
3826 1020 3827 1029 ι

2232 1090 2344 1137 tum
2375 1081 2612 1139 maxime
2635 1095 2913 1153 premens,
2941 1095 3078 1151 opus
3116 1081 3298 1153 ipsum
3343 1092 3446 1148 est,
3477 1087 3605 1155 quod
3630 1090 3746 1157 primi
3826 1104 3827 1115 ι

2230 1172 2318 1228 hic
2341 1186 2407 1227 ex
2437 1171 2832 1242 antiquissimis
2858 1171 3196 1227 membranis
3216 1173 3436 1229 edimus
3461 1175 3531 1229 De
3555 1190 3748 1244 persecu-

2233 1265 2377 1319 tione
2402 1262 2658 1319 Ecclesia:
2682 1263 2753 1319 ad
2777 1261 3061 1319 Amicum.
3087 1262 3144 1318 In
3167 1278 3277 1333 quo
3306 1265 3462 1318 unice
3481 1264 3531 1319 in
3552 1266 3598 1321 id
3621 1268 3750 1321 eradi-

2231 1356 2396 1411 tionis
2417 1363 2472 1410 et
2496 1353 2822 1425 eloquentiae
2845 1355 3047 1411 nervos
3070 1353 3310 1409 intendit
3331 1366 3531 1421 auctor,
3552 1366 3605 1410 ut
3622 1372 3748 1412 sam-

2230 1463 2350 1502 rum
2405 1446 2733 1514 litterarum,
2756 1444 3002 1511 Patrum,
3032 1459 3305 1502 canonum
3336 1455 3391 1503 et
3440 1446 3744 1503 historicorum

2229 1536 2513 1596 sententiis
2557 1538 2611 1594 in
2653 1552 2769 1593 rem
2797 1552 2953 1592 suam
2992 1539 3446 1604 accommodatis,
3471 1540 3746 1609 persuaderet

2229 1645 2341 1687 suae.
2388 1629 2639 1687 factionis
2686 1628 3024 1697 hominibus,
3061 1629 3228 1685 licere
3279 1628 3746 1687 hominiChristiaao

2232 1722 2509 1795 religionis
2538 1721 2844 1790 veritatem,
2882 1721 3047 1776 armis
3074 1732 3130 1777 et
3180 1723 3353 1786 ferro,
3388 1724 3524 1777 ultro
3550 1738 3744 1780 assem

2235 1815 2386 1883 Quod
2416 1815 2504 1870 ille
2531 1830 2690 1885 quam
2722 1815 2992 1871 veraciter
3018 1829 3297 1886 quamque
3320 1814 3630 1885 pertinenter
3646 1829 3743 1886 prte-

2229 1900 2454 1971 stiterit,
2488 1906 2602 1977 ipse
2629 1905 2850 1972 viderit,
2880 1914 2935 1961 et
2971 1905 3061 1961 alii
3107 1905 3470 1961 arbitrentur.
3518 1905 3651 1961 Nobis
3676 1906 3743 1960 hoc
3826 1964 3827 1971 η

2230 1999 2350 2056 loco
2394 1998 2537 2053 aliud
2571 1997 2704 2053 nihil
2753 1997 3093 2070 propositum
3138 2002 3309 2068 quam
3341 1998 3619 2054 calamitosi
3648 1998 3744 2053 illius
3826 1988 3827 2005 ¹

2232 2089 2549 2147 schismatis
2573 2088 2829 2144 tenebras
2870 2104 3005 2144 nova
3034 2089 3160 2155 hac,
3193 2089 3300 2145 etsi
3328 2088 3475 2160 picea
3512 2099 3561 2143 et
3597 2088 3742 2144 fumosi
3826 2070 3827 2083 ‘

2230 2184 2347 2241 face
2395 2199 2548 2255 :equc
2595 2183 2983 2256 conﬂagrantis
3031 2199 3175 2255 pene
3231 2185 3549 2240 Christianae
3590 2185 3743 2256 pietatis

2229 2279 2386 2335 busto
2410 2287 2582 2349 rapta,
2619 2293 2783 2350 porro
2808 2277 3102 2334 illustrare.

2299 2368 2376 2424 Eo
2422 2368 2587 2440 igitur
2628 2369 2867 2441 ingenio,
2901 2369 3118 2425 turbido
3163 2378 3222 2425 et
3275 2370 3476 2426 acerbo
3524 2376 3741 2425 cumrsset

2228 2461 2452 2530 Bonizo,
2477 2461 2720 2531 privatus
2753 2460 3053 2516 etiamnum
3091 2461 3405 2519 multorum.
3439 2461 3489 2517 in
3530 2475 3583 2518 se
3612 2461 3738 2517 odium
3826 2504 3827 2535 ξ

2228 2556 2619 2621 concitaverat,
2644 2554 2909 2610 adversus
2945 2569 3085 2624 quos
3112 2552 3351 2611 Joannis
3389 2555 3581 2610 abbatis
3609 2567 3739 2623 preces
3826 2556 3827 2561 ‘

2231 2646 2503 2717 implorat,
2535 2654 2594 2700 ut
2623 2646 2831 2702 scilicet
2867 2646 3136 2702 orationis
3161 2660 3280 2703 sum
3307 2656 3460 2703 scuto
3494 2648 3553 2703 ab
3578 2646 3738 2701 minio.
3826 2640 3827 2717 ξ

2230 2757 2349 2796 rum
2380 2757 2503 2797 eum
2542 2742 2828 2798 latratibus
2850 2749 3185 2814 protegeret,
3212 2758 3448 2813 quorum
3491 2745 3644 2799 dentes
3679 2755 3740 2810 po-

2231 2836 2363 2901 tius,
2387 2835 2584 2907 quibus
2630 2835 3012 2892 dilacerandus
3026 2847 3168 2902 erat,
3197 2846 3477 2893 mansueto
3494 2846 3540 2891 et
3562 2834 3737 2907 prulenu'

2229 2927 2456 2981 consilio
2477 2936 2697 2983 caveret
2723 2926 3027 2997 oportebat.
3049 2926 3404 2983 ZEmulorum
3449 2944 3565 2981 vero
3585 2925 3739 2981 nomine
3826 2910 3827 2919 “

2229 3016 2549 3071 Lambcccio
2566 3016 2878 3088 interprete,
2893 3017 3204 3073 sacerdotes
3215 3019 3344 3075 sine
3357 3018 3512 3075 dubio
3523 3015 3736 3073 Simoneci
3826 3004 3827 3081 ξ

547 3128 672 3167 nam
701 3111 791 3176 (de
810 3127 915 3182 qua
950 3123 1136 3183 postea
1164 3113 1393 3183 plenius)
1444 3113 1511 3168 ad
1556 3112 1817 3169 Joannem
1849 3113 2125 3170 Gualbcrti
2156 3133 2200 3192 ς
2232 3118 2288 3164 et
2341 3108 2675 3164 scliismatici
2723 3108 3117 3180 intelliguntur,
3174 3124 3306 3165 cum
3360 3112 3543 3181 quibus
3583 3108 3641 3162 uti
3673 3104 3737 3175 ipsi
3826 3190 3827 3193 η

549 3203 628 3275 (2)
658 3201 823 3258 Vallis
848 3201 1127 3258 Umbrosae.
1155 3201 1205 3255 in
1232 3201 1449 3257 Etruria
1473 3202 1742 3267 abbatem,
1772 3202 2054 3258 cltaritatis
2074 3212 2131 3259 et

549 3292 981 3348 mansuetudinis
1003 3292 1325 3347 Christianae
1357 3292 1622 3363 insignem
1658 3293 1998 3363 magistrum,
2023 3294 2128 3348 nti-

547 3401 675 3443 nam
717 3396 771 3442 et
798 3385 987 3443 suum!
1020 3384 1287 3440 volumine
1315 3386 1490 3442 adhuc
1558 3386 1847 3457 superstite
1891 3388 2128 3457 perscri-

540 3483 674 3552 psit.
706 3499 723 3533 t
750 3479 1065 3551 Composuit
1093 3487 1273 3533 autem
1299 3478 1486 3549 (verba
1520 3478 1823 3535 Lambeccii
1859 3476 2128 3553 ponimus)

547 3577 687 3631 hanc
729 3576 998 3645 epiumen
1048 3572 1497 3643 Auguszinianam
1536 3581 1661 3629 ante
1709 3573 1920 3628 initium
1952 3575 2131 3643 ponti-

549 3664 742 3719 licatus
787 3661 1029 3734 Gregorii
1077 3651 1185 3729 VII,
1237 3663 1339 3717 hoc
1388 3671 1472 3716 est
1524 3671 1652 3716 ante
1696 3678 1895 3717 annum
1930 3662 2130 3719 Christi

550 3758 711 3824 I073,
742 3757 820 3811 uti
855 3764 1001 3826 patet
1042 3770 1109 3816 ex
1142 3754 1371 3824 epistola
1406 3754 1757 3821 dedicatoria,
1790 3772 1911 3825 qua:
1937 3754 2129 3811 ,Ιοςιιιιιι

550 3848 729 3905 abbati
755 3847 1013 3917 inscripta
1043 3856 1127 3902 est
1165 3846 1263 3917 ('5).
1298 3865 1317 3897 ›
1367 3844 1531 3914 Cujus
1555 3847 1760 3901 obitum
1786 3846 1853 3902 ad
1888 3848 2130 3920 ejusdem

548 3940 678 3996 anni
703 3939 841 3994 diem
875 3953 947 3991 xtt
969 3935 1094 3991 Julii
1122 3934 1237 4003 ejus
1265 3945 1387 3991 acta
1416 3935 1675 4001 referunt,
1701 3938 1935 4008 primum
1965 3940 2134 3995 inter-

549 4032 727 4103 polata
758 4046 786 4082 a
815 4026 974 4083 Surio
1000 4027 1168 4097 (tomo
1192 4026 1304 4092 IV),
1336 4037 1525 4098 postea
1554 4044 1680 4084 vero
1708 4046 1737 4084 a
1766 4039 1942 4087 morte
1970 4031 2133 4087 Lam-

550 4121 687 4178 bccii
724 4118 956 4192 genuine
986 4125 1039 4173 et
1060 4118 1372 4189 incorrupte
1394 4119 1559 4174 edita.

621 4212 787 4280 Hujus
827 4210 991 4283 igitur
1031 4210 1258 4267 Joannis
1284 4211 1494 4267 abbatis
1527 4213 1977 4271 Vallumbrosiani
2020 4233 2133 4272 ma-

546 4308 692 4362 xime
738 4307 956 4361 hortatu
996 4305 1440 4375 Augustinianam
1472 4305 1629 4361 istam
1693 4308 1962 4378 epitomen
1990 4309 2130 4365 scri-

547 4405 694 4466 ptam
718 4392 1232 4450 fuisse—Lambeccio
1257 4394 1428 4450 visum
1456 4404 1561 4460 est,
1583 4411 1648 4450 eo
1674 4397 1813 4466 quod
1836 4398 1889 4452 in
1908 4398 2133 4469 epistola

2232 3208 2419 3255 sancto
2439 3200 2620 3256 abbati
2642 3198 2861 3265 Joanni,
2884 3201 2964 3257 sic
2989 3202 3153 3256 etiam
3201 3203 3405 3259 a‘micis
3439 3202 3543 3271 ejus
3563 3211 3607 3257 et
3627 3199 3736 3255 disc:-

2229 3292 2371 3367 pulis
2390 3301 2446 3349 et
2475 3293 2750 3363 prtecipue
2776 3294 2994 3364 quidem
3041 3293 3317 3351 Bonizoni
3357 3307 3590 3369 perpetua
3616 3293 3735 3348 fuerat

2228 3383 2659 3455 gravissimaque
2686 3385 2981 3440 contentio.

2299 3474 2567 3532 Craterum
2597 3485 2746 3533 recte
2763 3476 2967 3545 colligit
2993 3477 3079 3531 vir
3099 3477 3191 3534 ille
3212 3479 3562 3544 clarissimus,
3588 3494 3677 3535 cum
3699 3477 3732 3530 ia

2229 3584 2291 3623 ea
2316 3568 2631 3640 prmfatione
2660 3568 2797 3624 nihil
2822 3579 3171 3637 memoretur,
3199 3572 3355 3641 quod
3386 3568 3731 3629 Bon‘zonemtel

2229 3662 2539 3732 episcopum
2565 3659 2653 3715 vel
2675 3659 2915 3717 exsulem
2939 3661 3159 3728 indicet,
3195 3678 3330 3719 eum
3356 3680 3486 3736 opus
3511 3663 3614 3720 illud
3631 3662 3734 3731 print

2229 3764 2393 3820 quam
2418 3750 2469 3805 itt
2499 3749 2808 3820 episcopum
2832 3748 3108 3805 Sutrinum
3136 3752 3350 3809 electus
3371 3752 3562 3821 fuisset,
3579 3764 3733 3819 conitio-

2232 3856 2425 3896 SUISSC.

2302 3934 2385 3989 An
2418 3947 2544 3989 vero
2572 3934 2776 3991 Bonizo
2806 3935 3036 3991 abbatiae
3064 3935 3123 3992 S.
3158 3936 3312 3994 Petri
3358 3940 3424 3996 de
3450 3939 3633 4009 Campo,
3668 3934 3733 3988 Pc-
3826 3984 3827 3987 η

2232 4026 2384 4089 rusii,
2406 4035 2515 4079 tum
2541 4026 2798 4095 temporis
2818 4024 3087 4095 praefuerit
3099 4036 3181 4094 ,et
3206 4044 3234 4081 a
3246 4030 3282 4083 (ι
3309 4030 3478 4100 ipsum
3491 4028 3731 4098 pertineant.
3826 4038 3827 4113 ᾗ

2234 4131 2353 4187 qua:
2381 4130 2445 4170 ex
2509 4114 2704 4187 placito
2750 4132 2892 4171 anno
2944 4115 3100 4180 1072,
3151 4117 3304 4174 inter
3358 4122 3581 4175 ablatem
3625 4114 3733 4180 ludus
3826 4142 3827 4153 ι

2233 4210 2468 4264 nominis
2494 4215 2549 4262 et
2586 4207 2832 4284 Maurum
2858 4209 2924 4264 de
2951 4210 3153 4279 prmdio
3183 4214 3422 4280 quodam
3448 4214 3496 4266 in
3523 4204 3729 4278 presenti:

2233 4298 2495 4354 Bratricis
2523 4300 2675 4354 ducis
2714 4308 2770 4354 et
2816 4298 3089 4357 Ilatliildis
3124 4301 3465 4370 paciscentes
3497 4300 3630 4355 refert
3652 4295 3729 4348 illu-

2234 4391 2363 4447 stris
2395 4390 2721 4445 Muratorius
2748 4389 2851 4462 (4),
2905 4391 2993 4457 iis,
3047 4390 3140 4462 qui
3189 4392 3329 4448 locis
3355 4387 3664 4449 controversis
3694 4390 3727 4435 θ’

551 4486 943 4561 nuncupatoria
971 4501 1223 4556 expresse
1250 4485 1457 4556 legatur
1491 4506 1509 4538 r
1545 4488 1644 4557 ipsi
1670 4489 1980 4544 insudatum
2010 4505 2133 4546 esse
2164 4519 2208 4574 ι)
2238 4482 2601 4536 monumelllis
2644 4496 2835 4537 eorum
2871 4481 3163 4538 ViCiniOres
3210 4493 3379 4556 agunt
3416 4476 3725 4540 discum“

552 4577 695 4633 istud
719 4592 876 4648 Opus,
914 4595 933 4631 ›
962 4576 1064 4632 hoc
1093 4587 1197 4641 est,
1218 4584 1279 4632 ut
1302 4578 1416 4648 ipse
1436 4578 1853 4650 interpretatur,
1890 4598 1908 4633 ι
1940 4596 2132 4638 secun-
2164 4570 2195 4574 ﬁ
2233 4570 2607 4643 relinquimus.

552 4665 871 4738 dumipsius
898 4665 1229 4720 voluntatem
1256 4668 1384 4721 etin
1410 4667 1579 4737 ipsius
1600 4684 1756 4725 usum
1789 4685 1897 4726 non
1926 4672 2133 4743 absque

552 4758 753 4813 sudore
780 4757 909 4813 illud
933 4772 1001 4813 ex
1025 4758 1276 4814 omnibus
1305 4758 1364 4813 S.
1394 4760 1678 4832 Augustini
1710 4764 1928 4837 scriptis
1968 4766 2135 4823 colle-

551 4861 700 4907 ctum
722 4858 776 4906 et
802 4848 1140 4906 elaboratum
1168 4866 1308 4906 esse.
1347 4870 1367 4903 ι

623 4949 760 5005 Erat
800 4956 1000 5014 autem,
1033 4957 1091 5001 nt
1120 4948 1287 5005 semel
1335 4948 1439 5004 hoc
1492 4956 1786 5013 moneam,
1812 4948 2013 5009 Bonizo
2050 4955 2135 5011 vir

547 5052 651 5109 pro
676 5034 874 5092 saeculo
887 5048 985 5090 suo
1006 5049 1112 5089 non
1138 5032 1505 5105 perfunctorie
1525 5034 1789 5099 eruditus,
1805 5033 1929 5090 vitae
1943 5039 2129 5109 etiam,

549 5144 671 5202 qua:
712 5127 933 5201 quidem
988 5142 1198 5185 morum
1245 5135 1302 5183 et
1343 5126 1642 5199 disciplina:
1680 5129 1970 5199 puritatem
2013 5148 2135 5204 spe-

548 5305 769 5378 proprjo
790 5275 1555 5378 Bonus'est,quemadn_i_odum
1579 5277 1854 5378 Domnizo
1892 5320 1921 5359 a
1965 5304 2129 5360 Dom-
2176 5312 2181 5319 ‘

549 5372 671 5441 itus,
692 5375 882 5433 Gunzo
912 5391 942 5430 a
972 5372 1307 5439 Guntherus,
1363 5373 1544 5442 Erizo,
1602 5375 1672 5431 ab
1703 5374 1913 5443 Ericus,
1943 5386 1998 5433 et
2025 5379 2130 5433 alia

546 5446 663 5517 ejus
695 5447 929 5519 generis.
1028 5514 1056 5519 _
1135 5517 1144 5519 _
1355 5515 1383 5519 _
1466 5515 1496 5519 η
1902 5462 1905 5465 ⁷

621 5514 723 5590 (ΞΥ
736 5517 1001 5590 Baronius
1023 5514 1323 5590 Su_riusqne
1344 5515 1695 5590 Gualbertum
1730 5531 2010 5590 perperam
2044 5533 2134 5573 vo-

549 5586 676 5643 cant
718 5589 1046 5643 observante
1093 5586 1434 5651 Lambe‘ccio,
1490 5596 1548 5643 et
1582 5587 1681 5642 'his
1708 5586 1938 5644 ducibus
1976 5604 2136 5646 error

552 5657 748 5784 fulica.
770 5657 1036 5725 invaluit,
1085 5658 1252 5729 patris
1303 5672 1541 5729 nomen,
1603 5655 1802 5714 Joanni
1836 5688 1837 5691 η
1869 5657 1979 5716 filio
2030 5661 2131 5716 tri-

591 5742 692 5783 neu
737 5744 772 5782 i.
1370 5752 1373 5755 λ
1618 5747 1625 5751 ·

591 5742 772 5783 υθυαμ
1370 5752 1373 5755 λ
1618 5747 1625 5751 ’

2305 4663 2386 4718 Ad
2432 4662 2715 4719 Sutrinum
2747 4678 2875 4719 vero
2903 4664 3276 4735 episcopatum
3306 4666 3515 4736 quando
3537 4668 3725 4731 pem!!-

2237 4756 2309 4813 rit
2332 4755 2538 4812 Bonizo
2563 4765 2913 4813 monumenta
2941 4755 3196 4813 Ecclesiae
3222 4756 3391 4823 illius,
3419 4769 3586 4827 parum
3609 4749 3725 4805 δῶσι·

2234 4848 2467 4905 feliciter
2498 4847 2729 4913 refossa,
2758 4864 2866 4904 non
2893 4848 3027 4905 satis
3055 4848 3344 4905 definiunt.
3373 4839 3727 4918 ιῐεςιιιειιιιείῦ)⁸³
3826 4904 3827 4919 ,

2237 4939 2292 4997 ἰιι
2317 4942 2445 4997 sede
2471 4954 2614 4995 anno
2652 4937 2792 4995 1078
2820 4938 3067 4997 ﬂoruisse
3094 4941 3258 4997 tradit
3285 4956 3302 4997 :
3341 4938 3564 4997 Colettus
3579 4927 3727 4988 remi!

2234 5037 2599 5093 additionibus
2643 5034 2712 5090 ad
2763 5035 2906 5091 idem
2960 5050 3119 5106 opus,
3151 5045 3364 5107 tempus
3415 5026 3663 5117 pervertit,
3692 5025 3726 5073 εί
3826 5114 3827 5117 η

2235 5142 2438 5183 annum
2484 5126 2621 5182 I075
2648 5124 2872 5181 mavult.
2909 5123 3119 5197 Ughelli
3148 5126 3310 5180 verba
3341 5125 3452 5180 haec
3476 5130 3586 5179 sunt
3618 5116 3727 5185 (ιιι
3826 5198 3827 5205 γ

2306 5282 2829 5377 (ὅὶιοοπιωεηιιᾴἀεξ
2848 5303 2984 5373 Aug.
3014 5301 3154 5377 ams.
3183 5301 3312 5358 bibl.
3346 5296 3556 5377 vium.
3595 5290 3727 5377 iter.

2236 5361 2440 5447 οερρε,
2474 5390 2526 5445 ρ.
2556 5390 2630 5430 ιιι.
2662 5374 2785 5447 731.
2816 5375 2875 5430 In
2921 5361 3387 5447 (mensionem.
3416 5387 3511 5447 ms.
3543 5379 3601 5447 ex
3632 5361 3726 5447 erg
3826 5366 3827 5445 δ

2232 5436 2587 5534 Atitbrasi'ana
2618 5447 2686 5502 ad
2725 5445 3031 5502 Caesaream
3062 5443 3442 5505 bibliothecam
3481 5436 3717 5494 delatam

2232 5516 2364 5574 Cod.
2398 5532 2594 5571 Lxxxv.

2303 5586 2382 5657 (4)
2421 5587 2584 5644 Italia
2612 5585 3156 5657 mediteAntiquitat.
3221 5595 3265 5643 ι.
3297 5583 3365 5654 ιι,
3401 5579 3485 5637 fol.
3524 5565 3722 5640 955mb-

2230 5669 2380 5798 δεῖξέ)
2406 5659 2581 5783 italiae
2610 5743 2779 5785 sacrae
2831 5737 2871 5785 t.
2898 5727 2939 5797 l,
2962 5728 3096 5785 edit.
3126 5727 3392 5786 secundm.

3825 6162 3827 6273 φ
