3852 6308
79 382 161 441 785

1060 374 1151 430 ne
1192 373 1348 429 Vl’I'A
1385 375 1473 431 nr
1496 375 1827 446 scatens
1866 376 2247 436 numerus.

3180 376 3282 432 736

78 508 195 553 pum.
226 485 351 558 XVI)
382 506 397 544 :
430 508 452 543 ι
484 488 714 547 Bonizus
739 489 822 546 vir
847 487 1004 561 longe
1027 489 1373 546 doctissimus
1411 489 1593 546 floruit
1619 492 1667 551 Α
1692 491 1775 548 rio
1796 491 1883 547 Vli
1908 491 2136 563 aliisque
2159 489 2432 548 nonnullis
2456 490 2715 548 Romanis
2736 475 3075 565 pontificibus
3097 504 3283 548 contra

78 605 188 644 anno
212 582 354 639 i078.
396 603 414 636 ι

129 674 348 749 Ejusdem
377 684 524 731 certe
546 674 671 731 anni
699 673 786 732 die
810 689 906 729 vin
931 671 1076 739 Maii,
1104 672 1162 729 S.
1188 671 1408 732 Thamar
1434 675 1602 731 aedem

76 773 310 830 Cremonre
337 787 367 825 a
419 768 692 825 Bonizone
737 766 994 837 episcopo
1046 764 1271 822 Sutrino
1319 765 1606 837 legatoque

77 863 323 935 apostolico
370 866 741 925 consecratam
798 857 966 914 fuisse
1030 857 1170 914 idem
1239 857 1495 931 Ughelius
1548 859 1602 914 in

77 955 307 1024 episcopis
338 949 795 1007 Cremonensibus
844 959 1114 1004 memorat
1152 956 1309 1018 (tom.
1357 945 1422 1003 iV
1450 989 1466 1017 ,
1506 947 1601 1003 fol.

76 1046 197 1115 596).
516 1040 541 1092 ·,

128 1135 216 1191 Sed
235 1149 335 1203 quo
355 1133 532 1189 minus
545 1132 727 1203 quiete
748 1145 866 1186 eam
885 1131 1069 1188 sedem
1088 1131 1358 1187 obtineret
1376 1130 1602 1197 Bonizo,

75 1226 381 1283 atrociaiuter
401 1225 720 1294 Gregorium
747 1223 855 1288 Vil,
880 1224 1033 1293 cujus
1058 1225 1303 1296 partibus
1328 1224 1607 1280 mordicus

77 1316 349 1380 adhaerebat,
373 1325 428 1371 et
448 1316 737 1371 Henrieum
761 1314 827 1371 IV
858 1316 986 1386 imp.
1021 1330 1126 1371 nou
1153 1314 1265 1386 jam
1286 1315 1595 1387 giiscentia,

77 1407 145 1459 sed
197 1405 241 1458 in
301 1416 542 1474 apertum
612 1404 779 1460 italia:
843 1406 1254 1478 Germaniaeque
1297 1406 1605 1465 incendium

77 1498 351 1567 erumpentia
382 1496 506 1553 odia
528 1494 848 1551 eilhiebant.
882 1495 1173 1565 Postquam
1201 1496 1342 1553 enim
1372 1497 1606 1569 irtipera-

78 1599 140 1645 tor
157 1606 278 1643 anno
307 1589 461 1655 1082,
511 1590 688 1657 primo
720 1605 846 1643 vere
876 1590 1053 1645 denuo
1084 1590 1309 1646 Romam
1362 1590 1605 1645 exercitu

77 1685 287 1753 petiisset,
339 1700 461 1738 cum
509 1700 631 1739 eam
682 1684 931 1739 obtinere
970 1698 1075 1738 non
1108 1691 1310 1754 posset,
1344 1682 1606 1753 Gregorio

77 1775 221 1827 urbem
246 1782 291 1827 et
313 1789 367 1830 se
387 1774 535 1829 omni
568 1774 615 1828 vi
645 1783 700 1830 et
727 1774 958 1831 consilio
988 1782 1189 1837 tuente,
1236 1773 1463 1828 ﬁnitima
1513 1772 1603 1827 de-

76 1864 305 1935 populatus
332 1874 432 1934 est,
466 1866 742 1934 omnibus,
773 1867 863 1936 qui
891 1865 1137 1938 Gregorii
1170 1866 1413 1935 partibus
1454 1865 1607 1920 addi-
1638 1846 1681 1902 Β

76 1956 228 2011 ctiores
245 1968 429 2013 essent.
448 1966 542 2012 aut
560 1956 756 2029 fugatis
784 1967 870 2013 aut
901 1962 1074 2029 captis
1092 1958 1190 2029 (6).
1208 1959 1407 2013 Bonizo
1431 1970 1600 2025 certe,

76 2044 183 2113 quod
219 2046 470 2102 acerbiori
522 2047 648 2103 odio
693 2046 928 2119 ﬂagrans
977 2049 1337 2104 timidioribus
1366 2049 1606 2104 consiliis

77 2136 212 2190 minus
233 2146 448 2206 pateret,
493 2136 668 2191 Sutrii
718 2138 1042 2205 subsistens,
1074 2138 1142 2193 ab
1172 2137 1422 2204 llenrico,
1451 2141 1541 2210 qui
1575 2155 1606 2193 e

77 2226 281 2285 Fanensi
306 2230 633 2284 monasterio
656 2230 953 2285 exercitum
983 2240 1247 2296 moverat,
1276 2232 1328 2285 in
1383 2232 1606 2299 captivi-

77 2328 203 2374 tatem
244 2322 484 2383 redacms
531 2330 640 2385 est,
676 2321 754 2375 uti
787 2336 907 2375 eam
937 2320 1333 2390 expeditionem
1394 2321 1604 2392 plenius

76 2409 358 2477 persequitur
376 2411 442 2466 ad
468 2410 623 2465 illum
648 2425 848 2464 annum
875 2426 1051 2464 rerum
1074 2409 1378 2466 itaiicarum
1402 2411 1607 2468 illustre

77 2499 275 2565 sidus,et
301 2502 365 2555 ah
386 2517 587 2557 occasu
619 2501 792 2573 magis
839 2500 1016 2557 adhuc
1061 2501 1270 2561 lucens.
1301 2501 1605 2560 Ludovicus

75 2590 287 2644 Antonius
316 2590 641 2661 Maratorius
662 2592 763 2662 (7).

128 2677 333 2737 υυιιιιόὶιι
365 2676 416 2731 in
446 2674 667 2730 Henrici
696 2675 921 2732 vinculis
947 2677 1165 2731 haesnit
1203 2678 1446 2749 captivus
1493 2680 1605 2750 epi-

75 2776 244 2834 scopus,
264 2783 357 2821 non
371 2768 873 2836 meminihactenus
887 2783 915 2822 a
936 2784 1209 2840 quoquam
1225 2781 1601 2827 memoratum.

79 2852 220 2928 Neque
243 2862 490 2918 credibile
522 2862 724 2917 Bozoui
760 2863 987 2916 liberum
1015 2862 1183 2918 fuisse
1207 2863 1435 2919 concilio
1465 2864 1605 2935 quod

78 2960 191 3004 anno
213 2950 351 3013 i085.
399 2969 468 3008 xx
518 2951 656 3008 Nov.
687 2966 752 3007 co
776 2952 1075 3023 iaponcndis
1104 2953 1395 3008 sacerdotii
1423 2962 1478 3010 et
1508 2954 1607 3009 im-

80 3037 179 3105 perii
205 3041 416 3097 dissidiis
449 3050 843 3115 congregatum
889 3040 1089 3109 fuerat,
1138 3043 1428 3113 interesse;
1462 3045 1605 3114 quod

82 3127 210 3185 abeo
256 3147 434 3188 omnes
480 3131 603 3188 fere
652 3134 956 3203 episcopos,
1003 3135 1095 3205 qui
1130 3134 1374 3207 Gregorii
1422 3147 1607 3206 partes

82 3220 499 3291 acriusfovebant,
552 3235 604 3279 et
652 3223 703 3277 in
736 3223 818 3279 his
864 3224 1139 3295 Hugonem
1171 3224 1605 3296 Lugduuensem,

79 3308 334 3367 Auseimum
359 3314 662 3372 anensem
689 3327 745 3371 et
786 3314 1106 3372 Rainaidum
1135 3318 1472 3385 Comensem,
1520 3334 1610 3373 ar-

79 3398 235 3456 cuisset
260 3402 515 3461 iieuricus
549 3424 564 3462 :
604 3422 781 3478 neque
805 3408 1095 3464 Farvensis
1122 3411 1439 3465 monasterii
1469 3409 1604 3466 vici-

83 3486 163 3549 nia,
188 3505 276 3559 quo
300 3495 615 3565 plerumque
644 3513 702 3552 se
735 3498 977 3567 recipere
1028 3509 1385 3555 consueverat
1433 3500 1607 3570 impe-

81 3585 211 3645 rator,
230 3585 432 3641 credere
461 3587 599 3642 sinit
631 3587 913 3657 Bonizoui,
941 3589 1024 3645 vel
1050 3590 1273 3646 dimisso
1295 3590 1380 3646 vel
1423 3590 1607 3661 elapso

82 3668 132 3720 id
146 3685 324 3742 gregem
351 3692 508 3731 suum
546 3678 723 3732 redire
753 3679 1022 3751 integrum
1055 3680 1239 3736 fuisse.
1272 3681 1368 3737 Cui
1396 3682 1609 3738 accedit

82 3761 186 3821 «Ιαοά
207 3756 443 3831 ejectusa
464 3769 709 3825 Roberto
730 3785 795 3826 ex
823 3772 958 3826 urbe
984 3769 1249 3829 Henricus
1274 3788 1418 3829 anno
1445 3772 1602 3840 i084,

84 3846 210 3903 Suirii
248 3857 561 3925 substiterit,
593 3860 668 3913 uti
718 3876 784 3915 ex
814 3861 1006 3916 charta
1042 3862 1326 3919 coniicitur
1355 3864 1607 3922 Ecclesia:

83 3933 244 3997 Pisana:
278 3962 309 4001 x
350 3948 463 4003 Kal.
508 3949 656 4005 Junii
704 3952 923 4017 tradita,
957 3968 1122 4025 quam
1152 3953 1319 4009 refert
1350 3953 1605 4023 Ugheiius

84 4035 138 4102 (8)
159 4038 229 4092 ubi
253 4058 436 4100 annum
465 4045 614 4102 1095
643 4061 741 4116 pro
780 4046 848 4102 84
898 4047 1220 4117 irrepsisse,
1259 4062 1365 4103 non
1403 4049 1600 4104 adver--

84 4128 267 4187 teutibus
294 4131 509 4205 Ughello
556 4145 610 4191 ιι
638 4136 845 4205 Coieto,
886 4146 1033 4192 recte
1076 4152 1142 4192 ex
1194 4139 1335 4193 notis
1386 4138 1605 4209 reliquis

83 4224 293 4288 temporis
332 4227 573 4298 ejusdem
628 4228 959 4300 diplomatis,
1015 4229 1269 4285 observat
1319 4240 1604 4288 accuratus

85 4322 279 4370 notarum
316 4329 501 4375 auctor
550 4320 604 4374 in
636 4321 776 4375 idem
806 4319 1085 4376 Muralorii
1128 4336 1263 4393 opus
1290 4323 1605 4392 germanico

84 4397 285 4463 idiomate
310 4411 561 4466 donatum
590 4412 686 4484 (9)-

137 4490 341 4602 llcdiisse
387 4503 533 4559 forte
585 4505 652 4558 ad
705 4504 888 4561 sedem
942 4505 1230 4575 pristinam
1271 4506 1599 4563 Bonizonem
1632 4548 1678 4602 Β

84 4592 275 4640 lustrum
303 4590 531 4649 Henrico
555 4602 703 4649 trans
730 4594 878 4664 alpes
906 4609 1175 4663 represso,
1221 4596 1323 4651 etsi
1362 4598 1430 4652 de
1456 4612 1602 4653 anno

85 4668 173 4738 ipso
194 4681 371 4737 reditus
392 4700 499 4742 non
546 4695 737 4741 exacte
767 4694 1000 4755 constet,
1030 4686 1194 4743 rebus
1225 4686 1600 4747 Sutriensibus

86 4769 211 4831 densa
234 4780 443 4853 caligine
468 4789 647 4842 adhuc
701 4788 1053 4853 obnubilatis,
1101 4803 1233 4844 vero
1264 4798 1445 4845 tamen
1491 4806 1599 4847 non

86 4873 146 4918 est
176 4870 414 4933 absimile.
443 4881 638 4935 Sedem
678 4880 855 4935 denuo
884 4895 1037 4935 suam
1066 4895 1363 4951 occupasse
1390 4880 1603 4936 videtur

87 4961 276 5045 MPO“!
295 4965 469 5026 obitus
488 4970 731 5025 Anselmi
769 4969 1045 5036 Lucensis,
1082 4968 1173 5042 qui
1210 4971 1435 5045 contigit
1459 4986 1602 5027 anno

86 5043 207 5114 ωδε,
233 5054 311 5109 die
329 5072 454 5115 xvut
482 5060 629 5131 Maii,
662 5069 739 5117 uti
773 5046 921 5133 patet
949 5076 1016 5117 ex
1045 5061 1165 5119 loco
1212 5043 1461 5131 Hubaidi,
1506 5067 1599 5136 qui
1682 5068 1687 5073 ’

87 5140 197 5203 beati
227 5153 447 5219 Anselmi
494 5159 753 5218 Lucensis
788 5160 962 5216 Vitam
1021 5161 1076 5216 in
1131 5160 1331 5235 scripta
1382 5162 1622 5219 misisse

86 5242 243 5329 passim
264 5249 580 5329 perhibetur.
606 5251 740 5307 Eum
767 5252 966 5318 loctun,
989 5267 1149 5322 quem
1178 5264 1234 5308 et
1263 5251 1520 5323 Ughellus
1544 5262 1604 5309 et

87 5326 282 5395 Oudinus
302 5356 365 5397 ex
412 5326 712 5401 Sebastiani
742 5344 1090 5416 Tengnageiii
1121 5342 1441 5402 collectione
1488 5343 1600 5401 sive

88 5434 373 5499 tyntagmate
421 5447 661 5494 veterum
699 5447 1187 5534 ⁸ιιιοιιιιιιιιξιιιοιιιιιιι
1248 5452 1348 5509 pro
1399 5437 1602 5509 Grego-

92 5585 209 5707 ne(:5)
224 5592 422 5717 1ἷέἐῖιοιι.
460 5600 731 5660 Farvense
755 5602 898 5676 apud
943 5601 1227 5672 Murator.,
1260 5611 1303 5658 t.
1331 5601 1396 5670 li,
1447 5618 1507 5674 p.
1555 5618 1595 5661 ιι

91 5727 214 5849 ὡς)
245 5733 421 5793 Annali
443 5741 491 5794 d'
513 5742 682 5814 Italia,
712 5754 751 5803 t.
780 5742 894 5816 Vl],
929 5760 984 5817 p.
1013 5758 1088 5801 m.
1115 5745 1256 5813 S74;
1286 5751 1342 5801 et
1368 5744 1600 5816 interpr.

180 5816 261 5849 ΙΙΙ.-
294 5819 324 5849 II
364 5825 427 5849 m,
458 5811 548 5849 ᾹᾹΙ

180 5816 263 5867 ιιι-ι
291 5819 341 5873 p.
364 5825 432 5865 tu.
457 5811 575 5868 Ml.

1705 580 2083 638 schismaticos
2124 579 2251 636 olim
2300 579 2730 650 conscriptorum
2778 580 2937 651 (quos
2988 581 3130 636 inter
3180 598 3287 635 non

1705 673 1953 730 intimum
1984 673 2162 730 locum
2187 674 2403 730 obtinet
2427 672 2627 728 Paulus
2642 682 2826 727 noster
2854 672 3286 740 Bernricdcusis)

1704 775 2018 835 excerptum
2049 764 2372 829 retulerunt,
2406 778 2505 820 nos
2525 778 2740 834 quoque
2760 778 2827 818 ex
2857 762 3044 818 eodem
3073 775 3284 834 syntag-

1705 868 1848 915 mate
1880 858 2365 929 repetemus,quod
2387 856 2715 914 Bonizonem
2745 853 3288 909 Ecciesiae'Sutriensi

1705 964 1849 1008 anno
1879 949 2040 1017 1086,
2069 950 2246 1008 denuo
2278 946 2555 1021 praefuisse
2583 962 2646 1002 ex
2691 944 2963 1015 exsequiis
3000 945 3145 1000 beati
3174 945 3288 998 Au-

1705 1041 1859 1098 selmi
1889 1041 2171 1107 Lucensis,
2197 1041 2390 1096 eodem
2424 1055 2588 1105 anno,
2634 1047 2794 1110 prout
2840 1040 3093 1104 diximus,
3128 1038 3290 1093 rebus

1707 1134 1960 1195 humanis
1989 1143 2261 1206 exempto,
2308 1134 2618 1189 interfuisse
2648 1133 2842 1189 exinde
2884 1142 3084 1206 pateat.
3132 1126 3291 1187 «Ro?

1706 1226 1852 1298 gavit
1873 1224 1931 1281 S.
1967 1224 2279 1289 Anselmus,
2306 1224 2481 1295 quoad
2507 1224 2661 1290 vixit,
2688 1234 2954 1299 quatenus
2978 1225 3029 1279 iu
3054 1214 3291 1294 capitulo

1708 1317 2016 1373 monasterii
2052 1315 2111 1372 S.
2147 1316 2443 1382 Benedicti,
2482 1317 2624 1387 quod
2663 1324 2748 1373 est
2793 1316 2846 1373 in
2892 1316 3005 1386 ripa
3053 1315 3289 1372 ﬂuminis

1707 1407 1925 1463 Eridani
1959 1407 2059 1462 sub
2090 1406 2398 1463 obedientia
2437 1406 2578 1462 sacri
2624 1404 2993 1465 Ciuniacensis
3023 1405 3301 1468 cmnuhii,‘

1707 1500 1849 1557 unde
1877 1500 2046 1555 frater
2076 1499 2188 1571 ipse
2236 1514 2300 1553 ac
2349 1499 2645 1554 monachus
2677 1496 2799 1563 fuit,
2829 1498 3117 1568 sepulturae
3143 1512 3291 1551 com-

1707 1593 2074 1648 mendaretur.
2109 1592 2177 1646 Et
2220 1605 2345 1646 cum
2383 1589 2805 1647 concedentibus
2845 1590 3095 1661 episcopo
3128 1598 3290 1657 atque

1706 1686 1982 1742 comitissa
2008 1684 2269 1741 Matiiiida
2296 1684 2617 1756 czeterisque
2661 1683 2912 1739 omnibus
2956 1681 3068 1752 jam
3112 1681 3290 1737 defero

1710 1789 1862 1835 retur
1889 1778 1956 1834 ad
2007 1778 2392 1836 monasterium
2438 1791 2633 1846 corpus
2663 1815 2679 1842 ,
2729 1775 2905 1830 adfuit
2953 1774 3133 1830 subito
3182 1772 3289 1829 Su-

1708 1869 1927 1926 trieusis
1952 1869 2235 1939 episcopus
2273 1868 2490 1923 nomine
2516 1865 2739 1931 Bonizo,
2769 1880 2929 1938 quem
2974 1874 3030 1920 et
3058 1863 3290 1936 Spiritus

1707 1970 1927 2018 sanctus
1953 1961 2252 2028 suscitavit,
2294 1969 2353 2015 ut
2400 1959 2659 2015 clamaret
2705 1958 3096 2029 dignumesse,
3129 1967 3187 2013 ut
3236 1959 3288 2014 in

1707 2054 1979 2125 episeopio
2008 2054 2293 2125 episcopus
2319 2052 2656 2124 sepeliretur.
2705 2051 2876 2108 Tanta
2904 2092 2920 2117 ,
2967 2051 3162 2121 inquit,
3208 2050 3291 2105 lu-

1707 2160 1895 2210 cerua,
1919 2159 2025 2198 non
2058 2143 2214 2199 decet
2241 2155 2299 2199 ut
2330 2143 2724 2211 abscondatur;
2756 2145 2869 2215 ipse
2904 2142 3080 2199 adhuc
3103 2144 3290 2198 vivens

1711 2245 1963 2305 tanquam
1990 2234 2269 2307 indignum
2300 2250 2356 2290 se
2379 2234 2711 2301 liuiniiiavit,
2740 2249 2836 2290 nos
2867 2242 3045 2290 autem
3079 2243 3136 2288 tit
3160 2247 3291 2289 vere

1707 2330 1926 2401 dignum
1984 2324 2225 2383 exaltare
2293 2336 2505 2397 oportet
2556 2326 2848 2391 hominem,
2912 2341 3071 2396 quem
3122 2324 3290 2381 fuisse

1707 2421 1911 2476 scimus
1938 2418 2361 2474 sanctissimum.
2397 2418 2768 2471 Arelamatum
2814 2424 2899 2473 est
2934 2417 3075 2472 idem
3102 2418 3287 2472 statim

1707 2512 1775 2567 ab
1805 2512 2096 2578 universis,
2136 2511 2448 2581 rapiturque
2496 2527 2524 2564 a
2576 2510 2961 2565 monachorum
2991 2509 3288 2580 obsequiis,

1710 2606 1764 2661 in
1816 2606 2148 2677 episcOpium
2194 2603 2436 2661 defertur
2485 2604 2664 2674 ibique
2712 2602 3091 2660 venerabiliter
3135 2618 3290 2675 sepe-

1707 2699 1857 2754 litur.
1894 2719 1912 2752 ι

1780 2792 1903 2847 Haec
1930 2791 1991 2845 Β.
2019 2789 2255 2847 Anseimi
2300 2789 2556 2847 Lucensis
2604 2789 2953 2862 biographus,
2985 2804 3144 2860 quem
3184 2788 3289 2843 liti-

1708 2881 1924 2939 baidum
1975 2882 2289 2953 episcolmm
2352 2881 2698 2937 Mantuanum
2756 2883 2953 2938 asserit
3005 2881 3288 2952 Ugheiius.

1708 2974 1985 3030 Eumdem.
2013 2975 2187 3031 locum
2217 2974 2480 3029 Baronius
2527 2990 2764 3045 quoque,
2810 2973 3080 3029 annalium
3113 2973 3289 3029 eccle-

1708 3066 2052 3123 siasticorum
2088 3075 2265 3136 pater,
2313 3065 2499 3122 retulit
2526 3062 2909 3138 quidemilll),
2956 3066 3050 3121 sed
3081 3063 3291 3120 duobus

1711 3157 1763 3213 in
1796 3158 1930 3214 locis
1956 3158 2242 3225 mendose;
2276 3159 2327 3213 in
2355 3160 2496 3229 quod
2521 3169 2646 3213 ante
2671 3158 2940 3215 Oudiuum
2970 3157 3058 3213 alii
3088 3158 3289 3211 dudum

1711 3252 2166 3307 observaverant:
2202 3268 2324 3306 nam
2357 3251 2743 3306 Domnizonem
2772 3265 2871 3320 pro
2915 3250 3187 3306 Bonizone
3234 3258 3291 3303 et

1708 3357 1805 3414 pro
1829 3340 2095 3398 Sutriensi
2126 3342 2396 3413 episcopo,
2439 3343 2751 3413 episcopum
2790 3339 3147 3397 Sabinensem
3195 3356 3292 3411 ap-

1709 3432 1947 3503 pellavit,
1971 3433 2231 3503 deceptus
2262 3433 2403 3487 haud
2427 3432 2587 3488 dubie
2633 3432 2827 3488 notiori
2859 3432 2963 3487 sibi
3000 3430 3289 3487 Domnizo-

1708 3526 1791 3579 nis
1821 3522 2058 3588 nomine,
2090 3524 2181 3593 qui
2206 3525 2271 3577 de
2310 3523 2470 3577 rebus
2504 3525 2669 3594 gestis
2696 3522 2966 3577 Matbiidze
3000 3523 3067 3577 ad
3117 3522 3286 3592 ipsam

1709 3611 2022 3667 Mathiidam
2060 3627 2195 3683 opus
2227 3612 2509 3667 metricum
2539 3612 2760 3682 scripsit
2804 3628 2833 3666 a
2874 3611 3149 3667 Leibnitio
3178 3611 3288 3667 edi-

1709 3712 1842 3768 tum,
1874 3718 1995 3757 cum
2023 3717 2151 3757 vero
2182 3712 2410 3772 uterque
2448 3703 2498 3757 in
2529 3703 2648 3757 auia
2679 3702 3115 3759 celebratissima}
3146 3701 3286 3756 illius

1707 3804 1968 3850 matrona:
1997 3797 2266 3865 gratiosus
2303 3796 2489 3859 fuerit,
2512 3794 2670 3850 facile
2690 3812 2810 3867 qua:
2834 3796 2902 3852 ad
2930 3797 3283 3852 alterutrum-

1707 3903 1812 3960 que
1840 3888 2181 3959 pertinebant
2210 3888 2262 3943 in
2288 3904 2453 3944 unum
2485 3887 2638 3943 fuere
2662 3887 2875 3944 collata.

1780 3979 1855 4034 De
1883 3979 2072 4035 iictitio
2101 3980 2202 4036 hoc
2240 3981 2494 4052 episcopo
2522 3980 2807 4036 Sabinensi
2858 3995 3018 4052 quem
3068 3978 3285 4035 Baronii

1706 4073 2030 4127 auctoritate
2061 4071 2263 4127 inducti
2293 4071 2550 4144 Ugheiius
2600 4082 2655 4129 et
2706 4072 2993 4128 Ciaconius
3036 4072 3287 4126 cardina-

1708 4162 1836 4217 lium
1865 4163 2242 4232 episcoporum
2288 4162 2671 4220 Sabineuslum
2702 4162 2946 4234 catalogo
2974 4163 3041 4215 ad
3082 4178 3284 4215 annum

1709 4254 1845 4308 1076
1900 4255 2269 4319 inseruerunt,
2297 4254 2561 4308 videndus
2592 4252 2852 4318 Oudinus,
2901 4250 2994 4321 qui
3042 4265 3281 4306 errorem

1711 4345 1876 4400 istum
1925 4359 1991 4400 ex
2054 4344 2173 4400 loco
2226 4342 2459 4399 Hubaidi
2521 4350 2818 4397 memorato
2878 4340 3173 4412 dispungit,
3229 4348 3284 4393 et

1706 4436 2044 4492 Bollandiani
2096 4436 2164 4491 ad
2216 4437 2269 4492 d.
2331 4451 2419 4491 xvi
2477 4433 2630 4506 Sept.
2668 4433 2720 4490 in
2753 4432 2873 4489 Vita
2921 4432 2983 4488 Β.
3021 4432 3279 4500 Victoris,

1705 4543 1824 4598 cap.
1857 4530 1947 4593 it),
1983 4544 2212 4601 quorum
2240 4528 2403 4583 verba
2436 4526 2645 4599 integra
2688 4526 2777 4582 hic
2807 4526 2909 4598 legi
2951 4534 3230 4581 merentur
3262 4544 3276 4580 :

1710 4640 1729 4675 ‹
1776 4620 2087 4676 Secundum
2139 4614 2454 4676 Ciaconium
2512 4620 2564 4674 in
2623 4618 2884 4689 Gregorio
2940 4617 3051 4685 Vli,
3090 4616 3280 4672 fuisset

1701 4712 1983 4779 Domnizo,
2008 4712 2099 4782 qui
2125 4723 2177 4766 et
2204 4710 2426 4783 ilcgizo,
2465 4710 2659 4782 inquit,
2691 4710 2778 4765 hie
2827 4708 3141 4766 Sabinensis
3170 4710 3279 4779 epi-

1700 4810 2097 4874 sc0pus,‘cutn
2130 4802 2276 4859 dicat
2325 4801 2479 4857 illum
2530 4800 2838 4856 interfuisse
2890 4800 3165 4871 exsequiis
3215 4799 3276 4854 S.

1701 4896 1941 4952 Auselmi
1971 4894 2249 4957 Lucensis,
2293 4910 2437 4950 anno
2464 4895 2709 4963 sequenti
2738 4891 2874 4949 1086
2906 4891 3163 4948 defuncti.
3206 4892 3280 4947 At

1701 5004 1802 5044 nec
1823 4988 2084 5044 Domnizo
2108 5003 2232 5044 cum
2258 4986 2529 5061 Regizone
2552 4985 2959 5044 confundendus
2978 4990 3080 5050 est,
3098 4998 3276 5053 neque

1701 5082 1966 5138 alteruter
2007 5081 2107 5137 fuit
2153 5080 2435 5152 episcopus
2484 5081 2821 5146 Sabinensis,
2850 5089 3108 5151 quantum
3155 5080 3274 5133 exiv

1700 5173 2049 5240 stimo;licet
2093 5172 2147 5229 in
2193 5174 2488 5229 novissima
2523 5172 2729 5244 Ughelii
2772 5172 3007 5230 editione
3044 5177 3276 5239 uterque

1703 5264 1756 5319 in
1804 5265 2052 5335 catalogo
2100 5263 2476 5336 episc0porum
2528 5262 2902 5319 Sabinensium
2949 5262 3269 5334 reperiatur.

1702 5357 1889 5415 Errori
1920 5346 2262 5413 oecasionem
2291 5352 2438 5410 dedit
2479 5354 2740 5411 Baronius
2772 5353 2837 5409 ‘in‘
2867 5351 3166 5408 Annalibus
3203 5351 3272 5406 ad

1702 5464 1911 5506 annum
1940 5450 2096 5515 1086,
2137 5464 2289 5503 num.
2325 5447 2412 5504 10.
2441 5446 2577 5502 Nam
2606 5460 2739 5503 cum
2791 5444 2843 5500 in
2881 5444 3017 5521 Vita
3051 5444 3112 5499 S.
3156 5442 3271 5500 An-

1796 5603 1852 5670 s)
1890 5603 1955 5657 Τ.
1987 5601 2051 5657 ut
2081 5602 2133 5656 in
2155 5586 2398 5670 archiep.
2424 5599 2631 5670 Pisam,
2659 5614 2716 5654 n.
2742 5596 2836 5662 59,
2856 5594 2959 5652 col.
2983 5594 3090 5653 420

1794 5668 1852 5739 9)
1890 5673 1949 5729 P.
1975 5690 2046 5728 tu.
2074 5672 2199 5737 452,
2228 5681 2274 5739 t.
2297 5668 2382 5739 Vl,
2406 5676 2518 5724 not.
2544 5668 2599 5724 d.
2724 5688 2727 5693 ·
2754 5737 2767 5739 Α
2792 5737 2805 5739 _
2864 5714 2867 5717 λ

1772 5732 1893 5815 ἰώ)
1932 5745 1997 5800 Τ.
2022 5742 2089 5799 XI
2126 5732 2331 5799 Annal.
2350 5732 2418 5798 ad
2445 5753 2644 5797 annum
2678 5737 2832 5806 1086,
2858 5752 2914 5811 p.
2941 5734 3032 5798 53.-
