3848 6292
583 366 684 425 787

1675 368 1923 430 BONIZO
1958 371 2340 433 PLACENTIN
2353 377 2436 435 US
2476 374 2874 436 EPISCOPUS.
3719 389 3793 450 788

582 480 739 537 selmi
770 480 1000 553 legatur,
1049 482 1348 541 Sutriensis
1371 481 1657 554 episcopus
1695 486 1912 544 nomine
1940 487 2158 556 Bonizo,
2190 503 2235 560 Α
2265 501 2503 562 coeperat
2545 491 2944 564 administrare,
2969 507 3112 550 anno
3159 494 3313 564 l089,
3369 497 3455 555 die
3500 515 3590 555 xtv
3635 510 3792 564 mensis

579 591 645 628 cx
673 591 733 629 ea
767 575 907 645 apud
945 576 1236 630 Baronium
1269 575 1485 646 legitur,
1533 575 1847 633 Sabinensis
1874 581 2158 652 episcopus

579 667 832 720 «lmuinus
893 665 1174 720 Domnizo.
1226 665 1354 722 lude
1402 681 1559 722 error
1610 665 1844 722 Ciaconii
1890 685 2041 741 teque
2096 687 2159 729 ac

575 757 805 830 Ughelli.
852 779 872 812 υ

644 850 724 904 Ad
756 849 1004 905 eumdem
1034 864 1235 904 annum
1269 849 1404 905 1086
1450 851 1724 921 pertinere
1775 853 1852 908 ait
1899 852 2157 923 Ughellus

571 941 927 998 honoriﬁcam
956 943 1102 998 illam
1130 943 1458 998 mentionem
1480 960 1642 1014 quam
1665 946 1731 1002 de
1759 946 2028 1004 Sutriensi
2053 950 2157 1005 hoc

570 1034 828 1106 episcopo
855 1042 1074 1090 exstare
1100 1034 1175 1089 ait
1202 1033 1256 1089 in
1283 1035 1516 1104 quodam
1549 1035 1822 1093 Mathildis
1863 1039 2154 1094 comitissae

569 1127 876 1198 privilegio,
910 1145 930 1180 ‹
968 1142 998 1180 a
1039 1144 1144 1198 qua
1176 1128 1324 1190 (sunt
1354 1130 1517 1184 verba
1550 1133 1788 1187 auctoris
1816 1133 2010 1202 nostri)
2041 1131 2153 1204 (11)

565 1219 637 1273 ob
669 1220 916 1291 egregias
945 1221 1114 1277 animi
1143 1220 1298 1277 dotes
1342 1237 1542 1294 magno
1577 1223 1630 1278 in
1680 1223 1884 1281 honore
1935 1226 2152 1282 habitus

565 1321 665 1368 est.
713 1332 732 1365 ι

637 1408 762 1464 Sive
789 1409 953 1480 igitur
977 1410 1042 1464 ad
1073 1408 1319 1466 funebria
1348 1412 1479 1468 tanti
1507 1413 1608 1468 viri
1652 1413 1794 1472 ultro
1820 1415 2152 1474 advolaverit

561 1497 790 1566 Bonizo,
846 1502 960 1557 sive
1019 1504 1160 1574 apud
1219 1505 1518 1561 beneficam
1573 1506 1717 1562 illam
1770 1510 2147 1580 episcoporum

562 1596 928 1652 exsulantium
962 1598 1245 1655 fautricem
1276 1600 1651 1673 altricemque,
1681 1621 1711 1659 e
1742 1604 1972 1662 vinculis
2009 1606 2148 1664 Hen-

563 1689 669 1744 rlci
701 1690 785 1746 vel
812 1691 1068 1762 delapsus
1092 1692 1174 1748 vel
1202 1693 1456 1749 dimissus
1474 1694 1584 1762 jam
1614 1705 1725 1750 tum
1753 1697 1989 1762 laeserit,
2018 1697 2144 1753 dum

563 1784 796 1837 certiora
847 1785 1109 1854 prodeant
1155 1783 1537 1838 controversiae
1573 1782 1733 1853 hujus
1766 1799 2142 1854 monumenta,

561 1874 617 1928 in
649 1874 824 1930 medio
857 1875 1234 1944 relinquimus.

633 1966 806 2022 Medio
833 1978 981 2023 certe
1029 1968 1119 2022 illo
1151 1978 1411 2040 tempore,
1459 1969 1632 2026 donec
1677 1969 1744 2025 ad
1773 1969 2142 2028 Placentinam

563 2058 952 2113 transferretur
998 2059 1317 2126 Ecclesiam,
1350 2075 1540 2132 vagam
1572 2070 1628 2116 et
1668 2073 1944 2118 extorrem
1975 2063 2140 2119 vitam

562 2148 757 2217 egisse,
787 2157 839 2202 el.
869 2149 1096 2204 subinde
1128 2151 1269 2221 apud
1299 2150 1610 2205 Mathildam
1645 2150 1923 2208 liberalem
1973 2153 2144 2210 Guel-

557 2237 673 2290 ﬁetu
704 2237 954 2293 factionis
984 2238 1096 2308 (12)
1119 2239 1385 2310 hospitam
1411 2241 1761 2307 diversatum,
1797 2257 2025 2312 pronum
2059 2253 2144 2299 est

556 2332 783 2386 credere
831 2333 964 2400 (15).
1001 2330 1325 2387 Bertholdus
1361 2331 1504 2386 enim
1552 2333 2000 2400 Constantiensis,
2048 2336 2140 2406 qui

555 2424 740 2489 homo,
770 2424 887 2478 licet
908 2423 1231 2489 Germanus,
1254 2423 1365 2478 Itali
1391 2423 1546 2494 hujus
1567 2424 1802 2496 episcopi
1825 2428 2139 2483 memoriam

555 2530 692 2585 pene
720 2530 858 2570 unus
899 2516 1264 2578 conservavit,
1292 2515 1380 2569 ubi
1437 2515 1502 2570 de
1559 2515 1676 2583 ejus
1728 2518 1794 2570 ad
1842 2517 2139 2573 Ecclesiam

553 2605 928 2661 Placentinam
965 2605 1316 2661 translatione
1357 2607 1488 2676 agit,
1516 2622 1771 2676 expresse
1813 2619 2082 2665 memorat
2108 2624 2138 2666 θ

553 2699 683 2752 sede
711 2697 932 2752 Sutrina
962 2712 1061 2767 pro
1089 2697 1351 2752 ﬁdelitate
1379 2699 1555 2753 sancti
1602 2699 1745 2754 Petri
1788 2699 1904 2768 jam
1935 2701 2136 2756 dudum

553 2800 682 2844 aute
710 2789 1013 2859 expulsum,
1043 2797 1306 2842 memorat
1335 2801 1512 2844 autem
1541 2789 1608 2845 ad
1645 2806 1846 2847 annum
1873 2793 2138 2864 l089,qui

552 2876 815 2932 Bouizoni
869 2879 992 2933 vita;
1043 2893 1361 2948 supremus,
1413 2881 1566 2952 isque
1611 2884 1852 2938 omnium
1905 2887 2139 2942 maxime

554 2969 818 3025 exitiosus
847 2970 1080 3027 exstitit.

626 3060 901 3117 Bertholdi
963 3065 1123 3119 verba
1177 3063 1371 3134 quibus
1431 3080 1647 3121 omnem
1709 3066 1780 3122 de
1852 3067 2139 3126 Bonizonis

557 3164 782 3208 cruenta
812 3163 984 3210 morte
1027 3156 1272 3210 notitiam
1303 3157 1627 3212 substruunt
1677 3159 1856 3230 magni
1900 3161 2137 3218 nominis

554 3255 826 3313 auctores,
857 3247 970 3303 haec
1013 3248 1305 3318 leguntur:
1371 3267 1388 3298 ε
1435 3250 1638 3305 Bonizo
1683 3251 1980 3308 Sutriensis
2022 3255 2135 3324 epi-

547 3351 746 3409 scopus
819 3354 917 3410 pro
989 3339 1249 3396 fidelitate
1327 3345 1497 3397 sancti
1552 3341 1699 3396 Petri
1767 3343 1881 3413 jam
1933 3345 2132 3400 dudum

546 3430 825 3500 expulsus,
853 3431 1069 3486 tandem
1122 3441 1244 3502 post
1298 3432 1497 3486 multas
1548 3432 2123 3504 captiones(multas,

545 3522 751 3592 inquit;
796 3523 992 3593 sacpius
1033 3537 1162 3595 ergo
1203 3524 1255 3578 in
1282 3523 1493 3578 vincula
1531 3523 1730 3593 datus),
1758 3524 2134 3581 tribulationes

545 3625 606 3676 et
632 3615 820 3670 exsilia
849 3631 877 3669 a
907 3614 1235 3670 Placentinis
1262 3615 1546 3671 catholicis
1596 3631 1696 3685 pro
1744 3617 1999 3688 episcopo
2049 3633 2135 3673 re-

545 3707 742 3777 cipitur
762 3724 780 3760 :
802 3708 936 3763 setla
961 3707 1320 3763 schismaticis
1345 3707 1585 3776 ejusdem
1610 3708 1712 3764 loci
1729 3707 1940 3764 eﬂossis
1960 3709 2132 3764 oculis

546 3806 602 3852 et
624 3807 904 3855 truncatus
927 3800 1177 3856 omnibus
1200 3814 1340 3872 pene
1366 3801 1648 3868 membris,
1684 3803 1944 3874 martyrio
1977 3818 2132 3860 coro—

546 3901 730 3945 natur.
777 3909 796 3943 ι

620 3979 873 4050 Ughellus
902 3980 955 4036 in
981 3983 1251 4053 episcopis
1282 3981 1627 4049 Placentinis,
1653 3983 1928 4040 Bcrtholdi
1953 3985 2128 4042 locum

543 4072 704 4141 paulo
734 4073 1026 4144 copiosius,
1054 4073 1193 4128 forte
1229 4089 1296 4129 ex
1324 4073 1443 4129 aliis
1490 4077 1874 4146 monumentis,
1905 4093 2136 4148 sequen-

543 4177 652 4221 tem
698 4167 750 4222 in
781 4169 997 4223 modum
1030 4168 1253 4223 deduxit
1283 4185 1295 4222 :
1338 4188 1359 4219 ο
1395 4167 1454 4223 S.
1487 4167 1731 4226 Bonitius
1764 4171 1876 4241 (14)
1899 4211 1914 4238 ,
1967 4188 2127 4242 quem

537 4257 864 4314 Bertholdus
912 4259 966 4312 in
1013 4257 1284 4314 Chronico
1336 4257 1663 4314 Bonizonem
1722 4261 1975 4332 appellat.
2032 4261 2130 4318 llic

538 4364 664 4405 cum
727 4348 1034 4404 libertatem
1087 4347 1511 4404 ecclesiasticam
1570 4360 1756 4406 contra
1829 4351 2125 4408 llenricum

535 4440 942 4509 Cadaloumquc
959 4439 1474 4509 pseudopontiticem
1496 4449 1715 4497 strenue
1735 4451 2123 4513 propugnaret,

2258 583 2418 650 Julii;
2450 584 2567 655 ejus
2596 600 2812 640 sacrum
2836 599 3034 656 corpus
3062 587 3388 645 Cremonam
3433 591 3682 656 delatum.
3716 597 3790 652 ibi-

2260 673 2378 729 dem
2408 683 2688 744 exceptum
2731 676 2934 730 tumulo
2961 686 3063 742 est,
3097 679 3237 750 apud
3269 679 3328 735 S.
3352 680 3790 752 Laurentium,ubi

2258 765 2373 820 hinc
2395 764 2635 832 subjecta
2666 766 2907 822 carmina
2938 767 3107 823 incisa
3136 769 3391 840 leguntur
3418 787 3432 802 ο

2361 869 2549 909 ιηοΒΙιΕ
2569 869 2866 912 θενοειτυι
2897 873 3003 913 TIBI
3040 872 3209 914 CLABA
3235 875 3529 918 PLACENTIA
3555 876 3715 920 αεςειτ

2359 960 2620 1002 ANTISTEB
2658 961 2879 1004 BONIZZO
2907 964 3120 1007 CHRISTI
3147 966 3249 1007 PRO
3281 967 3488 1008 NOKINI
3522 969 3715 1010 Ιιιιιτῐιι

2360 1048 2589 1092 8ΕΡΤΙΙΔ
2618 1052 2700 1094 IIS
2721 1053 2855 1095 ιυιιι
2890 1056 3027 1098 HUNC
3062 1059 3166 1097 LUX
3191 1058 3456 1100 COLLEGIT
3484 1060 3537 1100 ΙΝ
3573 1062 3711 1103 liam.

2325 1126 2556 1184 Causam
2580 1131 2742 1186 aedis
2778 1132 3020 1204 plerique
3063 1135 3115 1189 in
3148 1134 3370 1191 llenrici
3416 1138 3592 1207 quarti
3641 1139 3790 1198 factio-

2254 1236 2378 1278 nem
2405 1224 2650 1282 referunt
2671 1225 2934 1296 Gregorio
2969 1225 3052 1281 Vll
3097 1229 3478 1284 adversantem
3509 1244 3524 1284 :
3575 1231 3661 1286 sed
3698 1247 3787 1302 pro-

2253 1316 2567 1388 pinquiores
2610 1319 2722 1375 odii
2765 1334 2949 1375 causa:
2987 1334 3051 1376 ex
3088 1322 3324 1377 motibus
3354 1321 3462 1377 illis
3489 1322 3786 1382 internecinis

2252 1412 2696 1497 presbyterorum
2735 1413 2864 1469 hinc
2905 1429 3003 1483 pro
3027 1413 3277 1484 conjugio
3304 1425 3360 1470 et
3404 1415 3506 1470 sub
3535 1414 3678 1484 hujus
3718 1419 3785 1473 ob

2254 1509 2403 1558 lentu
2433 1517 2581 1574 saepe
2625 1520 2724 1576 pro
2759 1504 3156 1571 concubinam,
3215 1505 3365 1561 illinc
3418 1522 3518 1577 pro
3556 1508 3781 1576 caelibatu,

2250 1609 2357 1651 non
2387 1593 2500 1664 jam
2529 1597 2746 1668 scriptis
2769 1606 2825 1652 et
2850 1612 3000 1658 voce,
3027 1589 3122 1652 sed
3159 1596 3305 1654 ferro
3329 1607 3387 1655 et
3436 1599 3556 1669 igne
3590 1615 3783 1671 pugnau-

2250 1687 2406 1757 tium,
2437 1689 2764 1746 deducendae
2791 1691 3036 1746 veniunt.

2320 1777 2439 1849 lpse
2461 1778 2660 1833 Bonizo
2685 1789 2854 1835 totum
2881 1781 2984 1835 hoc
3013 1779 3210 1834 bellum
3256 1780 3399 1834 inter
3436 1779 3668 1845 clericos,
3707 1780 3780 1835 Pt-

2177 1854 2222 1910 Β
2249 1886 2460 1926 nam!
2483 1881 2656 1938 vocat,
2689 1881 2745 1926 et
2792 1872 2994 1926 diserte
3030 1872 3228 1926 asserit
3259 1871 3385 1942 (etsi
3417 1881 3596 1942 postea
3620 1872 3778 1942 signiﬁ-

2247 1977 2277 2017 c
2299 1963 2387 2018 .tio
2407 1962 2523 2032 ejus
2548 1964 2783 2018 nominis
2808 1963 3118 2030 mutarit,et
3146 1964 3197 2017 in
3223 1963 3399 2018 victas
3427 1972 3598 2032 partes
3626 1964 3776 2034 rejecta

2249 2054 2434 2125 fuerit)
2463 2069 2556 2110 eos
2584 2057 2675 2126 qui
2707 2071 2805 2126 pro
2848 2057 3102 2113 caelibatu
3133 2055 3403 2122 Gregorio
3447 2053 3529 2111 Vll
3569 2055 3776 2110 adversus

2247 2146 2473 2202 clericos
2505 2158 2763 2204 uxoratos
2798 2148 3215 2205 concubiuarios
3262 2156 3318 2203 et
3356 2146 3674 2202 Simoniacos
3708 2146 3775 2199 ad-

2246 2239 2547 2304 haerebant,
2581 2239 2854 2296 Paterinos
2882 2241 3075 2306 dictos,
3121 2256 3260 2310 quos
3289 2240 3433 2295 inter
3469 2240 3577 2311 ipse
3599 2239 3772 2305 Bonizo,

2245 2348 2350 2388 non
2377 2340 2486 2386 tam
2515 2333 2697 2387 militis
2723 2349 2885 2403 quam
2917 2335 3069 2388 ducis
3097 2332 3275 2392 oliicia
3320 2334 3447 2388 dum
3475 2332 3526 2387 in
3553 2347 3605 2388 se
3635 2346 3772 2388 susce-

2243 2422 2435 2493 pisset,
2466 2423 2691 2478 exitium
2720 2424 2822 2478 sibi
2870 2424 3100 2494 denique
3137 2433 3194 2480 et
3245 2434 3477 2479 mortem
3522 2423 3770 2480 crudelissi-

2243 2529 2388 2569 mam
2418 2515 2469 2568 in
2499 2514 2590 2569 illo
2613 2513 2840 2570 furentis
2863 2515 3044 2585 pepuli
3065 2525 3197 2570 testu
3224 2515 3533 2578 accersivit,
3554 2513 3769 2570 Paterinis

2242 2623 2274 2662 a
2302 2608 2538 2664 factione
2564 2607 2665 2664 sibi
2701 2608 2949 2680 opposita
2979 2608 3113 2663 urbe
3135 2606 3344 2676 ejectis.
3372 2606 3488 2662 Non
3527 2607 3676 2678 potuit
3700 2623 3768 2659 au-

2244 2707 2351 2754 tem
2394 2714 2498 2754 non
2547 2698 2786 2754 civitatis
2828 2698 3071 2754 ordinem
3115 2698 3337 2752 turbare
3393 2707 3470 2753 tot
3511 2695 3767 2752 mulieribus

2239 2789 2608 2860 prolibusque,
2624 2788 2710 2842 his
2731 2787 2946 2857 quidem
2976 2785 3262 2852 natalium,
3278 2786 3384 2842 illis
3406 2787 3644 2857 justarum
3665 2799 3764 2853 nup-

2241 2879 2440 2934 tiarum
2499 2877 2767 2950 publicam
2811 2877 3177 2943 honestatem,
3207 2886 3458 2932 extremo
3499 2875 3762 2930 familiarum

2243 2972 2504 3027 dedecore
2543 2968 2800 3024 seditiose
2840 2967 2975 3038 eripi
3007 2985 3020 3020 :
3062 2982 3172 3037 quo
3205 2967 3461 3023 incendio
3484 2966 3628 3022 semel
3651 2968 3761 3020 exci-

2244 3073 2375 3128 tato,
2408 3064 2507 3119 sub
2531 3061 2712 3132 specie
2744 3059 3044 3116 honestatis
3067 3059 3297 3128 publica:
3320 3070 3377 3116 et
3411 3070 3660 3130 ruptorum
3693 3073 3759 3110 so-

2241 3153 2456 3209 cietatis
2483 3153 2656 3208 civilis
2701 3151 3037 3207 vinculorum
3080 3151 3546 3213 vindicandorum,
3596 3150 3656 3204 illi
3691 3149 3756 3218 qui

2239 3263 2366 3304 vere
2393 3245 2764 3302 concubinarii
2796 3244 3198 3314 Simoniacique
3217 3259 3250 3301 a
3267 3245 3435 3315 justis
3459 3243 3632 3314 nuptiis
3645 3257 3756 3310 aettur

2238 3353 2303 3394 ac
2333 3353 2363 3392 a
2403 3337 2510 3392 vita
2558 3334 2743 3390 caelibe
2792 3333 3188 3400 abhorrebant,
3242 3351 3475 3403 quorum
3528 3349 3610 3405 pro
3650 3332 3754 3387 illius

2236 3432 2334 3487 aevi
2357 3440 2480 3486 nota
2508 3431 2811 3502 corruptela
2838 3445 3092 3485 numerus
3120 3427 3275 3497 longe
3303 3429 3559 3482 maximus
3579 3425 3752 3487 exstitit,

2235 3532 2291 3578 ut
2321 3523 2654 3578 dissolutioni
2679 3538 2788 3577 suzc
2821 3523 3316 3592 patrocinarentur,
3346 3518 3603 3574 seditionis
3624 3517 3752 3569 facem

2235 3619 2416 3672 acrius
2456 3618 2619 3672 etiam
2672 3626 2727 3670 et
2781 3615 3176 3685 implacabilius
3234 3614 3575 3668 ventilaruut.
3616 3609 3754 3676 Usque

2234 3711 2368 3764 adeo
2400 3717 2478 3775 ut,
2521 3724 2642 3764 cum
2670 3709 2872 3777 optimo
2898 3709 3092 3778 cuique
3125 3722 3187 3761 ac
3232 3705 3549 3761 Christiana.-
3589 3702 3752 3772 pietatis

2234 3816 2298 3856 ac
2337 3800 2484 3870 pacis
2515 3801 2886 3856 amantissimo
2924 3797 3192 3854 sacerdoti
3227 3798 3280 3852 in
3323 3807 3432 3851 tam
3466 3795 3646 3850 turbata
3689 3806 3749 3845 re-

2233 3892 2446 3963 publica
2475 3889 2625 3947 locus
2672 3891 2852 3946 nullus
2879 3889 3318 3958 relinqueretur;
3367 3889 3424 3954 ii,
3458 3887 3539 3957 qui
3580 3882 3748 3938 alterius

2231 3985 2448 4055 quidem
2477 3991 2664 4054 partus
2692 3982 2931 4052 impuros
2974 3989 3028 4036 et
3060 3979 3376 4044 infrunitos,
3422 3977 3618 4032 alterius
3651 3987 3747 4026 vero

2232 4077 2440 4132 feroces
2463 4085 2516 4131 et
2539 4084 2692 4132 extra
2723 4089 2938 4129 onmem
2959 4073 3327 4128 Christianam
3355 4068 3744 4125 mansuetudinem

2230 4169 2498 4241 projectos
2519 4184 2718 4234 mores,
2751 4167 3036 4236 requaliter
3059 4163 3450 4229 abhorrebant,
3494 4163 3612 4216 ultro
3633 4174 3673 4214 se
3694 4172 3740 4210 et
3803 4219 3805 4231 Ι

2234 4262 2318 4317 his
2347 4259 2598 4316 ﬂuctibus
2621 4260 2675 4314 in
2724 4259 2921 4313 tutiora
2954 4257 3345 4327 pacatioraque
3398 4254 3669 4324 reciperent,
3703 4256 3742 4300 et

2227 4355 2327 4410 sub
2358 4355 2418 4408 D.
2452 4352 2738 4424 Augustini
2783 4349 2965 4421 regula
3004 4361 3350 4403 communem
3395 4345 3511 4399 vita:
3550 4353 3594 4396 et
3622 4337 3739 4392 ιιίςσὶο

2228 4447 2389 4518 plina:
2415 4445 2730 4501 societatem
2760 4442 3021 4514 pudendis
3053 4441 3201 4496 hisce
3228 4448 3283 4496 ct
3307 4437 3539 4494 cruentis
3563 4430 3738 4488 dissidiis

536 4535 605 4590 de
631 4533 851 4589 Sutrina
878 4529 1027 4594 sede,
1059 4531 1200 4587 unde
1230 4531 1461 4600 primum
1481 4531 1571 4602 jus
1612 4533 1853 4588 divinum
1883 4533 2120 4597 dicebat,
2156 4565 2200 4618 Ι)
2227 4538 2564 4609 prtel'errent.

534 4628 703 4698 impio
753 4627 1083 4698 imperatore
1125 4627 1352 4698 jubeute
1398 4625 1718 4682 deturbatus
1763 4635 1876 4693 est;
1932 4625 2125 4682 deinde

536 4735 660 4775 cum
691 4719 844 4789 plura
875 4733 1289 4788 aerumnosaque
1316 4729 1578 4777 mutasset
1619 4719 1809 4774 exsilia
1844 4718 2123 4788 pervenis-

537 4818 729 4879 setque
755 4807 1108 4874 Placentiam,
1145 4811 1214 4866 ibi
1243 4826 1272 4865 a
1301 4812 1583 4868 catholicis
1611 4812 1855 4883 ejusdem
1885 4809 2122 4866 civitatis

532 4909 618 4954 est
647 4900 825 4956 dictus
855 4901 1161 4972 episcopus,
1191 4902 1566 4976 dimicansque
1593 4919 1716 4959 cum
1748 4901 2024 4972 impietate
2055 4916 2121 4958 ac

534 4991 778 5048 factiosis
798 4993 1160 5052 scbismaticis
1182 4997 1417 5069 primum
1438 5005 1524 5053 est
1546 5008 1768 5052 carcere
1788 5001 2119 5060 maceratus,

532 5091 721 5154 postea
754 5087 1017 5143 truncatis
1065 5089 1327 5145 membris
1353 5097 1518 5159 atque
1564 5085 1900 5151 exoculatus,
1951 5099 2121 5157 prope

534 5181 783 5230 sanctum
816 5177 1138 5234 Domninum
1169 5178 1306 5249 (t5),
1334 5178 1500 5233 nobili
1537 5187 1621 5232 est
1648 5184 1941 5233 coronatus
1973 5192 2121 5231 mar-

535 5266 679 5336 tyrio
734 5279 892 5325 sexto
944 5284 1132 5326 mense
1177 5285 1342 5340 quam
1396 5269 1766 5325 Placentinam
1815 5267 2116 5324 Ecclesiam

600 5429 713 5498 (11)
754 5430 817 5484 L.
852 5445 900 5486 e.
941 5430 994 5483 in
1023 5429 1191 5497 episc.
1227 5426 1498 5482 Sutriens.
1531 5429 1654 5484 add.
1695 5445 1790 5494 xx,
1817 5427 1922 5482 col.
1955 5427 2112 5482 1275.

602 5500 714 5572 (12)
755 5501 810 5557 ln
844 5516 950 5572 qua
971 5500 1108 5555 nihil
1132 5499 1206 5565 ei,
1238 5511 1436 5569 praeter
1460 5514 1655 5554 nomen
1683 5499 1887 5564 mariti,
1932 5498 2116 5568 displi-

527 5571 656 5626 cuit.

600 5643 712 5708 (15)
755 5640 1012 5712 Ughellus
1051 5640 1168 5694 loco
1205 5655 1334 5712 mox,
1360 5639 1544 5712 citato.
1593 5639 1671 5694 0b
1721 5637 1968 5712 Ecclesia!
2013 5639 2115 5691 Ro-

527 5727 699 5764 mamn
721 5708 1072 5780 deﬁnsionem
1103 5712 1166 5764 de
1193 5709 1407 5765 Sutrina
1432 5711 1679 5765 cathedra
1721 5708 1969 5779 depulsus
2014 5721 2111 5768 est.

528 5791 742 5848 postque
763 5795 922 5833 νΑιιιΑ
950 5796 1192 5844 ῡυκλρυε
1223 5796 1450 5843 εχδιιιΑ,
1474 5791 1577 5834 CIC.

606 5849 718 5919 (11)
758 5850 833 5906 De
864 5852 1038 5907 sancti
1071 5851 1222 5906 titulo
1247 5862 1430 5922 postea
1463 5851 1786 5908 videbimus.

2298 4630 2565 4686 Successit
2581 4626 2842 4696 temporis
2869 4625 3243 4680 Patermorum
3275 4622 3549 4677 factiosum
3575 4628 3730 4670 nomen.

2223 4722 2553 4795 presbyteris
2585 4720 2829 4775 uxoratis
2861 4719 3075 4773 tandem
3122 4719 3451 4787 suppressis,
3488 4715 3613 4768 victa:
3632 4706 3729 4776 ll”1i

2221 4815 2465 4879 adhaesit,
2495 4823 2747 4883 tanquam
2780 4811 3096 4865 obscmnum
3125 4818 3180 4863 et
3211 4809 3376 4863 multa
3409 4806 3540 4862 caede
3563 4818 3610 4855 ac
3640 4814 3732 4851 san-

2222 4905 2382 4978 guine
2408 4899 3004 4968 fedatum,victoribus
3027 4909 3082 4954 ut
3115 4898 3198 4964 tit,
3220 4898 3478 4970 quidquid
3498 4897 3543 4949 in
3567 4889 3728 4984 victo-ria

2221 4977 2608 5070 propudiosum
2646 4994 2844 5059 fuerat,
2893 4996 2948 5048 in
2980 4992 3154 5047 victus
3207 4986 3632 5046 transferentibus.
3663 4977 3726 5032 Uti

2219 5107 2340 5148 eam
2367 5107 2480 5147 rem
2507 5105 2630 5146 cum
2676 5103 2744 5146 ex
2788 5090 2904 5158 ipso
2938 5086 3230 5142 Bonizonis
3275 5085 3393 5141 loco
3419 5102 3446 5139 a
3479 5075 3728 5136 Lambcccio

2219 5191 2495 5254 excerpto,
2523 5193 2636 5236 tum
2658 5196 2726 5238 ex
2755 5179 2998 5252 Hugouis
3027 5177 3397 5234 Flaviacensis
3436 5169 3652 5230 Chronico
3674 5163 3725 5214 ad

2219 5293 2420 5333 annum
2452 5275 2588 5332 1081
2618 5275 2920 5332 luculenter
2964 5274 3142 5340 docet,
3178 5281 3234 5327 et
3280 5271 3350 5326 ad
3397 5265 3615 5325 amussim
3652 5274 3723 5311 cx-

2289 5430 2400 5502 (15)
2438 5431 2652 5502 Electus
2689 5444 2820 5500 ergo
2850 5429 3083 5501 primum
3098 5426 3274 5502 _urb_e.
3305 5425 3358 5481 in
3380 5416 3723 5502 vicinadeqt‘utn
3773 5416 3775 5481 ι

2217 5483 2830 5578 οοὲίἑιίξῖείιξίῦὺτέιῗιίι
2850 5483 3152 5578 Ἠῷειηςξ.
3179 5483 3471 5578 ,ρόωῃίηῂ
3497 5483 3724 5578 inﬁt
3769 5501 3773 5578 li

2218 5588 2361 5626 mam
2415 5561 2855 5647 l’lacentiamque
2891 5571 2990 5647 vite
3045 5567 3291 5647 {Emilizr
3319 5568 3484 5647 simul.
3518 5561 3721 5647 ι¹9¹¹¹ξξξξ
3769 5575 3771 5647 i

2217 5643 2274 5696 ὃ.
2304 5644 2572 5696 Dornuino
2599 5635 2783 5704 traxit,
2817 5641 2908 5710 qui
2937 5641 3208 5710 saeviente
3243 5635 3721 5710 Maximilianourgﬂ‘rl‘
3767 5663 3769 5710 ἰ

2218 5687 2274 5784 ἧῖ
2282 5687 2342 5766 rivi
2350 5687 2616 5782 “simus;
2626 5687 3134 5784 ’ὧἷῖἶέιὲιῖιέξῇίῇ
3144 5687 3555 5780 pluribus—docet
3572 5687 3720 5765 Ushel'

2214 5779 2298 5840 lus
2327 5779 2442 5840 Ital.
2467 5799 2639 5838 sacra:
2697 5793 2826 5840 tom.
2860 5783 2921 5848 11,
2954 5799 3005 5853 p.
3039 5779 3129 5834 62.

3801 4259 3803 4315 l

3797 4319 3801 4399 ἱ

3795 4419 3799 4565 ιι

3789 4757 3791 4815 l

3787 4845 3789 4899 |

3785 4913 3787 4962 |
