3852 6308
134 345 224 403 789

1213 334 1300 391 DE
1343 333 1497 390 VITA
1528 332 1615 389 ΕΤ
1652 329 1964 389 SCRIPTIS
2004 326 2371 389 BONIZONIS

3271 326 3373 382 790

132 457 301 531 pendit
322 454 639 533 Barouiauat
669 450 867 507 messis
880 465 1088 507 vannus
1105 430 1696 533 critica,'Pa‘giusi(t6).
1726 430 1775 510 Α
1803 446 1942 503 stico
1967 430 2060 503 sed
2088 445 2266 501 omnis
2294 442 2565 517 politioris
2590 457 2743 514 atque
2769 457 2834 500 ac
2864 442 3129 515 gravioris
3163 441 3373 499 litteras.-

130 526 225 608 Sed
240 532 301 605 et
327 530 478 604 locus
503 544 743 617 galvanei
767 532 1017 609 ﬂammm,
1034 526 1157 615 qui
1181 543 1461 599 historiam
1490 541 1695 599 Medio:
1728 582 1731 585 -

129 642 410 717 lanensium
433 641 506 696 ab
537 638 597 693 ν.
628 637 690 693 C.
720 637 788 691 ad
810 653 1012 692 annum
1035 635 1255 693 circiter
1280 634 1417 692 1336
1456 636 1696 692 conseri-
1738 646 1743 649 ‘

127 734 239 803 psit,
265 731 365 809 hac
398 731 561 815 deae
598 727 965 785 consulendus
993 727 1134 799 apud
1177 726 1532 801 Muratorium
1579 728 1694 800 (t7)

126 824 203 894 qui
249 823 364 892 ejus
405 819 741 891 Manipulum
781 816 975 907 ﬂorum
1010 818 1119 909 (ita
1151 830 1287 891 Opus
1321 818 1693 892 inscripserat)

126 930 182 971 ex
206 914 386 991 codice
405 912 761 973 tnembraneo
780 910 1163 968 Mediolanensi
1186 920 1241 967 et
1267 912 1438 968 altero
1465 913 1695 969 Ambro-

124 1007 271 1061 siante
299 1003 469 1059 dedit.
932 994 943 1007 π
1372 1006 1377 1009 ’

181 1094 437 1151 Caeterum
464 1080 713 1163 decede
740 1084 1047 1163 Borrizonis,
1096 1096 1197 1152 etsi
1220 1074 1501 1151 seditionis
1554 1095 1694 1152 illius
1728 1094 1737 1119 ’ν

124 1186 434 1267 Placentina:
462 1182 799 1253 mentionem
829 1176 1059 1256 faciant,
1089 1182 1197 1245 uno
1230 1184 1343 1246 fere
1374 1205 1470 1247 ore
1498 1187 1694 1245 o'bmué
1726 1190 1737 1269 f"

125 1270 316 1361 hiscunt
344 1284 532 1359 rerum
556 1274 996 1338 Placentinarum
1022 1274 1317 1369 scriptores
1338 1276 1690 1353 antiquiores.

121 1364 331 1426 Joannes
360 1372 429 1429 de
466 1364 667 1429 Mdssis
700 1373 835 1429 civis
862 1364 1232 1443 Placentinus,
1254 1368 1346 1445 qui
1378 1390 1465 1431 res
1504 1375 1721 1445 patriae

124 1458 220 1515 suis
262 1461 328 1516 ab
356 1446 509 1541 auito
546 1463 654 1519 222
676 1465 740 1543 ad
779 1452 980 1520 annum
1011 1456 1148 1521 1402
1181 1454 1455 1524 luculento
1482 1468 1691 1524 calamo
1724 1456 1727 1457 7

123 1552 405 1623 descripsit.
446 1564 505 1609 et
540 1566 713 1626 quem
763 1544 793 1611 a
850 1570 912 1614 se
964 1557 1168 1613 editum
1226 1559 1475 1629 plurimis
1511 1544 1729 1616 verbis“

120 1642 448 1696 commendat
481 1641 832 1721 Muratorius,
884 1646 951 1699 de
995 1645 1273 1702 Bonizone
1324 1654 1504 1719 tamen
1542 1646 1691 1720 pisce
1726 1672 1729 1675 λ

122 1733 271 1811 magis
301 1724 485 1815 mutus
509 1722 719 1792 esistit.
744 1728 887 1793 Idem
919 1738 1085 1794 etiam
1114 1730 1469 1796 Observamus
1492 1740 1545 1798 in
1570 1740 1689 1799 aliis

123 1816 350 1880 EccléSia:
408 1825 559 1893 illius
592 1816 992 1897 scriptoribus,
1046 1829 1214 1884 etiam
1269 1830 1689 1902 antiquioribus,

122 1914 198 1983 qui
218 1930 307 1969 sua
328 1906 551 1987 quoque
577 1906 1022 1993 etvetustioribus
1060 1918 1384 1990 hauserunt,
1411 1928 1467 1977 et
1494 1937 1631 1993 quos
1660 1939 1691 1979 a

125 2005 212 2059 (ide
240 2015 292 2061 et
315 1998 505 2063 rerum
536 2004 689 2081 copia
726 1997 913 2065 laudat
942 1996 1401 2066 (toties'laudatus
1448 2008 1688 2068 lliurato-

123 2088 218 2151 rius
240 2097 299 2166 (t.
327 2096 606 2152 XVI'Rer.
665 2089 819 2165 Ital"
871 2114 927 2171 p.
968 2117 1040 2155 tu.
1082 2098 1212 2177 443)
1246 2120 1259 2156 :
1308 2108 1363 2157 et
1406 2100 1481 2157 illi
1512 2112 1691 2159 tamen

122 2182 216 2240 tam
242 2182 450 2253 uberes,
478 2196 590 2243 tam
608 2178 1375 2261 Aloeuplete‘s,’tantluculenti,
1401 2186 1715 2253 Bouiz‘ohis’

123 2272 189 2333 ne
217 2284 403 2337 nomen
442 2276 692 2351 quidem,
732 2280 929 2339 nedum
965 2301 1053 2341 res
1090 2278 1275 2359 {gestas
1322 2295 1378 2341 et
1415 2286 1689 2343 crudelem
1726 2294 1727 2297 “

123 2371 295 2426 caedem
330 2378 657 2428 memorant.
692 2374 865 2432 Unius
906 2377 1119 2446 horum,
1158 2382 1319 2448 quem
1364 2375 1707 2437 Mura‘tmius‘

124 2475 152 2516 e
186 2461 354 2518 codice
382 2462 600 2519 Estcnsi
628 2462 817 2532 edidit,
865 2475 922 2523 et
950 2466 1015 2523 de
1043 2482 1149 2539 quo
1191 2476 1407 2540 reperto
1459 2467 1701 2527 fortunze

124 2551 300 2619 gratias
325 2554 564 2633 agendas
604 2564 784 2625 putat,
808 2554 1052 2627 jejunum
1083 2559 1346 2615 Annalem
1371 2560 1426 2614 in
1452 2560 1690 2617 medlum

126 2641 452 2711 proferemus,
479 2645 548 2700 iis
579 2645 857 2705 ﬁrmandis
909 2662 1043 2719 qua:
1072 2649 1406 2706 asseruimus
1432 2668 1445 2705 :
1475 2668 1494 2704 ι
1529 2654 1594 2706 Α.
1626 2651 1687 2708 C.

127 2731 242 2789 1089
263 2735 357 2791 l'uit
389 2737 668 2793 discordia
718 2740 858 2796 inter
891 2741 1089 2797 milites
1141 2753 1197 2799 et
1240 2746 1529 2816 populares
1563 2745 1690 2803 Pla-

127 2826 317 2894 centina;
368 2837 421 2884 et
466 2829 672 2889 milites
708 2832 959 2888 exierunt
989 2835 1057 2890 de
1103 2835 1348 2906 civitate,
1382 2840 1690 2898 habitantes

127 2925 277 2972 castra
296 2928 347 2997 et
368 2920 535 2976 villas
558 2931 613 2976 et
635 2922 1200 2999 prohibentes'gentes
1225 2932 1569 3004 episcopatus
1597 2948 1691 2990 ve-

126 3007 226 3064 nire
263 3011 325 3064 ad
369 3021 673 3068 mercatum
722 3012 1042 3081 Placentiae,
1096 3030 1151 3075 et
1208 3032 1334 3079 tunc
1393 3023 1686 3095 populares

128 3110 353 3157 exeuntes
383 3102 448 3159 de
495 3104 721 3158 civitate
756 3118 945 3161 contra
980 3109 1196 3178 milites,
1242 3116 1689 3186 erpugnaverunt

128 3197 276 3278 castra
316 3207 485 3263 usque
532 3193 598 3247 ad
633 3193 1076 3254 Trabantiauum.
1107 3200 1175 3255 Et
1210 3210 1337 3259 tunc
1366 3206 1565 3264 milites
1592 3223 1689 3278 per

127 3275 261 3333 aliam
288 3281 423 3337 viam
452 3286 772 3357 congregati
821 3287 1160 3346 intraverunt
1201 3292 1477 3350 Civitatem
1505 3275 1690 3353 exelu-

126 3365 283 3425 dentes
310 3372 374 3426 de
400 3374 633 3429 civitate
660 3377 965 3447 populares,
995 3382 1086 3452 qui
1131 3384 1420 3453 populares
1459 3401 1563 3441 non
1596 3404 1690 3443 va-

127 3456 269 3516 lentes
290 3464 565 3521 civitatem
608 3466 811 3524 intrare
842 3478 1112 3528 steterunt
1128 3474 1283 3545 juxta
1311 3474 1370 3531 S.
1395 3475 1685 3546 Lazarum,

126 3556 170 3602 et
190 3555 386 3610 tandem
417 3557 471 3610 in
502 3556 644 3612 l‘esto
665 3557 727 3613 S.
765 3558 1046 3619 Michaelis
1076 3563 1305 3622 invicem
1333 3570 1685 3625 concordiam

126 3638 334 3699 lecertntt
368 3648 429 3719 (ι.
453 3665 532 3716 c.,
564 3648 669 3703 col.
694 3648 844 3722 251).
875 3669 894 3704 ι

184 3732 268 3789 Uhi
298 3738 426 3793 nihil
461 3740 730 3809 reperias,
758 3744 899 3812 quod
916 3742 1112 3800 faciem
1136 3745 1352 3803 illorum
1377 3758 1682 3822 temporum

127 3822 311 3890 referat,
343 3829 543 3896 quibus
564 3828 767 3884 Arialdi
790 3842 847 3887 et
868 3832 1164 3892 Herlibaldi
1202 3838 1326 3894 mali
1349 3840 1512 3910 sopiti
1533 3842 1684 3913 ignes

125 3922 177 4056 ἓ
204 3914 434 3977 incendia
464 3922 707 3979 atrocius
735 3939 898 3995 quam
941 3942 1182 4003 unquam
1213 3932 1450 3990 antehae
1494 3936 1683 3991 saevie-

183 4015 249 4056 nt.
920 4034 923 4037 ·

183 4015 249 4061 ιιι.
920 4034 923 4037 ·

181 4093 426 4158 Caeterum
469 4117 593 4173 qua:
620 4103 814 4163 Petrus
856 4104 1025 4162 Maria
1051 4107 1308 4183 Campius
1351 4115 1682 4173 novissimus

124 4180 342 4276 llistoriat
367 4195 754 4253 ecclesiasticae
799 4197 1146 4269 Placentinae,
1187 4180 1345 4276 isque
1394 4220 1500 4263 non
1536 4208 1679 4263 indi-

1796 546 1933 594 tum
1989 538 2149 607 copia
2205 536 2402 594 collato
2460 551 2671 593 mecum
2728 538 2937 595 studio
2970 537 3376 595 communicare

1748 662 1751 665 ι
1796 628 2001 702 dignati
2024 639 2173 697 sunt,
2203 644 2301 699 per
2320 628 2580 700 epistolas
2597 629 2855 695 consulti,
2880 632 2982 687 viri
3010 646 3172 702 supra
3190 629 3377 685 laudes
3430 668 3433 673 η

1796 737 1943 777 meas
1976 722 2139 793 positi
2177 722 2499 780 Franciseus
2543 719 2844 793 Tmpselius
2889 723 3209 794 pmpositus
3256 721 3379 777 Poh-

1795 812 2043 886 linganus
2075 821 2130 869 et
2157 812 2335 884 (cuius
2356 814 2466 884 jam
2496 813 2581 870 vel
2623 829 2817 871 nomen
2851 815 3009 884 elogii
3057 816 3227 871 instar
3255 829 3379 870 esse

1795 906 1982 979 coepit)
1997 904 2240 976 ejusdem
2266 905 2659 977 antiquissimae
2685 908 2786 963 sub
2809 908 2993 979 regula
3016 905 3376 979 D.Angustini

1718 1020 1723 1023 -
1795 999 2040 1056 canonize
2062 1000 2320 1069 deeanus,
2350 999 2618 1056 Eusebius
2641 1001 2919 1056 Amortus.

1852 1091 1945 1147 De
1964 1093 2135 1147 sancti
2158 1100 2214 1147 et
2242 1093 2391 1149 beati
2416 1093 2579 1151 titulo.
2595 1093 2649 1148 in
2675 1093 2820 1151 hunc
2842 1093 3019 1150 virum
3037 1104 3170 1151 testu
3194 1093 3382 1159 saeculi

1794 1182 2135 1240 et‘factionis
2165 1199 2277 1239 sua;
2310 1184 2707 1254 imprudentius
2731 1200 3021 1241 accensum
3049 1200 3080 1240 a
3111 1185 3379 1242 nonnulfis

1796 1276 1991 1333 collato
2018 1276 2484 1348 Agiograpborutn
2509 1276 3004 1347 Autwerpiensium
3028 1280 3378 1348 sententiam;

1794 1367 2165 1423 eo'ret‘erimus
2205 1366 2479 1422 lubentius
2507 1382 2613 1437 quo
2641 1367 2848 1438 aequior
2878 1368 3058 1434 nobis,
3093 1356 3382 1424 uennullo—
3428 1410 3440 1423 .

1796 1473 1915 1515 rum
1946 1459 2464 1526 recentiorum,nee
2497 1460 2822 1516 auctoritate
2865 1474 2965 1516 nec
2994 1460 3216 1531 judicio
3255 1461 3381 1515 nixa

1793 1552 2066 1624 largitate,
2094 1566 2314 1623 semper
2338 1552 2452 1609 visa
2479 1563 2584 1608 est.
2615 1553 2691 1608 lta
2737 1564 2919 1609 autem
2954 1554 3191 1609 civitatis
3219 1553 3381 1623 Chri—

1794 1643 1985 1699 stianae
2015 1641 2377 1700 tabularii'et
2418 1644 2631 1700 archivi
2676 1644 2997 1704 collectores
3024 1654 3097 1700 et
3131 1646 3383 1701 custodes

1794 1735 2051 1805 perpetui
2079 1735 2234 1807 (l9):
2295 1754 2314 1789 ι
2358 1735 2684 1791 Bonizonem
2742 1736 3081 1795 Sutriensem
3123 1739 3380 1807 primum,

1721 1795 1771 1858 Β
1796 1795 1991 1883 deinde
2025 1795 2425 1897 Placentinum,
2459 1837 2515 1884 ut
2565 1828 2750 1885 volunt
2796 1829 2927 1900 (imo
2971 1795 3153 1896 ιοειίηί,
3192 1795 3383 1898 ποιέω)

1794 1918 2132 1988 episcopum,
2179 1919 2386 1975 sanctis
2441 1918 2607 1974 Italiae
2660 1919 2714 1974 in
2754 1920 2939 1989 .priuri
2985 1934 3084 1974 suo
3132 1920 3379 1988 catalogo

1794 2008 2158 2065 adnumerare
2184 2024 2350 2065 ausus
2371 2024 2479 2067 non
2507 2007 2686 2064 fuerat
2702 2007 3010 2073 Ferrarius,
3034 2017 3116 2062 ast
3142 2009 3196 2063 in
3212 2008 3385 2062 altero

1794 2098 2035 2171 generali
2079 2099 2241 2168 paulo
2286 2099 2512 2155 liberius
2540 2099 2955 2169 pronuntiavit:
3000 2117 3018 2150 ι
3068 2100 3379 2165 Placentina,

1800 2209 1819 2243 ι
1850 2188 1909 2243 Β.
1939 2189 2232 2246 Bunizonis
2258 2191 2494 2260 episcopi
2538 2200 2595 2246 et
2647 2191 2935 2261 martyris,
2985 2209 3004 2244 ι
3064 2189 3133 2245 de
3181 2205 3291 2260 quo
3323 2197 3383 2242 ut

1794 2286 1987 2334 sancto
2023 2289 2079 2335 et
2107 2281 2286 2345 beato,
2313 2280 2496 2337 nullus
2536 2281 2786 2338 meminit
2813 2282 3095 2339 hactenus.
3123 2280 3181 2335 In
3215 2281 3384 2337 adno-

1798 2368 2094 2426 tationibus
2121 2368 2350 2425 confuse
2376 2369 2574 2441 allegat
2593 2372 2781 2427 nescio
2801 2386 2939 2441 quos
2958 2370 3200 2425 Annales
3231 2370 3383 2427 urbis

1792 2459 2122 2516 Placentina:
2175 2470 2235 2517 et
2268 2461 2562 2518 Baronium
2608 2463 2683 2518 ad-
2754 2478 2962 2519 annum
3018 2463 3176 2519 1089.
3228 2463 3384 2519 Hunc

1794 2552 1964 2624 igitur
2006 2552 2245 2623 primuttt
2296 2555 2567 2621 consului,
2625 2555 2680 2610 itt
2729 2570 2840 2626 quo
2884 2555 2950 2612 de
2999 2555 3271 2611 Bouizone
3307 2554 3383 2615 nil

1791 2659 2023 2716 prorsus
2070 2646 2250 2716 reperi
2316 2657 2516 2717 praeter
2567 2647 2863 2718 ipsissima-
2890 2648 3055 2704 verba
3104 2647 3384 2705 Bertholdi

1792 2736 2243 2802 Constantieusis,
2285 2738 2339 2793 in
2391 2740 2691 2811 appendice
2738 2738 3040 2799 Hermanni
3075 2740 3143 2795 ad
3174 2739 3381 2795 dictum

1793 2842 1998 2883 annum
2025 2828 2183 2885 1089.
2219 2845 2239 2882 ι
2288 2827 2694 2900 Refertpostea
2742 2830 2920 2886 locum
2950 2830 3249 2896 Bertholtli,
3288 2843 3380 2885 ac-

1790 2921 2174 2978 curatissimus
2194 2921 2441 2994 Cuperus
2484 2922 2556 2994 (is
2578 2924 2726 2979 enim
2752 2924 3165 2979 adnotationem
3183 2924 3378 2979 harum

1791 3014 2004 3086 auctor)
2032 3025 2088 3071 et
2106 3030 2274 3086 porro
2303 3016 2473 3087 pergit
2499 3035 2513 3072 :
2562 3037 2579 3071 ι
2619 3017 2716 3074 His
2742 3018 3000 3090 ponderis
3025 3026 3119 3073 aut
3145 3018 3380 3077 auctori-

1794 3105 1918 3160 tatis
1974 3104 2199 3160 niltilum
2266 3104 2529 3162 Baronius
2561 3107 2629 3162 de
2672 3122 2772 3163 suo
2801 3106 3031 3171 addidit,
3057 3121 3125 3162 ne
3163 3106 3380 3178 quidem

1791 3196 1936 3252 beati
1984 3196 2195 3252 titulum
2229 3196 2472 3253 Annales
2525 3196 2876 3255 Placentinus
2933 3197 3068 3254 alios
3115 3213 3225 3255 non
3254 3197 3377 3263 ,vidl

1789 3296 1987 3359 prmter
2013 3302 2125 3355 eos,
2154 3302 2293 3359 quos
2325 3286 2510 3346 ltalice
2540 3289 2778 3362 vulgavit
2805 3289 2999 3344 Petrus
3023 3288 3192 3345 Maria
3218 3288 3378 3357 Cam-

1789 3381 1930 3451 pius,
1955 3379 2081 3436 alibi
2107 3396 2139 3435 a
2180 3379 2340 3437 nobis
2375 3398 2658 3451 excussus,
2687 3384 2739 3438 in
2784 3383 2967 3439 iudice
2995 3384 3179 3454 operis
3208 3383 3368 3439 Boni.-

1790 3486 1979 3527 zonem
2007 3471 2385 3528 canonizatum
2416 3488 2521 3529 non
2553 3482 2699 3530 recte
2743 3488 3014 3535 asserens,
3065 3487 3165 3528 nec
3202 3471 3378 3541 magis

1788 3577 1915 3619 vere
1942 3578 2175 3621 narrans
2196 3581 2318 3637 pag.
2348 3564 2473 3630 358,
2502 3580 2626 3621 eum
2672 3582 2702 3618 a
2749 3564 2986 3619 Baronio
3016 3572 3267 3619 vocatum
3314 3562 3372 3619 S.

1787 3653 2139 3723 Bonizonem,
2170 3658 2274 3713 nisi
2318 3658 2499 3727 inepte
2530 3657 2789 3725 indicem,
2819 3656 3005 3711 nescio
3033 3671 3065 3709 a
3109 3670 3215 3723 quo
3240 3669 3375 3711 eon-

1786 3746 2086 3812 cinnatum,
2145 3760 2247 3815 pro
2300 3747 2780 3803 annalium.textu
2834 3746 3221 3802 suhstituerit:
3272 3757 3376 3799 nec

1784 3834 2071 3892 Buceliuus
2096 3837 2216 3908 plus
2233 3838 2449 3895 roboris
2480 3838 2727 3910 adjungit
2759 3852 2776 3892 :
2804 3855 2833 3892 a
2859 3853 2969 3909 quo
2991 3836 3129 3894 tuale
3143 3835 3378 3893 refertur

1786 3929 1946 3983 tertia
1978 3927 2149 3983 Junii.
2172 3926 2417 3985 Admitto
2443 3938 2497 3985 et
2518 3929 2755 4000 suspicio
2776 3929 3068 4000 praeclaros
3084 3928 3376 3985 Bonizonis

1783 4020 2001 4078 labores
2030 4039 2223 4081 omnes
2243 4033 2300 4081 et
2323 4024 2649 4095 gravissima
2688 4023 2911 4079 vulnera
2951 4023 2999 4078 ei
3032 4039 3064 4077 a
3109 4023 3376 4079 schisma-

1783 4116 1905 4173 ticis
1937 4116 2164 4188 inﬂicta,
2217 4130 2275 4177 at
2318 4128 2616 4190 martyrem
2638 4132 2876 4190 unquam
2903 4115 3144 4188 legitima
3171 4126 3361 4169 aucto.-

1783 4211 1945 4267 ritate
1969 4213 2302 4269 declaratum
2344 4213 2535 4278 fuisse,
2567 4211 2653 4269 vel
2689 4219 2750 4267 ut
2781 4210 2968 4275 talem,
3021 4208 3213 4274 Sutrii,
3248 4208 3372 4264 Pla-

125 4274 267 4373 ίίεεξηε
304 4287 395 4340 sed
444 4303 785 4345 summorum
812 4291 1052 4349 virorum
1087 4274 1335 4353 laudibus
1363 4299 1678 4358 notissimus
1781 4303 1976 4359 ccutiat
2004 4313 2098 4359 aut
2129 4305 2353 4361 Veronte
2371 4304 2601 4369 cultum,
2632 4316 2739 4358 non
2772 4300 3005 4373 probant
3031 4315 3240 4355 earum.
3265 4300 3367 4355 Ee-

124 4369 323 4463 Scriptor
350 4377 415 4433 de
462 4378 740 4436 Bonizoue
781 4387 1054 4454 congessit
1097 4400 1161 4441 ex
1192 4387 1381 4443 iisdem
1412 4389 1676 4460 fontibus,
1781 4392 2074 4449 etesiarum
2104 4392 2324 4460 tabulae;
2358 4409 2457 4449 nec
2488 4390 2695 4463 Ughelli
2724 4369 2971 4463 Elngium
3006 4399 3152 4445 toruo
3176 4388 3217 4455 ι,
3260 4389 3364 4447 col.

125 4461 240 4554 unde
263 4477 440 4525 nostra
469 4470 766 4538 hausimus,
795 4475 1077 4545 desumpta
1107 4481 1475 4547 percepimus;
1502 4496 1675 4554 neque
1707 4492 1754 4553 ι)
1783 4484 1908 4548 l90,
1942 4484 2031 4541 ubi
2053 4485 2321 4541 Bonizzus
2352 4461 2597 4549 vocatur,
2623 4482 2690 4538 de
2721 4461 2845 4538 ullov
2878 4480 3024 4537 cultu
3075 4480 3363 4547 meminit;

123 4553 242 4648 enim
268 4558 378 4627 ejus
408 4562 624 4618 vivendi
669 4573 833 4636 atque
879 4567 1160 4623 evolvendi
1188 4571 1405 4627 occasio
1437 4553 1687 4644 obtigit;.
1777 4591 1880 4632 nec
1927 4576 2058 4632 mihi
2109 4577 2237 4633 licet
2272 4577 2421 4635 sedis
2466 4576 2777 4648 apostolica:
2816 4574 3083 4645 judicium
3128 4588 3364 4647 preven-

126 4641 242 4700 idem
270 4652 355 4706 sed
392 4666 771 4713 asseveranter
791 4660 1150 4729 pronuntiare
1169 4662 1237 4717 de
1267 4663 1331 4718 iis
1360 4641 1667 4736 possumus,

122 4746 222 4800 (tua:
242 4739 304 4794 de
327 4743 616 4814 ttonizone,
633 4746 872 4805 Joannes
900 4749 1134 4807 Lironus
1152 4751 1523 4822 Carnuteusis,
1541 4771 1673 4813 cono

122 4834 414 4899 Kfegalionis
461 4838 521 4894 S.
568 4838 738 4896 Mauri
793 4844 1113 4909 monachus,
1164 4846 1313 4901 varia
1369 4850 1673 4907 eruditione
1722 4886 1727 4887 κ

123 4922 409 5010 conspicuus
465 4937 613 4987 tomo
656 4932 675 4987 l
730 4932 1100 5003 Singularium
1147 4949 1371 4992 suorum
1423 4938 1558 5010 (18),
1600 4957 1668 4997 ex

124 5006 376 5152 {Ambecio
409 5022 643 5095 aliisque
684 5025 981 5082 desultoria
1026 5035 1207 5083 tamen
1252 5006 1527 5086 brevitate.
1559 5033 1672 5089 cola-

138 5114 247 5152 emt.

138 5114 248 5173 egit.

125 5281 134 5291 _
322 5218 418 5261 sun
446 5248 462 5273 ,
503 5224 626 5279 quze
661 5211 731 5266 de
759 5211 869 5265 vita
895 5219 951 5265 et
977 5211 1140 5268 rebus
1177 5211 1468 5270 Bonizouis
1493 5215 1669 5285 deque

124 5297 264 5351 “litus
283 5308 498 5357 cruento
525 5302 677 5359 obitu
702 5304 963 5360 hactenus
980 5305 1046 5359 ad
1073 5314 1318 5376 posteros
1348 5321 1666 5376 pervenere,

126 5390 321 5454 ίιυεετιιιε
349 5405 411 5447 ex
437 5405 589 5464 parte
630 5412 730 5468 pro
762 5396 1034 5454 uberrima
1058 5414 1165 5455 non
1212 5399 1376 5455 modo
1405 5400 1667 5457 ecclesia-

318 5545 990 5634 Eril‘1_BtLt'on.,_t._lV,ad
1018 5557 1357 5634 ann.__l05_7,
1380 5576 1442 5634 Arx
1455 5569 1526 5634 _et
1545 5576 1662 5634 seq.

187 5611 284 5698 tu}
319 5614 379 5698 1‘.
413 5621 499 5698 ιιιΔ
532 5611 835 5698 ιιέτέιιειιν
862 5611 982 5698 ἀρνί.
1011 5611 1134 5698 rso,
1159 5611 1662 5698 ιιέίιίρίιῐῐιιὶῐτῖιὶἦζ

133 5681 662 5818 .gi'tégularités
700 5681 1003 5767 ιίιιέἑαιτὲε,
1016 5681 1073 5755 1‘.
1105 5681 1662 5777 1',";.a.’;t;r‘c‘1;;.j};:

1777 4677 1913 4725 tere.
1952 4688 1973 4721 ι
2006 4668 2103 4726 llis
2130 4670 2761 4743 subjuugitepitaphium
2811 4667 3116 4736 Cremonae,
3172 4669 3228 4724 in
3254 4683 3361 4738 quo

1774 4760 1995 4832 quidem
2023 4771 2232 4835 martyr
2261 4763 2415 4820 audit
2444 4762 2666 4829 Bonizo,
2698 4763 2795 4820 sed
2841 4762 2895 4821 id
2933 4762 3209 4819 recentius
3234 4777 3358 4818 cum

1774 4853 1864 4920 sit,
1911 4853 2049 4910 nihil
2079 4856 2262 4911 ﬁrmat
2314 4856 2650 4912 reclamante
2696 4855 3040 4926 antiquitate.
3097 4853 3365 4912 Observa!
3419 4890 3423 4895 ι

1775 4948 2010 5007 Sandius
2039 4950 2093 5006 in
2125 4952 2269 5008 notis
2297 4959 2353 5007 et
2394 4951 2958 5009 animadversionibus
2987 4951 3056 5005 ad
3086 4948 3263 5007 Vossii
3292 4950 3361 5007 de

1772 5040 2064 5099 Historicis
2092 5044 2302 5100 Latinis
2344 5059 2483 5115 opus
2509 5044 2951 5102 doctissimorum
2986 5045 3229 5100 virorum
3260 5056 3353 5095 ae-

1775 5132 2111 5189 eessionibus
2136 5143 2192 5189 et
2212 5133 2337 5189 lima
2362 5134 2523 5191 hodie
2547 5134 3025 5207 perpolitissimum
3048 5135 3192 5204 (pag.
3223 5133 3353 5200 353,

1770 5224 1899 5280 edit.
1924 5224 2326 5293 Amstel.1677,
2351 5226 2547 5299 inoli),
2574 5226 2902 5284 Bonizonem
2927 5228 3042 5282 sive
3064 5226 3354 5283 Bonithum

1770 5330 1802 5370 a
1837 5316 2110 5373 nonnullis
2143 5336 2162 5370 ι
2198 5316 2531 5376 Οκιτιιοιηιςιι
2558 5320 2760 5375 dictum
2782 5317 2923 5389 quod
2954 5318 3126 5387 prima
3174 5317 3354 5374 littera

1770 5408 1812 5464 Β
1832 5409 2040 5466 credita
2064 5408 2600 5470 fueritbeatitudiuis
2629 5411 2908 5467 iudicium.
2944 5429 2962 5463 ι
3000 5409 3152 5478 Quod
3173 5410 3355 5466 obtusi

1846 5566 1962 5642 (l9)
1984 5566 2057 5623 .ln
2083 5568 2265 5626 aduot.
2296 5566 2364 5642 de
2393 5568 2778 5642 praetermissis
2808 5567 2895 5625 die
2938 5584 3028 5623 ιιν
3061 5566 3213 5642 Julii,
3241 5582 3353 5639 quo

1774 5636 1998 5711 locode
2029 5639 2349 5711 typographi
2388 5636 2579 5711 errore
2630 5636 2846 5694 Junium
2912 5655 3010 5711 pro
3060 5636 3204 5711 Julio
3257 5636 3352 5711 po-

1773 5709 1974 5781 nentis,
2003 5708 2103 5767 me
2118 5708 2324 5767 monuit
2353 5709 2423 5769 el.
2451 5708 2727 5780 Amortus,
2750 5719 2804 5769 et
2829 5708 2927 5784 per
2958 5727 3045 5769 me
3067 5709 3216 5772 alios.
3260 5708 3273 5711 ⁷
3336 5734 3337 5737 η
