3848 6292
508 286 606 344 ru
1579 283 1832 343 BONllO
1860 279 2339 343 PLACENTINUS
2367 279 2775 365 EPISCOPUS.
3638 293 3716 355 79:

500 402 621 455 nasi
645 402 920 459 recentius
965 410 1330 475 commentum
1355 441 1377 470 ,
1421 413 1584 458 nemo
1615 415 1726 457 non
1769 400 1861 474 qui
1897 415 2086 458 emun—
2112 404 2160 462 Α
2183 414 2429 459 errorem
2457 413 2615 456 suum
2660 412 3017 472 cognoscens,
3058 399 3323 479 suadente
3357 400 3715 490 imperatore»

502 493 661 550 etlori
701 495 892 563 utitur,
922 495 1298 567 deprehendit.
2178 491 2664 550 abdicavitollicio.
2704 511 2725 549 ι
3072 548 3073 551 η
3150 558 3153 561 ἤ

570 583 781 640 Nullam
809 594 1065 641 ueterum
1091 585 1381 643 Bonizonis
1406 584 1549 657 apud
1564 584 1967 657 bibliographos
1996 587 2076 642 in-
2249 582 2375 640 llzec
2396 592 2576 639 autem
2618 596 2725 638 nou
2769 582 2910 655 apud
2944 581 3335 639 Domnizonem
3367 586 3540 657 (quem
3579 590 3716 648 videri

486 676 761 746 signiores
780 676 1121 747 Sigebertum
1148 677 2075 744 Gemblaeensem,llenricumGan-
2175 682 2358 741 posset
2380 672 2484 728 s‘ub
2525 671 2754 729 Deunito
2792 687 2895 727 suo
2930 671 3283 744 intellexisse)
3333 675 3485 746 cujus
3525 677 3631 735 libri
3666 685 3716 738 ad

487 765 805 830 slavenstm,
858 766 1121 822 Joannem
1166 766 1551 834 Tritbemium,
1593 765 1925 823 cardinalem
1958 765 2071 820 Bel.
2172 760 2486 820 Mathil’dam
2515 772 2732 821 exstant
2763 764 2831 823 ab
2881 764 3077 821 illustri
3144 763 3419 823 Leibnitio
3471 773 3714 840 τετοκυῖα.

488 856 805 923 luminum,
861 858 1204 915 Guillelmum
1256 859 1719 932 Eisengreinium,
1771 857 2072 915 Aubertunt
2175 853 2269 907 sed
2299 854 2440 925 apud
2471 854 2797 911 Bonizonem
2835 855 3715 929 nostrnm,etprolixiuslcgnntur.

490 947 756 1016 Mirmum,
780 951 1069 1008 Antonium
1096 952 1471 1017 Posseviuum,
1512 950 1820 1007 Conradum
1868 948 2075 1006 Gesne-
2175 942 2282 1001 Sed
2309 955 2364 1000 et
2391 945 2504 1016 ipse
2532 944 2881 1011 Maratorius,
2911 962 3008 1018 pro
3058 962 3268 1002 summa
3301 962 3400 1004 sua
3451 948 3504 1005 in
3536 952 3718 1011 edendis

489 1057 611 1098 ιριιιη
656 1053 711 1099 οι
745 1045 862 1112 ejus
889 1045 1298 1113 epitomatores,
1352 1058 1528 1113 neque
1578 1042 1720 1113 apud
1770 1039 2071 1098 Gerardum
2173 1040 2544 1094 monumentis
2591 1038 2906 1108 integritate
2957 1049 3142 1094 monet
3192 1039 3313 1096 loco
3361 1041 3567 1099 Deoniti
3610 1044 3719 1103 inter

486 1131 748 1190 Joannem
784 1134 1057 1203 \‘ossium,
1100 1151 1260 1205 quem
1299 1134 1367 1191 de
1417 1134 1695 1190 historicis
1740 1134 2069 1189 scribentem
2172 1126 2370 1184 lineam
2413 1130 2707 1202 ascriptum
2755 1129 2811 1185 in
2858 1130 3044 1186 codice
3074 1130 3281 1189 Boniei.
3328 1134 3481 1190 Adeo
3513 1151 3659 1208 prope
3692 1155 3715 1194 ι

485 1242 616 1284 cura
649 1228 735 1284 illa
765 1230 984 1299 propius
1041 1230 1347 1301 spectabat,
1382 1227 1715 1285 mentionem
1756 1240 2069 1292 occurrere,
2172 1235 2304 1276 vero
2354 1220 2529 1277 abfuit
2576 1220 2659 1277 vir
2698 1231 2807 1277 tam
2852 1223 3160 1293 perspicax.
3215 1226 3311 1285 sed
3360 1241 3485 1282 eum
3534 1230 3717 1287 notioris

483 1334 648 1375 nemo
675 1335 801 1377 eum
853 1319 1120 1377 animi",
1156 1319 1369 1378 ουδίηο
1410 1320 1568 1375 valde
1615 1317 1923 1385 mirabitur,
1954 1318 2066 1389 qui,
2172 1310 2521 1369 Domnizonis
2548 1327 2743 1369 nomen
2776 1329 2807 1369 a
2850 1328 2981 1369 vero
3026 1312 3321 1385 abstraxit,
3349 1332 3509 1389 quem
3537 1334 3719 1380 noverat

481 1426 648 1482 quam
674 1413 865 1483 supine
905 1423 1284 1485 argumentum
1324 1413 1453 1470 illud
1488 1412 1855 1469 vastissimum
1907 1420 2071 1481 atque
2173 1400 2410 1457 Μειδίίῶ
2432 1402 2632 1458 librum
2652 1417 3017 1476 nuncupasse:
3040 1414 3452 1478 υιῖθροηθτθῑε
3480 1426 3499 1461 ε
3532 1424 3594 1464 3“
3612 1409 3718 1466 ῖοηθ

481 1501 860 1559 inexhaustum
889 1504 1131 1576 plerique
1156 1521 1343 1562 eorum
1366 1504 1525 1575 (quos
1555 1505 1669 1576 ipsa
1703 1503 1856 1573 copia
1882 1502 2071 1574 inopes
2171 1491 2381 1558 Donili.
2409 1495 2921 1551 εθυνθοηὶηὶῑοῐιίεῖ
2964 1514 2985 1549 ³

479 1591 710 1648 subinde
760 1592 911 1666 fecit)
965 1596 1342 1661 traetaverint,
1382 1611 1564 1650 secum
1617 1610 1787 1667 prepe
1839 1609 2071 1665 perpen-
2243 1584 2361 1642 Sub
2396 1585 2627 1643 Henrico
2663 1584 2731 1643 IV
2769 1587 3053 1644 hislorlam
3098 1586 3449 1647 Hildebi‘andi
3480 1591 3541 1663 (ιι
3568 1611 3611 1647 το
3637 1595 3721 1649 00l-

480 1685 681 1740 derint.
740 1685 910 1742 Tanta
962 1689 1105 1744 enim
1158 1700 1376 1759 tamque
1428 1689 1691 1745 immensa
1739 1704 1866 1744 cum
1920 1703 2037 1743 esse

2169 1674 2299 1746 222)
2350 1676 2549 1747 prioris
2590 1676 2968 1735 Cluniacensis
3012 1691 3201 1750 postea
3248 1681 3517 1753 pontiﬁcis
3557 1683 3718 1756 Grege

477 1788 666 1830 mm
693 1816 709 1841 .
765 1792 996 1847 quorum
1051 1779 1252 1849 scripta
1314 1789 1425 1834 ιηιη
1474 1781 1676 1850 passim
1732 1780 2063 1847 “stabam,
2096 1764 2142 1827 Β
2170 1767 2236 1822 rii
2268 1766 2379 1834 νιι,
2404 1768 2869 1841 archiepiscopum
2903 1770 3295 1829 Ebroniensem
3340 1773 3589 1830 Simoniae
3611 1779 3720 1835 nam

475 1866 656 1936 copia,
690 1866 847 1921 facile
880 1884 1100 1936 eorum,
1141 1886 1379 1941 quorum
1408 1881 1519 1927 tum
1557 1881 1611 1927 et
1643 1873 1785 1926 fama
1818 1880 1871 1926 et
1909 1870 2037 1926 lucu

2164 1869 2485 1931 argumento
2507 1860 2879 1918 convincentis
2907 1872 2965 1919 et
2992 1864 3068 1923 ad
3113 1866 3508 1923 abdicationem
3557 1884 3718 1940 cogen-

473 1956 753 2014 bratioues
780 1958 887 2014 alta
917 1960 1147 2031 caligine
1187 1972 1243 2022 et
1283 1964 1392 2020 situ
1422 1966 1835 2035 premebantur,
1863 1963 2037 2021 οι)ιίνῂ

2163 1950 2254 2017 tis,
2287 1949 2477 2007 iisdem
2517 1952 2633 2008 fere
2665 1952 2847 2011 verbis
2871 1964 3080 2020 narrat,
3118 1972 3241 2027 qua:
3280 1959 3442 2016 hodie
3483 1960 3723 2019 Bonizone

474 2048 738 2119 obrepsit
2160 2052 2412 2100 exstante
2450 2044 2703 2118 legimus.
2759 2045 2878 2115 Quo
2932 2046 3054 2105 loco
3105 2049 3469 2110 Riecobaldus
3510 2059 3717 2113 auctoris

544 2138 663 2197 Non
719 2150 895 2200 tamen
931 2145 1222 2203 Bonizonis
1253 2145 1479 2219 ejusque
1522 2162 1748 2219 operum
1793 2148 2053 2204 memoria

472 2228 550 2285 ita
574 2233 796 2289 omnino
828 2235 1174 2304 exoleverat,
1210 2247 1270 2293 ut
1294 2238 1499 2293 nullum
1528 2238 1750 2309 penitus
1771 2237 2057 2311 vestigium

469 2331 713 2380 exstaret
744 2345 758 2380 :
788 2342 914 2383 nam
962 2338 1019 2384 et
1052 2346 1357 2403 anonymus
1406 2331 1756 2400 Melliceusis,
1792 2332 2055 2389 Bonizoni

469 2423 659 2469 nostro
713 2418 1077 2488 synchronus,
1135 2435 1173 2476 δ
1226 2420 1506 2477 Bernardo
1557 2421 1723 2479 Pezio
1772 2422 1825 2478 in
1876 2422 2055 2481 lucem

466 2517 797 2578 protractus,
847 2511 963 2583 ejus
995 2514 1328 2571 mentionem
1368 2515 1501 2571 facit
1527 2514 1644 2587 (20)
1695 2515 1782 2572 his
1825 2516 2054 2574 verbis:

472 2617 495 2650 ι
528 2598 731 2656 Pnnizo
758 2602 1059 2662 Sntriensis
1106 2607 1391 2681 presbyter
1428 2607 1655 2681 Septimi
1719 2608 2056 2681 temporibus

465 2690 654 2747 scribit
675 2705 927 2765 excerpta
951 2696 1018 2753 de
1030 2698 1352 2755 eanonibus.
1382 2719 1403 2754 ι
1436 2700 1505 2757 Ει
1532 2702 1671 2772 apud
1696 2699 2054 2758 Maratorium

468 2781 670 2839 Rerum
719 2786 1027 2844 ltalicarum
1072 2799 1220 2847 tomo
1248 2792 1337 2859 ill,
1392 2796 1484 2865 qui
1529 2796 1665 2851 Acta
1721 2795 2051 2852 Pontificum

474 2875 844 2936 Romanorum
880 2891 937 2937 et
965 2881 1116 2940 Vitas
1138 2885 1515 2957 complectitur
1551 2903 1580 2942 a
1613 2887 1838 2945 Nicolao
1878 2889 2053 2944 Arra-

463 2972 638 3039 goniaa
667 2972 725 3027 S.
763 2972 826 3028 lt.
859 2973 921 3029 Ε.
950 2976 1227 3033 cardinale
1272 2979 1632 3049 conscriptas,
1665 2980 1719 3036 in
1753 2980 2048 3039 Leonile

462 3057 586 3114 Vita
610 3062 898 3120 manifeste
927 3075 1151 3137 apparet
1178 3065 1454 3122 Nicolaum
1480 3067 1767 3126 Bonizonis
1790 3070 2045 3131 historias

454 3166 575 3221 pra:
626 3153 798 3209 oculis
841 3156 1135 3212 habuisse:
1188 3160 1326 3214 adeo
1357 3176 1458 3213 non
1491 3177 1580 3216 res
1626 3172 1834 3217 tantum
1864 3164 1960 3220 sed
1990 3175 2046 3219 et

461 3242 629 3297 verba
661 3244 824 3312 illius,
855 3262 952 3301 sua
990 3246 1115 3303 facit
1163 3248 1242 3320 (p.
1276 3264 1348 3303 m.
1378 3248 1528 3321 277).
1578 3249 1690 3306 Nec
1744 3252 1799 3306 in
1850 3251 2045 3309 Leonis

462 3343 669 3391 tantum
699 3338 793 3395 sed
822 3354 875 3396 et
904 3340 958 3395 in
987 3339 1249 3412 Stephani
1276 3342 1369 3409 lx,
1409 3343 1619 3400 Nicolai
1652 3344 1691 3400 ll
1726 3353 1781 3399 et
1802 3345 2043 3403 Alexan-

458 3425 545 3482 dri
576 3426 619 3482 ll
649 3432 816 3501 gestis
839 3432 1005 3488 vitulo
1030 3432 1324 3491 Bonizonis
1344 3445 1563 3493 strenue
1583 3438 1751 3493 aravit
1768 3436 2040 3507 Nicolaus,

454 3518 558 3572 etsi
586 3517 702 3587 ejus
718 3522 932 3579 interim
953 3527 1120 3582 verbo
1142 3542 1248 3582 non
1276 3528 1615 3585 meminerit.
1630 3528 1784 3597 Quod
1800 3530 2044 3601 pluribus

455 3609 749 3677 coniicere,
773 3630 897 3670 cum
929 3618 1165 3674 conferri
1192 3620 1307 3691 jam
1352 3621 1495 3677 inter
1538 3637 1617 3690 se,
1646 3637 1809 3692 opera
1854 3633 2041 3680 nostra

453 3701 738 3773 utriusque
760 3706 959 3777 scripta
985 3710 1210 3778 possint,
1254 3710 1415 3780 hujus
1443 3711 1545 3769 loci
1580 3728 1746 3785 porro
1783 3728 1891 3770 non
1918 3729 2042 3771 esse

451 3791 689 3849 videtur.
721 3794 963 3854 Suﬂlciat
993 3801 1186 3858 saltem
1216 3812 1437 3860 notasse
1472 3805 1526 3859 in
1563 3806 1840 3876 specimen
1881 3805 2043 3863 Nico-

453 3880 598 3937 laum
644 3884 700 3938 in
745 3886 854 3942 vita
884 3888 1175 3946 Alexandri
1204 3892 1246 3946 ll
1276 3894 1602 3952 mentionem
1636 3894 1818 3953 facere
1850 3899 2038 3955 statuti

451 3987 490 4027 ι
520 3972 841 4035 Lombardis
883 3980 1149 4053 episcopis
1175 3983 1440 4041 Guiberto
1475 3985 1756 4043 Parmensi
1814 3997 2040 4046 auctore

449 4062 605 4134 facti,
632 4075 690 4122 ut
719 4068 935 4125 aliunde
964 4088 1068 4128 non
1097 4072 1357 4132 deberent
1392 4091 1585 4147 papam
1627 4080 1893 4151 recipere,
1931 4081 2034 4137 nisi

448 4170 521 4211 ex
543 4156 795 4226 paradiso
824 4159 1013 4228 Italiae,
1032 4178 1151 4234 quae
1178 4164 1399 4223 totidem
1431 4168 1612 4229 verbis
1630 4172 1771 4241 apud
1789 4181 2035 4229 nostrum

448 4245 720 4317 leguntur.

438 4390 443 4393 .
520 4341 848 4400 Ricobaltlus
878 4362 1093 4417 quoque
1147 4347 1533 4419 Ferrariensis,
1577 4356 1874 4414 canonicus
1926 4357 2034 4414 Ra-

2160 2136 2242 2191 sui
2273 2151 2489 2192 nomem
2512 2153 2618 2194 non
2632 2139 2746 2211 jam
2775 2147 3085 2197 truncatum
3112 2153 3205 2197 aut
3227 2144 3595 2213 deforme,sed
3612 2164 3716 2207 rere

2159 2238 2214 2283 et
2262 2231 2500 2302 genuine
2550 2231 2719 2289 refert
2767 2233 3099 2290 Bonizonem
3131 2239 3397 2295 vocando.
3426 2242 3714 2303 Muratorias

2162 2329 2340 2378 tamen
2365 2323 2500 2379 adeo
2521 2323 2657 2380 nihil
2690 2326 3003 2397 suspicatur
3025 2328 3265 2399 genuini,
3297 2340 3356 2385 ut
3378 2341 3433 2388 et
3466 2333 3549 2391 hic
3575 2334 3712 2391 Doni-

2161 2427 2355 2469 zonem
2388 2415 2761 2486 reponendum
2784 2427 2955 2488 putet.

2229 2506 2519 2563 Bonizonis
2536 2509 2771 2582 denique
2796 2513 3217 2571 meminitetiam
3242 2513 3713 2575 MartinusPolonns

2157 2597 2211 2653 in
2242 2599 2537 2669 Chronico,
2561 2602 2664 2658 etsi
2721 2617 2821 2659 nec
2871 2603 2924 2658 in
2979 2605 3237 2664 omnibus
3290 2609 3579 2675 codicibus,
3634 2626 3711 2665 ner-

2155 2692 2344 2747 eodem
2380 2694 2558 2749 modo.
2600 2693 2764 2749 Juvat
2808 2710 2874 2752 ea
2921 2697 2989 2753 de
3028 2714 3087 2754 re
3136 2700 3313 2771 ipsum
3350 2700 3536 2755 audire
3580 2700 3712 2756 Lamo

2154 2773 2423 2849 lieceium,
2453 2784 2544 2856 qui
2575 2794 2701 2841 octo
2745 2802 2809 2843 ea
2837 2787 2890 2842 in
2928 2802 2986 2843 re
3012 2789 3156 2844 inter
3206 2805 3266 2846 se
3309 2790 3556 2857 contulit,
3605 2808 3713 2861 quos

2153 2888 2342 2931 omnes
2362 2873 2779 2948 locupletissima
2820 2879 2907 2934 illa
2948 2889 3002 2936 et
3028 2895 3157 2937 vere
3184 2881 3425 2954 Augusta
3457 2884 3559 2955 (cui
3598 2899 3708 2953 prs-

2154 2964 2277 3038 fuit)
2312 2966 2635 3025 bibliotheca
2682 2970 2946 3041 possidet.
3004 2970 3079 3026 lta
3133 2984 3315 3028 autem
3366 2974 3509 3031 ille:
3559 2995 3576 3027 ι
3610 2976 3709 3032 llaec

2152 3059 2317 3131 igitur
2352 3072 2479 3116 sunt
2534 3061 2623 3116 illa
2672 3063 2929 3119 chronica
2985 3061 3297 3132 Bonizonis,
3340 3067 3476 3133 sire,
3507 3078 3561 3121 ut
3591 3068 3703 3124 idem

2151 3148 2285 3205 alias
2328 3159 2580 3222 corrupte
2619 3151 2941 3223 appellatur,
2976 3152 3177 3209 Bonisii
3217 3156 3285 3211 de
3320 3157 3486 3225 gestis
3514 3157 3706 3211 Pontili-

2148 3256 2270 3296 cum
2324 3238 2690 3317 Romanorum
2726 3284 2745 3310 ,
2797 3259 3031 3314 quorum
3087 3245 3353 3303 Martinus
3406 3248 3628 3306 Polonus
3665 3249 3706 3303 in

2147 3331 2391 3388 chronici
2434 3333 2515 3389 sui
2546 3334 2870 3406 praefatione
2896 3338 3145 3392 meminit
3168 3338 3261 3395 bis
3281 3341 3462 3396 verbis
3487 3360 3501 3395 :
3536 3360 3555 3393 ι
3583 3342 3706 3397 Cont-

2159 3443 2176 3477 ι
2225 3425 2386 3495 pilavi
2418 3437 2598 3481 autem
2639 3442 2882 3499 praesens
2930 3429 3250 3498 opusculum
3300 3445 3367 3486 ex
3410 3434 3616 3505 scriptis
3653 3432 3702 3487 Τ.

2152 3534 2169 3566 ι
2221 3514 2382 3583 Livii,
2437 3533 2500 3573 ex
2556 3518 2827 3575 chronicis
2866 3517 3067 3585 Orosii,
3103 3535 3169 3575 ex
3215 3523 3490 3579 chronicis
3520 3524 3702 3579 Damasi

2149 3626 2167 3659 ι
2217 3624 2368 3679 papae
2413 3611 2487 3664 De
2517 3612 2687 3681 gestis
2722 3612 3059 3681 pontificum,
3112 3628 3179 3669 ex
3212 3616 3487 3673 chronicis
3530 3616 3701 3671 Bonisii

2149 3718 2169 3753 r
2214 3702 2451 3772 episc0pi
2476 3703 2681 3758 Sutrini
2707 3702 2783 3759 De
2808 3704 2973 3775 gestis
3004 3704 3341 3776 pontificum,
3366 3722 3433 3763 ex
3463 3709 3702 3764 chronicis

2148 3812 2166 3844 ι
2216 3794 2365 3850 Pauli
2410 3794 2661 3864 Diaconi,
2690 3813 2710 3849 ι
2764 3808 2873 3853 etc.
2912 3797 2989 3852 ita
3031 3800 3177 3855 enim
3206 3799 3295 3857 hic
3338 3800 3488 3857 locus
3537 3816 3697 3857 revera

2143 3883 2399 3954 legendus
2423 3895 2526 3952 est,
2556 3901 2662 3941 non
2694 3895 2898 3953 autem,
2934 3895 2992 3942 ut
3017 3888 3071 3943 iu
3104 3888 3331 3946 Joannis
3372 3890 3584 3962 Oporini
3611 3892 3703 3953 edi-

2142 3980 2287 4035 tione
2334 3977 2629 4033 Basileensi
2686 3991 2831 4031 anno
2866 3977 3025 4046 1559,
3078 3980 3258 4036 in-fol.
3306 3991 3362 4037 ct
3404 3985 3456 4037 in
3498 3982 3693 4037 Suﬂridi

2139 4070 2287 4126 Petri
2316 4070 2550 4127 editione
2574 4072 2975 4142 Antwerpiensi
3024 4071 3370 4129 Plantiniaua
3399 4091 3539 4131 anno
3586 4076 3699 4131 {57$

2140 4160 2273 4225 iu-8.
2307 4176 2593 4231 perperam
2624 4172 2679 4217 et
2711 4163 2969 4218 mendose
2994 4163 3229 4235 legitur:
3259 4164 3335 4223 De
3377 4169 3541 4240 gestis
3563 4168 3699 4225 Boni.

2138 4254 2205 4308 zii
2232 4253 2470 4324 episcopi
2502 4252 2736 4321 Sutrini,
2765 4253 2837 4309 De
2869 4254 3035 4327 gestis
3075 4257 3418 4327 pontiﬁcum.
3446 4261 3606 4328 Quam
3643 4261 3697 4315 ob

2138 4360 2253 4402 rem
2295 4347 2490 4402 merito
2531 4346 3008 4418 reprehendendus
3054 4359 3137 4405 est
3165 4347 3407 4406 Joannes
3426 4351 3695 4415 Fabricius,

444 4446 672 4499 vennas,
702 4435 754 4490 in
793 4436 1026 4492 llistoria
1059 4440 1443 4510 imperatorum
1475 4444 2029 4506 Romano-Germani-

2146 4437 2453 4509 eognominc
2481 4435 2684 4503 aesar,
2712 4438 2803 4508 qui
2830 4437 2882 4492 in
2915 4438 3153 4494 editione
3177 4455 3272 4494 sua
3298 4439 3539 4509 ejusdem
3564 4444 3700 4496 chro-

443 4539 631 4581 eorum
659 4542 690 4581 a
728 4529 922 4585 Carolo
952 4530 1024 4586 Μ.
1052 4549 1222 4604 usque
1251 4536 1319 4590 ad
1358 4552 1558 4592 annum
1595 4537 1734 4597 1298
1768 4544 2029 4613 producta

2146 4529 2239 4583 aici
2273 4526 2500 4583 colonia:
2538 4528 2849 4600 Agrippina:
2879 4530 3021 4601 typis
3060 4530 3289 4586 Gerardi
3336 4531 3693 4588 Grchnbrnch

443 4617 586 4688 apud
636 4618 910 4677 laudatmn
948 4622 1298 4679 Mnratorium
1342 4633 1405 4696 (t.
1437 4626 1506 4682 ιχ
1560 4627 1687 4683 Rer.
1737 4631 1892 4702 Ital.)
1932 4635 2026 4706 qui

441 4723 563 4763 eam
592 4711 809 4779 pridem
826 4729 855 4768 a
880 4712 944 4769 ἲ.
969 4714 1033 4768 cl.
1062 4713 1268 4771 Joanne
1296 4715 1525 4789 Georgio
1548 4719 2021 4796 Eccardoeditam,

438 4812 546 4887 ope
576 4801 785 4856 codicis
807 4803 1053 4860 Estensis
1082 4808 1361 4878 purgatius
1386 4818 1441 4866 et
1490 4811 1809 4887 locupletius
1836 4818 2021 4874 recudi

437 4886 591 4955 fecit,
625 4891 678 4945 in
706 4891 953 4949 ilenrico-
971 4892 1015 4950 ll
1044 4894 1175 4967 imp.
1203 4900 1448 4968 quaedam
1494 4918 1526 4959 e
1556 4886 1830 4963 Bonizone
1869 4907 2025 4963 atl'ert

439 4978 572 5050 (col.
605 4980 761 5053 121),
784 4996 886 5041 nec
914 4985 1015 5042 nisi
1048 4987 1100 5042 in
1126 4988 1240 5045 solo
1266 4991 1484 5049 nomine
1513 4994 1710 5054 titubat
1736 4996 2019 5055 Deonitnm

439 5068 778 5139 appellando.
810 5092 829 5127 ι
859 5071 916 5130 In
947 5076 1086 5132 libro
1117 5087 1294 5137 tamen
1340 5082 1573 5150 Deoniti,
1616 5085 1809 5156 inquit,
1860 5103 2019 5159 quem

437 5160 589 5217 misit
620 5162 686 5218 ad
726 5165 1059 5225 comitissam
1104 5169 1440 5245 Mathildam,
1465 5172 1669 5230 dicitur
1713 5178 1857 5248 quod
1897 5195 2016 5234 cum

438 5250 615 5309 dictus
641 5256 919 5329 presbyter
934 5259 1021 5332 (de
1048 5261 1304 5322 Gratiano
1325 5273 1552 5337 papatus
1572 5277 1819 5337 emptore
1840 5284 2021 5327 sermo

436 5345 542 5414 est)
581 5345 939 5418 simplicitate
970 5352 1163 5409 ductus
1191 5355 1568 5425 pontificatum
1598 5354 1709 5412 sibi
1732 5373 1827 5427 per
1857 5374 2019 5430 pecu-

437 5436 581 5492 uiatn
609 5443 1007 5511 acquisivisset,
1042 5453 1103 5499 ut
1130 5446 1413 5502 schismati
1443 5447 1709 5514 obviaret,
1755 5450 1868 5520 ipse
1895 5467 2017 5507 mox

505 5569 616 5649 (29)
656 5570 786 5649 Cap.
815 5573 937 5649 112ξ
965 5588 1018 5643 p.
1158 5574 1285 5649 489,
1313 5574 1382 5633 ad
1416 5574 1620 5633 calcem
1649 5577 1887 5649 ejusdem
1915 5551 2010 5640 Βίο-

434 5635 716 5694 Μίὺιῑίθεκ
736 5635 1363 5700 Βοηοαίὁω-Μδυτὶειὶιω.

505 5709 619 5781 ω)
655 5709 951 5769 lndissert.
977 5714 1179 5770 decod.
1210 5731 1313 5771 ms.
1344 5715 1701 5775 Ambrasiano
1729 5734 1925 5778 Lxxxv.

2132 4636 2277 4677 anno
2301 4620 2441 4677 1616
2485 4622 2538 4676 in
2568 4620 2662 4675 fol.
2696 4636 2918 4686 excusa,
2941 4620 3107 4677 verba
3148 4623 3487 4693 prmfationis
3514 4622 3694 4677 Martini

2128 4711 2340 4781 Poloni,
2368 4713 2565 4785 quibus
2587 4714 2973 4769 chronicorum
3018 4713 3252 4781 Bonisii,
3281 4716 3400 4772 sive
3432 4714 3693 4771 Bonizonis

2130 4804 2208 4861 De
2242 4806 2411 4877 gestis
2453 4805 2767 4876 pontiﬁcum
2798 4804 3168 4861 Romanorum
3203 4806 3335 4863 facit
3367 4809 3690 4868 mentionem,

2129 4895 2354 4952 omnino
2382 4894 2609 4961 omisit;
2656 4910 2856 4967 nempe
2890 4897 3031 4950 haud
3079 4895 3185 4951 alia
3214 4897 3282 4954 de
3320 4914 3508 4966 causa,
3554 4912 3693 4972 quam

2130 4986 2387 5057 quoniam
2409 4984 2517 5056 ipsi
2536 4983 2789 5039 Bouizius
2830 4985 2932 5041 iste
2972 4986 3085 5042 sive
3115 4986 3344 5056 Bonizo,
3372 5006 3587 5062 prorsus
3610 4989 3692 5045 fuit

2127 5080 2432 5151 inc0gnitus
2450 5080 2587 5151 (‘24).
2615 5099 2634 5133 ι
2666 5077 2791 5135 Haec
2805 5079 3180 5149 Lambeceius,
3206 5085 3300 5155 qui
3322 5087 3509 5142 eodem
3536 5088 3622 5142 lib.
3639 5101 3693 5150 ιι,

2125 5189 2259 5242 cap.
2276 5173 2309 5229 8
2336 5171 2674 5245 (22),variant
2696 5182 3119 5228 memoratormn
3148 5175 3268 5232 cod.
3295 5193 3405 5236 ms.
3431 5180 3690 5236 lectionem

2126 5271 2277 5324 hisce.
2308 5268 2517 5323 indicat
2544 5267 2724 5324 verbis
2758 5284 2772 5321 :
2807 5284 2825 5318 ι
2861 5266 3239 5324 Necessarium
3269 5272 3523 5337 arbitror,
3545 5283 3597 5327 ut
3615 5273 3688 5327 hic

2125 5360 2391 5416 corollarii
2422 5362 2593 5416 instar
2635 5359 2828 5416 addam
2860 5364 3127 5430 quomodo
3159 5363 3303 5419 idem
3339 5364 3487 5420 locus
3523 5380 3577 5421 se
3603 5365 3686 5418 ba-

2125 5453 2251 5508 beat
2303 5455 2355 5509 in
2402 5464 2529 5511 octo
2558 5470 2722 5528 supra
2763 5458 3080 5515 memoratis
3108 5458 3232 5512 eod.
3263 5471 3367 5512 ms.
3399 5457 3534 5529 Aug.
3560 5450 3683 5511 Bibl.

2187 5586 2633 5665 (2g)_ln_recens,
2660 5592 2783 5649 eod.
2810 5606 2987 5657 (κων,
3036 5592 3089 5648 in
3119 5603 3317 5662 quarto
3358 5591 3577 5665 majori,
3603 5592 3683 5665 qui

2114 5656 2331 5716 Martini
2378 5660 2563 5719 Poloni
2590 5664 2919 5723 Chronicum
2947 5656 3213 5732 continet,
3239 5680 3291 5735 ρ.
3318 5664 3423 5721 872
3446 5656 3558 5737 seq.
