3852 6308
106 323 194 380 797
1139 321 1227 380 DE
1271 319 1425 380 VITA
1458 321 1546 382 ET
1582 323 1891 386 SCRIPTIS
1924 325 2308 386 BONIZONIS.
3249 337 3357 396 798

104 455 210 497 rum
231 447 607 494 monumentis
633 436 918 494 collectum
950 446 1002 494 et
1029 441 1328 495 secundum
1353 439 1504 496 locos
1517 456 1669 496 com-
1697 426 1748 485 Α
1775 441 1914 514 (29).
1953 457 1972 494 α
2013 442 2201 499 Placet
2231 442 2408 498 doctis
2434 442 2706 502 Brixianis
2738 457 2978 519 spartam
3014 449 3154 508 hanc
3198 467 3354 508 exor-

101 553 274 594 munes
307 536 362 592 in
393 543 605 606 septem
631 534 800 592 libros
825 535 1103 590 divisum:
1147 537 1231 592 cui
1271 538 1671 607 prommiiloco
1758 536 2005 590 .nandam
2038 535 2365 605 relinquere,
2397 546 2454 592 et
2499 538 2554 593 in
2596 540 2757 597 unius
2801 552 3009 598 tantum
3037 545 3239 602 codicis
3266 548 3360 601 de-

98 628 297 700 praeﬁxa
325 637 415 683 est
437 627 674 698 epitome
699 627 939 683 historia:
967 628 1278 697 pontiﬁcum
1303 629 1671 686 Romanorum

101 740 125 777 a
153 723 212 788 .S.
243 721 406 782 Petro
446 717 814 792 apostolorum
843 721 1092 791 principe
1139 736 1311 792 usque
1335 770 1339 774 .
1363 723 1446 778 ad.
1474 739 1671 796 papam

105 814 360 870 Urbanum
385 813 451 880 II,
477 813 570 883 qui
597 813 684 868 die
713 828 792 868 xu
819 812 994 871 Martii
1019 813 1146 868 anni
1173 813 1314 870 1088
1338 815 1544 871 electus
1565 827 1670 874 est.

100 905 287 961 Titulus
311 903 432 972 jam
468 914 781 961 memorata:
813 905 1074 976 epitomes
1115 905 1206 963 hic
1255 916 1377 963 est:
1409 907 1672 966 Chronica

101 998 445 1051 Romanorum
497 997 808 1067 pontiﬁcum
856 997 1000 1052 edita
1048 1017 1078 1052 α
1118 997 1412 1056 Bonithone
1453 1000 1672 1058 Sutrino

99 1089 316 1157 episcopo
350 1088 465 1143 viro
492 1104 586 1158 per
615 1089 792 1143 omnia
818 1088 1140 1144 doctissimo.
1185 1107 1204 1142 ι

155 1176 334 1231 Refert
381 1186 579 1248 postea
627 1177 951 1249 principium
988 1178 1190 1248 operis,
1236 1179 1381 1249 quod
1430 1195 1555 1235 cum
1616 1181 1672 1236 in

101 1269 264 1325 codice
301 1266 569 1324 Brixiano
594 1268 852 1339 acephalo
892 1269 1250 1336 desideretur,
1304 1278 1466 1341 prout
1517 1269 1608 1327 ille
1640 1286 1672 1326 e

104 1358 485 1415 l’indobonensi
518 1359 828 1426 descripsit,
858 1361 1181 1416 exhibemus
1210 1378 1223 1414 :
1281 1380 1300 1412 ι
1359 1359 1672 1432 Scripturus

101 1453 154 1507 de
172 1451 486 1506 excellentia
516 1450 775 1508 Romana:
800 1452 1056 1508 Ecclesia:
1075 1462 1132 1510 et
1160 1452 1229 1508 de
1265 1453 1563 1525 privilegiis
1604 1455 1672 1510 ad

99 1546 313 1614 egusdem
377 1546 642 1603 Ecclesia:
683 1548 994 1617 episcopum
1033 1547 1450 1617 pertinentibus,
1505 1557 1562 1603 et
1606 1547 1672 1602 de

101 1638 562 1694 constitutionibus
592 1637 858 1709 ejusdem,
905 1638 1160 1693 solertem
1209 1653 1342 1710 rogo
1389 1638 1668 1708 lectorem,

103 1743 156 1783 ne
177 1729 432 1784 citissime
461 1729 515 1783 in
549 1744 723 1783 meam
753 1737 1072 1798 prorumpat
1095 1727 1514 1800 sugillationem,
1543 1730 1668 1787 dum

1773 624 2064 694 scriptione
2111 624 2503 697 aliquantisper
2557 628 2857 687 immorari.
2909 633 3261 706 Conscriptus
3314 637 3360 691 is

1771 722 1855 768 est
1881 714 2078 770 szeculo
2108 731 2188 770 ιι.
2211 715 2447 771 Titulum
2471 718 2692 788 praefert
2724 736 2818 775 ora
2843 725 3094 779 secundae
3124 727 3355 796 paginm,

1771 806 1862 876 qui
1897 806 1978 862 sic
2013 821 2073 862 se
2112 805 2273 863 habet
2303 824 2317 862 :
2357 806 2641 866 Bonizonis
2671 812 2896 883 episcOpi
2933 815 2996 869 de
3043 826 3348 871 sanctorum

1774 899 1996 953 Patrum
2035 899 2348 954 authenticis
2378 901 2665 957 canonibus
2696 903 2764 956 ad
2794 902 3107 974 Gregorium
3133 907 3361 979 presby-

1770 1004 1959 1054 terunt.
2010 1011 2030 1045 ι

1844 1081 1970 1136 Post
1990 1082 2210 1138 brevem
2240 1089 2428 1153 postea
2466 1082 2532 1138 de
2559 1084 2835 1142 Bonizone
2866 1095 2921 1143 et
2953 1085 3080 1157 ejus
3108 1085 3361 1143 lucubra-

1773 1173 2010 1230 tionibus
2033 1189 2100 1230 ac
2118 1175 2272 1231 libris
2296 1176 2567 1246 notitiam,
2603 1192 2766 1246 porro
2791 1178 2863 1235 ita
2909 1179 3256 1249 prosequitur
3277 1178 3361 1233 vir

1769 1265 2116 1322 doclissimus
2143 1283 2155 1319 :
2189 1283 2206 1318 ι
2237 1266 2305 1322 At
2326 1281 2391 1322 ex
2413 1268 2498 1323 bis
2525 1267 2704 1324 nullus
2729 1268 2822 1324 illo
2842 1270 3187 1339 prastantior
3207 1270 3361 1336 cujus

1771 1373 1838 1412 ex
1869 1356 2127 1412 Brixiano
2157 1357 2382 1413 archivo
2405 1373 2548 1414 nunc
2573 1360 2765 1415 damus
2789 1358 3226 1429 descriptionem,
3247 1361 3364 1416 sive

1774 1465 1861 1504 res
1903 1450 2157 1504 attendas
2186 1465 2321 1519 quas
2349 1450 2748 1520 complectitur,
2786 1451 2901 1507 sive
2938 1452 3220 1506 raritatem
3268 1469 3361 1506 co-

1773 1539 1908 1595 dicis
1937 1549 1986 1594 ct
2013 1540 2384 1610 prae-Slantiam
2405 1541 2735 1617 consideres.
2758 1541 2994 1595 Alterius
3017 1542 3160 1597 enim
3186 1541 3266 1596 snl
3310 1559 3360 1596 m

1771 1640 2006 1691 occurrit
2033 1638 2238 1694 mentio
2270 1637 2322 1692 in
2353 1638 2790 1696 Vindoboncnsis
2838 1639 3175 1695 bibliotheca:
3218 1655 3364 1693 com-

1775 1729 2071 1789 mentariis,
2101 1744 2263 1798 quem
2298 1729 2641 1786 rarissimum
2679 1729 2912 1787 fortasse
2947 1731 3111 1786 etiam
3146 1733 3361 1786 unicum

101 1820 270 1876 viderit
296 1836 382 1875 me
413 1820 468 1874 in
503 1830 613 1875 tam
662 1819 884 1890 profuso
914 1797 1078 1889 opere
1107 1797 1466 1887 succinctum,
1499 1837 1670 1892 pauca
1700 1797 1746 1857 Β
1775 1820 2009 1892 appellat
2039 1797 2157 1876 loco
2185 1821 2353 1876 citato
2381 1820 2624 1878 Oudinus
2652 1821 2716 1894 (ι.
2747 1821 2810 1885 II,
2862 1838 2915 1892 p.
2948 1822 3094 1894 737).
3139 1822 3364 1877 Accedit

103 1915 275 1970 dixisse
293 1914 360 1971 de
386 1916 628 1987 magnis.
653 1915 805 1983 Quod
829 1917 874 1972 si
906 1917 1118 1989 Moyses
1139 1933 1359 1974 omnem
1385 1919 1670 1975 scientiam

103 2008 267 2063 doctus
295 2006 704 2080 Egyptiacam,
743 2009 835 2078 qui
876 2020 997 2064 erat
1035 2010 1118 2065 vir
1159 2011 1480 2068 mitissimus
1507 2027 1674 2082 super

103 2115 262 2155 omnes
292 2101 543 2157 homines
576 2101 666 2170 qui
701 2101 1014 2155 habitabant
1049 2101 1102 2155 in
1175 2111 1341 2168 terra,
1371 2117 1530 2172 quem
1565 2103 1672 2159 Do-

102 2189 255 2245 minus
295 2201 526 2246 noverat
560 2206 629 2246 ex
675 2192 920 2258 homine,
946 2192 1386 2248 incircumcisum
1417 2209 1479 2249 se
1515 2193 1672 2270 labiis

107 2283 230 2348 dicit,
281 2299 346 2340 ne
385 2285 700 2340 mitteretur
747 2283 812 2340 ad
861 2283 1181 2359 .Egyptum,
1211 2296 1267 2341 et
1313 2286 1584 2345 Jeremias
1611 2303 1673 2345 se

106 2391 301 2444 puerum
348 2378 630 2445 nominat,
681 2393 750 2434 ne
799 2380 868 2433 ad
907 2395 1068 2451 regna
1113 2379 1396 2435 evellenda
1432 2390 1486 2436 et
1520 2381 1672 2452 plan—

109 2469 612 2549 tanda,zediﬁcanda
662 2479 718 2526 et
769 2471 1097 2527 destruenda
1149 2472 1458 2527 mitteretur
1507 2489 1672 2529 excuo

109 2575 258 2615 sans:
305 2562 432 2631 quid
487 2577 593 2633 ego
641 2562 983 2617 miserrimus
1033 2562 1234 2618 nullius
1283 2563 1541 2620 bonitatis
1588 2565 1672 2620 vel

112 2652 318 2708 scicntize
348 2654 480 2709 mihi
545 2652 818 2718 conscius,
861 2653 1005 2708 aliud
1049 2668 1211 2723 quam
1252 2669 1340 2710 me
1389 2654 1669 2726 indignum

111 2752 236 2798 tanto
267 2759 425 2816 opere
451 2745 747 2817 jndicabo?
799 2745 906 2800 Sed
957 2745 1088 2815 quia
1132 2746 1276 2802 Deus
1330 2747 1384 2804 in
1424 2749 1672 2805 sentibus

113 2831 291 2891 locutus
314 2847 414 2904 est,
442 2846 500 2893 et
534 2852 657 2892 cum
690 2836 881 2903 voluit,
913 2835 1150 2906 linguam
1179 2837 1426 2891 rudentis
1449 2838 1672 2894 resolvit

114 2924 154 2979 in
182 2928 326 2981 verba
359 2928 638 3000 loquentis
683 2939 903 2998 accepta
954 2927 1150 2984 ﬁducia
1199 2928 1268 2983 ab
1318 2928 1434 2995 illo,
1481 2945 1512 2985 a
1559 2946 1670 3001 quo

114 3031 243 3073 omne
265 3019 439 3076 datum
468 3020 735 3090 optinmm
761 3029 816 3074 et
835 3034 997 3074 onme
1017 3023 1216 3078 donum
1240 3021 1540 3092 perfectum
1562 3034 1667 3088 est,

114 3109 388 3178 supplicabo
408 3113 670 3176 ei,orans
694 3121 752 3166 ut
778 3127 926 3167 meas
954 3112 1194 3205 utipaml
1222 3129 1328 3169 non
1347 3115 1669 3184 dedignetnr
1695 3147 1740 3210 ϐ
1776 3133 1795 3166 ι
1844 3113 2099 3168 Ecclesia:
2127 3111 2409 3182 episcopos
2452 3109 2870 3182 pertinentibus,
2905 3119 3012 3164 etc.

117 3199 309 3255 invisere
339 3214 547 3260 sentes.
583 3202 852 3258 Mibivero
881 3187 1289 3260 multa‘voventi
1316 3221 1380 3261 ac
1408 3207 1666 3278 cogitanti

117 3290 174 3343 nil
216 3294 391 3348 melius
438 3295 706 3362 occurrit,
765 3310 926 3364 quam
958 3297 1102 3366 quod
1153 3298 1270 3354 hzec
1321 3309 1669 3354 sacrosancta

115 3377 316 3440 Ecclesia
358 3387 526 3442 nullis
566 3387 842 3456 synodicis
874 3388 1191 3455 constituta,
1224 3390 1318 3445 sed
1359 3390 1528 3460 ipsius
1560 3390 1670 3446 Do-

116 3473 220 3529 mini
244 3487 314 3531 est
335 3494 467 3534 voce
505 3478 754 3546 fundata,
781 3479 1013 3536 dicentis
1049 3481 1117 3535 ad
1147 3482 1366 3536 beatum
1397 3481 1616 3537 Petrum
1648 3500 1662 3537 :

115 3559 177 3615 Tu
199 3579 248 3618 es
268 3567 468 3632 Petrus,
490 3579 550 3623 et
578 3569 902 3640 super_hanc
927 3569 1145 3625 Petram
1170 3568 1450 3626 aediﬁcabo
1481 3571 1669 3627 Eccle-

117 3653 223 3708 siam
253 3675 437 3715 meam.
491 3661 591 3715 Cui
625 3663 808 3717 addita
830 3673 915 3718 est
935 3664 1169 3720 societas
1195 3663 1339 3720 beati
1364 3664 1513 3719 Pauli
1545 3681 1664 3719 ma-

117 3745 238 3812 gistri
265 3754 520 3820 gentium,
571 3763 632 3807 ut
676 3769 796 3822 quae
830 3763 951 3809 erat
999 3755 1172 3810 electa
1211 3765 1373 3826 caput
1402 3757 1666 3826 gentium,

118 3838 241 3893 sedes
271 3855 402 3899 esset
457 3845 829 3916 apostolorum
870 3847 1132 3916 principis
1177 3858 1230 3901 et
1263 3849 1503 3918 magistri
1537 3865 1667 3920 gen-

119 3927 239 3984 tium.
269 3933 374 4003 Ipsa
395 3947 480 3993 est
511 3939 655 3990 enim
683 3946 864 3992 vertex
893 3946 948 3991 et
977 3937 1376 3992 ﬁrmamentum
1417 3940 1663 3993 omnium

117 4017 429 4080 Fcclesiarum
477 4027 694 4082 dicente
738 4029 966 4081 Domino
1013 4029 1079 4082 ad
1136 4028 1349 4083 beatum
1398 4029 1661 4085 Petrum:

119 4107 204 4177 Ego
223 4132 304 4179 pro
340 4127 385 4172 te
414 4120 618 4190 rogavi,
649 4117 824 4184 Petra,
853 4131 908 4174 ut
936 4137 1037 4174 non
1060 4121 1267 4189 deﬁciat
1289 4121 1418 4190 ﬁdes
1461 4132 1573 4188 tua,
1616 4132 1665 4177 et

118 4211 160 4252 tu
195 4207 453 4277 aliquando
505 4229 783 4266 conversus
824 4211 1082 4280 conﬁrma
1111 4213 1307 4282 fratres
1356 4224 1495 4268 tuos.
1524 4213 1663 4280 Quid

116 4292 257 4350 dicam
277 4304 408 4369 quod
430 4305 611 4359 omnis
631 4305 939 4359 Christiana
971 4304 1179 4374 religio,
1205 4324 1223 4356 ι
1255 4315 1358 4359 etc.
1392 4305 1664 4360 Hactenus
1739 4357 1744 4362 .

117 4387 293 4449 quidem
328 4392 682 4450 Lambeccius
735 4409 803 4449 ex
845 4396 1033 4450 codice
1083 4395 1500 4450 Vindobonensi.
1545 4394 1663 4450 Ple-

1776 1911 1925 1966 illum
1957 1927 2206 1968 mancum
2237 1927 2380 1979 esse,
2415 1926 2536 1966 cum
2569 1922 2779 1982 septem
2802 1913 3063 1968 duntaxat
3087 1913 3363 1967 contineat

1774 2004 1964 2070 libros,
2019 2005 2206 2062 decem
2256 2019 2388 2060 vero
2435 2004 2744 2060 Brixianus.
2801 2004 2982 2059 Prima
3017 2005 3205 2058 charta
3238 2019 3363 2057 cunt

1774 2098 2130 2162 desideretur,
2160 2098 2282 2153 libri
2306 2098 2471 2154 etiam
2498 2098 2655 2167 primi
2684 2099 2895 2152 initium
2922 2098 3096 2166 deest,
3129 2097 3366 2168 reliquo-

1775 2208 1894 2248 rum
1924 2208 2052 2248 vero
2085 2192 2238 2249 initia
2267 2200 2395 2248 sunt
2425 2191 2538 2246 haec
2563 2208 2578 2245 :

1849 2303 1867 2335 ι
1915 2284 2110 2354 Incipit
2138 2284 2276 2339 liber
2303 2283 2595 2340 secundus.
2625 2284 2777 2351 Quod
2815 2294 2942 2339 ante
2971 2284 3045 2338 sit
3087 2284 3362 2339 docendus

1781 2393 1799 2426 ι
1843 2375 2024 2431 omnis
2079 2390 2244 2444 quam
2304 2375 2716 2446 baptizandus:
2769 2384 2824 2430 et
2877 2374 3005 2446 quid
3057 2374 3129 2430 sit
3186 2375 3362 2443 bapti-

1778 2490 1796 2522 ι
1843 2483 1992 2523 smus
2017 2485 2030 2521 :
2057 2477 2112 2524 et
2133 2467 2329 2537 quibus
2350 2466 2524 2522 modis
2547 2466 2638 2520 ﬁat
2662 2485 2674 2522 :
2701 2474 2756 2522 et
2777 2481 2806 2520 a
2829 2480 2936 2540 quo
2955 2466 3185 2536 sumpsit
3205 2481 3365 2522 exor-

1776 2577 1800 2617 ι
1843 2560 2012 2616 diutn.

1849 2674 1867 2705 σ
1915 2654 2109 2726 Incipit
2139 2653 2277 2709 liber
2308 2652 2522 2711 tertius.
2575 2651 2825 2707 Clemezzs
2871 2651 3126 2722 episcopo
3156 2647 3357 2705 Jacobo

1779 2767 1797 2800 ι
1842 2749 1894 2803 in
1927 2748 2010 2804 his
2041 2745 2354 2803 civitatibus
2381 2744 2749 2813 apostolorum
2801 2743 3054 2814 princeps
3098 2741 3358 2810 primates

1777 2859 1794 2890 α
1844 2838 2141 2894 inStituisse
2164 2836 2254 2892 ubi
2285 2836 2536 2906 primitus
2564 2833 2987 2899 archiﬁamincs,
3019 2843 3124 2889 etc.

1847 2951 1864 2983 ι
1915 2931 2108 3000 Incipit
2140 2929 2278 2985 liber
2305 2937 2534 2999 quartus
2561 2945 2575 2982 :
2605 2927 2924 2997 Scripturus
2954 2926 3020 2981 de
3041 2923 3364 2980 excellentia

1777 3039 1796 3074 ι
1843 3022 2102 3076 Romanae
2147 3019 2403 3076 Ecclesia:
2451 3029 2506 3076 et
2541 3018 2606 3072 de
2656 3018 2955 3089 privilegiis
3006 3016 3074 3071 ad
3121 3015 3362 3084 ejusdem

1841 3222 1858 3255 ι
1907 3204 2099 3274 Incipit
2126 3203 2263 3260 liber
2291 3204 2551 3274 quintus:
2585 3201 2966 3272 Superioribus
3002 3198 3174 3256 tribus
3197 3196 3357 3254 [εδει-

1778 3314 1797 3348 c
1845 3296 1932 3360 lis,
1973 3296 2150 3366 qualis
2200 3296 2396 3352 debeat
2441 3294 2565 3365 eligi
2613 3294 2899 3365 episcopus
2937 3330 2953 3346 .
2998 3330 3013 3346 .
3057 3331 3072 3346 .
3113 3296 3365 3363 superest

1776 3405 1796 3439 ι
1845 3401 1989 3442 nunc
2033 3387 2100 3441 de
2146 3386 2369 3442 secundi
2397 3385 2606 3442 ordinis
2645 3384 3021 3440 sacerdotibus
3069 3392 3125 3437 et
3175 3382 3362 3437 diaco-

1778 3497 1797 3530 ι
1844 3480 2002 3534 nibus
2037 3479 2360 3548 exterisque
2407 3479 2711 3546 ordinibus,
2761 3487 2920 3549 prout
2967 3477 3110 3532 Deus
3137 3491 3363 3532 conces-

1778 3588 1796 3623 ι
1843 3571 1997 3636 scrit,
2021 3584 2300 3636 enarrare,
2329 3578 2384 3626 et
2410 3570 2647 3641 primum
2685 3569 2755 3624 ab
2791 3567 3138 3624 ordinatione
3174 3567 3360 3622 ordia-

1775 3682 1794 3716 t
1841 3680 1982 3730 mur,
2020 3673 2125 3719 etc.
3213 3705 3218 3712 ε

1847 3774 1864 3810 ς
1914 3755 2105 3826 Incipit
2165 3754 2303 3810 liber
2361 3761 2548 3810 sextus
2593 3767 2608 3808 :
2673 3751 3063 3809 Monachorum
3125 3757 3360 3820 quatuor

1774 3869 1793 3902 ι
1838 3865 1958 3904 esse
1983 3864 2224 3918 genera,
2256 3847 2414 3904 beato
2455 3844 2750 3900 Benedicto
2775 3843 3069 3909 referente,
3103 3839 3361 3914 cognovi-

1775 3960 1792 3994 ι
1842 3956 1978 4004 ntus,
2004 3950 2110 3995 etc.

1844 4053 1863 4087 ι
1911 4034 2102 4103 Incipit
2146 4033 2280 4088 liber
2311 4032 2617 4103 septimus:
2653 4030 2966 4101 Scripturas
3011 4027 3079 4083 de
3133 4025 3350 4098 regibus

1772 4141 1790 4176 ι
1836 4122 2205 4193 etjudicibus,
2231 4131 2286 4175 ct
2331 4123 2398 4175 de
2438 4120 2522 4175 his
2550 4120 2642 4192 qui
2689 4119 2743 4174 in
2783 4117 2961 4173 Iaicali
2994 4115 3184 4170 ordine
3233 4121 3360 4169 sunt

1770 4233 1790 4267 ι
1831 4213 2135 4279 constituti,
2166 4227 2342 4281 opera:
2369 4210 2600 4279 pretium
2635 4211 2810 4265 visum
2836 4217 2941 4272 est,
2977 4214 3083 4261 etc.

1841 4321 1860 4355 ι
1904 4303 2096 4371 Incipit
2131 4301 2266 4356 liber
2290 4309 2517 4356 octavus
2544 4317 2557 4353 :
2589 4298 2726 4366 Quia
2757 4313 2887 4354 vero
2918 4295 3184 4367 superiori
3216 4293 3357 4349 libro

1769 4415 1789 4449 ε
1835 4396 1902 4451 de
1944 4393 2179 4465 praelatis
2213 4392 2266 4448 in
2297 4391 2584 4461 Iaicalique
2635 4391 2828 4447 ordine
2871 4389 3063 4461 positis
3089 4425 3106 4444 .
3141 4424 3160 4444 .
3194 4427 3208 4442 .
3251 4386 3357 4442 Su-

118 4475 284 4532 niorem
311 4488 489 4553 operis
512 4485 668 4552 hujus
697 4487 944 4541 notitiam
971 4486 1130 4540 nobis
1154 4486 1655 4556 suppeditatcodex
1693 4503 1738 4557 ι)
1769 4507 1786 4539 ι
1833 4494 2014 4555 percst
2060 4499 2203 4539 nunc
2253 4483 2305 4538 in
2366 4481 2610 4538 ulteriori
2677 4481 2815 4537 libro
2871 4479 3105 4551 qualiter
3153 4478 3352 4536 subditi

117 4560 552 4646 Brixianus,qnem
575 4593 639 4630 ex
666 4579 890 4633 archivo
917 4579 1162 4633 ecclesia:
1195 4578 1335 4632 illius
1359 4578 1656 4632 cathedrali
1767 4596 1785 4628 ‹
1835 4578 1998 4630 vitam
2028 4576 2260 4630 debeant
2281 4574 2591 4641 instituere,
2623 4573 2861 4628 breviter
2883 4573 3164 4645 indagare.

118 4668 320 4718 recuset
343 4669 421 4722 vir
457 4685 564 4723 non
594 4668 766 4724 solum
788 4671 856 4723 ab
884 4686 944 4723 ea
995 4685 1116 4739 quae
1145 4686 1173 4722 a
1200 4670 1466 4740 sanguine
1491 4670 1656 4738 venit,
1836 4686 1854 4720 ι
1903 4667 2092 4737 Incipit
2114 4666 2247 4721 liber
2278 4681 2491 4720 nonus:
2530 4664 2694 4720 Liber
2744 4663 2850 4719 iste
2882 4663 3230 4722 medicinalis,
3269 4663 3357 4720 in-

117 4748 260 4805 sedet
282 4771 398 4811 vera
427 4759 514 4812 illa
542 4775 705 4829 quam
731 4759 925 4814 littera:
957 4760 1176 4828 pariunt
1204 4760 1486 4815 nobilitate
1528 4776 1660 4815 con-
1764 4779 1784 4814 ι
1827 4760 2102 4824 scribitur,
2123 4773 2187 4816 eo
2212 4761 2353 4830 quod
2383 4760 2762 4831 mgrotantium
2788 4759 2937 4815 varia
2967 4761 3211 4817 continet
3233 4775 3352 4816 me-

117 4837 298 4901 s[lienus
323 4845 554 4903 Joannes
611 4847 972 4919 Hieronymus
1000 4847 1339 4906 Gradonicus
1381 4866 1501 4905 can.
1541 4867 1654 4920 reg.
1763 4872 1782 4906 σ
1826 4855 2129 4910 dicamenta
2160 4853 2486 4907 animarum.

118 4921 279 5016 lirixize
300 4949 461 4992 sacrae
490 4950 683 4994 auctor
705 4939 1136 4997 Iaudatissimus.
1159 4940 1527 4996 Constitucrat
1568 4943 1658 4998 ille
1835 4964 1855 5000 ι
1899 4946 2092 5016 Incipit
2119 4945 2256 5000 liber
2286 4945 2571 5001 decimus:
2624 4943 2906 5016 Superiori
2954 4944 3092 4999 libro
3149 4941 3352 4996 dixisse

118 5012 334 5107 θδξοιυιω
370 5043 399 5082 a
437 5044 497 5084 se
523 5031 840 5100 pontiﬁcum
886 5031 1269 5087 Brixianorum
1321 5035 1484 5088 seriei
1537 5034 1654 5104 (9.8)
1761 5056 1782 5092 ι
1832 5053 1920 5094 me
1949 5012 2214 5092 memini.
2250 5074 2266 5090 .
2299 5075 2315 5090 .
2354 5050 2536 5107 opera:
2584 5012 2816 5106 pretium
2865 5034 3039 5090 visum
3092 5041 3174 5087 est
3217 5030 3347 5084 mihi

245 5129 338 5172 ms.
361 5122 450 5189 qui
476 5122 530 5176 in
553 5123 775 5178 archivo
803 5123 1045 5180 ecclesia
1085 5123 1229 5180 illius
1276 5125 1658 5182 custodiuntur
1763 5149 1782 5183 ι
1824 5131 2180 5202 auctoritates
2207 5139 2262 5183 et
2295 5106 2542 5201 exempla
2571 5127 2672 5184 SS.
2706 5128 2927 5182 Patrum
2966 5122 3349 5194 compendiose

119 5197 366 5270 Elenchum
391 5217 655 5287 adjicere;
689 5220 783 5276 sed
811 5229 1022 5276 mutato
1059 5231 1246 5292 postea
1276 5223 1505 5279 consilio
1531 5239 1657 5280 eru—
1762 5241 1781 5275 ι
1827 5199 2083 5293 colligere
2109 5231 2162 5275 et
2187 5220 2392 5291 judicia
2422 5197 2490 5276 de
2516 5219 2835 5275 criminibus
2864 5215 3095 5288 qualiter
3139 5214 3349 5269 iudica-

121 5293 223 5354 dllis
260 5320 346 5375 spe
384 5327 478 5367 sua
529 5313 771 5369 exclusis
819 5325 969 5371 certe
1013 5314 1266 5381 dolendo,
1320 5317 1462 5374 intra
1493 5319 1656 5375 unius
1762 5335 1782 5369 ι
1828 5330 1975 5380 vere,
1995 5314 2121 5369 huic
2145 5313 2326 5370 libello
2350 5313 2613 5369 inserere.
2647 5330 2665 5363 ι

121 5392 283 5480 codicis
303 5408 658 5463 recensionem
696 5410 958 5475 substitit,
991 5409 1083 5480 qui
1133 5405 1425 5466 Bonizonis
1484 5413 1652 5466 nostri
1828 5408 1905 5463 Ex
1937 5407 2135 5478 quibus
2161 5407 2415 5464 omnibus
2444 5421 2548 5461 non
2581 5403 2720 5459 male
2744 5402 3017 5458 concludit
3047 5401 3129 5455 vir
3151 5399 3346 5456 claris-

121 5477 344 5546 decretale
371 5499 625 5555 continet.
651 5499 756 5556 Sed
787 5500 962 5570 ipsum
991 5477 1296 5572 potius,cui
1323 5509 1450 5555 ante
1469 5502 1656 5558 oculos
1755 5499 1932 5559 simus,
1955 5477 2246 5568 plurimum
2274 5505 2531 5567 praestare
2559 5492 2965 5548 Vindobonensi
2994 5490 3166 5546 codici
3199 5489 3347 5547 hunc

125 5578 168 5623 ει
212 5577 254 5630 in
277 5588 483 5653 genibus
527 5592 698 5647 codex
745 5593 834 5649 ille
866 5593 969 5649 fuit
1011 5599 1329 5649 narrantem
1370 5591 1654 5648 audiamus
1757 5592 2094 5648 Brixianam.

1827 5728 1940 5800 (29)
1980 5731 2034 5786 In
2070 5727 2364 5800 appendice
2409 5723 2476 5781 de
2507 5723 2627 5781 cod.
2671 5738 2775 5780 tus.
2824 5725 3108 5785 memorat,
3158 5731 3211 5788 ρ.
3263 5730 3343 5772 nt.

134 5712 488 5856 mlfslznlilrixize
522 5732 684 5802 I755,
714 5748 779 5789 ex
815 5741 1026 5806 typogr.
1078 5731 1201 5791 Joh.
1244 5733 1397 5807 Bapt.
1441 5731 1649 5790 Bossini
1753 5728 1858 5856 ὥς

132 5783 215 5836 ml
243 5795 349 5856 mai.

3819 5423 3821 5480 1

3819 5713 3821 5780 ἰ

3819 5521 3821 5670 ι

3819 5795 3821 5916 ι

3819 6043 3821 6174 l
