1924 3146
246 157 300 186 .799

749 162 875 195 BONIZG
896 163 1139 196 PLACEN’HNUS
1155 167 1355 199 EPISGOI'US'.

1816 176 1860 206 8M

284 215 392 244 Primus
419 215 599 268 ejiismopef‘ts
620 210 787 248 mentibnem
813 220 912 251 fecisse
937 222 1044 251 videtur
1058 224 1244 261 Aprivilegiis
1260 226 1309 254 ad.
1325 226 1476 255 Romanum
1503 227 1661 263 pontiﬁcem
1677 230 1857 268 pertinentibus.

246 261 406 297 Anonymus
427 262 590 292 Mellicensis
608 265 733 300 superius
755 274 770 294 a
788 268 873 296 nobis
896 268 1039 303 adductus,

242 307 291 343 qui
315 309 349 335 ab
373 316 426 336 uno
439 316 521 344 opere
536 309 699 340 Bonizonem
714 312 819 341 videtur
834 314 952 343 novisse.
975 315 1041 344 Post

246 352 398 381 Lambeccii
411 362 476 382 vero
490 356 676 385 recensionem
691 367 700 385 ‹
719 358 838 387 Brixiani
853 361 956 389 codicis
970 363 1041 390 noti-

247 400 311 426 tiam
325 399 474 436 (pergimus
486 402 512 429 in
526 403 616 430 verbis
631 403 789 440 Gradenigi)
803 406 908 443 primus
922 407 1042 443 vulgavit

247 446 272 472 in
289 447 483 482 supplementis
497 449 530 475 ad
557 449 735 478 [.abbazanam
752 452 929 481 conciliorum
942 454 1042 483 editio-

247 498 309 517 nem
327 490 483 520 Dominicus
497 493 617 522 Mansius
628 496 705 531 (tom.
726 496 758 528 ll,
779 497 805 525 in
832 497 915 533 Prw].
933 499 968 527 ad
991 509 1041 535 ap-

245 535 336 569 ponit,
358 544 384 571 p.
409 537 448 573 5),
464 546 545 574 quem
573 540 607 568 de
629 542 740 576 pretiosi
757 543 859 572 codicis
884 544 1041 574 inventione

247 582 452 612 reddideramus
469 587 625 615 certiorem.
649 589 690 615 ill.
711 589 796 617 abbas
817 589 1000 620 Trombellius
1025 600 1041 620 a

247 629 454 659 nobislaudatus
463 640 526 661 eum
537 634 658 663 codicem
672 643 734 664 cum
755 637 896 665 nobiscum
911 642 972 666 ante
991 638 1042 667 alip

246 681 314 711 quot
334 685 419 706 annos
439 679 466 706 in
484 680 568 708 citato
592 682 704 711 archivo
729 683 853 717 vidisset,
873 685 1040 719 provinciam

246 725 365 760 suscepit
379 726 405 753 in
421 726 507 755 lucem
525 729 675 763 emittendi,
687 731 797 760 obtenta
821 733 849 760 in
873 740 934 761 eum
960 734 1040 763 fincm

248 770 319 798 illius
335 773 505 801 rxscribendi
533 776 566 803 ab
594 776 731 805 illustriss.
757 786 790 806 ac
816 786 873 806 rev.
903 781 1042 810 canonicis

247 815 384 846 ﬁtenllate.
408 828 419 846 a
437 845 439 847 .

281 864 435 899 Optamlum
462 876 528 895 sane
549 871 805 900 reverendissimum
830 872 911 902 hodie
927 881 1041 910 congre-

1087 275 1120 299 «ει
1130 272 1164 299 de
1173 273 1353 309 pratrogativa
1368 274 1453 310 ipsius
1463 275 1549 308 sedis,
1562 282 1617 302 non
1633 275 1742 311 profuse
1756 278 1799 305 sed
1811 287 1859 308 suc.

1090 316 1191 350 eiecto,
1210 317 1380 354 Duijuvante
1393 319 1493 354 gratia,
1503 319 1685 348 disseramus.
1703 330 1712 347 ι
1728 320 1786 350 l‘ost
1797 330 1860 359 quam

1091 360 1166 389 velut
1181 363 1381 398 prosphonesin
1397 364 1433 393 ad
1442 364 1578 393 decretale
1592 372 1685 398 suum,
1695 365 1729 393 de
1741 373 1791 401 quo
1799 376 1860 405 sape.

1089 409 1149 441 rius
1160 408 1277 445 egimus,
1293 410 1475 446 progreditur.
1697 439 1700 442 λ

1126 455 1277 486 Casimirus
1288 456 1422 489 Oudinus,
1436 457 1481 492 qui
1497 457 1603 493 primus
1630 465 1646 486 a
1673 458 1829 495 Lambeecio,
1841 468 1863 491 et.

1092 508 1124 529 ex
1140 501 1187 529 illo
1202 502 1373 538 potissimum
1388 502 1552 531 Bonizonem
1567 503 1750 540 scriptoribus
1759 504 1862 537 Historia

1092 547 1286 576 eccles'asticze
1301 549 1427 582 inseruit,
1447 549 1531 577 alium
1552 548 1674 584 ejusdem
1695 552 1863 587 cpitornesco-

1092 593 1180 621 dicem
1196 602 1248 621 ms.
1265 602 1299 622 ex
1315 594 1418 623 Thema
1430 594 1518 623 Smito
1532 594 1649 631 catalogi
1661 597 1722 624 eod.
1741 605 1802 625 mss.
1816 599 1864 627 Coi.
1923 593 1924 621 1

1094 640 1211 668 tonianze
1234 646 1367 669 memorat
1390 641 1449 677 (51)
1476 642 1518 670 bis
1534 643 1648 670 verbis:
1667 652 1677 669 ι
1696 643 1789 672 Exstat
1810 646 1863 673 aliud

1092 694 1145 714 ms.
1172 687 1311 722 exemplar
1334 687 1415 722 hujus
1441 688 1533 723 operis
1559 688 1585 716 iu
1601 689 1761 717 Cottoniana
1782 691 1865 726 Anglia

1092 732 1256 760 bibliotheca
1271 732 1321 761 sub
1333 732 1420 769 ell'tgie
1431 733 1495 761 Julii
1508 733 1598 761 littera
1610 735 1644 767 Α,
1660 735 1722 762 cod.
1738 734 1790 767 Vll,
1806 744 1864 765 num.

1093 786 1123 812 ιι,
1137 778 1179 806 bis
1190 779 1280 806 verbis
1291 786 1301 808 :
1311 778 1443 807 Chronica
1459 779 1640 807 Romanorum
1652 780 1802 815 pontiﬁcum
1813 783 1866 810 edita

1091 833 1108 851 a
1119 824 1266 853 Bonithana
1281 824 1389 853 Sutrino
1403 826 1535 862 episcopo,
1555 827 1609 854 uiro
1625 828 1786 860 doctissimo,
1805 837 1867 864 usque

1092 869 1127 896 ad
1154 868 1289 898 Urbanum
1307 870 1348 904 II,
1367 876 1395 898 ut
1423 872 1500 899 habet
1525 872 1640 900 titulus:
1666 872 1752 907 Hujus
1774 872 1866 901 Rotlnni
1923 879 1924 907 Ἰ

246 910 365 945 gatiouis
378 910 407 940 S.
433 913 584 942 Salvatoris
599 915 725 944 abbatem
751 918 920 952 generalem,
947 924 973 947 et
1002 924 1041 948 tot

1094 915 1229 949 pontificis
1244 921 1316 951 acta,
1332 921 1428 945 auctor
1441 917 1535 945 intime
1557 925 1587 946 se
1610 918 1754 952 scripsisse
1775 919 1865 946 dicitzr

228 958 231 961 ‘
247 956 348 992 ingenii
359 963 440 993 atque
455 961 587 989 doctrinae
598 963 704 991 eximiae
716 966 900 994 monumentis
908 966 1041 1002 insignem

246 1001 377 1031 Joannem
393 1006 615 1041 Cl-rymstumum
627 1008 874 1044 Trombellinm,ab
882 1019 914 1040 ea
929 1020 977 1046 spe
993 1021 1042 1041 nos

247 1055 301 1076 non
327 1050 472 1079 deuirbare
497 1053 533 1080 ob
559 1055 798 1084 meudosissimum
827 1061 856 1085 et
882 1058 1042 1093 acephalum

246 1094 367 1122 codicem
383 1095 563 1133 Brixiensem,
592 1108 672 1134 quem
695 1101 785 1129 obiter
800 1102 961 1138 inspectum
985 1104 1044 1132 oﬁl-

244 1140 319 1169 ciose
332 1142 413 1171 nimis
426 1146 683 1175 eommendavcrant
700 1147 757 1175 alii.
773 1148 890 1178 Maxime
904 1158 965 1178 cum
980 1159 1042 1185 spes

237 1189 365 1216 -noudum
377 1190 522 1219 .dccollarit
535 1200 566 1220 ea
588 1201 648 1228 qua
667 1193 710 1221 vel
727 1194 804 1222 hiant
822 1196 866 1224 vel
884 1196 1013 1225 deﬁciunt
1027 1205 1043 1225 e
1083 1214 1087 1216 -

247 1234 459 1270 Vindobonensi,
480 1240 667 1272 resarciemli,
686 1241 849 1270 emendandi
874 1246 901 1270 et
926 1243 1043 1271 redinte-

246 1281 351 1315 grandi.
363 1281 392 1309 In
408 1283 530 1320 catalogo
544 1284 603 1319 ipso
619 1286 679 1314 cod.
692 1286 876 1315 Brixiensium
889 1287 1044 1317 Gradonico

246 1325 380 1355 referente
391 1329 427 1355 ita
444 1336 601 1358 recensetur
618 1340 624 1359 :
641 1341 650 1358 ι
668 1332 814 1361 Bonizonis
825 1333 957 1369 episcopi,
974 1339 1041 1368 etc.,

245 1378 299 1401 etc.
313 1374 444 1404 Collectio
470 1384 604 1406 canonum
627 1383 670 1407 est
687 1388 761 1408 anno
782 1381 850 1408 1100
867 1381 911 1408 vix
938 1381 1041 1417 elapso,

245 1420 368 1448 coniecta
384 1421 450 1457 (imo
465 1423 597 1452 decennio
614 1430 677 1453 ante
696 1430 725 1453 et
737 1426 854 1462 amplius
868 1427 939 1454 diem
964 1435 1042 1455 suum

235 1465 300 1500 jam
315 1466 546 1503 obieratBonizo)
566 1478 635 1506 opus
649 1471 779 1500 inedilum
803 1477 855 1500 est.
881 1472 971 1500 Pritna
994 1481 1043 1509 pa-

237 1511 309 1546 .gina
336 1513 508 1542 desideratur
535 1515 649 1551 alireque
676 1517 813 1545 nonnullae
853 1518 991 1546 nonnullis
1014 1519 1042 1546 in

245 1556 322 1585 locis.
341 1567 351 1585 ι

621 1609 667 1637 IV.

336 1650 454 1686 Epitome
463 1652 581 1680 historiw
591 1654 747 1688 pontiﬁcum
760 1654 951 1682 Romanorum.

282 1694 395 1730 Exhibet
405 1697 480 1724 illam
497 1698 566 1725 idem
579 1698 624 1726 ille
635 1700 718 1727 codex
733 1700 950 1729 Vindoboneusis
963 1702 1044 1730 modo

245 1747 422 1774 memoratus,
444 1743 490 1778 qni
512 1743 657 1773 Bonizouis
671 1746 807 1774 decretale
824 1747 956 1781 continet,
975 1756 985 1774 ι
999 1748 1042 1776 cui

245 1787 374 1816 Prommii
391 1789 451 1817 loco
478 1791 589 1824 prmﬁxa
612 1796 656 1820 est
679 1793 860 1827 (suntverba
887 1794 1042 1821 Lambeccii

246 1833 310 1870 iter.
323 1835 379 1867 cit.,
395 1843 422 1870 p.
443 1836 507 1872 797]
524 1845 539 1863 a
562 1837 591 1865 S.
613 1838 694 1866 Petro
713 1839 897 1874 apostolorum
923 1840 1044 1874 principe

246 1888 333 1915 usque
344 1882 377 1907 ad
389 1889 487 1916 papam
501 1882 640 1911 Urbanum
655 1884 686 1917 ll,
702 1886 748 1919 qui
765 1885 808 1912 die
823 1892 860 1912 xu
878 1885 966 1913 Martii
979 1886 1042 1913 alui

247 1926 317 1953 H38
332 1926 435 1954 electus
449 1932 500 1955 est.
518 1928 625 1957 Titulus
648 1931 712 1966 jam-
730 1936 887 1959 metuoraue
911 1932 1045 1968 epitomes

248 1972 293 1999 hic
311 1977 371 1999 est:
393 1971 525 2001 Clu-enica
549 1975 729 2004 Romanorum
756 1977 911 2011 pontiﬁcum
937 1978 1008 2005 edita
1027 1987 1043 2006 α

247 2016 396 2046 Bonithone
418 2018 527 2048 Sutrino
548 2021 679 2057 episcopo,
701 2022 756 2050 viro
777 2031 822 2058 per
838 2024 926 2051 omnia
943 2024 1044 2052 doctis-

247 2066 325 2092 simo.
343 2075 352 2092 ι

284 2112 398 2148 Illustris
417 2113 591 2146 Muratorius,
604 2120 683 2149 quem
698 2114 765 2143 nihil
786 2113 854 2150 fugit
878 2115 949 2150 quod
963 2115 1045 2143 rebus

235 2156 332 2186 ‘ltalize
349 2159 515 2188 illustrandis
526 2167 637 2195 quoque
651 2160 731 2188 modo
750 2159 861 2193 faceret,
877 2169 938 2188 cum
964 2161 1044 2189 Lam-

247 2204 378 2234 becciana
393 2207 451 2235 hac
463 2207 576 2243 legeret,
589 2207 693 2234 nullum
708 2215 760 2234 non
773 2207 889 2243 lapidem
906 2208 1001 2240 movit,
1016 2213 1045 2236 ut

247 2257 454 2281 monumentum
482 2254 534 2280 hoc
557 2253 658 2288 publici
682 2252 753 2286 juris
777 2252 891 2286 faceret,
919 2254 957 2281 uti
987 2254 1045 2288 ipse
1061 2269 1083 2296 ι)

246 2300 364 2324 testatur
388 2297 432 2325 bis
455 2297 571 2325 verbis:
597 2297 656 2332 (ἔο)
686 2305 696 2322 ι
723 2297 801 2332 cujus
826 2299 955 2332 postremi
983 2299 1045 2327 libri

235 2344 383 2379 ‘(epitomes
398 2344 517 2372 historic
528 2343 682 2379 pontiﬁcum
697 2342 903 2379 Romanarum),
918 2352 979 2372 cum
989 2353 1046 2381 ego

245 2395 422 2425 summopere
443 2390 539 2417 avidus
564 2389 661 2420 forem,
685 2388 805 2417 intellexi
834 2391 941 2419 tandem
978 2391 1046 2419 nihil

246 2435 323 2464 aliud
339 2436 394 2464 illic
418 2435 555 2468 exhiberi,
570 2435 621 2463 nisi
644 2443 748 2463 merum
765 2436 873 2465 brevem
895 2437 1046 2473 catalogum

236 2481 439 2509 ’Bomanorum
468 2480 638 2516 pontiﬁcum,
665 2481 761 2516 quales
786 2482 885 2511 multos
904 2483 1046 2517 habemus,

249 2532 456 2564 proptereaque
480 2527 515 2555 ab
539 2534 574 2555 eo
590 2526 666 2555 'ultre
690 2527 757 2556 mihi
773 2530 945 2565 procurando
960 2529 1047 2558 absti-

250 2581 310 2602 nui.
336 2583 345 2598 I
551 2586 554 2591 -
620 2588 623 2591 λ

238 2625 240 2627 ·
276 2619 432 2648 Postrema
449 2619 531 2648 verba
552 2619 633 2656 hujus
650 2620 784 2656 epitomes
796 2621 854 2649 lucc
869 2625 951 2649 sunt:
970 2630 979 2647 ι
994 2620 1049 2648 Hn-

249 2673 357 2702 cusqne
371 2666 505 2702 incipiens
517 2674 532 2694 a
549 2667 627 2695 beato
635 2666 718 2695 Petro
728 2666 913 2702 apostolorum
925 2666 1050 2701 principe

239 2719 344 2748 usque
367 2712 401 2741 ad
425 2716 519 2742 nostra
539 2717 662 2749 tempora
688 2713 873 2741 Romanorum
890 2712 1049 2748 pontiﬁcum

251 2764 315 2787 acta
331 2759 524 2795 compendiose
545 2759 718 2795 digessimus,
732 2762 858 2794 superest
879 2766 951 2786 nunc
973 2762 1003 2785 ut
1017 2758 1051 2786 de

267 2837 349 2889 Ἢ1³⁵502
368 2837 461 2889 mutii}.
476 2836 560 2866 Italia
573 2835 652 2864 Medii
670 2836 720 2864 aevi
736 2835 843 2863 dissert.
866 2841 972 2868 xxxv",
997 2834 1051 2863 col.

254 2870 357 2943 59‘351‘)’
372 2872 448 2941 iiii,
469 2915 495 2942 ι).
511 2907 572 2941 ut,
587 2906 649 2942 745,
666 2907 712 2936 ubi
727 2907 828 2938 mentio
844 2906 959 2942 catalogi
972 2905 1052 2942 hujus

1086 961 1156 989 .lizec
1180 962 1229 995 ibi,
1253 962 1298 990 ubi
1320 968 1410 991 tamen
1435 963 1538 991 fallitur
1562 964 1604 991 vir
1624 964 1801 998 doctissimus,
1817 966 1867 992 dum

1083 1007 1389 1036 cxistiutatblartiuum
1404 1008 1547 1041 Polomtm,
1568 1009 1633 1037 dum
1657 1009 1812 1037 Bonizonem
1835 1011 1866 1038 De

1093 1053 1176 1088 gestis
1191 1053 1348 1088 pontiﬁemn
1369 1054 1477 1088 allegat,
1494 1055 1565 1082 hanc
1581 1055 1718 1090 epitotucn
1736 1063 1788 1090 pra:
1800 1057 1870 1084 oeulis

1085 1098 1230 1132 imbuisse,
1253 1107 1315 1128 cum
1331 1104 1434 1128 constet
1448 1101 1546 1129 librum
1567 1102 1600 1128 ad
1616 1101 1754 1135 Amicum,
1765 1102 1806 1137 qui
1821 1110 1870 1131 rem
1923 1127 1924 1130 η

1094 1145 1165 1173 hunc
1182 1146 1288 1174 titulum
1302 1152 1440 1182 gestorum
1452 1147 1556 1182 implet,
1569 1147 1713 1183 designare
1727 1148 1841 1177 voluisse.

1195 1236 1294 1265 Contra
1317 1237 1457 1273 nugonem
1468 1192 1665 1266 stilistnaticum
1677 1239 1785 1268 libellus.

1117 1282 1197 1312 ilium
1223 1283 1333 1315 librum,
1349 1284 1395 1318 qui
1413 1284 1513 1313 Urbani
1536 1285 1558 1312 11
1583 1285 1659 1312 initia
1675 1286 1870 1321 comprehende-
1923 1284 1924 1293 ‘

1093 1327 1149 1359 bat,
1166 1328 1246 1356 hodie
1264 1334 1310 1356 aut
1325 1334 1484 1364 exspectare
1495 1328 1623 1363 iubemur
1637 1329 1765 1358 latentem
1776 1336 1817 1358 aut
1834 1332 1871 1359 ειε-
1923 1343 1924 1350 ι

1093 1374 1201 1409 plorare
1212 1376 1392 1411 deperditum.
1405 1376 1527 1404 Meminit
1537 1376 1595 1410 ejus
1605 1377 1664 1412 ipse
1674 1377 1774 1405 Βοιιὶιο
1784 1377 1872 1405 duobus

1094 1421 1122 1449 in
1145 1422 1221 1454 locis,
1247 1422 1332 1450 semel
1347 1423 1374 1450 in
1388 1423 1519 1458 Opusculo
1542 1423 1580 1450 De
1602 1424 1781 1452 sacramentis
1793 1424 1871 1452 Ecclc-
1923 1427 1924 1449 ξ

1093 1467 1151 1500 site,
1163 1468 1234 1502 quod
1247 1468 1411 1496 Muralorius
1424 1468 1452 1496 in
1466 1468 1553 1496 lucem
1564 1470 1712 1504 protraxit,
1724 1469 1764 1497 his
1774 1469 1852 1497 verbis
1865 1478 1870 1495 :
1923 1468 1924 1473 ‘

1096 1522 1106 1539 ι
1128 1513 1251 1547 Qualiter
1269 1522 1332 1541 vero
1347 1514 1452 1549 primus
1468 1515 1504 1542 sit
1532 1514 1574 1549 (S.
1590 1515 1716 1543 Clemens
1739 1516 1812 1550 papa)
1833 1524 1872 1550 per

1093 1559 1254 1587 electionem
1267 1559 1352 1592 Petri,
1362 1565 1390 1587 et
1401 1560 1500 1588 tertius
1515 1561 1541 1588 in
1561 1562 1656 1596 gradu,
1671 1561 1695 1589 si
1715 1562 1777 1596 quis
1787 1570 1872 1597 gnarus

1094 1612 1156 1633 csse
1167 1605 1290 1637 voluerit,
1305 1606 1377 1642 legat
1397 1605 1518 1639 Librum,
1533 1614 1613 1642 quem
1635 1607 1735 1642 scripsi
1751 1607 1776 1634 in
1797 1608 1872 1643 [Iugo-

1095 1658 1156 1677 nem
1181 1651 1398 1684 schismaticutn,
1412 1655 1440 1679 et
1454 1651 1489 1678 ibi
1506 1651 1627 1679 inveniet
1647 1653 1682 1679 ad
1700 1652 1805 1687 plenum
1817 1653 1873 1680 dilu-

1094 1695 1337 1731 cidatum(52).tEt
1348 1696 1527 1731 tlenuo_atque
1538 1697 1676 1732 copiosius
1687 1698 1713 1724 in
1722 1699 1873 1732 peroratione

1094 1741 1226 1776 epitomcs
1239 1741 1384 1776 pontiﬁcis:
1397 1741 1521 1770 Historia:
1541 1743 1573 1769 de
1593 1750 1647 1777 qua
1668 1743 1761 1776 modo,
1774 1750 1872 1778 sequen-

1096 1792 1149 1815 tem
1174 1788 1200 1815 in
1223 1788 1332 1815 modum
1345 1788 1427 1823 (apud
1448 1788 1652 1820 Lambeccium,
1669 1787 1689 1816 ι.
1714 1789 1751 1824 c.)
1765 1797 1772 1815 :
1788 1788 1872 1816 Urbani

1095 1840 1159 1860 vero
1172 1833 1308 1869 pontiﬁcis
1320 1838 1391 1865 acta,
1407 1838 1435 1861 et
1446 1834 1479 1861 de
1491 1833 1549 1867 ejus
1563 1834 1730 1865 victoria,_si
1745 1834 1803 1869 quis
1815 1834 1874 1861 scire

1084 1879 1222 1911 .voluerit,
1243 1879 1314 1914 legat
1335 1879 1434 1907 librqu
1471 1886 1552 1914 queat
1571 1879 1670 1914 scripsi
1697 1879 1726 1906 in
1752 1879 1873 1915 nugonem

1094 1923 1309 1957 schismatieum,
1339 1927 1368 1952 et
1394 1923 1429 1952 ibi
1453 1923 1574 1952 inveniet
1597 1924 1631 1952 ad
1659 1924 1771 1959 plenum
1796 1923 1874 1951 diluci-

1095 1968 1170 1995 data.

1134 2013 1173 2041 De
1187 2012 1300 2049 Hugone
1315 2014 1436 2042 Candide
1448 2014 1593 2048 eardinali,
1605 2014 1651 2049 qui
1667 2019 1697 2041 et
1707 2014 1851 2042 Alexandro
1858 2013 1874 2040 ll

1095 2060 1168 2095 apud
1181 2060 1313 2094 Agnetem
1336 2064 1461 2088 nostram
1485 2064 1627 2096 augustam
1653 2059 1809 2088 HenricilV
1831 2067 1875 2086 ma-

1097 2110 1165 2134 trem
1188 2107 1287 2134 liuctus
1310 2106 1451 2140 excitavit,
1481 2111 1508 2134 et
1533 2111 1626 2141 postea
1651 2106 1785 2141 Gregorio
1797 2105 1836 2133 Vll
1853 2106 1873 2132 in

1082 2152 1213 2186 .gratiam
1236 2152 1347 2180 Henrici
1374 2153 1422 2180 ﬁlii
1439 2153 1557 2180 maxime
1569 2152 1732 2180 adversatus
1754 2157 1805 2185 est,
1817 2157 1873 2180 tcu-

1096 2207 1192 2234 porum
1209 2199 1317 2227 illorum
1330 2199 1491 2234 scriptores,
1508 2207 1557 2235 pro
1571 2200 1692 2234 partium
1707 2199 1874 2234 quisquestu-

1096 2246 1140 2273 dio
1150 2246 1266 2281 plurima
1283 2250 1444 2275 memorant.
1456 2245 1517 2280 Ipse
1529 2244 1631 2273 Βοιιὶιο
1643 2245 1669 2273 in
1683 2246 1767 2273 rebus
1779 2244 1875 2272 Alexan-

1097 2293 1138 2320 dri
1161 2291 1183 2319 ll
1210 2292 1342 2327 prolixam
1366 2292 1531 2320 mentionem
1558 2291 1633 2323 facit,
1662 2292 1712 2332 sed
1741 2292 1875 2319 uberiorem

1097 2339 1181 2367 multo
1196 2340 1267 2367 haud
1277 2340 1357 2367 dubie
1371 2339 1399 2367 in
1418 2347 1451 2367 eo
1466 2339 1579 2375 scripto,
1592 2347 1648 2375 quo
1662 2339 1746 2367 hodie
1759 2345 1875 2369 caan

1083 2387 1211 2419 tecet-at,
1236 2387 1309 2422 quod
1332 2387 1420 2422 ipsum
1440 2385 1512 2414 forte
1535 2393 1597 2414 cum
1622 2385 1764 2421 deplorata
1783 2385 1876 2419 iamiam

1097 2433 1217 2461 auctoris
1231 2433 1318 2461 nostri
1334 2433 1436 2468 scripta
1448 2436 1530 2468 caput
1544 2431 1698 2468 proferant,
1708 2433 1783 2461 bono
1795 2434 1877 2462 emt-

1097 2485 1327 2561 cnﬂfhl’agius
1350 2524 1459 2554 Criticae
1484 2522 1838 2572 Historico-tibronoiogiar
1857 2522 1878 2572 is

1098 2570 1198 2600 Annal.
1209 2571 1319 2600 Baronii
1335 2570 1418 2606 LJV,
1433 2571 1467 2600 ad
1481 2578 1547 2599 ann.
1577 2569 1659 2601 1014,
1683 2569 1782 2605 p.166
1795 2570 1823 2601 b,
1844 2569 1878 2619 cvi

1098 2617 1160 2645 viro
1182 2624 1199 2645 a
1211 2625 1242 2646 se
1262 2618 1366 2653 sagaci,
1379 2625 1477 2645 nasum
1497 2616 1624 2645 criticum
1647 2620 1784 2651 praeterea
1807 2616 1879 2645 ﬁnxit-

1083 2683 1086 2686 -
1100 2663 1252 2700 prodigium
1269 2663 1432 2693 eruditionis
1453 2662 1643 2698 Langueryus,
1666 2662 1759 2691 itane
1775 2661 1878 2697 ﬂuam

1101 2710 1247 2738 occasione
1268 2709 1351 2745 hujus
1371 2710 1458 2745 ipsius
1473 2707 1621 2745 opusculi:
1646 2717 1657 2734 ι
1681 2707 1829 2743 [ascriptus
1843 2705 1878 2735 luit

1101 2757 1130 2785 in
1145 2756 1285 2792 nugonem
1297 2755 1514 2790 schismaticum,
1528 2755 1579 2791 hoc
1589 2758 1631 2783 est
1645 2759 1745 2787 contra
1759 2753 1880 2789 [iugum

1104 2843 1176 2863 anno
1191 2834 1269 2867 1690,
1284 2834 1381 2863 Oxonii
1398 2834 1426 2862 in
1441 2833 1488 2861 fol.
1505 2832 1580 2866 editi,
1593 2840 1620 2867 p.
1632 2832 1661 2859 2.
1775 2838 1778 2840 ·

1103 2870 1198 2934 ωξιϐ)
1211 2870 1317 2906 Libello
1330 2869 1364 2899 de
1379 2870 1569 2902 sacramentis,
1585 2868 1656 2904 apud
1670 2868 1773 2896 “urat.
1790 2875 1809 2901 ι,
1828 2874 1849 2894 c.
1859 2871 1879 2900 ν·
