3848 6292
83 357 162 416 8M

1096 349 1185 404 DF.
1226 346 1382 403 VITA
1426 344 1511 403 ΕΤ
1549 346 1856 405 SCRIPTIS
1895 349 2280 408 BONIZONIS.‘

3203 361 3311 418 80'!

85 473 400 544 cogaontento
423 462 764 527 Candidum,
795 459 1119 515 cardiualem
1147 459 1515 530 presbyterum
1542 459 1612 514 Τ.
1646 444 1689 500 Α
1789 460 2005 517 Plenius
2027 461 2077 515 id
2107 461 2383 533 pmstabit
2409 477 2543 534 opus
2568 465 2765 536 ipsum,
2791 468 2934 539 quod
2967 472 3306 530 eruditorum

85 565 132 620 S.
156 557 446 621 Clementis,
470 555 567 625 qui
623 569 762 609 anno
807 552 932 606 lOtil
991 561 1111 622 post
1147 553 1354 607 obitum
1409 553 1614 608 Nieolai

84 669 204 727 papze
244 658 396 720 caput
449 656 506 702 et
555 646 937 716 antesignanus
989 644 1088 698 fuit
1136 659 1325 699 eorum
1376 645 1468 714 qui
1517 660 1617 698 no-

84 767 180 806 vum
207 745 501 816 pontilicem
535 742 834 796 Romanum
865 756 969 794 non
1000 741 1101 795 nisi
1128 739 1374 795 consulto
1398 750 1452 794 et
1481 756 1614 795 con-

83 842 303 898 sentiente
327 837 454 906 imp.
480 834 716 890 Henrico
743 831 804 888 IV
841 831 1135 888 creandum
1180 846 1299 887 esse
1326 833 1615 888 contende-

82 947 194 991 runt.
230 954 247 986 ο

774 1023 861 1078 Vl.

553 1113 707 1170 Liber
727 1115 795 1168 ad
825 1115 1086 1170 Amicum.

130 1210 190 1264 Ita
234 1223 349 1264 eum
382 1208 635 1279 indigitat
685 1209 795 1278 ipse
837 1207 1042 1264 Bonizo
1089 1209 1142 1263 in
1199 1210 1304 1266 line
1348 1211 1612 1282 epitomes

77 1301 280 1357 llLstoriaa
311 1300 620 1368 poutiliciae,
649 1316 914 1356 canonum
940 1301 1242 1357 collectioni
1272 1320 1298 1357 a
1332 1319 1390 1358 se
1421 1320 1610 1360 susce-

74 1405 166 1462 ptze,
192 1395 235 1445 in
259 1391 438 1446 codice
459 1389 849 1448 Vindoboneusi
883 1395 1134 1462 praefixa.
1157 1395 1249 1449 Est
1275 1406 1453 1450 autem
1477 1413 1611 1466 OpltS

75 1484 182 1537 istud
209 1482 427 1551 insigne,
467 1481 639 1550 ipsmn
672 1481 798 1534 illud
831 1483 973 1552 quod
1004 1498 1068 1537 ex
1123 1486 1451 1539 membranis
1490 1485 1609 1539 Βοτ-

71 1575 148 1633 eis,
171 1587 343 1625 novem
374 1570 542 1624 libros
567 1570 885 1640 complexis,
919 1576 1078 1628 modo
1109 1575 1158 1628 in
1191 1575 1362 1630 lucent
1397 1587 1608 1647 protra-

72 1667 228 1719 ltintus.
254 1663 637 1732 Argumentum
663 1661 898 1718 breviter
925 1666 993 1718 ita
1015 1666 1354 1721 adumbravit
1371 1667 1570 1722 Bonizo
1592 1687 1603 1721 :

1717 552 1890 607 oculis
1925 553 2246 608 subductum
2288 564 2342 609 et
2381 554 2536 627 longa
2566 558 2838 613 oblivione
2870 565 3129 617 memoria
3164 565 3311 633 ipso-

1719 662 1838 700 rum
1880 656 2214 718 exemptum,
2264 663 2454 717 parum
2515 649 2684 704 abfuit
2734 653 2862 721 quin
2916 653 3030 723 ipso
3082 656 3194 711 fere
3254 661 3306 714 in

1718 749 1874 808 portu
1916 739 2255 809 naufragium
2287 739 2507 796 faceret.
2539 741 2579 796 E
2608 742 2929 798 bibliotheca
2950 748 3091 800 enim
3121 749 3305 816 Boler',

1718 831 1805 884 ubi
1848 829 2044 884 latebat
2090 840 2145 884 et
2191 831 2408 886 fallebat
2461 833 2674 903 ignotus
2711 835 2902 899 codex,
2963 839 3014 891 in
3069 840 3306 894 hominis

1718 922 1910 993 privati
1944 923 2327 979 bibliothecam
2388 925 2734 997 (superﬂuam
2783 927 2938 981 luxus
2970 939 3022 982 et
3048 932 3304 999 potentia!

1716 1015 2128 1086 supellectilem)
2162 1018 2460 1082 traductus,
2513 1034 2540 1072 a
2597 1030 2771 1075 morte
2824 1021 2961 1091 ejus,
2997 1021 3051 1075 in
3107 1023 3304 1092 angqu

1715 1111 1948 1178 quodam
2002 1109 2221 1165 familiae
2268 1110 2638 1166 herciscundae
2668 1112 3012 1166 commodum
3065 1123 3303 1182 tempus,

1713 1203 1884 1258 donec
1914 1205 1981 1259 ad
2027 1204 2364 1260 braetearios
2409 1205 2533 1268 iret,
2580 1205 3010 1275 prtcstolabatur,
3040 1207 3164 1260 dum
3193 1225 3221 1259 n
3247 1221 3306 1259 a-

1713 1315 1840 1354 num
1869 1301 2097 1356 ducente
2130 1299 2367 1356 Minerva
2404 1301 2455 1355 in
2495 1316 2619 1355 eum
2645 1299 2833 1354 incidit
2862 1299 2943 1353 vir
2977 1299 3305 1353 reverendus

1712 1401 1763 1446 et
1789 1392 2133 1462 gravioribus
2179 1406 2332 1461 atque
2382 1407 2444 1447 ac
2483 1392 2875 1446 amoenioribus
2926 1391 3148 1457 litteris,
3207 1405 3305 1460 pro

1712 1481 1970 1535 natalium
1999 1490 2051 1536 et
2078 1482 2307 1535 instituti
2345 1482 2607 1550 dignitate
2652 1482 3106 1535 instructissimus
3133 1480 3298 1535 Joan-

1713 1590 1808 1628 nes
1862 1573 2230 1628 Edelweckius
2281 1573 2530 1628 clericor.
2586 1588 2698 1643 reg.
2751 1572 2814 1625 D.
2867 1571 3109 1639 Cajetani
3160 1572 3300 1641 apud

1711 1682 1809 1720 nos
1839 1665 2148 1734 degentium
2203 1672 2315 1719 tum
2362 1663 2707 1734 prrrpositus,
2747 1662 2836 1732 qui
2891 1662 3174 1732 profugum
3208 1671 3304 1717 aut

75 1775 87 1804 t
120 1754 354 1852 Ceterum
377 1753 421 1806 si
447 1753 567 1821 quis
598 1753 664 1807 de
701 1754 1092 1824 Theophilacto
1116 1757 1441 1824 Tusculano,
1468 1776 1601 1830 qua-
1638 1796 1680 1852 η
1714 1766 1922 1825 raptum
1957 1756 2172 1810 familia:
2205 1755 2462 1810 restituit.

71 1846 163 1899 liter
179 1843 354 1898 Joanni
384 1844 654 1900 sacerdoti
681 1847 921 1901 Vendidit
954 1859 1228 1918 papatum,
1254 1862 1302 1905 et
1331 1856 1602 1921 quomodo

73 1954 151 1991 uno
174 1937 455 2005 eodemque
493 1946 740 2007 tempore
769 1938 1202 2010 Theopbylactus
1227 1949 1280 1994 et
1311 1943 1603 2013 Gregorius

71 2037 109 2080 et
134 2025 379 2096 Sylvester
405 2024 710 2082 Romanum
741 2043 848 2082 non
882 2030 1158 2098 regebant,
1191 2033 1282 2085 sed
1317 2036 1602 2091 vastabant

71 2120 425 2188 pontiﬁcatum,
485 2129 540 2174 et
593 2121 827 2190 qualiter
875 2120 1142 2176 Henricus
1195 2139 1313 2186 rex,
1362 2126 1596 2182 Conradi

71 2212 195 2274 ﬁlius,
230 2210 518 2264 Romanam
563 2212 857 2266 Ecclesiam
889 2231 916 2265 a
950 2215 1148 2268 talibus
1186 2219 1424 2284 pestibus
1471 2219 1602 2273 libc-

71 2302 191 2361 tavit,
219 2317 405 2370 gnarus
433 2316 555 2355 esse
604 2301 851 2364 voluerit,
895 2303 1034 2373 legat
1083 2305 1275 2358 librum
1325 2323 1482 2376 quem
1515 2311 1599 2363 di-

69 2394 193 2456 ctavi,
219 2393 300 2462 qui
343 2393 660 2448 inscribitur
695 2394 774 2447 At!
819 2394 1088 2459 Anticum;
1121 2407 1175 2450 et
1232 2399 1299 2452 ibi
1365 2401 1598 2455 inveniet

70 2483 152 2534 haec
173 2481 524 2536 ordinabiliter
552 2497 672 2537 esse
699 2483 927 2552 digesta.
954 2485 1191 2540 Inveniet
1221 2497 1422 2553 autem,
1449 2502 1502 2544 et
1525 2492 1594 2546 ibi

69 2589 169 2642 papa
195 2573 424 2628 Clemens
455 2573 666 2629 electus
693 2575 928 2645 qualiter
968 2577 1057 2640 sit,
1081 2578 1377 2646 qualiterve
1403 2580 1600 2636 Henri-

70 2679 140 2717 tus
166 2679 240 2717 rex
281 2665 578 2734 imperator
607 2664 676 2718 ab
703 2666 891 2719 eodem
953 2667 1234 2721 ordinatus
1295 2671 1388 2734 sit,
1439 2683 1488 2724 et
1533 2673 1597 2726 de

72 2755 247 2810 Damaso
277 2754 384 2824 ejus
413 2768 735 2810 successore
763 2765 894 2823 quot
925 2755 978 2808 iu
1001 2769 1198 2826 papatu
1231 2759 1594 2825 duxeritdies,

69 2845 172 2898 etde
195 2845 432 2914 pneclam
466 2845 674 2909 Leone,
715 2846 840 2912 quid
883 2845 937 2898 in
979 2857 1174 2914 papatu
1219 2849 1417 2916 egerit,
1459 2866 1596 2920 qua-

69 2936 210 2990 litcrve
233 2939 384 2990 vitam
412 2936 652 3001 (inierit,
687 2947 740 2991 et
766 2938 830 2991 de
867 2938 1080 2992 Victore
1111 2939 1229 3008 ejus
1280 2956 1595 2998 successore

70 3030 160 3095 quid
184 3027 351 3096 egerit,
393 3036 488 3082 attt
532 3028 662 3095 quid
691 3027 807 3096 ejus
859 3028 1190 3097 temporibus
1237 3044 1432 3086 novum
1470 3048 1596 3088 eve-

70 3125 203 3187 uerit;
235 3131 284 3178 et
320 3125 382 3178 de
412 3122 695 3194 Stephano
721 3122 996 3179 Godefridi
1046 3125 1201 3180 ducis
1229 3140 1504 3196 germano,
1539 3136 1592 3182 et

68 3215 246 3282 qualiter
279 3214 387 3284 ejus
417 3216 755 3286 temporibus
783 3214 1011 3270 Patarea
1040 3218 1180 3287 apud
1229 3218 1590 3275 Mediolanum

68 3318 206 3358 nona
227 3317 329 3372 est;
357 3317 411 3360 et
453 3308 524 3362 de
557 3307 778 3363 Nicolao
807 3324 942 3379 papa
975 3319 1030 3363 et
1061 3311 1127 3364 de
1171 3309 1264 3365 lite
1293 3327 1454 3381 quam
1489 3314 1587 3368 ha-

70 3397 152 3449 imit
188 3413 289 3452 cum
347 3399 640 3454 Benediczo
669 3401 935 3465 invasere,
967 3411 1020 3456 et
1058 3404 1184 3472 quid
1207 3405 1377 3475 egerit
1403 3406 1455 3459 in
1493 3399 1602 3476 pa?

69 3496 174 3552 patu,
197 3498 242 3543 et
268 3490 329 3544 de
357 3490 669 3547 Alexandro
695 3509 855 3564 papa,
887 3506 941 3550 et
968 3497 1033 3553 de
1065 3499 1158 3553 lite
1201 3515 1363 3570 quam
1407 3501 1593 3555 habuit

70 3594 156 3629 rum
186 3580 360 3635 Cadolo
405 3582 705 3640 Parmense
747 3595 801 3642 et
833 3589 899 3642 de
927 3589 1043 3658 ejus
1071 3589 1316 3655 victoria,
1364 3602 1418 3646 et
1464 3595 1593 3662 quid

71 3673 194 3738 egerit
218 3673 261 3725 in
292 3685 480 3744 papatu
514 3687 574 3731 et
613 3678 678 3730 de
704 3677 820 3745 ejus
858 3681 983 3746 line,
1030 3692 1083 3736 et
1113 3683 1179 3737 de
1204 3684 1434 3752 septimo
1459 3684 1593 3738 Gre-

70 3763 179 3826 gorio
199 3774 246 3817 et
271 3768 331 3820 de
356 3765 470 3834 ejus
511 3767 803 3832 electione,
834 3779 890 3824 et
935 3772 1003 3825 de
1035 3774 1140 3826 vita
1192 3775 1306 3844 ejus
1340 3786 1395 3827 et
1429 3776 1594 3830 mori-

70 3853 154 3917 bus,
180 3865 224 3908 et
249 3857 472 3924 qualiter
523 3857 592 3911 ad
642 3859 812 3913 altare
867 3861 1079 3916 Domini
1133 3867 1184 3916 itt
1243 3865 1527 3918 nativitate
1561 3883 1590 3920 a

71 3940 211 3998 Crutio
234 3946 338 4001 viro
363 3947 573 4003 crudeli
615 3959 805 4019 captus
846 3953 936 4018 sit,
973 3963 1024 4006 et
1054 3969 1120 4008 co
1155 3956 1242 4008 die
1293 3955 1383 4009 Dei
1417 3958 1589 4026 gratia

71 4032 286 4102 liberatus,
317 4050 368 4093 ct
397 4040 465 4095 de
489 4039 688 4095 Wcrra
756 4058 920 4113 quam
966 4045 1220 4099 sustinuit
1248 4046 1314 4100 ab
1360 4047 1591 4102 Henrico

71 4125 355 4197 imperatore,
386 4142 440 4187 et
478 4133 548 4188 de
595 4137 994 4203 controversia,
1026 4153 1184 4207 qttam
1242 4140 1429 4194 habuit
1466 4157 1589 4195 cunt

70 4215 274 4287 Wiberto,
300 4234 351 4278 et
376 4225 443 4280 de
471 4228 751 4291 aerumnis,
781 4244 916 4299 quas
957 4232 1233 4297 sustinuit,
1277 4242 1330 4286 et
1357 4235 1419 4287 de
1447 4235 1592 4288 obsi-

71 4309 186 4365 dione
210 4314 427 4370 civitatis
454 4327 510 4372 ct
534 4334 650 4384 sua,
695 4330 749 4375 et
773 4322 1007 4391 qualiter
1033 4339 1062 4376 a
1101 4323 1360 4377 Rotberto
1396 4325 1591 4380 Roma-

71 4407 344 4461 norumduce
373 4408 444 4462 sit
466 4409 750 4477 liberatus,
778 4422 831 4466 et
854 4413 1090 4482 qualiter
1116 4415 1275 4468 beato
1310 4415 1415 4468 line
1443 4417 1590 4484 quie-

1619 3171 1665 3233 C

1790 1847 1969 1901 Codex
2003 1847 2113 1914 ipse
2145 1846 2592 1901 membranaceus
2638 1853 2722 1899 est
2792 1846 2842 1899 in
2903 1859 3090 1916 quarta
3139 1861 3300 1914 quant

1709 1947 1902 1991 vocant
1945 1937 2115 1991 forma
2164 1951 2336 2006 eaque
2394 1938 2604 1990 minore
2645 1946 2699 1991 et
2754 1951 2876 1991 vere
2927 1938 3211 2004 quadrata.
3247 1937 3302 1990 ltt

1707 2032 2020 2087 Bavaricam
2052 2047 2120 2085 ex
2174 2029 2530 2086 Schedeliana
2581 2031 2816 2095 transiit,
2870 2031 3030 2085 toties
3062 2045 3089 2082 a
3147 2029 3304 2084 nobis

1706 2131 2028 2178 memorata.
2053 2122 2390 2191 Antiquioris
2420 2123 2622 2175 domini
2653 2120 2856 2174 nullum
2890 2121 2956 2173 ibi
2985 2122 3296 2189 vestigium.

1705 2216 1756 2269 in
1801 2214 2007 2283 postico
2039 2228 2223 2266 assere
2272 2215 2321 2266 in
2379 2213 2634 2267 schednla
2693 2213 3046 2281 agglutina'a,
3109 2212 3301 2264 clior..-

1701 2315 1849 2360 clere
1896 2319 2057 2374 quem
2083 2312 2274 2358 vocant
2297 2304 2598 2363 monastico
2645 2303 2839 2372 legitur
2866 2321 2878 2356 :
2913 2302 3139 2355 Libellus
3166 2302 3299 2356 Boni

1704 2397 1922 2463 Thouis,
1945 2407 1990 2449 et
2022 2407 2094 2450 est
2123 2395 2381 2450 Chronica
2409 2412 2441 2448 a
2465 2394 2809 2448 Constantino
2841 2410 3024 2463 usque,
3053 2404 3159 2447 etc.

1773 2488 1828 2541 In
1867 2488 2046 2542 antico
2094 2501 2223 2540 vero
2284 2484 2586 2540 forinsecus
2633 2503 2645 2538 :
2691 2484 2929 2538 Historia
2986 2483 3297 2538 Bouitltouis

1702 2580 1966 2636 Sutriens.
2019 2581 2178 2650 episc.
2228 2581 2292 2634 de
2337 2579 2698 2650 persecutione
2749 2577 3021 2631 Ecclesirr.
3068 2577 3291 2642 Adjccta

1703 2683 1827 2727 nota
1857 2673 2020 2727 veteri
2068 2672 2405 2727 bibliotheca:
2457 2670 2593 2724 Stat.
2630 2669 2762 2735 VII,
2797 2688 2942 2723 num.
2987 2686 3071 2724 LIV
3104 2672 3168 2732 Α,
3203 2671 3295 2737 qui

1701 2767 1858 2830 ordo,
1889 2765 2213 2820 bibliotheca
2244 2779 2311 2818 ex
2347 2780 2472 2818 arce
2507 2761 2917 2816 Tz-ul‘kirchcnsi
2949 2761 3292 2815 monachiunt

1700 2860 1770 2914 ab
1820 2857 2060 2930 Albertoj
2083 2857 2366 2922 translata,
2403 2864 2589 2926 postea
2635 2856 2968 2916 immutatus,
3019 2851 3296 2906 codicibus

1700 2951 1876 3007 adhuc
1931 2951 2100 3005 hzeret
2154 2948 2342 3003 illitos.
2420 2947 2586 3002 llodie
2634 2947 2773 3000 inter
2825 2948 2947 3000 cod.
3009 2960 3111 2997 ms.
3175 2944 3291 2997 Lat.

1699 3058 1850 3098 num.
1903 3055 2104 3095 ncxvttt
2138 3039 2381 3110 signatus
2410 3045 2516 3092 est.
2572 3036 2689 3106 Ipse
2719 3037 2885 3090 codex
2920 3036 3290 3091 characterem

1701 3133 1882 3190 saeculi
1939 3130 2242 3187 duodecimi
2312 3131 2382 3184 ita
2431 3130 2689 3198 graphice
2742 3126 2922 3189 refert,
2965 3134 3025 3178 ut
3077 3125 3295 3194 paradi-

1703 3227 1898 3298 gmatis
1930 3225 2046 3281 loco
2102 3224 2176 3278 rei
2216 3222 2575 3292 diplomatieze
2623 3221 2902 3291 Iyronibus
2926 3233 3047 3273 esse
3078 3218 3246 3288 possit
3279 3234 3291 3270 :

1697 3320 1888 3373 litterae
1959 3312 2222 3388 capitales
2280 3313 2444 3368 hodie
2503 3313 2731 3377 rubent,
2803 3315 2896 3365 sed
2978 3311 3029 3364 in
3100 3309 3295 3379 quibus

1695 3409 1919 3478 vestigia
1957 3406 2192 3476 argenti,
2225 3406 2334 3474 quo
2362 3403 2599 3458 inducta:
2638 3403 2872 3465 fuerant,
2903 3401 3084 3454 adhuc
3115 3400 3292 3453 maui-

1696 3500 1856 3554 festa.
1892 3498 1966 3552 De
1993 3511 2155 3566 opere
2180 3497 2298 3566 ipso
2334 3495 2467 3549 nihil
2508 3503 2591 3548 est
2627 3494 2770 3562 quod
2801 3501 2928 3546 ante
2957 3493 3116 3547 (lictis
3143 3490 3288 3562 adji-

1696 3593 1854 3646 ciam.
1891 3588 2107 3642 Testem
2151 3595 2453 3655 temporum
2500 3583 2712 3638 illorutn
2764 3597 2962 3636 novum
3017 3583 3282 3651 produco,

1697 3700 1764 3737 an
1795 3691 1848 3735 et
1877 3679 2160 3736 veritatis?
2189 3679 2222 3732 ii
2267 3677 2607 3732 arbitrantur
2656 3675 2747 3745 qui
2794 3685 3039 3728 veterum
3094 3674 3290 3743 elogia,

1695 3791 1816 3828 cmn
1851 3784 2098 3828 recenter
2137 3769 2369 3840 repertis
2414 3768 2741 3823 testimoniis
2783 3766 3077 3821 conferent.
3125 3765 3291 3819 Notas

1697 3881 1801 3919 non
1833 3864 2002 3934 adjeci
2034 3864 2193 3932 idque
2223 3860 2469 3916 consulto
2496 3874 2565 3915 ne
2604 3859 2734 3914 mihi
2761 3872 2963 3929 coquos
2991 3859 3288 3928 iniquiores

1696 3959 1974 4014 redderem
2026 3971 2186 4026 quam
2220 3954 2500 4015 convivas.
2557 3963 2612 4010 et
2647 3969 2769 4024 qua:
2821 3967 3032 4007 summa
3076 3952 3289 4008 consilii

1698 4050 1815 4115 fttit,
1851 4060 2072 4119 propter
2110 4045 2410 4116 jusculum,
2445 4046 2646 4114 piscem
2685 4044 2912 4114 perdere
2958 4041 3103 4096 nolui
3144 4057 3158 4094 :
3205 4057 3290 4094 ιε·-

1694 4151 1908 4196 centem
1961 4140 2201 4210 praebui,
2260 4137 2349 4191 alii
2407 4138 2684 4192 condiant.
2742 4136 2941 4190 Rerum
3001 4134 3286 4188 Boicarnm

1695 4233 2054 4303 scriptoribus
2079 4232 2240 4285 inseri
2273 4245 2302 4282 a
2345 4243 2431 4282 me
2476 4228 2827 4292 Bonizonem,
2876 4226 2918 4280 si
2971 4226 3060 4295 qui
3128 4234 3286 4278 erunt

1695 4328 1782 4396 qui
1811 4325 2147 4394 vitilitigent,
2181 4337 2274 4377 eos
2300 4321 2516 4390 quidem
2548 4321 2734 4390 dignos
2761 4334 2866 4372 non
2897 4317 3068 4371 habeo
3092 4315 3286 4369 adver-

1695 4433 1786 4471 sus
1811 4431 1946 4486 quos
1978 4413 2336 4468 maximorum
2370 4411 2610 4464 virorum
2640 4410 2802 4480 (quod
2828 4408 3056 4478 possim)
3099 4421 3285 4461 exem-

71 4499 184 4561 τοι-ῆι,
211 4503 472 4572 aptissime
499 4502 792 4557 declarata.
827 4521 845 4554 ι
877 4501 1000 4559 [hec
1023 4504 1241 4569 Bonizo,
1272 4521 1390 4575 qua:
1427 4510 1588 4562 verba
1625 4524 1668 4580 ι)
1696 4511 1782 4582 ρΙο
1825 4522 1911 4562 nte
1941 4516 2124 4572 tuear;
2157 4504 2286 4560 mihi
2321 4511 2468 4557 certe
2495 4511 2706 4568 auctor,
2737 4502 3001 4556 hactenus
3031 4499 3284 4570 deplora-

70 4591 214 4647 etinde
239 4596 548 4667 deprompta
579 4605 772 4651 eXacte
826 4597 1021 4666 repetit
1075 4596 1363 4653 Baroniani
1409 4602 1590 4669 operis

73 4680 240 4754 insignis
262 4698 651 4745 commentator
693 4689 912 4761 Pagius,
957 4699 1011 4746 et
1061 4707 1212 4745 more
1243 4705 1342 4746 suo
1373 4691 1592 4749 insertis

71 4777 173 4831 notis
201 4779 413 4835 illustrat
440 4782 566 4854 (loc.
591 4785 727 4854 cit.),
757 4785 822 4838 ad
857 4803 992 4857 quas
1015 4787 1270 4842 lectorem
1312 4788 1591 4842 remittere

71 4866 220 4936 placet;
249 4885 502 4944 quantum
537 4887 717 4932 autem
767 4881 999 4948 pretium
1033 4880 1288 4935 statuerit
1335 4880 1424 4935 ille
1474 4880 1590 4951 ipse

71 4975 477 5022 monumentorum
517 4969 757 5026 historia:
781 4973 1162 5029 ecclesiastica:
1194 4977 1397 5045 probus
1445 4978 1591 5032 testi-

68 5063 218 5120 nntor,
257 5071 319 5113 ex
381 5062 563 5117 verbis
609 5063 806 5133 quibus
853 5064 1127 5135 jacturam
1181 5067 1299 5138 ejus
1349 5068 1593 5140 deplorat

68 5141 182 5201 facile
197 5151 503 5222 colligimus.
553 5173 571 5206 ο
606 5154 876 5221 Profecto,
911 5159 1184 5214 exclamat
1225 5160 1332 5225 ille,
1365 5162 1590 5230 periisse

67 5251 178 5304 ομυε,
201 5245 328 5311 quod
358 5246 646 5303 annalibus
666 5248 1051 5305 ecclesiasticis
1082 5251 1374 5308 maximam
1412 5254 1590 5308 lucem

67 5329 284 5388 rtludisset
311 5352 664 5407 summopere
707 5338 1014 5397 dolendum.
1050 5343 1176 5400 Haec
1211 5356 1390 5400 tamen
1444 5344 1592 5399 suill-

65 5418 175 5474 ciunt
211 5428 276 5492 ad~
315 5429 700 5486 declarandum
757 5446 1021 5505 quantum
1061 5438 1106 5494 is
1165 5440 1231 5496 de
1288 5441 1448 5496 rebus
1485 5440 1587 5495 hoc

69 5518 255 5584 tmpore
273 5517 452 5577 Ruina:
481 5523 650 5595 gestis
683 5527 905 5586 edoctus
941 5529 1124 5588 fuerit.
1162 5552 1181 5586 ι

1695 4609 1800 4664 tus,
1844 4598 1938 4669 qui
1972 4614 2078 4653 non
2114 4595 2468 4653 Germanicas
2498 4594 2670 4650 solum
2703 4608 2816 4661 res,
2863 4607 3048 4648 verum
3096 4590 3287 4646 Boicas

1694 4708 1910 4765 quoque
1967 4691 2215 4762 plurimis
2269 4690 2320 4743 in
2357 4688 2490 4744 locis
2521 4687 2838 4751 illustraret,
2886 4687 2929 4740 si
2973 4683 3075 4739 alia
3102 4686 3286 4739 oninia

1694 4785 1871 4841 desint
1925 4785 2055 4855 (quo
2091 4782 2303 4836 abunde
2341 4789 2521 4835 tamen
2573 4776 2888 4848 supersunt)
2936 4776 3284 4846 dignissimus

1694 4879 1843 4933 visus
1870 4877 2080 4946 est,qui
2108 4876 2276 4945 prima
2309 4887 2523 4944 quaque
2550 4886 2655 4925 non
2689 4873 2812 4924 data
2849 4878 3059 4924 tantum
3092 4883 3277 4921 verum

1694 4973 1859 5027 etiam
1887 4979 2103 5040 arrepta
2149 4967 2435 5022 occasione
2477 4964 2769 5028 ederetur;
2809 4961 2951 5031 quod
2998 4976 3058 5014 ea
3108 4959 3288 5012 conti-

1696 5073 1840 5128 neat,
1872 5081 1891 5114 ι
1927 5075 2052 5134 quae
2091 5059 2183 5130 qui
2224 5059 2385 5128 legat,
2438 5072 2543 5112 non
2574 5052 3120 5109 multum‘desideret
3148 5063 3281 5104 con-

1697 5164 1900 5209 textam
1940 5151 2223 5206 historiatn
2257 5149 2469 5202 illorum
2505 5155 2844 5214 temporum;
2883 5144 2960 5197 sic
2993 5141 3134 5194 enim
3165 5155 3283 5192 om-

1695 5244 1788 5297 nia
1827 5242 1894 5296 de
1935 5240 2130 5295 studiis
2160 5238 2489 5309 principum,
2520 5236 2667 5290 vitiis
2711 5234 2933 5295 ducum,
2967 5229 3281 5283 mutationi-

1696 5337 1797 5391 bus
1829 5333 2132 5403 reipublictc
2162 5331 2461 5402 perscripta
2493 5340 2640 5389 sunt,
2692 5336 2749 5380 ttt
2782 5326 2913 5380 nihil
2963 5325 3013 5378 in
3064 5322 3128 5376 iis
3171 5336 3280 5376 nou

1698 5434 1956 5497 appareat
1985 5423 2184 5496 (Nepos
2208 5427 2272 5478 de
2297 5423 2447 5493 epist.
2477 5417 2742 5474 Ciceronis
2767 5419 2835 5472 ad
2861 5418 3133 5484 Atticum).
