3852 6308
473 363 583 422 803

1523 353 1880 416 BONIZOMS
1911 355 2316 411 PLACEXTINI
2359 353 2683 410 EPISCOI’I.
3633 356 3723 414 8M

1601 615 2627 774 BONIZONIS

1375 887 1780 950 SUTRIENSIS
1818 887 2110 956 PRIMUM,
2149 886 2417 945 POSTEA
2456 886 2868 946 PLACENTINI

1969 1042 2204 1082 EPISCOPI

1006 1225 1678 1368 LIBER

1887 1225 2172 1359 AI)
2375 1220 3219 1359 AMICUM

2039 1505 2176 1548 SIVE

923 1662 1119 1785 DE
1219 1656 2406 1794 PERSECUTIONE
2507 1654 3309 1786 ECCLESIIE

1715 1869 2043 1958 LIBRI
2123 1865 2541 1961 NOVEM

488 2048 671 2110 Nunc
704 2045 980 2127 primum
1025 2065 1058 2111 e
1091 2048 1312 2129 codice
1355 2045 1769 2129 membraneo
1817 2041 2007 2103 unico
2028 2037 2444 2129 bibliothecae
2478 2041 2824 2129 quondam
2843 2041 3308 2118 Schedelianae,
3348 2041 3546 2104 hodie
3572 2042 3734 2106 Bars-

1148 2128 1313 2199 ricae,
1363 2123 1702 2204 descripsit
1740 2130 1933 2201 atque
1971 2120 2169 2182 edidit
2199 2121 2488 2184 Andreus
2519 2120 3051 2222 Felix‘QEr-euus

1907 2381 2370 2474 INCIPIT

1165 2563 1456 2663 LIBER
1518 2556 2015 2659 BONIZONIS
2086 2554 2645 2655 SUTIllENSIS
2717 2555 3156 2659 EPISCOPI

1413 2757 2088 2837 QUI‘INSCRIBITUR
2133 2756 2241 2814 AI)
2286 2755 2632 2817 AMICUM
2675 2757 2798 2837 (33)

1908 2886 2298 2902 ﬂ

881 3063 1126 3121 INCIPIT
1168 3063 1366 3118 LIBER
1409 3057 1682 3116 PRIMUS.

565 3201 773 3270 Quaeris
794 3217 822 3255 a
847 3216 954 3267 me,
980 3200 1199 3254 unicum
1247 3213 1275 3252 a
1312 3196 1657 3253 tribulatione
1685 3209 1804 3266 quae
1843 3194 2081 3252 circum-

492 3295 637 3350 dedit
671 3308 759 3348 me
781 3292 1114 3364 praesidium,
1145 3290 1274 3359 quid
1318 3299 1404 3345 est
1432 3288 1576 3359 quod
1622 3289 1726 3344 hac
1757 3295 2080 3358 tempestate

495 3398 669 3444 mater
698 3385 964 3451 Ecclesia,
996 3385 1047 3439 in
1073 3384 1237 3439 terris
1260 3383 1455 3454 posita,
1499 3396 1724 3454 gemens
1766 3379 1967 3438 clamat
2009 3381 2079 3436 ad

495 3481 807 3541 Dominum,
839 3491 935 3533 nec
962 3477 1249 3532 exauditur
1294 3476 1360 3530 ad
1410 3483 1614 3540 votum,
1665 3475 1931 3546 premitur
1979 3488 2081 3531 nec

497 3570 777 3633 liberatur,
817 3568 1020 3639 ﬁliique
1049 3568 1370 3622 obcdientiae
1415 3576 1473 3622 et
1522 3567 1673 3636 pacis
1725 3567 1911 3637 jacent
1955 3581 2080 3637 pro-

495 3662 673 3726 strati,
706 3660 798 3716 ﬁlii
823 3670 1003 3714 autem
1026 3658 1188 3713 Belial
1221 3657 1496 3714 exsultant
1511 3672 1634 3712 cum
1659 3672 1782 3728 rege
1800 3670 2080 3727 suo,prac-

496 3751 684 3807 sertim
707 3765 828 3805 cum
862 3748 956 3818 qui
984 3749 1262 3818 dispensat
1282 3749 1486 3812 omnia,
1521 3747 1636 3816 ipse
1665 3747 1737 3801 sit
1761 3746 1851 3816 qui
1871 3744 2082 3814 iudicat

497 3841 772 3911 aequitate.
814 3839 908 3894 Est
931 3846 987 3893 et
1015 3836 1162 3891 aliud
1211 3838 1350 3891 unde
1375 3838 1441 3891 de
1466 3836 1742 3891 veteribus
1769 3845 2080 3890 sanctorum

499 3931 722 3987 Patrum
753 3927 1018 3997 exemplis
1040 3942 1072 3981 a
1105 3943 1192 3982 me
1214 3927 1352 3996 petis
1381 3926 1787 3987 auctoritatem,
1831 3924 1874 3980 si
1909 3924 2078 3990 licuit,

499 4034 559 4078 ut
615 4022 755 4084 licet.
805 4020 1114 4077 Christiano
1164 4035 1262 4090 pro
1293 4019 1544 4088 dogmate
1576 4018 1745 4073 armis
1771 4017 2073 4073 decertare.

497 4115 705 4182 Quibus
737 4123 841 4168 tuae
895 4111 1094 4167 mentis
1139 4109 1584 4166 ﬂuctuationibus
1637 4110 1683 4164 si
1731 4123 1920 4164 aurem
1962 4109 2080 4164 sani

497 4207 681 4262 cordis
705 4204 1042 4270 adhibueris,
1075 4201 1236 4257 facile
1266 4202 1701 4274 respondebitur,
1728 4209 1841 4257 tum
1869 4202 1997 4270 quia
2026 4201 2078 4256 in

496 4307 750 4368 promptu
779 4295 936 4352 nobis
955 4303 1059 4360 est,
1096 4303 1210 4349 tum
1240 4295 1366 4364 quia
1391 4295 1494 4350 hoc
1520 4302 1762 4364 tempore
1791 4293 1918 4347 mihi
1947 4292 2083 4348 scri-

2105 3021 2152 3080 Α
2181 3024 2234 3069 et
2259 3014 2304 3070 si
2347 3029 2510 3083 super
2537 3011 2760 3069 ﬂumina
2791 3013 3008 3084 quidem
3039 3017 3292 3072 sedentes
3322 3017 3523 3076 ﬁentes
3553 3020 3743 3093 irrigans

2181 3121 2286 3161 non
2319 3106 2674 3173 delectantur,
2730 3105 2784 3160 iu
2841 3106 3100 3163 salicibus
3146 3113 3495 3178 suspendunt
3547 3130 3737 3184 organa,

2178 3205 2235 3250 et
2263 3211 2370 3252 non
2403 3205 2627 3252 cantant
2656 3196 2930 3252 canticum
2958 3197 3011 3252 in
3043 3207 3183 3253 terra
3212 3199 3422 3266 aliena,
3455 3206 3554 3257 sed
3581 3207 3640 3257 ad
3673 3202 3741 3256 Je-

2181 3288 2413 3343 rusalem
2443 3288 2752 3359 suspirant;
2785 3297 2841 3344 et
2887 3288 3009 3344 ideo
3041 3289 3183 3344 beati
3242 3294 3333 3360 qui
3385 3294 3612 3348 allidunt
3647 3312 3743 3364 par»

2179 3391 2214 3434 ν
2253 3378 2333 3436 los
2357 3379 2424 3434 ad
2445 3389 2681 3448 petram,
2706 3379 2814 3434 ﬁlia
2838 3389 3021 3436 autem
3048 3380 3343 3452 Babylonis
3371 3385 3570 3442 misera
3597 3385 3740 3455 (Pal.

2179 3470 2425 3538 Cxxxvi).
2470 3468 2562 3524 Sic
2608 3469 2984 3525 Ilebmusille
3032 3472 3247 3541 quidem
3297 3473 3416 3528 Hur
3452 3492 3559 3530 non
3606 3477 3744 3530 imit

2180 3563 2577 3628 Chaldaeorum,
2610 3561 2892 3618 Babilouio
2933 3580 3038 3618 non
3097 3567 3319 3620 servivit
3352 3567 3540 3634 lastui,
3578 3571 3640 3624 ad
3673 3567 3746 3622 Je-

2181 3655 2418 3710 ruSalem
2446 3669 2575 3710 vero
2601 3655 2828 3709 tetendit
2872 3654 3271 3712 Melchisedech
3319 3660 3590 3722 videlicet.
3615 3670 3662 3713 et
3688 3661 3743 3713 ab

2181 3760 2246 3802 eo
2295 3746 2611 3801 benedictus
2661 3747 2730 3801 ab
2779 3745 3164 3818 Omnipotente
3217 3770 3237 3800 ο
3273 3761 3433 3818 pater
3483 3754 3741 3808 multarum

2182 3835 2423 3906 gentium
2454 3855 2472 3888 ι
2506 3836 2814 3906 appellatus
2845 3848 2928 3892 est
2973 3836 3126 3908 (Gen.
3161 3855 3294 3904 xm,
3325 3841 3407 3910 4).
3450 3843 3604 3909 ρηοιι
3643 3857 3744 3896 vero

2182 3928 2441 3996 scriptum
2473 3935 2559 3981 est
2589 3946 2606 3977 ι
2639 3927 2775 3983 duos
2807 3927 2945 3982 ﬁlios
2969 3929 3246 3992 habuisse.
3280 3949 3446 3988 unum
3473 3936 3540 3990 de
3577 3933 3742 3987 arte-Il:

2183 4027 2240 4074 et
2269 4035 2433 4073 unum
2467 4020 2532 4074 de
2569 4017 2761 4087 libera,
2793 4021 3000 4076 scilicet
3031 4025 3122 4092 qui
3163 4025 3229 4079 de
3256 4026 3453 4081 ancilla
3481 4031 3744 4084 secundum

2183 4123 2422 4176 carnem,
2453 4109 2546 4179 qui
2595 4117 2778 4166 autem
2825 4111 2890 4166 de
2937 4112 3104 4168 libera
3147 4130 3245 4185 per
3299 4120 3744 4187 repromissione:

2186 4197 2330 4271 (Gal.
2359 4215 2434 4267 tv,
2458 4200 2552 4265 22,
2583 4200 2712 4272 25);
2746 4202 2836 4273 qui
2878 4213 3008 4258 sunt
3043 4206 3148 4260 duo
3176 4207 3382 4277 populi,
3415 4227 3559 4265 unus
3583 4211 3744 4265 (lathi-

2187 4290 2412 4345 licorum
2431 4331 2446 4356 ,
2473 4291 2610 4346 alter
2632 4307 2760 4347 vero
2785 4292 3186 4362 haereticorum,
3215 4299 3361 4354 sicut
3393 4311 3526 4355 nunc
3553 4302 3640 4370 qui
3679 4317 3744 4353 sc-

498 4391 629 4444 bere
655 4389 758 4444 hoc
787 4389 941 4444 valde
964 4387 1140 4442 visum
1161 4397 1245 4443 est
1271 4387 1664 4444 necessarium.
1696 4385 1867 4458 Igitur
1888 4385 1954 4440 de
1989 4384 2080 4439 Dei
2116 4368 2160 4427 Β
2188 4384 2424 4438 cundum
2461 4399 2682 4440 carnem
2711 4389 3140 4457 persequebatur
3180 4406 3310 4446 eum
3345 4394 3438 4462 qui
3486 4368 3740 4449 uacua-dum

502 4477 872 4532 misericordia
900 4478 1114 4542 conﬁsi,
1159 4479 1247 4547 qui
1277 4478 1487 4548 linguas
1533 4475 1821 4534 infantium
1856 4477 2088 4532 disertus

503 4567 652 4633 facit,
681 4569 990 4624 adoriamur
1015 4585 1340 4625 sermonem.

578 4659 751 4713 Mater
781 4661 1042 4726 Ecclesia,
1071 4677 1191 4731 quae
1217 4678 1431 4716 sursum
1480 4671 1563 4718 est
1610 4677 1709 4717 nec
1746 4663 1914 4717 servit
1963 4677 2087 4716 cum

505 4748 637 4804 ﬁliis
663 4750 800 4813 suis,
860 4760 972 4804 tum
1019 4751 1253 4805 maxime
1294 4751 1574 4815 liberatur,
1622 4767 1745 4808 eum
1791 4753 2085 4821 premitur;

509 4850 638 4896 tttuc
686 4840 920 4895 maxime
948 4842 1165 4904 crescit,
1218 4857 1343 4896 cum
1383 4842 1664 4896 minuitur.
1725 4841 1892 4897 Nemo
1943 4845 2088 4898 enim

497 4932 749 4989 caelestis
769 4930 923 5003 regni
946 4930 1080 4987 Abel
1103 4931 1344 4988 concivis
1365 4947 1486 4987 esse
1514 4932 1834 4996 merebitur,
1862 4934 1965 4989 nisi
1998 4935 2089 5004 qui

505 5026 562 5082 in
605 5026 855 5096 praesenti
903 5024 1040 5080 Cain
1073 5025 1279 5080 malitia
1325 5025 1392 5079 ad
1423 5040 1648 5094 puerum
1677 5024 1964 5093 limaverit.
2001 5026 2092 5082 Sic

495 5119 692 5174 Euoch
727 5119 986 5188 probatus
1031 5126 1280 5187 repertus
1334 5135 1352 5168 ι
1391 5126 1576 5188 raptus
1619 5127 1722 5185 est,
1769 5135 1835 5174 ne
1886 5119 2091 5175 malitia

504 5219 740 5264 mutaret
763 5225 857 5265 cor
887 5225 1048 5264 suum
1085 5208 1232 5279 (Sep.
1277 5224 1353 5274 Iv,
1382 5209 1491 5280 ll).
1531 5229 1550 5262 ι
1584 5208 1676 5265 Sic
1709 5209 1844 5278 Noe,
1872 5211 2090 5266 humani

502 5301 718 5370 generis
749 5311 1047 5369 reparator,
1063 5317 1160 5372 per
1182 5309 1472 5355 sexcentos
1495 5300 1662 5356 ferme
1689 5304 2091 5373 annos,quibus

505 5391 688 5447 abhis
734 5394 824 5463 qui
873 5410 933 5450 se
964 5395 1160 5465 injusta
1212 5393 1620 5450 maculaveraut
1665 5397 2094 5452 commutatione

505 5486 672 5540 multa
703 5503 1011 5557 perpessus,
1044 5505 1166 5543 cum
1193 5489 1354 5544 tIOlllU
1380 5504 1474 5542 sua
1495 5490 1692 5545 inundo
1718 5490 1927 5544 vindice
1953 5504 2092 5559 aqua

504 5589 785 5645 pereunte,
822 5577 956 5634 liber
989 5581 1180 5634 evasit.
1230 5579 1383 5646 Quod
1416 5580 1461 5634 si
1505 5579 1598 5634 lilii
1641 5578 1941 5634 Jerusalem
1990 5578 2092 5644 ali-

505 5669 721 5740 quando
743 5673 940 5741 captivi
969 5673 1301 5738 detinentur,
1325 5682 1503 5730 tamen
1531 5690 1637 5736 non
1665 5673 2092 5745 serviunt,quod

579 5788 696 5860 (53)
712 5787 847 5843 llaec
871 5789 1062 5844 litteris
1084 5792 1374 5862 argenteis.

2185 4475 2436 4544 spiritum
2465 4475 2656 4546 (lbid.,
2681 4477 2809 4548 29);
2852 4478 2921 4532 ita
2951 4488 3006 4534 et
3043 4495 3204 4536 nunc.
3258 4481 3413 4539 Unde
3459 4485 3594 4540 dicit
3631 4482 3744 4540 Scri-

2185 4576 2344 4637 ptura
2378 4584 2393 4622 :
2437 4586 2456 4620 ι
2496 4569 2643 4638 Ejice
2669 4571 2922 4626 ancillam
2971 4581 3029 4628 et
3081 4573 3249 4628 ﬁlium
3277 4574 3418 4643 ejus.
3479 4577 3594 4633 Nec
3629 4577 3742 4632 enim

2189 4657 2362 4714 haeres
2388 4660 2493 4715 erit
2520 4661 2660 4716 ﬁlius
2687 4663 2895 4717 ancillae
2911 4679 3034 4719 cum
3057 4664 3167 4720 ﬁlio
3188 4667 3374 4722 liberae
3405 4667 3700 4740 (lbid.,50j.
3725 4685 3740 4714 ι

2187 4749 2374 4821 Itaque
2405 4751 2536 4805 Sara
2578 4753 2848 4810 clamante
2878 4756 2945 4809 ad
2975 4756 3250 4812 Abraham
3297 4761 3508 4829 Angela
3549 4763 3741 4816 interrae.

2189 4841 2371 4910 dente,
2425 4843 2614 4899 lsmael
2661 4862 2725 4900 ex
2783 4851 3160 4916 persecutione
3187 4853 3593 4918 ολιιέυινιιδιυτ,
3631 4855 3746 4908 Isaac

2190 4948 2318 4988 vero
2347 4935 2662 4990 haereditate
2689 4937 2922 4992 donatur
2962 4936 3112 5009 (Ceu.
3158 4946 3293 5012 xu).
3329 4943 3472 4999 Ecce
3519 4947 3620 4999 alia
3647 4957 3746 5012 ριΐο

2190 5025 2418 5090 sccutio,
2449 5040 2608 5094 quam
2639 5025 2791 5082 Isaac
2822 5031 3054 5085 sustinet
3075 5036 3366 5101 patienter.
3387 5035 3550 5092 Fodit
3570 5045 3744 5108 puteos

2191 5134 2327 5188 quos
2378 5128 2504 5174 ante
2533 5118 2745 5175 [oderat
2795 5134 2950 5190 pater
2979 5123 3118 5193 ejus,
3173 5127 3382 5183 invenit
3413 5146 3628 5200 aquam.
3671 5139 3748 5194 βω

2191 5225 2295 5279 qua
2327 5210 2487 5265 rixati
2518 5222 2645 5266 sunt
2688 5213 2942 5284 AllOphili
2988 5215 3142 5286 (Gen.
3198 5235 3350 5283 xxvr,
3387 5221 3474 5288 l9,
3499 5222 3610 5290 20).
3657 5219 3746 5272 Ml

2194 5303 2547 5370 repugnavit,
2605 5306 2874 5374 patienter
2922 5311 3221 5376 sustinuit,
3272 5314 3513 5383 quandiu
3583 5309 3750 5366 invenit

2192 5395 2576 5448 abundantiam
2608 5405 2662 5450 et
2692 5414 2786 5466 per
2845 5400 3240 5482 aliundantianr
3295 5406 3512 5458 veniret
3561 5399 3746 5456 adHer-

2192 5489 2319 5542 sabe
2348 5486 2541 5560 (Ibid.,
2567 5490 2657 5555 32,
2685 5491 2797 5562 55),
2828 5510 2947 5563 quae
2982 5506 3174 5566 puteus
3200 5499 3466 5567 septimus
3495 5509 3550 5553 et
3573 5493 3750 5564 ταινίιῖ

2195 5579 2605 5651 interpretatur,
2642 5585 2760 5640 luce
2788 5587 2986 5642 clarius
3016 5590 3426 5656 demonstrans,
3456 5607 3574 5646 cum
3601 5599 3751 5657 persc-

2201 5675 2349 5732 cutio
2379 5676 2448 5732 ab
2481 5677 2566 5732 his
2605 5679 2696 5750 qui
2719 5679 2848 5735 foris
2876 5690 3000 5736 sunt
3049 5682 3202 5737 nobis
3224 5683 3478 5749 infertur,
3509 5679 3752 5736 tolerando
