3852 6308
44 375 123 436 002‘

1189 367 1391 425 LIBER
1428 367 1518 425 AD
1547 364 1839 425 AMICUM.
1880 365 2010 423 LIB.
2053 365 2115 422 II.

3158 373 3262 432 θοι.

47 484 405 547 deducendam:
427 481 715 540 Cum‘vero
741 482 808 538 ab
836 483 922 539 liis
979 483 1068 554 qui
1097 484 1390 539 intus‘sunt
1420 499 1576 537 evan-
1604 480 2148 552 A'debat'exemplis.
2176 478 2451 551 Prmeipne
2485 478 2761 539 Romanus
2802 482 3261 560 Christianosque

45 584 178 655 gelica
204 576 332 633 falce
365 577 519 648 prius
555 574 964 640 succidendam,
1002 582 1059 630 et
1098 583 1284 646 postea
1324 576 1574 630 omnibus

44 677 207 731 viribus
231 681 283 726 et
300 670 468 726 armis
493 669 885 726 debellandam.
909 667 1064 737 Quod
1093 670 1283 725 melius
1315 670 1568 725 ostende-

45 783 135 823 mus
153 762 421 833 exemplis;
448 762 548 817 sed
576 760 703 832 quid
727 760 881 818 nobis
909 776 1037 817 cum
1076 761 1370 833 allegoria?
1392 762 1574 817 venia-

44 873 134 912 mus
164 852 264 925 ja‘m
292 854 357 907 ad
396 852 777 923 Evangelicam
813 853 1120 908 veritatem.
1169 853 1462 910 Veniamus
1505 855 1572 909 ad

46 952 179 1003 lucem
218 966 235 999 ι
291 960 409 1015 quae
439 944 708 999 illuminat
728 961 942 1000 onmem
966 946 1237 1002 hominem
1269 948 1571 1003 venientem

46 1038 83 1089 in
105 1038 222 1090 hunc
244 1035 500 1090 mundum
534 1035 721 1105 (Joan.
752 1053 792 1102 ι,
823 1035 899 1106 9).
931 1055 952 1089 ι
986 1034 1282 1094 Veniamus
1309 1038 1377 1093 ad
1406 1039 1571 1094 verba

46 1128 149 1183 curio
171 1120 408 1197 terraque
434 1128 792 1191 dumbiliora,
820 1136 874 1183 et
896 1124 1233 1185 inveniemus
1259 1130 1395 1185 nihil
1416 1131 1573 1186 nobis

45 1236 135 1272 cum
187 1217 371 1272 mundo
425 1219 698 1284 amicum,
746 1219 891 1275 nilve
946 1235 1253 1278 commtme.
1303 1221 1431 1278 ideo
1466 1238 1571 1278 non

46 1306 281 1361 dolendum
300 1317 383 1361 est
409 1307 593 1372 nobis,
628 1318 753 1364 cum
783 1310 1048 1379 perimus,
1070 1311 1167 1366 sed
1214 1311 1409 1382 potius
1441 1328 1574 1383 gau-

46 1396 249 1452 dentium.
268 1395 355 1452 Sic
383 1398 534 1452 enim
579 1399 831 1455 Salvator
864 1401 979 1455 ait:
1022 1420 1043 1454 ι
1075 1398 1254 1459 Nolite
1285 1404 1493 1469 mirari,
1526 1404 1570 1460 si

46 1487 129 1540 odit
146 1501 228 1542 vos
244 1476 493 1555 mundus,
519 1492 718 1548 scitote
736 1493 860 1563 quia
885 1508 972 1548 me
994 1508 1241 1566 priorem
1261 1497 1413 1553 vobis
1446 1498 1572 1553 odio
1654 1520 1657 1525 ⁴

48 1576 383 1647 babuitann.
406 1596 501 1647 xv,
534 1581 645 1653 18).
688 1602 708 1635 s
740 1582 809 1637 Et
832 1584 1026 1639 iterum
1054 1601 1072 1640 :
1108 1603 1127 1637 ι
1165 1584 1359 1643 Pacem
1392 1601 1569 1643 meam

49 1666 97 1719 do
129 1667 273 1732 vobis,
310 1682 499 1740 pacem
534 1672 781 1743 relinquo
812 1674 997 1741 vobis;
1030 1688 1135 1730 non
1171 1680 1445 1747 quomodo
1480 1677 1572 1734 hic
1592 1740 1599 1765 Γ

48 1758 226 1814 mundus
248 1760 354 1829 dat,
379 1762 575 1834 ego-do
596 1765 749 1820 vobis
778 1765 1224 1838 (Joan.'xrv,27).
1260 1788 1279 1823 ι
1307 1769 1565 1839 (lquanta

48 1849 487 1921 dignitasmundum
513 1872 638 1912 cum
663 1856 805 1913 Filio
833 1858 926 1915 Dei
956 1861 1158 1915 sentire
1180 1860 1569 1928 inimicum,~nt

49 1939 231 2011 Patrem,
281 1947 368 2017 qui
422 1949 475 2003 in
523 1950 679 2005 caelis
732 1960 837 2017 est,
892 1968 997 2007 una
1051 1954 1254 2010 habere
1303 1957 1571 2026 possimus

49 2036 245 2094 amicum.
274 2039 371 2108 Qui
405 2052 594 2112 postea
626 2059 724 2100 nos
757 2045 996 2102 invitans
1022 2049 1090 2102 ad
1128 2049 1457 2119 passionem,
1490 2050 1571 2106 sic

50 2127 135 2182 ait:
168 2149 183 2182 ι
210 2129 373 2188 Nolite
404 2136 600 2191 timere
629 2144 727 2193 eos'
784 2139 873 2208 qui
905 2138 1157 2195 occidunt
1182 2154 1401 2209 corpus,
1448 2138 1571 2197 ani-

50 2234 151 2275 mam
175 2232 334 2279 autem
369 2241 473 2281 non
507 2238 739 2297 possunt
777 2229 1031 2287 occidere
1059 2230 1274 2304 (Matth.
1306 2248 1364 2298 x,
1390 2231 1504 2305 ξε).
1545 2252 1565 2286 ι

51 2310 94 2364 Et
114 2322 211 2382 post
234 2330 435 2385 pauca:
473 2334 493 2369 ι
534 2316 593 2373 Si
647 2319 773 2389 quis
812 2318 964 2377 venit
1010 2332 1133 2392 post
1181 2337 1291 2389 me,
1339 2323 1573 2393 abneget

51 2404 348 2474 semetipsum,
396 2416 452 2464 et
509 2408 664 2464 tollat
701 2424 921 2467 crucem
994 2427 1170 2477 suam,
1224 2421 1279 2469 et
1312 2424 1572 2485 sequatur

54 2493 307 2564 meminit.
348 2513 435 2565 xv,
466 2499 585 2575 24).
618 2519 636 2551 ι
658 2500 810 2568 Quod
837 2500 881 2557 si
912 2503 1153 2559 membra
1190 2505 1387 2561 summi
1408 2505 1572 2577 Capi-

53 2582 100 2635 tis
116 2599 288 2650 sumus,
309 2587 567 2647 debemus
598 2606 722 2648 eum
751 2590 1014 2649 imitando
1054 2593 1215 2666 eique
1253 2596 1570 2654 inhaereudo

56 2672 144 2729 illuc
178 2678 372 2737 tendere
395 2680 509 2753 Quo
550 2699 679 2739 eum
717 2686 1034 2755 pervenisse
1064 2703 1162 2757 pro
1189 2698 1341 2745 certo
1370 2704 1572 2760 cogno-

54 2764 535 2840 vimus[inserendum
562 2774 702 2845 forte
733 2791 830 2846 per
850 2777 929 2832 vel
950 2777 1117 2852 post],
1148 2781 1344 2851 probra
1375 2789 1429 2837 et
1461 2781 1573 2836 ﬂa-

56 2853 150 2920 gillo
174 2867 217 2911 et
243 2858 505 2919 irrisiones
525 2873 585 2920 et
613 2866 978 2935 turpissimam
1004 2880 1236 2926 mortem
1267 2873 1463 2936 crucis,
1496 2873 1564 2929 ad

57 2943 222 3008 gloriam
274 2954 511 3019 pervenit
576 2957 998 3014 resurrectionis
1051 2967 1109 3015 et
1162 2969 1569 3019 consummatus

59 3032 362 3124 iactus.gloria
382 3054 435 3100 et
450 3045 662 3103 honore
674 3036 987 3116 coronatus,
1014 3049 1168 3107 sedet
1193 3053 1261 3107 ad
1285 3054 1576 3124 dexteram,

1674 583 1916 639 senatus,
1937 573 2028 642 qui
2062 587 2093 625 a
2138 572 2297 626 beato
2322 572 2688 642 apostolorum
2739 574 2985 646 principe
3036 592 3259 637 sumens

1673 663 1957 718 exordium
1988 677 2087 731 per
2111 663 2371 729 ducentos
2398 661 2575 718 ferme
2598 678 2770 721 annos
2791 665 2857 721 ad
2885 667 2958 737 pii
2991 667 3259 727 Constan-

1675 751 1771 807 tini
1829 752 2093 823 tempora,
2123 752 2394 808 continuis
2451 752 2714 809 bellorum
2754 756 3096 813 successibus
3144 760 3260 817 die-

1673 841 1775 899 bus
1846 842 2202 915 uoctiliusque
2269 859 2393 899 cum
2456 844 2680 916 antiquo
2756 845 2911 902 hoste
2974 848 3258 915 decertans

1674 949 1844 988 xxxiii
1872 935 2079 990 vicibus
2125 934 2193 990 de
2217 934 2408 989 eodem
2438 950 2712 992 venenoso
2759 946 3011 1007 serpente
3064 942 3259 1001 trium-

1656 1025 1869 1094 .plians,
1894 1042 2001 1080 non
2029 1035 2158 1081 ante
2188 1027 2353 1082 desiit
2388 1026 2671 1084 tolerando
2700 1038 2934 1097 certare,
2962 1030 3259 1099 snbjiciens

1671 1116 1776 1185 sibi
1810 1117 2145 1188 principatus
2171 1127 2228 1174 et
2257 1128 2555 1189 potestates
2580 1122 2634 1195 (1
2663 1120 2809 1178 Patr.
2847 1142 2933 1190 ιιι,
2969 1125 3085 1197 23).
3128 1127 3257 1198 quia

1674 1205 1849 1275 ipsum
1874 1205 2106 1262 Romani
2161 1207 2376 1279 imperii
2420 1213 2616 1268 ducem
2662 1214 2987 1273 Christianae
3024 1216 3260 1288 subjecit

1674 1298 1944 1369 religioni.
2230 1352 2231 1355 η
2434 1364 2437 1365 ν

2143 1370 2372 1441 Explicit
2402 1372 2533 1429 liber
2565 1376 2783 1446 primus.

1992 1490 2238 1548 INCIPIT
2286 1492 2495 1550 LIBER
2539 1492 2925 1552 SECUNDUS.
3136 1544 3137 1547 η

1750 1580 1918 1651 igitur
1942 1579 2304 1641 Constantino
2340 1598 2374 1638 ι
2425 1582 2705 1656 Sylvestro
2753 1594 2953 1659 sancta:
3002 1584 3257 1645 Romana!

1670 1667 1930 1725 Ecclesia:
1966 1671 2223 1743 episcopo
2252 1674 2633 1744 baptizatoet
2660 1673 2729 1733 ab
2754 1674 2945 1735 eodem
2979 1674 3255 1746 imperiali

1670 1760 1978 1817 diademate
2007 1762 2298 1819 sublimato
2336 1765 2520 1820 clausa
2583 1774 2712 1820 sunt
2738 1767 2965 1836 templa,
3001 1778 3256 1827 reseratte

1603 1838 1651 1905 Β.
1671 1861 1800 1907 sunt
1820 1852 2097 1918 Ecclesize,
2129 1864 2411 1926 cmperunt
2443 1856 2738 1926 parietibus
2788 1858 3005 1929 depingi
3074 1860 3256 1931 imago

1673 1943 1974 2001 Salvaturis
1998 1955 2054 2002 et
2073 1946 2332 2018 epublice
2361 1949 2517 2018 dejici
2545 1952 2719 2022 imago
2752 1950 2939 2017 Jovis;
2970 1963 3257 2024 coeperunt

1673 2036 1870 2092 altaria
1900 2039 2034 2110 erigi
2066 2049 2122 2094 et
2147 2040 2437 2095 simulacra
2466 2043 2625 2112 dejici
2650 2060 2666 2109 ;
2700 2044 2912 2100 reddita
2952 2053 3035 2101 est
3063 2060 3168 2115 pax
3199 2047 3253 2101 in

1674 2135 1787 2198 toto
1816 2128 1948 2185 orbe
1972 2129 2230 2186 Ecclesiis
2256 2134 2504 2201 quamvis
2545 2148 2650 2203 non
2693 2133 2853 2206 longo
2882 2146 3122 2207 tempore
3151 2135 3252 2192 du-

1674 2226 1883 2277 ratura.
1912 2217 2050 2273 Nam
2079 2219 2320 2290 ejusdem
2347 2221 2421 2291 pii
2450 2222 2712 2299 principis
2732 2232 2990 2295 tempore,
3017 2225 3254 2281 surrexit

1668 2308 1849 2376 Arius,
1870 2310 2150 2366 maximus
2179 2311 2433 2368 Ecclesia:
2480 2314 2814 2381 devastator,
2864 2332 2895 2371 a
2921 2332 3031 2387 quo
3052 2318 3249 2373 Ariona

1670 2399 1894 2456 llit‘l'eSiS
1918 2411 2108 2457 exorta
2131 2410 2239 2469 est,
2253 2413 2310 2460 et
2323 2405 2391 2460 ab
2412 2419 2479 2460 eo
2498 2404 2645 2461 mille
2669 2405 2938 2463 bzereseos
2963 2409 3247 2474 novitates.

1669 2501 2021 2563 coutraquas
2044 2497 2191 2552 omni
2218 2496 2530 2554 Christiano
2552 2500 2901 2571 pugnandum
2940 2515 3040 2571 pro
3078 2500 3252 2559 cilicio

1669 2582 1754 2636 sui
1782 2585 2214 2643 consideratione
2240 2588 2370 2643 nulli
2404 2589 2625 2645 dubium
2646 2599 2750 2646 est.
2778 2590 2910 2647 Nam
2934 2601 3253 2649 veternosus

1670 2690 1836 2733 senex
1856 2677 2044 2734 dolens
2074 2680 2380 2750 imperialia
2416 2698 2568 2751 vasa,
2613 2700 2710 2754 per
2736 2701 2857 2756 qua:
2884 2685 3250 2743 Christianam

1669 2768 2100 2838 persequebatur
2144 2772 2460 2844 religionem
2490 2775 2590 2830 sibi
2616 2791 2738 2832 esse
2762 2776 2996 2843 sublata,
3032 2792 3249 2833 omnem

1669 2873 1731 2915 se
1759 2859 1979 2932 collegit
2004 2862 2061 2916 in
2088 2862 2246 2928 iram,
2276 2875 2332 2920 et
2373 2877 2473 2935 per
2497 2868 2759 2935 quosdam
2791 2881 2907 2923 sua:
2941 2868 3079 2923 artis
3103 2868 3253 2924 viros

1628 2996 1629 2999 η
1670 2951 1806 3011 falsa
1850 2955 2061 3026 iustitia
2098 2957 2415 3024 inebriatos,
2457 2973 2567 3014 non
2596 2960 2849 3025 cessavit,
2899 2976 3002 3016 nec
3046 2971 3250 3025 cessat,

1667 3058 1773 3100 nec
1794 3046 1864 3101 ad
1886 3061 2059 3116 usque
2087 3046 2231 3102 illius
2289 3066 2309 3100 ι
2343 3048 2435 3120 qui
2466 3048 2745 3104 extollitur
2769 3064 2929 3119 super
2953 3065 3113 3106 omne
3154 3049 3249 3121 qui

58 3119 287 3212 Paratus
310 3135 717 3207 omnipotentis.
763 3137 856 3195 Sic
901 3148 957 3196 et
1001 3154 1122 3207 nos,
1153 3140 1197 3197 si
1228 3141 1325 3198 lilii
1369 3120 1576 3199 summi
1600 3174 1639 3212 _-
1669 3135 1868 3193 dicitur
1893 3147 1989 3193 aut
2027 3137 2226 3194 colitur
2253 3137 2395 3194 Deus
2423 3138 2507 3211 (Il
2551 3137 2732 3194 Theu-
2782 3155 2844 3205 ιι.
2869 3139 2925 3212 4)
2958 3159 2980 3195 ι
3007 3119 3250 3212 tempora

58 3209 187 3273 Patris
203 3235 386 3287 sumus,
431 3203 527 3295 per
558 3227 862 3286 mundanas
905 3203 1280 3301 possessiones
1306 3232 1567 3290 debemus
1591 3203 1639 3268 θ
1669 3226 2189 3289 cessabitEcclesiae
2217 3203 2495 3286 maculare
2523 3231 2836 3300 puritatem.

59 3313 253 3367 commori
272 3330 463 3387 secum,
483 3329 542 3376 ut
564 3334 796 3377 conresu
806 3333 1020 3394 rgentes
1044 3324 1203 3381 simul
1233 3342 1332 3382 con
1342 3343 1567 3398 regnare

60 3400 275 3469 mimus,
300 3410 433 3478 quod
462 3412 537 3467 illi
563 3413 757 3468 matris
780 3423 980 3470 nostrae
1022 3430 1128 3472 non
1174 3417 1422 3475 habentis
1452 3435 1566 3475 ma-

60 3490 184 3545 tulam
208 3510 359 3568 neque
381 3518 565 3574 rugam
600 3503 817 3577 (Ephes.
847 3521 903 3573 v,
941 3506 1034 3579 27)
1062 3508 1223 3578 primi
1250 3510 1565 3569 fundatores

61 3585 99 3670 si
128 3582 413 3648 minentis
456 3596 695 3651 docuere
755 3604 812 3652 et
858 3598 1120 3670 exemplis
1166 3607 1560 3657 monstravere.

62 3666 293 3741 Respondet
323 3685 459 3740 enim
484 3687 634 3743 aliud
674 3687 926 3759 princeps
949 3666 1108 3745 ovilis
1133 3697 1188 3745 et
1214 3703 1311 3745 vas
1342 3689 1565 3747 electio-

63 3759 121 3813 nis
140 3773 184 3818 et
205 3767 282 3824 lilii
314 3772 620 3849 Boarnages
666 3778 765 3849 (ita
813 3778 956 3851 cod.)
1005 3787 1061 3835 et
1106 3778 1304 3837 fratres
1352 3780 1561 3838 Domini

63 3857 280 3930 ceterique
310 3864 561 3925 Dominici
600 3870 779 3941 gregis
808 3871 1031 3937 arietes,
1067 3870 1213 3927 aliud
1240 3887 1338 3928 nos
1363 3875 1563 3931 docue-

63 3953 167 4011 “1m.
198 3951 305 4018 quia
342 3960 596 4015 mundum
624 3975 745 4015 cum
779 3961 991 4032 pompis
1020 3961 1135 4017 suis
1168 3962 1558 4033 relinquentes,

63 4044 146 4124 illi?
161 4051 338 4099 sursum
364 4057 484 4105 sunt
530 4051 831 4122 sapiamus,
863 4067 971 4109 non
1000 4068 1120 4123 qua:
1150 4069 1313 4124 super
1358 4064 1559 4112 terram

63 4118 159 4217 ς⁸⁰¹ο
181 4133 343 4204 "1.2).
393 4138 547 4208 Quod
600 4118 866 4216 exemplis
911 4118 1377 4211 monstrave-runt,
1435 4160 1559 4201 cum

185 4226 441 4288 gaudentes
474 4247 503 4287 a
535 4242 830 4303 conspectu
858 4234 1097 4301 concilii,
1126 4236 1381 4305 quoniam
1412 4236 1559 4307 digni

66 4299 186 4361 habiti
208 4326 340 4371 erant
362 4335 455 4391 pro
481 4299 705 4381 nomine
733 4323 863 4382 Iesu
895 4299 1252 4383 contumelias
1279 4326 1392 4398 pati
1417 4299 1555 4394 (Atat.

67 4397 205 4469 νν⁴¹)-
247 4404 396 4478 Igitur
448 4424 736 4487 postquam
800 4419 854 4474 in
900 4434 1121 4475 omnem
1150 4397 1352 4475 terram
1391 4419 1559 4475 exivit

1739 3316 1846 3375 Sed
1876 3334 2001 3375 cum
2042 3336 2072 3374 ιι
2126 3320 2484 3377 Constantino
2518 3326 2876 3395 acceperimus,
2909 3323 3247 3383 Constantini

1668 3407 1851 3464 laudes
1878 3425 2286 3480 persequamur.
2313 3411 2412 3468 Hic
2432 3421 2515 3468 est
2537 3414 3045 3486 Constantinus-qui
3075 3416 3247 3486 legem

1665 3504 1848 3570 posuit
1872 3502 2194 3572 evangelicae
2234 3504 2496 3560 doctrinze
2528 3514 2940 3573 consonantem,
2968 3515 3028 3562 ut
3058 3521 3252 3564 omnes

1665 3594 1903 3665 episcnpi
1936 3594 2237 3651 Romanum
2270 3597 2587 3668 episcopum
2608 3600 2873 3656 baberent
2894 3608 3080 3670 caput,
3109 3601 3250 3656 sicut

1664 3700 1853 3743 omnes
1876 3687 2089 3758 judices
2120 3704 2324 3761 regem.
2371 3689 2473 3747 llic
2496 3700 2582 3748 est
2614 3692 2912 3749 Doniinicte
2953 3694 3132 3751 crucis
3159 3694 3249 3750 in-

1616 3816 1621 3825 .
1667 3787 1861 3832 ventur
1875 3778 2173 3836 Christiani
2200 3780 2437 3837 nominis
2449 3781 2719 3840 maximus
2734 3791 3078 3855 propagator,
3092 3782 3250 3840 alma:

1664 3883 1815 3925 υεινιιι
1843 3870 2028 3926 Romae
2059 3872 2331 3941 fundator,
2359 3874 2708 3932 basilicarum
2733 3876 3042 3949 pracipuus
3074 3876 3246 3935 fabri-

1662 3969 1840 4025 cator;
1866 3962 1954 4017 liic
1974 3973 2062 4018 est
2085 3964 2175 4035 qui
2228 3965 2385 4023 nobis
2408 3975 2654 4023 sanctam
2682 3965 2954 4024 Nicanam
2972 3969 3245 4041 synodum

1662 4055 2033 4125 congregavit,
2066 4055 2119 4110 in
2147 4071 2253 4127 qua
2296 4057 2540 4114 omnium
2570 4059 2948 4131 episcoporum
2990 4058 3247 4116 subsellia

1662 4145 1775 4215 ipse
1797 4148 2119 4217 composuit,
2150 4158 2207 4204 et
2245 4149 2360 4219 ipse
2383 4150 2484 4206 sub
2513 4149 2754 4220 pedaneo
2780 4152 2979 4207 sedens
3002 4152 3241 4209 scabello

1660 4235 1941 4306 indignum
1959 4236 2214 4306 judicans
2241 4239 2578 4309 imperialem
2591 4237 2775 4294 sedem
2793 4238 3004 4295 tbronis
3028 4239 3243 4296 illorum

1660 4324 1969 4393 admisceri,
1993 4340 2222 4395 quorum
2250 4329 2409 4384 sedes
2432 4329 2761 4400 iudicatura:
2799 4336 2928 4387 sunt
2955 4330 3242 4388 duodecim

1662 4416 1836 4471 tribus
1865 4415 2030 4472 Israel
2078 4416 2295 4488 (Matth.
2355 4433 2473 4486 xix,
2522 4418 2637 4491 28).
2684 4419 2785 4475 Cui
2834 4434 2957 4476 cum
3007 4422 3243 4492 quadam

64 4500 186 4598 sonus
226 4514 392 4561 eorum
441 4508 619 4582 (Paul.
669 4527 827 4576 xvm,
874 4512 953 4584 6),
1007 4513 1375 4570 consummati
1426 4511 1554 4569 facti
1587 4547 1633 4607 ο
1660 4505 1749 4607 die
1774 4506 1937 4562 libelli
1966 4508 2376 4565 accusationum
2417 4511 2487 4565 ab
2513 4512 2783 4583 episcopis
2809 4511 3242 4607 porrigerentur.

65 4586 272 4648 constituti
294 4609 409 4654 sunt
425 4602 699 4674 principes
720 4619 882 4675 super
907 4620 1125 4661 omnem
1152 4614 1352 4661 terram
1375 4601 1551 4677 (Psal-

66 4685 167 4743 ιιινν
200 4684 291 4758 17).
338 4691 441 4752 Hos
484 4708 710 4754 secutus
757 4706 840 4753 est
892 4711 1193 4772 martyrum
1236 4699 1556 4757 candidatus

65 4775 291 4867 ficrcitus;
318 4789 402 4856 qui
444 4805 542 4861 per
583 4793 731 4848 varia
780 4794 1063 4864 poenarum
1096 4809 1293 4867 genera
1324 4803 1552 4851 mortem

67 4864 341 4960 invenientes,
368 4889 620 4938 mel-nam
668 4883 832 4939 vitam
884 4883 1078 4941 Iucrati
1104 4864 1280 4941 vsunt.
1310 4885 1552 4954 Quorum

67 4945 127 5003 alii
157 4956 383 5049 stipitibus
410 4974 674 5044 suspensi,
706 4975 799 5031 alii
854 4976 1019 5033 variis
1067 4945 1400 5035 cruciatibus
1426 4991 1554 5049 per-

64 5046 199 5138 ξωριῖ,
217 5054 291 5111 alii
311 5062 470 5132 capite
509 5068 770 5135 truncati,
820 5068 911 5125 alii
960 5062 1068 5125 vivi
1118 5069 1401 5138 excoriati,
1462 5071 1552 5127 alii

65 5124 234 5236 θξξῖιωίε
252 5161 575 5229 concremati,
606 5160 697 5218 alii
725 5161 1041 5218 ﬂuminibus
1068 5164 1267 5229 necati,
1317 5164 1407 5219 alii
1454 5180 1552 5221 ve-

66 5226 204 5330 ξτίὶδίιεΔ
233 5245 482 5322 Ρετῐοτιιιί,
530 5226 637 5312 alii'
666 5255 773 5312 vivi
832 5246 1067 5323 defossi,‘
1110 5255 1203 5313 alii
1253 5226 1553 5314 luminibus

64 5327 227 5421 ξ’[ξνξῑῑν
264 5336 342 5393 alii
372 5349 619 5406 membris
666 5350 879 5407 caeteris
923 5350 1211 5418 debilitati,
1256 5351 1345 5407 alii
1392 5351 1550 5417 secti,

66 5406 343 5516 flii'apidati,
365 5436 447 5491 alii
473 5442 681 5498 vincula
708 5451 764 5499 et
790 5443 1023 5499 verbera
1053 5444 1283 5516 experti,
1327 5446 1551 5515 insuper

346 5522 723 5587 circumierdnt
765 5533 819 5589 in
875 5516 1087 5589 melotis
1126 5504 1184 5589 et
1223 5534 1275 5587 in
1323 5504 1551 5603 pellibus

67 5596 244 5696 ξξΡτίηίδ
265 5605 429 5677 (Hebr.
458 5634 531 5685 xi,
554 5620 666 5693 57).
698 5622 806 5679 llos
836 5624 903 5679 ad
942 5633 1053 5680 tam
1084 5596 1400 5696 praclarum
1438 5624 1551 5694 glo-

68 5685 165 5786 ξξίξω
187 5695 400 5786 perduxit
420 5685 733 5776 pontificalis
757 5728 914 5784 apex.
954 5685 1363 5785 (ιηίοάυίπηνίε
1412 5685 1550 5786 p-cnc

69 5770 149 5825 toto
166 5782 269 5841 orbe
280 5788 376 5857 jam
392 5770 620 5874 ditiusus,
641 5770 1347 5879 quod-verbispraedicabat,
1359 5770 1545 5866 osten-

1657 4594 1832 4652 tet-tur
1856 4598 2059 4655 dixisse
2085 4616 2099 4654 :
2133 4600 2312 4669 Absit,
2338 4609 2399 4657 ut
2427 4616 2535 4675 ego
2546 4602 2784 4674 judicem
2804 4604 2970 4661 deos!
2995 4604 3071 4663 De
3091 4603 3246 4663 vobis

1655 4689 1804 4745 enim
1833 4689 2037 4746 dictum
2062 4700 2147 4747 est
2173 4708 2188 4748 :
2219 4712 2239 4745 ι
2275 4692 2389 4766 Ego
2410 4694 2522 4749 dixi
2546 4707 2563 4750 :
2590 4693 2673 4750 Dii
2700 4695 2834 4753 estis
2853 4695 3025 4769 (Paul.
3053 4712 3242 4765 Lxxxt,

1657 4782 1741 4852 6);
1801 4802 1822 4837 ι
1866 4796 2047 4854 neque
2074 4785 2219 4841 enim
2261 4793 2469 4842 rectum
2509 4795 2596 4843 est
2652 4795 2713 4843 ut
2759 4788 2935 4858 major
2969 4803 3000 4844 a
3031 4789 3243 4847 minore

1651 4874 1945 4945 judicetur.
1978 4875 2079 4931 Hie
2109 4885 2213 4945 est,
2247 4878 2315 4934 de
2358 4893 2469 4949 quo
2496 4877 2707 4951 legitur
2755 4878 2962 4936 dixisse
3010 4881 3141 4950 quia
3195 4882 3241 4935 si

1656 4967 1954 5025 invenirem
1979 4970 2236 5040 aliquem,
2253 4971 2503 5044 religioso
2523 4972 2709 5029 habitu
2726 4972 3243 5039 cironmamictum,

1655 5059 2045 5131 turpitudinem
2079 5071 2413 5132 operantem,
2446 5062 2613 5133 pallio
2664 5077 2788 5119 meo
2830 5062 3238 5133 cooperuissem

1655 5167 1799 5217 cum,
1840 5166 1910 5208 ne
1947 5152 2183 5225 dignitas
2237 5154 2370 5209 tanti
2424 5154 2662 5211 nominis
2701 5154 3082 5210 infamaretur.
3136 5152 3239 5210 llic

1655 5246 1872 5317 reliquit
1909 5246 2068 5312 illius,
2096 5248 2339 5304 liazredes
2367 5247 2586 5318 quidem
2631 5247 2803 5319 regni,
2846 5246 3079 5304 sed-non
3108 5246 3240 5303 reli-

1654 5340 1855 5412 gionis.
1880 5339 2017 5395 Nam
2062 5339 2205 5396 illius
2237 5339 2354 5409 ejus
2395 5340 2776 5406 Constantius,
2821 5340 2915 5413 qui
2966 5338 3239 5397 defunctis

1653 5430 1910 5488 iratribus
1951 5431 2162 5503 imperii
2196 5440 2328 5502 post
2369 5446 2493 5488 eum
2543 5433 2787 5503 suscepit
2829 5431 3231 5497 monarcliiam,

1652 5526 1867 5582 Arianae
1926 5525 2197 5583 haereseos
2242 5525 2358 5580 seio
2404 5524 2729 5581 mirabiliter
2769 5524 3003 5581 vastavit
3055 5523 3239 5581 Eccle-

1654 5621 1789 5675 siam
1805 5635 1963 5687 ;rnam
1988 5621 2274 5691 episcopos
2291 5617 2484 5675 exsilio
2509 5617 2792 5691 relegavit,
2819 5618 3082 5689 quosdam
3106 5632 3237 5673 vero

1652 5710 1832 5782 gladio
1859 5710 2147 5767 truncavit.
2180 5709 2280 5764 Hic
2327 5722 2448 5763 cum
2495 5722 2592 5778 per
2637 5706 3237 5780 Ermogenern.pratl'e~

1652 5805 2069 5875 ctum,Paulum
2085 5804 2404 5875 episcopum
2445 5802 2598 5877 Cpoli
2623 5802 2898 5875 expellere
2945 5803 3235 5875 niteretur,
