3848 6292
522 320 652 376 807‘

1669 308 2030 371 BONlZONlS
2052 305 2466 372 PLACENTINI
2500 306 2808 368 EPISCOPI
3661 325 3738 381 to;

516 432 743 504 populus
775 412 1181 484 Catholieorum
1204 412 1409 483 divinae
1452 414 1587 499 legis
1616 428 1731 483 zelo
1760 436 2001 483 armatus
2046 428 2101 481 in
2131 409 2181 466 Α
2203 442 2472 483 canonum
2514 425 2718 497 eligite,
2753 426 2842 495 qui
2874 422 3072 482 nostris
3109 428 3279 497 possit
3308 429 3516 486 mederi
3544 431 3738 494 vulneri.

517 535 722 579 tantum
753 534 850 589 pro
873 522 1104 575 veritate
1139 520 1459 588 decertavit,
1485 528 1543 574 ut
1582 519 1755 591 ipsum
1787 518 2101 590 prmfectum

512 624 635 670 cum
662 611 805 668 omni
838 612 998 667 domo
1026 624 1122 666 sua
1143 620 1197 667 et
1223 610 1424 666 familia
1452 611 1574 680 igne
1602 619 1925 667 cremarent.
1950 609 2105 676 Quod

515 707 713 762 factum
739 719 843 759 non
874 712 957 759 est
982 718 1011 758 a
1039 704 1370 772 sapientibus
1395 702 1776 772 improbatum,
1808 703 1901 756 sed
1927 702 2105 771 potius

512 797 809 852 laudatum.
840 793 978 861 Quid
1008 791 1236 847 referam
1261 792 1328 849 de
1357 791 1754 855 Alexandrinis,
1772 801 1972 862 quanta
2000 806 2099 862 pro

512 888 571 944 S.
604 887 901 943 Athanasio
931 885 1180 956 episcopo
1208 885 1446 956 perpessi
1478 893 1621 949 sunt,
1654 895 1954 956 quantasve
1985 884 2103 938 lau-

513 978 724 1036 dabiles
748 993 954 1050 pugnas
985 986 1171 1031 contra
1239 975 1468 1030 Arianos
1494 974 1609 1029 zelo
1639 975 1955 1030 orthodoxa:
1979 975 2103 1033 fidei

514 1070 889 1126 exercuerim.
918 1067 1056 1137 Quid
1092 1067 1158 1122 de
1191 1067 1701 1131 Mediolauensilms,
1739 1068 1974 1138 qualiter
2002 1069 2105 1139 ipsi

514 1161 830 1218 Constantio
856 1160 1053 1216 volenti
1105 1160 1388 1231 episcopos
1436 1160 1491 1214 in
1539 1159 1776 1215 Ecclesia
1832 1159 2107 1216 latitantes

514 1269 731 1323 capere,
769 1252 938 1307 armis
990 1252 1261 1314 restitere,
1313 1266 1514 1321 eosque
1559 1252 1627 1305 ab
1676 1251 1820 1307 illius
1867 1251 2108 1309 cruentis

517 1342 766 1399 manibus
790 1343 839 1397 vi
874 1341 1244 1413 rapuere.Sed
1275 1343 1530 1412 quoniam
1559 1343 1814 1414 prazfatus
1841 1345 2107 1401 Constan-

514 1438 621 1492 tius
662 1450 767 1491 non
821 1436 960 1507 patri
998 1436 1402 1506 aequiparando,
1457 1428 1553 1491 sed
1588 1438 1740 1507 quasi
1773 1455 2104 1509 paganorum

515 1548 667 1587 more.
713 1532 1009 1603 episcopos,
1036 1532 1281 1601 quamvis
1311 1530 1425 1585 zelo
1444 1532 1539 1586 Dei
1562 1531 1654 1587 sed
1677 1550 1780 1586 non
1812 1533 2106 1588 secundum

514 1624 796 1680 scientiam
831 1633 1144 1693 persecutus
1165 1630 1268 1689 est,
1295 1618 1412 1690 ejus
1440 1620 1774 1692 temporibus
1804 1622 2106 1692 respublica

518 1716 747 1771 uiuitum
771 1725 966 1772 vexata
1009 1723 1121 1780 est;
1166 1729 1290 1768 nam
1321 1724 1376 1769 et
1410 1713 1592 1769 Persae
1618 1715 1894 1770 Romanos
1924 1717 2108 1770 termi-

518 1821 616 1861 nos
644 1807 931 1874 transiere,
966 1814 1018 1862 ct
1048 1805 1385 1861 Francorum
1416 1805 1590 1860 valida
1622 1819 1752 1877 gens
1770 1808 1914 1876 ripas
1936 1806 2106 1862 Rheni

517 1899 740 1964 invasit,
762 1914 879 1967 qua:
906 1912 1075 1967 usque
1099 1897 1257 1953 hodie
1279 1896 1601 1953 Christianae
1623 1900 1860 1967 quidem,
1888 1900 1978 1954 sed
2003 1916 2106 1955 non

515 1987 772 2043 Romanis
799 1987 1038 2059 subjecta
1074 1996 1157 2042 est
1196 1987 1423 2068 ditioni._
1458 1987 1574 2055 Quo
1603 1995 1833 2057 mortuo,
1865 1988 2108 2045 Julianus

514 2082 565 2135 ei
590 2080 849 2135 successit
876 2079 927 2134 in
964 2095 1210 2150 regnum,
1236 2080 1321 2134 vir
1359 2087 1603 2150 apostata
1630 2092 1685 2135 et
1724 2079 1833 2137 Deo
1870 2082 2107 2148 odibilis,

517 2174 608 2241 qui
654 2186 751 2242 per
786 2172 1098 2237 triennium,
1136 2172 1333 2242 quibus
1362 2187 1487 2228 non
1511 2170 1811 2227 Romanum
1842 2174 2109 2244 guberna-

515 2261 610 2323 vit,
637 2263 734 2318 sed
755 2264 985 2319 vastavit
1012 2262 1321 2332 imperium,
1349 2271 1581 2331 quantas
1601 2262 1943 2319 sacerdomm
1958 2273 2113 2319 vstra-

516 2369 609 2423 ges
638 2355 870 2419 dederit,
914 2364 1218 2424 quantosve
1265 2353 1601 2410 Christianos
1650 2355 1882 2411 diversis
1932 2356 2108 2426 ptenis

516 2444 779 2512 all'ecerit,
827 2453 1047 2501 nonest
1094 2444 1251 2501 facile
1305 2445 1472 2500 dictu.
1513 2445 1620 2501 Sed
1649 2447 1837 2500 eodem
1870 2453 2110 2514 tempore

518 2537 751 2593 fucrunt'
774 2553 878 2592 non
916 2536 1092 2591 solum
1119 2537 1494 2601 sacerdotalis,
1520 2537 1614 2591 sed
1658 2537 1822 2592 etiam
1855 2537 2108 2594 militaris

522 2632 756 2697 ordinis,
790 2632 878 2700 qui
926 2631 1042 2701 ejus
1080 2631 1315 2685 vesania:
1355 2639 1543 2701 aperte
1570 2630 1904 2695 resisterent,
1937 2639 1995 2685 ut
2020 2628 2110 2686 Jo-

520 2723 730 2788 vianus,
768 2721 860 2792 qui
914 2720 1031 2791 ejus
1060 2722 1323 2778 successit
1373 2722 1629 2791 imperio;
1675 2723 1764 2792 qui
1809 2738 1932 2777 cum
1969 2733 2112 2779 esset

519 2812 855 2867 millcnarius
880 2811 1094 2884 cingulo
1121 2820 1246 2866 ante
1275 2811 1605 2867 renuntiavit
1634 2827 1796 2882 quam
1824 2812 2059 2883 dogmati
2091 2827 2106 2879 ;

518 2900 613 2957 sed
638 2913 692 2956 et
723 2900 1079 2957 Valentiniani
1120 2902 1285 2957 divini
1316 2902 1518 2957 amoris
1542 2900 1809 2958 fervorem
1841 2918 1946 2958 non
1973 2919 2115 2975 prm-

521 2984 841 3047 terrnittatn.
895 2990 994 3047 llic
1042 3007 1167 3049 cum
1211 2992 1443 3063 quadam
1494 2993 1582 3048 die
1627 3007 1693 3048 ex
1747 2992 1945 3059 ollicio,
1991 3006 2115 3050 erat

521 3084 665 3137 enim
690 3082 1211 3153 princepscohortis
1241 3082 1532 3153 legionum,
1564 3098 1745 3153 regem
1784 3086 2117 3141 intraturum

528 3172 786 3242 templum
828 3171 1082 3226 Fortuna:
1120 3172 1385 3239 anteiret,
1445 3187 1678 3243 eumque
1732 3175 2005 3243 sacerdos,
2056 3185 2113 3230 ut

521 3261 690 3316 moris
726 3268 870 3328 erat,
922 3274 1065 3330 aqua
1092 3260 1425 3329 aspersionis
1453 3261 1746 3317 intrantem
1778 3274 2110 3335 aspergeret,

524 3351 727 3406 accidit
805 3361 867 3405 ut
927 3350 1013 3405 vir
1056 3349 1556 3407 Christianissimus
1598 3362 2009 3425 guttam°aquze
2060 3358 2112 3410 in

529 3442 818 3514 chlamyde
849 3456 945 3495 sua
977 3442 1265 3512 aspiceret,
1296 3457 1534 3512 morque
1560 3443 1854 3499 Christiani
1881 3446 2116 3502 nominis

525 3532 643 3588 zelo
694 3546 993 3590 succensus
1025 3541 1152 3588 ante
1180 3533 1465 3589 saevissiuii
1498 3534 1844 3604 imperatoris
1872 3549 2116 3605 praesen-

524 3624 655 3678 tiam
689 3624 749 3679 in
781 3623 899 3695 ipso
933 3624 1161 3680 introitu
1190 3623 1377 3695 templi
1404 3624 1743 3680 sacerdotem
1770 3640 1949 3697 pugno
1989 3642 2116 3697 per-

527 3728 747 3770 cussum
776 3716 1093 3786 prostravit,
1116 3716 1361 3771 clamans
1387 3729 1447 3774 se
1474 3716 1992 3773 Christianissimum
2016 3734 2114 3790 pro

527 3807 633 3861 hac
662 3808 979 3878 aspersione
1005 3808 1187 3878 petius
1228 3808 1558 3863 maculatum
1585 3824 1747 3880 quam
1804 3822 2111 3881 purgatum.

528 3900 683 3967 Quod
711 3898 916 3955 factum
944 3900 997 3953 in
1023 3908 1232 3954 tantum
1263 3900 1373 3956 Deo
1401 3900 1621 3971 placuit,
1652 3903 1801 3971 quod
1822 3910 1947 3958 ante
1987 3901 2115 3958 anni

528 3995 864 4051 curriculum
916 3996 1082 4050 totius
1129 3994 1365 4051 Romani
1404 3996 1612 4067 imperii
1661 3998 2029 4054 monarchiam
2064 4000 2115 4056 ei

528 4086 1203 4158 tradiditgubernandam.
1247 4085 1383 4141 Nam
1426 4085 1924 4158 Julianouurpiter
1972 4088 2115 4158 apud

528 4180 725 4235 Persas
752 4179 916 4233 vitam
956 4177 1199 4243 timente,
1240 4178 1644 4234 cumeovianus
1668 4179 1718 4234 ei
1761 4181 2117 4237 successisset

533 4272 586 4326 in
615 4271 919 4341 imperium,
952 4277 1079 4325 ante
1102 4270 1229 4324 anni
1255 4269 1589 4325 curriculum
1629 4270 1687 4323 in
1711 4286 1848 4341 pace
1875 4271 2117 4341 sepultus

528 4372 642 4430 est;
690 4380 797 4433 quo
821 4371 1061 4429 mortuo,
1088 4361 1493 4417 Valentinianus
1516 4363 1569 4417 ei
1613 4350 1891 4418 successit
1922 4363 1977 4418 iu
2024 4377 2118 4417 rem

2204 518 2327 574 bus.
2361 518 2532 587 Quam
2560 517 2823 589 piissimis
2851 515 3110 587 principis
3136 518 3493 576 humilitatem
3542 522 3664 580 Deus
3692 543 3743 586 ex

2203 611 2313 666 alto
2343 609 2636 680 respiciens
2659 608 2952 674 exaudivit,
2978 619 3036 666 et
3059 610 3163 666 sibi
3190 622 3245 667 et
3268 611 3525 669 Ecclesia:
3564 615 3739 676 donavit

2207 702 2549 756 Ambrosium
2606 702 2958 773 episcopum;
3018 703 3110 773 qui
3192 706 3431 775 quandiu
3479 707 3606 764 vixit
3648 725 3743 784 erga

2203 795 2542 848 sacerdotem
2566 793 2659 849 Dei
2692 794 3077 852 devotissimus
3103 797 3331 867 pacifice
3365 797 3638 868 imperium
3664 801 3743 856 Ro-
3846 808 3848 865 ζ

2206 900 2424 939 manum
2449 885 2788 957 gubernavit.
2834 884 2940 942 Sed
2968 902 2998 941 a
3029 886 3104 956 pii
3141 886 3487 944 Constantini
3514 906 3666 961 usque
3696 898 3745 949 ad
3846 880 3848 931 ἶ

2204 976 2687 1050 Langobardorum
2712 977 2953 1033 crudelia
2982 992 3147 1051 regna
3168 980 3411 1050 quinque
3434 981 3647 1038 ltotnani
3667 986 3744 1038 im-
3846 976 3848 1051 1

2204 1070 2340 1141 perii
2370 1070 2642 1141 principes
2669 1069 2968 1125 secundum
3010 1070 3105 1127 Dei
3132 1072 3386 1127 timorem
3428 1080 3485 1127 et
3510 1073 3744 1143 episcopo-

2207 1178 2325 1217 rum
2354 1162 2575 1217 cousilia
2605 1171 2662 1219 et
2678 1162 2949 1233 praecipue
2978 1162 3079 1218 sub
3107 1161 3355 1218 Romano
3392 1164 3633 1235 episcopo
3651 1168 3747 1221 ohe
3846 1172 3848 1211 τ

2206 1256 2327 1311 dien
2337 1264 2417 1310 tes
2432 1255 2710 1321 exstitere,
2726 1254 2992 1311 Ecclesias
3005 1253 3250 1323 colendo,
3263 1255 3494 1312 clericos
3504 1257 3749 1328 diligendo,

2209 1350 2521 1403 sacerdotes
2552 1348 2888 1415 honorando,
2919 1348 3045 1402 dum
3060 1348 3252 1403 vixere
3278 1347 3389 1402 alta
3416 1363 3546 1415 pace
3571 1365 3752 1420 rempu-

2206 1440 2401 1495 blicam
2443 1440 2899 1511 gubernaveruut,
2931 1448 2985 1495 et
3017 1451 3245 1497 mortem
3274 1443 3385 1495 vita
3414 1452 3607 1496 asterna
3632 1458 3751 1497 com-
3846 1466 3848 1521 ε

2209 1543 2581 1597 mutaverunt;
2612 1534 2701 1605 qui
2742 1548 2869 1588 vero
2911 1534 3281 1590 iuobedientes
3322 1532 3477 1589 fuere
3515 1534 3642 1589 malo
3669 1536 3751 1591 line
3846 1542 3848 1547 '

2208 1626 2521 1693 perierunt;
2552 1634 2608 1679 ιιι
2661 1624 2878 1689 Valens,
2923 1624 3287 1681 Valentiniani
3340 1626 3524 1690 frater,
3561 1628 3642 1697 qui
3667 1627 3752 1682 Va-
3846 1636 3848 1665 ί

2212 1714 2505 1768 lcntiniano
2527 1726 2755 1775 mortuo,
2783 1730 2905 1768 cum
2932 1716 2977 1770 ei
3000 1716 3372 1780 successisset,
3389 1714 3755 1771 Valentinianus
3846 1752 3848 1779 ί

2210 1807 2325 1876 ejus
2355 1806 2497 1861 illius
2529 1821 2649 1860 cum
2671 1805 2883 1861 .lustina
2902 1816 3075 1861 matre
3105 1822 3202 1861 sua
3230 1807 3484 1862 haeretica
3513 1821 3755 1861 assumens
3846 1816 3848 1855 ξ

2215 1896 2583 1967 tyrannidem,
2599 1905 2744 1951 totus
2766 1896 3020 1962 Arianus,
3039 1897 3301 1952 ecclesias
3311 1898 3596 1953 orientales
3610 1910 3755 1953 vasta-

2209 1988 2309 2053 vi',
2330 1987 2720 2057 episcoposque
2746 1986 2908 2042 exilio
2927 1987 3207 2057 relegavit.
3236 1985 3408 2055 Hujus
3424 2002 3622 2057 quoipte
3642 1998 3756 2042 tem-
3846 2004 3848 2059 ε

2210 2093 2340 2147 pore
2362 2078 2521 2133 Gothi
2547 2089 2604 2133 et
2627 2077 2952 2149 Massagetes
2974 2078 3230 2151 Hystrum
3262 2089 3563 2143 transeunt,
3591 2092 3635 2134 et
3659 2080 3759 2153 lily.
3846 2062 3848 2139 ξ

2212 2170 2383 2221 rit-um
2414 2174 2705 2237 occupant,
2736 2167 3066 2237 Epirumque
3103 2168 3407 2235 invadunt;
3456 2169 3657 2224 demum
3685 2186 3759 2223 vc-

2210 2258 2423 2313 nieutes
2464 2257 2827 2315 Calcedonam
2880 2258 3051 2329 ipsum
3103 2257 3397 2315 scelestum
3448 2258 3756 2322 interﬁciunt,
3846 2244 3848 2259 ¹

2210 2347 2732 2420 Constantinopolim
2764 2350 3038 2406 obsident.
3078 2348 3186 2407 Sed
3219 2350 3474 2407 mirabile
3503 2350 3667 2406 dictu!
3846 2414 3848 2423 ι

2283 2442 2560 2498 Dominica
2588 2442 2709 2514 ejus
2728 2442 2941 2507 relicta,
2968 2441 3114 2512 quod
3141 2442 3225 2496 vir
3250 2455 3358 2497 non
3385 2443 3579 2510 potuit,
3599 2444 3760 2497 civita~

2211 2541 2320 2589 tem
2355 2548 2384 2586 a
2411 2531 2658 2587 barbaris
2684 2532 2953 2594 liberavit.
3000 2531 3178 2587 Fuere
3227 2534 3396 2588 etiam
3429 2530 3518 2585 alii
3546 2533 3763 2601 pestilen-

2212 2630 2315 2687 tes,
2345 2633 2405 2677 ut
2430 2623 2648 2692 quidam
2679 2621 2822 2677 Zeno
2851 2631 2906 2675 et
2928 2623 3320 2679 Constantinus
3361 2633 3417 2680 et
3462 2600 3602 2680 Anas
3623 2626 3761 2687 asins,

2210 2713 2302 2783 qui
2330 2711 2582 2783 proterie
2615 2712 2840 2781 loquens
2871 2712 2937 2768 de
2965 2728 3102 2783 papa
3148 2714 3336 2771 divino
3366 2714 3589 2769 fulmine
3622 2715 3761 2769 iuter-
3846 2704 3848 2773 Ῐ

2211 2816 2425 2873 eizptus
2448 2814 2647 2869 est;et
2692 2804 3119 2872 Valentinianus,
3169 2805 3262 2876 qui
3314 2820 3442 2863 cum
3487 2818 3646 2862 matre
3685 2822 3760 2861 sua
3846 2804 3848 2807 ’

2210 2894 2419 2950 .lustina
2445 2910 2609 2966 regno
2640 2911 2739 2950 suo
2769 2895 3024 2965 expulsus
3047 2906 3151 2961 est,
3177 2897 3271 2952 sed
3301 2912 3403 2967 per
3437 2897 3760 2953 Theodosium
3846 2914 3848 2943 :

2213 2986 2356 3054 pium
2384 2987 2680 3056 principem
2718 2994 3069 3056 recuperatos
3100 2998 3203 3043 est.
3235 2987 3302 3042 Et
3330 2988 3583 3053 Basilius,
3606 2997 3657 3042 et
3670 2989 3765 3058 qui—

2215 3076 2336 3149 dem
2364 3074 2473 3128 Leo
2493 3083 2548 3130 et
2586 3073 2894 3141 Mauritius,
2926 3075 3017 3147 qui
3042 3090 3164 3131 cum
3213 3091 3382 3133 uxore
3403 3088 3461 3132 et
3491 3077 3609 3133 [iliis
3624 3081 3721 3133 suis
3741 3092 3765 3130 ι

2216 3164 2367 3223 Foea
2388 3173 2562 3221 morte
2582 3165 2871 3223 damnatus
2899 3176 3026 3235 est;
3059 3176 3116 3223 et
3155 3166 3245 3224 alii
3271 3185 3438 3241 quam
3482 3169 3673 3240 plures,
3696 3170 3765 3239 qui

2214 3254 2551 3310 sacerdotem
2610 3256 2705 3311 Dei
2757 3256 3147 3313 inhonorantes
3208 3259 3494 3329 privilegia
3550 3258 3768 3314 Romae:

2213 3342 2470 3398 Ecclesia:
2517 3342 2733 3399 auferre
2762 3344 3047 3402 molientes
3071 3360 3128 3401 et
3176 3347 3232 3400 in
3272 3349 3532 3417 praesenti
3556 3349 3659 3401 vita
3683 3362 3765 3402 non
3846 3412 3848 3423 Ι

2213 3436 2490 3504 quievere,
2520 3442 2577 3497 et
2603 3436 2656 3491 in
2678 3446 2943 3493 aeternum
2975 3440 3207 3508 periere.
3254 3440 3503 3507 Quorum
3545 3440 3769 3509 temper;-

2214 3526 2317 3591 bus
2354 3535 2410 3585 et
2460 3526 2756 3587 Persarum
2796 3530 3073 3586 exercitus
3105 3531 3551 3601 Mestmotamiam
3585 3533 3769 3592 invasit.

2214 3626 2266 3672 et
2298 3615 2723 3677 Sarracenorum
2766 3619 3001 3687 pessima
3031 3636 3164 3690 gens
3214 3637 3439 3676 omnem
3468 3622 3691 3678 Africani
3727 3630 3773 3678 e’.

2217 3707 2593 3769 Marmaricam
2620 3720 2676 3765 et
2720 3709 2948 3781 Lybiam
2975 3720 3030 3766 et
3060 3712 3325 3783 Egyptutn
3371 3721 3435 3767 et
3460 3714 3698 3769 Arabiam
3726 3724 3771 3767 et
3846 3756 3848 3761 .

2213 3797 2456 3854 Iudaeam
2500 3809 2555 3854 et
2590 3799 2846 3856 Fenicetn
2883 3816 2912 3854 a
2965 3801 3209 3855 Romana
3258 3802 3539 3857 subtraxit
3577 3801 3755 3875 ditioas
3846 3806 3848 3845 ἲ

2214 3892 2300 3948 Ab
2324 3892 2575 3962 aquilone
2610 3908 2739 3948 vero
2776 3892 3059 3947 Hunorum
3086 3892 3277 3947 feritas
3316 3904 3374 3947 et
3412 3893 3639 3949 Gothica
3661 3903 3772 3947 teta-
3846 3892 3848 3941 l

2214 3993 2398 4054 pestas
2416 3992 2471 4038 et
2494 3981 2899 4040 Guandalorum
2926 3985 3160 4055 procella
3190 4000 3413 4041 onmem
3451 3988 3672 4041 vastavit
3688 3984 3774 4041 0e-

2216 4078 2508 4143 cidentem,
2549 4078 2789 4147 quandiu
2828 4077 3100 4133 decimum
3133 4092 3306 4134 cornu
3356 4078 3773 4148 bestialium
3846 4120 3848 4127 .

2218 4170 2443 4226 bardiea
2490 4170 2705 4227 scilicet
2760 4171 2941 4226 rabies
2984 4171 3053 4226 de
3104 4171 3299 4241 vagina
3342 4169 3551 4228 furoris
3598 4169 3774 4226 Domini
3846 4214 3848 4217 .

2216 4274 2490 4331 extracta,
2520 4263 2731 4318 ltalicas
2765 4263 2963 4317 invasit
2988 4262 3256 4333 regiones.
3284 4264 3360 4317 De
3408 4280 3518 4334 qua
3562 4276 3776 4333 persecu-
3846 4306 3848 4345 ᾗ

2219 4356 2365 4411 tione
2396 4355 2588 4411 melius
2606 4364 2690 4410 est
2715 4354 2879 4412 silere
2900 4370 3061 4425 quam
3092 4369 3263 4424 pauca
3288 4355 3501 4410 dicere.

530 4470 718 4524 gnum,
758 4454 844 4507 vir
871 4453 1110 4507 urbanus
1143 4461 1196 4507 et
1224 4452 1747 4521 Christianissimus,
1791 4454 1887 4525 qui
1912 4454 1964 4509 in
2006 4452 2119 4523 pri-
2151 4459 2195 4515 D
2290 4447 2467 4503 Fuere
2491 4448 2654 4503 etiam
2701 4457 2965 4517 praeterea
2995 4447 3396 4517 religiosissimi
3430 4448 3775 4517 imperatores.

532 4547 742 4601 tnnrdio
771 4545 1131 4601 ordinationis
1150 4560 1263 4600 suae
1291 4545 1513 4603 fratrem
1547 4562 1724 4615 smtm,
1757 4547 1977 4601 nomine
2013 4546 2117 4600 Va-

533 4634 757 4700 lentem,
786 4643 1093 4690 consortem
1122 4624 1299 4690 elfecit
1351 4639 1585 4707 imperii,
1616 4639 1749 4708 proh
1791 4638 1975 4693 dolor!
2010 4646 2117 4691 tra-

535 4724 671 4778 deus
693 4727 741 4778 ei
770 4725 933 4780 totius
953 4723 1075 4795 jura
1094 4722 1352 4793 Orientis,
1380 4729 1502 4798 ipse
1527 4728 1888 4783 occidentales
1922 4727 2119 4799 guber-

536 4814 688 4867 navit
713 4814 977 4885 regiones.
996 4814 1095 4871 Hie
1122 4815 1481 4873 Mediolanum
1510 4819 1693 4875 sedem
1725 4820 1854 4888 legit
1880 4819 2118 4890 imperii.

534 4903 749 4960 Mortuo
778 4907 1203 4963 veroAuxent‘io
1239 4909 1507 4964 haeretica
1536 4918 1592 4964 et
1646 4911 1698 4965 in
1746 4925 1880 4979 pace
1909 4912 2120 4981 sepulto

536 5005 729 5051 saneto
760 4995 1019 5070 Dionysio
1045 5000 1262 5067 accidit,
1278 5008 1336 5054 ut
1364 5001 1492 5056 illuc
1510 5003 2118 5074 coavenirentepiscopi

536 5088 724 5157 ltaiite,
754 5099 816 5144 ut
854 5091 965 5146 sibi
1000 5091 1059 5145 in
1083 5104 1369 5147 commune
1404 5093 1670 5163 eligerent
1694 5093 2024 5165 episcopum,
2054 5097 2122 5153 ad

536 5184 681 5252 quod
735 5182 1045 5239 faciendam
1099 5194 1445 5253 sumntopere
1510 5185 1930 5254 exspectabatur
1980 5188 2123 5260 regis

534 5274 859 5344 praesentia;
887 5275 1029 5346 quod
1054 5282 1117 5328 ut
1141 5274 1366 5341 audivit,
1410 5276 1523 5345 ipse
1553 5276 1723 5331 modis
1759 5278 2011 5335 omnibus
2032 5283 2121 5335 in-

536 5365 779 5429 terdixit,
808 5365 943 5420 dans
983 5364 1156 5435 legem
1195 5365 1503 5435 evangelica
1532 5367 1759 5422 veritate
1784 5371 2121 5426 concordan-

542 5455 1245 5521 tem,ut~ne‘morlaieorum-
1258 5456 1562 5525 principum
1590 5457 1679 5510 vei
1715 5469 1993 5528 potentum
2023 5474 2124 5514 au-

542 5548 1028 5614 deatseinserere
1068 5546 1323 5601 electi-oui
1366 5549 1693 5616 patriarcha:
1729 5550 1811 5605 vel
1857 5561 2121 5624 metropo-

530 5637 673 5704 ‘litze,
703 5638 789 5693 vol
815 5636 1089 5707 episcopi;
1112 5637 1261 5705 quod
1286 5639 1337 5693 si-
1367 5639 1567 5694 factmn
1603 5640 1787 5707 fuerit,
1823 5642 2127 5704 inordinata

543 5730 651 5784 erit
670 5720 1042 5792 talis-electio;
1067 5726 1324 5797 adjiciens
1351 5747 1366 5785 :
1392 5730 1577 5795 Talem
1602 5736 1899 5795 secundum
1912 5735 2127 5794 decreta

2222 4551 2282 4595 ut
2328 4540 2659 4595 Theodosius
2687 4549 2744 4594 et
2788 4538 3058 4595 Honorius
3105 4547 3161 4593 et
3203 4537 3347 4595 idem
3394 4538 3778 4597 Theodosittsct

2222 4632 2537 4689 Marciniani
2566 4641 2622 4689 et
2649 4630 3007 4691 Valentiniani
3055 4632 3139 4702 pia
3170 4630 3431 4698 dualitas,
3463 4642 3522 4687 et
3542 4631 3780 4687 Constan-

2224 4727 2372 4781 tinus
2395 4735 2450 4781 et
2478 4725 2689 4797 llyren‘e
2707 4732 2764 4779 et
2797 4723 2907 4779 Leo
2928 4732 2984 4779 et
3014 4722 3356 4779 Instinianus
3378 4732 3437 4779 et
3458 4723 3673 4794 quidam
3690 4719 3782 4780 alii.
3846 4760 3848 4763 .

2221 4817 2335 4889 qui,
2357 4826 2415 4873 ut
2442 4817 2690 4888 superius
2712 4814 3114 4887 prmlibavimus
3135 4823 3193 4870 et
3228 4814 3336 4869 alta
3364 4829 3505 4885 pace
3528 4811 3783 4885 rempubli-

2221 4927 2341 4966 cam
2374 4910 2835 4981 gubernaverunt,
2856 4916 2912 4964 et
2940 4915 3172 4965 mortem
3197 4906 3308 4963 vita
3338 4916 3552 4963 artem
3573 4918 3784 4963 comm-

2221 5014 2491 5062 taverunt.

2292 5095 2596 5167 imperante
2641 5102 2824 5152 autem
2871 5092 3180 5155 Theodosio
3200 5091 3409 5163 primo,
3458 5090 3786 5165 temporalem
3846 5090 3848 5167 ἓ

2222 5189 2518 5260 carpebant
2545 5188 2713 5243 vitam
2751 5187 3073 5242 Ambrosius
3108 5193 3164 5249 et
3190 5184 3544 5261 Augustinus
3586 5182 3791 5242 etlam-
3846 5216 3848 5251 ξ

2224 5282 2421 5346 nimus,
2446 5280 2535 5351 qui
2577 5279 2856 5337 salutifera
2899 5280 3111 5335 vivendi
3144 5279 3316 5335 multa
3356 5278 3521 5335 nobis
3554 5277 3793 5347 reliquere
3846 5284 3848 5351 ξ

2223 5382 2783 5442 ρκιεεεριίιςιιυοιιιιη
2805 5373 3125 5433 Ambrosius
3170 5386 3239 5428 ne
3285 5373 3356 5429 ab
3385 5371 3793 5440 Ecclesia-iussn
3846 5371 3848 5442 Ξ

2231 5463 2586 5519 Valentiniani
2614 5476 2669 5518 et
2693 5462 2921 5520 Iustinae
2948 5464 3267 5535 pelleretur,
3297 5467 3471 5522 armis
3502 5464 3795 5539 populoru-

2226 5551 2536 5612 defensatus
2561 5562 2669 5621 est,
2689 5569 2791 5611 nec
2812 5546 3141 5627 vituperavit
3158 5555 3256 5611 Dei
3284 5558 3557 5617 sacerdos
3585 5556 3798 5614 divinam

2225 5645 2409 5719 populi
2440 5644 2734 5714 fervorem,
2758 5641 2851 5703 sed
2878 5648 3057 5718 potius
3088 5648 3351 5706 laudavit.
3376 5649 3592 5707 Eodem
3615 5658 3802 5721 quoquo

2231 5751 2475 5813 tempore
2504 5744 2827 5815 venerabilis
2876 5741 3211 5818 Augustinus
3247 5740 3606 5803 Bonifacium
3630 5740 3805 5817 prinde
3846 5760 3848 5818 ε
