3852 6308
72 339 147 401 ωε

1056 321 1282 381 LIBER
1307 323 1418 379 AD.
1454 317 1747 379 MICUN.
1783 349 1857 363 -—-
1892 316 2021 376 LIB.
2057 315 2173 375 ιιι,-

3162 316 3272 377 sto
3330 276 3339 281 ’

72 465 182 523 peni,
206 455 256 502 ut
291 440 580 501 Donatistae
626 446 684 496 et
721 436 1198 495 Circumcelliones
1230 436 1570 508 depraadetur
1597 444 1645 503 Λ
1674 434 1854 491 minus
1876 430 2024 489 Deus
2050 439 2225 504 rogat,
2259 449 2279 486 ι
2310 433 2403 507 qui
2437 432 2554 489 vult
2600 444 2791 492 omnes
2819 430 3001 490 salvos
3046 431 3163 490 ﬁeri
3210 443 3269 491 et

69 552 108 600 et
132 546 277 594 vaslet
318 536 573 591 hortatur.
1310 576 1311 579 η

121 629 203 686 Sed
239 625 470 697 quoniam
536 621 912 693 religiosorum
968 619 1273 691 principum
1325 618 1575 690 superius

70 721 222 778 mentio
247 716 374 773 facta
412 722 513 779 est,
559 712 763 783 aliquid
802 712 869 767 de
912 710 1022 765 vita
1068 726 1252 767 eorum
1280 722 1334 765 et
1366 711 1575 779 legibus

69 816 118 870 ab
146 814 208 867 eis
250 807 587 882 promulgatis
616 807 745 863 huic
769 806 1031 876 opusculo
1054 804 1418 860 necessarium
1448 804 1577 861 duxi

70 910 269 962 inserere.
303 900 449 956 Nunc
474 910 653 955 autem
683 900 752 954 ab
779 901 896 969 ipso
920 897 1223 953 Theodosio
1261 897 1574 952 ordiamur:

69 997 385 1061 liic,suscepto
408 991 551 1062 regni
581 989 970 1060 gubernaculo,
990 989 1250 1043 barbaros
1263 987 1581 1042 mirabiliter

70 1085 163 1139 vicit
182 1093 227 1139 et
248 1082 463 1146 sedavit,
502 1092 558 1136 et
593 1080 854 1137 Arrianos
885 1084 953 1136 ab
992 1079 1239 1135 ecclesiis
1269 1079 1493 1149 expulit,
1527 1087 1582 1133 et

68 1193 134 1231 ras
151 1174 431 1237 orthodoxis
460 1174 710 1238 reddidit,
730 1173 925 1228 Persas
953 1174 1093 1228 intra
1122 1174 1258 1228 lines
1278 1163 1406 1226 suns
1434 1180 1581 1227 stare

68 1269 215 1340 coegit,
242 1265 519 1321 Maximum
564 1276 851 1338 tyrannum
910 1280 1078 1336 regno
1111 1264 1334 1334 expulit.
1377 1264 1586 1319 Interea

68 1362 284 1430 paciﬁcate
299 1372 456 1429 regno
474 1356 909 1415 Thessalonicam
936 1358 1159 1414 veniens
1196 1357 1342 1427 regia
1366 1356 1584 1411 licentia

69 1452 261 1521 populum
285 1449 577 1504 inconsulte
602 1450 763 1519 jussit
789 1449 1041 1505 interfici.
1074 1448 1174 1516 Qui
1212 1450 1338 1504 dum
1380 1449 1586 1504 Medio-

68 1545 199 1597 Ianum
225 1544 466 1609 venisset,
492 1560 522 1597 a
551 1542 825 1599 liminibus
852 1543 1093 1598 ecclesiae
1125 1559 1155 1597 a
1203 1542 1264 1596 Β.
1301 1542 1585 1599 Ambrosio

68 1635 307 1703 prohibitus
339 1644 439 1698 est,
498 1634 686 1703 sicque
711 1649 1043 1705 cognoscens
1093 1642 1372 1705 peccatum
1426 1649 1586 1689 suum

70 1727 220 1780 tamdiu
241 1725 375 1781 flevit
403 1738 558 1781 extra
603 1726 889 1782 ecclesiam
922 1726 1135 1797 publice
1180 1725 1436 1796 quamdiu
1487 1725 1585 1796 (ita

68 1818 149 1870 cod.
170 1817 264 1873 loco
278 1815 460 1890 donec]
498 1819 711 1874 veniam
736 1820 952 1883 meruit,
980 1819 1102 1873 data
1133 1818 1247 1888 lege
1276 1826 1336 1872 ut
1365 1826 1583 1872 sentcn-
1613 1807 1658 1867 Β

70 1910 129 1961 tia:
151 1910 416 1980 principum
459 1910 562 1965 sub
612 1910 1087 1965 animadversione
1140 1908 1363 1978 prolata:
1411 1924 1582 1979 usque

69 2000 114 2052 ad
133 2016 185 2055 η
205 2001 305 2055 dies
325 2016 427 2056 non
454 2000 737 2056 obtineant
760 2001 1099 2056 firmitatem.

117 2090 343 2157 Quantam
385 2108 517 2147 vero
556 2094 920 2148 reverentiam
966 2108 1091 2162 erga
1124 2094 1456 2149 sacerdotem
1489 2094 1582 2151 Dei

68 2182 307 2238 Archadius
339 2194 391 2238 et
417 2182 689 2239 Honorius
721 2183 812 2237 lilii
856 2184 974 2255 ejus
1008 2184 1315 2251 habuerint,
1345 2185 1490 2256 leges
1511 2186 1582 2241 ab

67 2275 122 2328 eis
142 2276 456 2349 promulgatae
500 2284 769 2331 testantur
797 2276 848 2330 in
879 2277 1021 2330 hunc
1045 2277 1265 2331 modum
1293 2293 1308 2331 :
1342 2276 1583 2348 Impera-

69 2373 172 2421 tores
192 2368 476 2423 ABCHADIUS
506 2378 561 2423 et
583 2366 860 2424 HONORIUS
883 2369 1131 2439 Augusti,
1157 2368 1447 2425 Tusonono
1476 2368 1583 2424 PP.

67 2458 227 2523 praesim
264 2460 534 2528 przel'ecto.
575 2460 635 2514 Si
684 2459 808 2530 quis
852 2460 903 2514 iu
942 2460 1044 2515 hoc
1094 2475 1266 2531 genus
1315 2460 1583 2532 sacrilegii

68 2546 309 2616 incurrerit,
333 2558 391 2605 ut
420 2550 474 2604 in
526 2549 764 2604 Ecclesia
789 2549 1055 2604 catholica
1088 2550 1302 2608 irruens
1334 2554 1588 2607 sacerdo-

70 2636 173 2691 t'bus
193 2648 239 2693 et
278 2639 557 2707 ministris,
602 2639 687 2695 vel
737 2639 837 2710 ipsi
887 2640 1052 2695 cultui
1104 2641 1327 2710 locoque
1376 2640 1581 2712 aliquid

69 2726 261 2795 imponet
287 2731 526 2799 injuriae;
572 2732 717 2801 quod
743 2732 950 2802 geritur
971 2748 1002 2785 a
1037 2733 1329 2801 provinciae
1356 2734 1583 2788 rectori-

68 2814 137 2871 lius
153 2819 611 2886 animadvertatur,
648 2827 809 2889 atque
850 2820 923 2874 ita
956 2820 1249 2890 provincia:
1274 2821 1586 2879 moderator

68 2912 338 2967 sacerdotum
361 2910 723 2968 etcatbolicte
762 2911 1020 2968 Ecclesia).
1057 2911 1432 2968 ministrorum
1479 2911 1586 2968 loci

69 3014 228 3071 quoque
265 3002 422 3074 ipsius
473 3012 534 3058 et
578 3003 745 3059 divini
790 3003 966 3058 cultus
1003 3001 1256 3072 injuriam
1289 3002 1502 3073 capitali
1532 3004 1587 3059 iu

68 3095 285 3150 convictos
310 3097 418 3152 sive
446 3095 736 3153 eonfessOs
764 3095 1032 3151 sententia
1066 3095 1278 3150 noverit
1324 3109 1446 3150 esse
1472 3095 1588 3150 vin.

67 3183 312 3242 dicandum.
343 3188 407 3243 Et
448 3197 578 3260 post
606 3202 775 3259 pauca
802 3205 814 3240 :
850 3186 1043 3258 Sitque
1068 3187 1281 3242 cunctis
1313 3185 1585 3243 laudabile
1612 3161 1659 3225 ο

66 3274 195 3333 {aetas
230 3289 425 3337 atroces
474 3280 854 3337 sacerdotibus
917 3280 1145 3351 injurias
1193 3279 1343 3335 velut
1411 3281 1588 3351 publi-

66 3378 154 3419 cum
195 3370 381 3426 crimen
427 3371 646 3441 insequi
698 3378 755 3426 et
794 3370 1114 3443 dotalibus
1164 3369 1424 3426 ultionem
1470 3385 1588 3426 me-

65 3459 157 3527 reri,
182 3471 277 3520 etc.

113 3553 223 3623 Quid
246 3574 363 3617 vero
384 3560 642 3617 ilartiani
667 3570 722 3618 et
744 3561 1111 3619 'V'alentiniani
1143 3561 1232 3631 pia
1258 3558 1492 3616 dualitas
1518 3560 1587 3617 ad

62 3645 226 3706 beatum
270 3670 455 3726 papam
511 3654 750 3712 Leonem
803 3655 1103 3726 scripserit,
1151 3653 1433 3709 audiamus
1469 3671 1483 3706 :
1519 3652 1589 3707 Et

64 3743 192 3805 tuam,
212 3742 461 3814 inqu'ens,
490 3744 836 3800 sanctitatem
873 3744 1236 3815 principatum
1288 3743 1343 3797 in
1372 3743 1586 3814 episco-

60 3839 155 3892 patu
179 3832 284 3888 fidei
331 3835 700 3905 possidentem
752 3835 926 3893 sacris
975 3834 1169 3889 litteris
1213 3833 1268 3889 in
1321 3832 1587 3904 principio

56 3912 214 3979 iustum
244 3926 510 3980 credimus
540 3924 941 3996 alloquendam,
993 3923 1286 3979 invitantes
1314 3931 1479 3994 atque
1503 3938 1589 3979 ro-

58 4018 202 4074 gantes
225 4023 279 4068 ttt
296 4031 389 4086 pro
419 4016 686 4070 tirmitate
723 4015 894 4070 nostri
925 4014 1135 4083 imperii
1164 4023 1220 4068 et
1244 4023 1387 4071 statu
1421 4023 1585 4069 aeter-

60 4113 151 4154 nam
175 4104 490 4164 divinitatem
521 4116 612 4161 tua
636 4107 898 4163 sanctitas
922 4106 1261 4176 deprecetur.

108 4189 313 4258 Qualiter
338 4208 523 4254 autem
540 4196 954 4262 Constantinus,
980 4210 1085 4249 non
1118 4194 1206 4249 ille
1234 4194 1459 4265 primus,
1491 4195 1586 4251 sed

59 4277 181 4346 alter,
204 4287 512 4355 cognomine
551 4284 697 4348 Pius,
726 4285 1021 4355 imperator
1055 4283 1333 4351 scripserit
1367 4284 1586 4338 domino

56 4383 173 4441 papa
195 4376 464 4433 advertite.
493 4376 601 4430 Per
644 4375 835 4440 Detun,
864 4374 1131 4443 inquiens,
1164 4374 1585 4443 omnipotentem

57 4474 137 4515 non
158 4474 229 4520 est
248 4470 383 4537 apud
421 4484 527 4525 nos
559 4468 731 4540 partis
756 4465 1045 4535 cujuslibet
1075 4466 1248 4533 favor,
1279 4466 1374 4522 sed
1404 4482 1585 4538 mqua-

56 4546 219 4610 Iilatun
250 4560 492 4630 utrisque
538 4558 783 4629 partibus
811 4556 1248 4624 observabimus,
1278 4557 1584 4612 nullatenus

57 4647 381 4705 necessitatem
427 4649 696 4705 facientes
742 4649 794 4703 in
825 4662 1147 4719 quocunque
1188 4648 1427 4719 capitulo
1482 4649 1582 4715 eis,

56 4738 124 4803 qui
165 4752 189 4793 a
220 4743 360 4798 vobis
389 4742 711 4813 diliguntur,
757 4753 974 4812 quoquo
1028 4742 1191 4796 medo
1235 4749 1384 4810 sunt,
1440 4740 1585 4797 omni

58 4826 218 4887 honore
258 4834 586 4906 competenti
626 4842 683 4887 et
730 4832 1103 4888 munificentia
1146 4845 1200 4889 et
1246 4836 1587 4907 susceptione

56 4920 207 4989 dignos
232 4940 320 4982 eos
344 4927 689 4983 habebimus.
732 4924 808 4989 Et
847 4925 1114 4997 siquidem
1155 4926 1373 4998 utrique
1400 4941 1589 4984 conve-

57 5014 215 5081 nerinl,
242 5033 363 5074 ecce
409 5019 579 5086 bene,-
630 5015 714 5072 sin
739 5026 924 5072 autem
964 5019 1185 5073 minime
1212 5020 1587 5088 convenerint,

57 5106 223 5171 tantum
249 5123 365 5164 cum
396 5108 547 5164 omni
574 5107 915 5164 humanitate
940 5122 1035 5165 eos
1056 5111 1124 5164 ad
1152 5124 1247 5165 vos
1269 5108 1583 5182 dirigemus.

54 5192 103 5244 Et
128 5208 229 5264 post
272 5216 482 5269 pauca:
525 5199 762 5255 Invitare
790 5201 935 5257 enim
967 5210 1021 5255 et
1068 5216 1259 5272 rogare
1303 5218 1588 5273 possumus

52 5283 101 5333 ad
126 5301 317 5344 munem
339 5289 771 5347 emendationem
799 5300 855 5347 et
881 5290 1143 5347 unitatem
1167 5280 1409 5348 omnium
1430 5293 1590 5351 Chri-

52 5377 327 5450 stianorum,
355 5381 735 5455 necessitatem
762 5397 894 5438 vero
921 5381 1126 5438 inferre
1156 5383 1464 5441 nullatenus
1492 5401 1588 5440 vo-

55 5464 217 5525 lutuus.

108 5562 225 5627 Quid
246 5562 370 5621 vero
397 5566 534 5621 alter
568 5566 959 5645 Constantinus
980 5552 1049 5635 ct
1097 5567 1311 5639 Ilyrene
1355 5568 1585 5641 Augusti

54 5652 107 5702 ad
126 5654 396 5712 Adrianum
425 5672 614 5729 papam
660 5648 923 5733 scribant,
970 5661 1272 5714 attendite:
1307 5658 1587 5731 Rogamus

59 5752 251 5801 \e-tram
285 5758 557 5818 paternam
583 5752 994 5819 beatitudinem,
1019 5752 1190 5824 magis
1222 5752 1440 5821 quidem
1487 5750 1587 5810 Du?

420 5867 679 5930 Parnoa.
719 5869 845 5931 CL.

1632 554 1634 556 τ
1676 528 1740 582 ad
1757 525 2085 600 agnitionem
2111 525 2355 582 veritatis
2387 525 2576 583 venire
2604 524 2656 596 (I
2678 524 2813 581 Tim.
2840 542 2905 594 tt,
2930 526 3008 598 4),
3044 545 3063 579 ι
3093 533 3156 581 ut
3180 525 3272 581 det

1675 621 1912 692 seipsum
1936 629 1991 677 et
2021 619 2222 676 nullam
2251 606 2563 675 tarditatem
2591 617 2776 679 faciat.
2798 628 2853 675 et
2886 618 3111 675 accedat
3134 617 3267 675 huc.

1747 712 1887 780 Quid
1911 710 2250 767 Justinianus
2277 717 2632 780 sanctopapae
2653 707 2883 765 Iohanni
2912 708 3270 782 promulgatis

1680 805 1889 876 legibus
1916 802 2140 868 scribat,
2174 803 2357 859 audite
2382 820 2395 857 :
2416 801 2659 859 Petimus
2696 812 2939 859 vestrum
2985 812 3270 872 paternum

1682 896 1933 953 aﬂ‘ectum
1960 906 2021 953 ut
2058 896 2257 953 vestris
2286 898 2353 953 ad
2382 911 2481 952 nos
2522 896 2805 953 destinatis
2853 886 3266 951 litteris’maiii-

1680 988 1879 1045 festum
1908 989 2066 1045 nobis
2096 988 2327 1052 faciatis,
2364 988 2507 1058 quod
2550 1003 2665 1053 eos,
2702 989 2793 1058 qui
2830 988 3085 1057 praedicta
3119 996 3270 1043 recte

1682 1083 2033 1148 confitentur,
2080 1080 2335 1151 suscipiat
2365 1089 2549 1136 vestra
2587 1082 2869 1146 sanctitas,
2920 1087 2973 1135 et
3013 1093 3128 1144 eos,
3177 1080 3274 1150 qui

1682 1174 1895 1243 iudaice
1921 1174 2036 1230 ausi
2061 1182 2189 1230 sunt
2209 1181 2413 1229 rectam
2435 1173 2704 1244 denegare
2738 1174 2898 1229 iidem
2922 1173 3271 1253 condemnat.

1685 1264 1792 1320 Sed
1823 1274 2131 1335 postquam,
2182 1274 2454 1337 utsupra
2506 1266 2811 1331 retulimus,
2858 1264 3273 1337 Langobardiea

1688 1355 1868 1410 rabies
1898 1354 2063 1409 ltalite
2105 1354 2303 1410 invasit
2357 1354 2627 1426 regiones,
2677 1370 2775 1425 per
2829 1356 3121 1409 triennium
3163 1369 3273 1423 quo

1686 1445 2000 1517 paganitate
2028 1445 2235 1501 detenti
2286 1453 2435 1512 sunt,
2489 1453 2688 1514 quanta
2746 1458 3029 1523 poenarum
3073 1459 3276 1515 genera

1688 1547 1989 1607 quantasve
2011 1552 2224 1593 amaras
2252 1546 2307 1593 et
2335 1537 2736 1593 crudelissimas
2764 1551 2923 1591 neces
2949 1534 3277 1592 Christianis

1689 1627 1992 1695 intulerint,
2017 1643 2124 1683 non
2146 1637 2231 1683 est
2252 1626 2415 1685 facile
2452 1628 2622 1687 dictu.
2652 1629 2723 1682 At
2750 1636 3039 1699 postquam
3074 1627 3128 1681 in
3168 1626 3276 1680 Ar—

1689 1720 2059 1777 rianahteresi
2093 1721 2358 1793 baptisma
2387 1729 2779 1792 perceperunt,
2838 1718 3004 1789 paulo
3064 1717 3273 1782 minus;

1686 1816 1778 1870 sed
1807 1814 1880 1868 ita
1910 1812 2283 1869 crudelissime
2308 1827 2405 1883 per
2431 1828 2532 1868 cxx.
2574 1827 2769 1877 annos,
2806 1810 3003 1881 quibus
3031 1826 3134 1864 non
3184 1825 3278 1879 gu-

1685 1904 2071 1968 bernaverunt,
2108 1904 2202 1958 sed
2242 1909 2527 1957 vastavere
2566 1900 2799 1973 Italiam,
2863 1898 3147 1975 tyrannide
3191 1898 3275 1953 usi

1684 2003 1807 2051 sunt
1838 1994 1959 2049 utsi
1980 1993 2311 2065 quisharum
2336 1993 2705 2049 calamitatum
2734 2008 2932 2063 gnarus
2947 2005 3063 2047 esse
3089 1990 3275 2045 volue-

1685 2085 1775 2149 rit,
1809 2084 1952 2156 legat
1987 2084 2335 2157 Dialogorum
2390 2084 2586 2139 Iibrum
2617 2095 2673 2140 et
2724 2083 3058 2155 pontificalia
3104 2082 3277 2137 Gesta

1686 2185 2000 2231 sanctorum
2054 2184 2110 2231 et
2143 2175 2388 2232 inveniet
2432 2175 2772 2233 calamitates
2806 2174 3180 2231 calamitatum
3221 2180 3279 2227 et

1685 2267 1934 2324 miserias
1957 2267 2322 2326 miseriarum.

2106 2401 2339 2473 Ezplicit
2387 2402 2520 2457 liber
2562 2402 2843 2458 secundus.

2073 2514 2318 2572 INCIPIT
2349 2514 2552 2571 LIBER
2580 2513 2898 2572 TERTIUS.

1757 2628 2113 2700 Temporibus
2136 2639 2313 2687 autem
2344 2631 2568 2687 Adriani
2600 2630 2799 2688 summi
2829 2629 3130 2701 pontiﬁcis,
3151 2645 3274 2686 cum

1687 2736 1747 2778 se
1767 2724 2025 2793 praefatus
2052 2740 2188 2795 papa
2220 2725 2431 2781 videret
2458 2741 2775 2798 Oppressum
2808 2727 2992 2784 multis
3038 2727 3277 2783 miseriis

1688 2815 1886 2870 direxit
1911 2816 2122 2873 marino
2144 2817 2338 2874 itinere
2355 2834 2481 2874 suas
2502 2821 2827 2889 apostolicas
2850 2821 3061 2878 litteras
3076 2821 3276 2876 Karolo

1688 2908 2147 2965 excellentissimo
2176 2912 2286 2982 regi
2320 2912 2687 2983 Francorum,
2717 2913 3013 2982 deprecans
3035 2924 3115 2981 ut,
3134 2915 3278 2970 sicut

1687 3012 1816 3055 suus
1846 3011 2002 3071 pater
2024 3010 2229 3056 sanetae
2262 3004 2539 3060 memoria:
2574 3003 2855 3075 Pippinus,
2894 3014 2948 3061 et
2995 3006 3109 3076 ipse
3160 3022 3278 3062 suc-

1692 3102 1941 3148 curreret
1969 3103 2173 3149 sanctae
2198 3095 2295 3151 Dei
2328 3094 2583 3153 Ecclesiae
2625 3098 2885 3154 adversus
2928 3098 3275 3155 insolentiam

1690 3192 1746 3241 et
1768 3185 2093 3242 tirannidem
2119 3187 2386 3245 Desiderii
2421 3190 2564 3261 regis
2585 3174 3094 3261 Langobardorum.
3126 3191 3277 3248 Tune

1691 3275 1805 3348 ipse
1840 3293 1870 3332 a
1895 3278 2122 3335 Domino
2145 3289 2424 3351 protectus
2452 3281 2685 3338 Karolus
2707 3298 2797 3337 rex
2829 3299 3130 3355 aggregaus
3154 3286 3279 3340 nni-

1694 3387 1903 3428 versam
1939 3376 2088 3446 regni
2128 3377 2212 3431 sui
2247 3378 2522 3434 exercitus
2576 3378 2974 3436 multitudinem
3030 3396 3130 3452 per
3177 3396 3277 3436 sex

1689 3478 1904 3521 menses
1947 3467 2159 3523 obsedit
2198 3468 2433 3523 eundem
2459 3468 2797 3524 Desiderium
2833 3470 2885 3525 in
2928 3471 3150 3527 civitate
3176 3470 3278 3525 Pa-

1689 3554 2185 3627 pia.[Adveniente,
2208 3570 2336 3612 vero
2357 3555 2597 3628 paschali
2618 3558 2930 3628 festivitate,
2965 3578 3159 3634 magno
3182 3562 3279 3618 de-

1690 3646 1893 3703 siderio
1919 3648 1986 3703 ad
2035 3647 2402 3719 apostolorum
2428 3648 2616 3704 limina
2648 3654 2979 3721 properavit.
3007 3653 3103 3708 Cui
3139 3669 3279 3726 pon-

1690 3738 1827 3795 tifex
1857 3741 2201 3795 venerandas
2232 3755 2443 3803 cruces,
2477 3742 2529 3797 id
2558 3751 2645 3797 est
2673 3743 2850 3819 signa,
2873 3744 3086 3800 obviam
3104 3745 3272 3808 misit,

1689 3839 1746 3888 et
1774 3832 2061 3889 universas
2078 3831 2258 3888 scolas
2281 3832 2495 3890 miliciae
2508 3843 2558 3889 et
2577 3849 2773 3902 pueros
2794 3844 3077 3905 portantes
3094 3851 3278 3891 ramos

1688 3923 1954 3981 olivarum
1993 3924 2108 3980 sive
2136 3923 2461 3996 palmarum.
2484 3925 2605 3997 Ipse
2629 3941 2759 3981 vero
2784 3926 3277 3987 excellentissimus

1690 4034 1811 4089 rex,
1840 4032 1944 4088 qua
1988 4018 2336 4077 oraeasdem
2376 4020 2973 4087 sanctissimascruces
3016 4030 3073 4076 et
3122 4022 3277 4092 signa

1689 4110 1991 4182 conspexit,
2023 4111 2210 4167 statim
2234 4111 2301 4167 de
2329 4125 2472 4181 equo
2512 4112 2846 4167 descendens
2882 4128 3004 4168 cum
3049 4113 3163 4167 suis
3207 4115 3276 4166 ad

1684 4203 1908 4260 beatum
1940 4201 2162 4257 Petrum
2204 4202 2471 4273 pedestris
2501 4204 2761 4274 perrexit.
2811 4204 2980 4272 Quem
3013 4220 3277 4260 veneran-

1689 4293 1789 4347 dus
1812 4291 2062 4362 pontifex
2094 4293 2147 4347 in
2190 4291 2433 4349 Sabatbo
2462 4302 2655 4348 sancto
2690 4293 2913 4348 Pascha:
2938 4293 2990 4347 in
3010 4294 3276 4364 gradibus

1689 4387 1857 4460 ipsius
1886 4385 2198 4457 apostolica:
2224 4385 2361 4440 aulae
2390 4401 2515 4441 cum
2542 4385 2690 4442 clero
2720 4396 2777 4441 et
2806 4386 3004 4457 populo
3031 4385 3277 4443 Romano

1616 4504 1663 4564 υ
1688 4478 2028 4549 praestolatus
2048 4485 2153 4534 est.
2189 4476 2290 4547 Qui
2334 4478 2462 4532 dum
2505 4477 2832 4545 advenisset,
2858 4477 3112 4535 omnibus
3146 4496 3277 4551 gra-

1687 4568 1844 4629 dibus
1867 4567 1926 4621 B.
1949 4566 2096 4623 Petri
2110 4566 2539 4637 deosculatis,ad
2559 4569 3007 4640 prtettominatttm
3025 4575 3280 4647 pervenit

1686 4660 2022 4730 pontificem.

1759 4751 1891 4807 Cum
1942 4767 2001 4809 se
2030 4760 2219 4808 mutuo
2264 4754 2558 4825 amplexati
2588 4753 2837 4824 fuissent,
2896 4758 3074 4814 tenuit
3131 4738 3275 4815 idem

1689 4842 2193 4909 Christianissimus
2218 4862 2313 4902 rex
2352 4863 2572 4903 manum
2596 4848 2768 4919 ipsius
2787 4851 3084 4922 pontiﬁcis,
3115 4861 3170 4909 et
3201 4854 3278 4909 ita

1690 4938 1756 4993 ad
1782 4938 1927 4999 beati
1954 4940 2097 4995 Petri
2126 4938 2527 4997 confessionem
2566 4956 2688 4997 cum
2711 4945 2965 5003 omnibus
2994 4947 3108 5001 suis
3150 4960 3277 5015 pro-

1690 5041 1887 5099 perans
1912 5037 2070 5084 terra:
2098 5037 2437 5101 prostratus,
2454 5030 2573 5086 Deo
2592 5039 2644 5086 et
2672 5043 2864 5097 sancto
2892 5031 3012 5101 ejus
3032 5032 3276 5103 apostolo

1690 5127 1813 5173 vota
1847 5119 2121 5190 persolvit.
2150 5120 2305 5176 Tunc
2347 5136 2443 5176 rex
2469 5121 2669 5179 obnixe
2690 5134 2948 5193 precatus
2976 5131 3063 5178 est
3097 5123 3277 5194 ponti-

1691 5211 1937 5277 ticem,ut
1966 5210 2044 5267 illi
2073 5210 2346 5271 licentiam
2365 5212 2632 5271 tribueret
2657 5214 2884 5275 Romam
2909 5213 3271 5284 ingrediendi,

1688 5301 2073 5374 orandigratia
2100 5317 2199 5372 per
2224 5304 2474 5368 diversas
2508 5305 2798 5371 ecclesias;
2831 5313 2888 5360 et
2937 5304 3273 5360 descenden-

1691 5403 1773 5456 tes
1800 5394 2005 5463 pariter
2032 5393 2099 5448 ad
2134 5409 2329 5465 corpus
2354 5397 2514 5457 beati
2546 5397 2688 5452 Petri
2719 5412 2842 5452 cum
2863 5396 3137 5466 judicibus
3162 5395 3277 5455 Ro.-

1689 5498 1973 5555 manorum
2002 5494 2057 5538 et
2084 5484 2437 5554 Francorum,
2458 5502 2695 5557 seseque
2730 5497 2918 5547 mutuo
2958 5503 3058 5558 per
3082 5504 3274 5544 saera-

1689 5586 1873 5630 menta
1922 5575 2226 5648 munientes
2259 5580 2485 5650 ingressi
2539 5586 2669 5634 sunt
2714 5578 2971 5641 continuo
3012 5578 3272 5646 Romam.

1688 5665 1959 5739 celebrata
1988 5682 2117 5737 vero
2140 5669 2339 5740 pascali
2359 5669 2674 5737 festivitate,
2698 5679 2890 5741 quarta
2919 5669 3053 5727 feria
3075 5671 3278 5729 oblati»

1692 5760 1902 5831 magnis
1930 5761 2086 5818 donis
2118 5762 2274 5821 beato
2303 5760 2385 5829 P.,
2419 5761 2485 5817 ad
2524 5764 2858 5821 obsidionem
2887 5763 3065 5837 Papiae
3086 5780 3274 5822 rever-

2734 5879 2816 5938 26
