3848 6292
528 323 639 379 ‘8”

1607 313 1963 374 somzonrs
1999 294 2404 371 succuum
2442 310 2742 369 EPISCOPI
3310 380 3313 381 ί
3648 318 3725 375 se

542 450 635 490 sus
657 440 759 498 est,
784 439 842 486 et
864 429 1160 486 auxiliante
1197 428 1306 485 Deo
1329 437 1385 484 et
1408 429 1596 485 eodem
1622 430 1868 498 apostolo
1894 430 2111 484 Deside-
2143 437 2189 493 Α
2215 444 2336 484 rum
2374 427 2635 499 judicium
2681 438 2803 480 cum
2848 438 3098 480 sermone
3139 422 3459 494 litigantium
3492 425 3723 499 dirigatur.

522 524 679 579 .rium
692 519 1175 591 ~I'.odgobardorum
1206 526 1384 589 regem
1408 528 1528 572 cum
1551 516 1777 586 conjuge
1800 532 1897 573 sua
1927 533 2113 574 secum

530 610 862 681 deportavit,
910 619 966 665 et
1006 610 1108 666 sibi
1145 624 1317 664 omne
1351 622 1570 678 regnum
1623 606 1739 678 ejus
1788 610 2109 681 subjugavit.

526 704 656 771 .Quo
706 711 938 768 mortuo,
968 702 1272 757 Ludovicus
1309 702 1358 756 ei
1399 701 1661 758 successit
1702 700 1820 771 ejus
1866 703 2006 758 ﬁlius
2032 705 2115 757 vir

527 792 883 858 mitissimus,
912 790 1005 861 qui
1037 790 1242 861 primus
1269 792 1506 845 omnium
1552 790 1882 847 Francorum
1928 808 2114 863 regum

540 882 808 954 imperiali
834 882 1153 939 sublimatus
1177 890 1261 937 est
1279 872 1559 952 dignitate.
1584 882 1684 938 llic
1707 883 1936 940 offerens
1961 885 2115 940 beato

530 973 605 1028 Ρ.
634 972 799 1028 multa
826 972 1069 1036 donaria,
1104 980 1414 1026 restaurans
1439 972 1742 1042 antiquitus
1774 973 1912 1028 facta
1947 975 2113 1043 privi-

532 1063 701 1135 legia,
734 1063 902 1134 legem
949 1061 1179 1118 sancivit
1208 1061 1557 1132 imposterum
1607 1063 1662 1117 in
1714 1064 1855 1120 hunc
1899 1064 2116 1119 modum

532 1155 930 1225 continentem.

612 1248 670 1301 ln
696 1243 960 1302 electione
992 1244 1358 1302 Romanorum
1381 1245 1702 1317 pontiﬁcum
1731 1258 1904 1316 neque
1928 1259 2119 1301 servus

542 1349 718 1407 neque
745 1335 882 1389 liber
898 1333 966 1389 ad
988 1335 1088 1389 hoc
1108 1335 1292 1390 venire
1316 1344 1605 1406 praesumat
1626 1344 1686 1390 ut
1711 1335 1817 1390 illis
1838 1334 2115 1398 Romanis,

540 1442 681 1496 quos
709 1426 777 1481 ad
807 1426 946 1481 hanc
972 1426 1415 1495 electionemper
1428 1426 1873 1482 constitutionem
1905 1432 2119 1480 sancto-

501 1546 503 1549 ι
542 1532 663 1571 rum
712 1516 932 1571 Patrum
983 1515 1204 1584 antiqua
1247 1515 1465 1570 admisit
1498 1514 1868 1581 consuetudo,
1910 1513 2121 1584 aliquod

538 1604 707 1660 faciat
731 1605 1191 1676 impedimentum.
1218 1604 1281 1659 Et
1307 1605 1349 1658 si
1366 1604 1488 1675 quis
1503 1616 1690 1660 contra
1709 1605 1850 1659 hanc
1877 1612 2116 1660 nostram

530 1697 981 1753 constitutionem
1008 1696 1430 1766 praesumpserit,
1450 1696 1611 1752 exilio
1628 1696 1885 1758 tradatur,
1907 1695 2123 1764 insuper

2215 520 2377 574 Multa
2425 520 2592 584 enim,
2621 530 2741 587 quae
2769 514 2822 570 in
2847 515 3050 583 judicio
3086 515 3318 584 copiosa
3362 517 3725 586 pmscriptiouis

2214 611 2390 666 vincla
2435 608 2606 680 promi
2661 622 2766 662 non
2806 608 3104 676 patiuntur,
3156 606 3437 673 investigat
3482 615 3536 659 et
3577 611 3727 674 [ιταιιῑι

2214 711 2570 759 sacrosanctae
2627 699 2899 769 religionis
2963 697 3274 752 auctoritas.
3322 695 3540 751 Omnes
3592 700 3729 768 itaque

2214 811 2412 861 causm,
2438 811 2556 866 qua:
2583 793 2668 849 vel
2713 791 2967 862 praetorio
2987 788 3107 858 jure
3149 788 3235 844 vel
3281 789 3423 843 civili
3464 799 3730 855 tractantur,

2216 888 2590 959 episcoporum
2630 884 2913 941 sententiis
2955 882 3253 937 terminata:
3294 890 3545 950 perpetuo
3568 881 3731 936 stabili.

2218 976 2347 1031 tatis
2366 975 2487 1044 jure
2515 975 2816 1037 ﬁrmentur,
2869 986 2968 1025 nec
2998 970 3157 1025 liceat
3187 968 3409 1023 ulterius
3439 970 3635 1022 tractari
3666 987 3734 1025 ne-

2218 1069 2443 1137 gotium,
2456 1069 2596 1139 quod
2608 1067 2979 1137 episcoporum
2993 1062 3276 1119 sententiis
3308 1064 3582 1117 deciditur.
3597 1063 3736 1118 Testi-

2218 1162 2459 1219 monium
2513 1160 2679 1215 etiam
2727 1157 2851 1213 licet
2900 1155 2969 1210 ab
3014 1170 3126 1211 uno
3168 1155 3417 1223 episcopo
3463 1153 3735 1223 perhibitum

2219 1268 2410 1311 omnes
2430 1234 2637 1322 judices
2668 1248 3038 1306 indubitanter
3064 1245 3354 1316 accipiant,
3390 1259 3488 1298 nec
3519 1243 3640 1298 alius
3662 1262 3734 1297 au.

2220 1344 2418 1409 diatnr,
2453 1357 2576 1397 cum
2628 1339 2990 1395 testimonium
3032 1336 3268 1406 episcopi
3316 1349 3351 1387 a
3378 1334 3603 1403 qualibet
3625 1347 3741 1404 parte

2222 1433 2385 1490 fuerit
2431 1433 2834 1504 repromissum.
2882 1429 3013 1484 Illud
3061 1429 3203 1483 enim
3262 1428 3504 1481 veritatis
3556 1430 3743 1480 anrttui-

2224 1535 2335 1584 tate
2381 1526 2674 1590 ﬁrmatum,
2708 1524 2834 1579 illud
2867 1522 3200 1589 incorrupte,
3220 1518 3363 1587 quod
3390 1536 3418 1571 a
3445 1530 3744 1571 sacrosanrto

2224 1617 2342 1672 viro
2360 1616 2687 1672 conscientia
2711 1613 2906 1667 mentis
2923 1611 3139 1665 illibatae
3165 1608 3466 1678 pertulerit,
3498 1608 3588 1660 hoc
3608 1608 3746 1659 edicto

2226 1708 2427 1764 salubri
2462 1707 2758 1771 ﬁrmamus,
2788 1713 2844 1760 et
2890 1709 3148 1773 perpetua
3186 1698 3305 1770 lege
3343 1698 3617 1753 tenendum
3646 1713 3747 1751 ceu-

529 1787 704 1843 .etiam
741 1796 800 1841 ut
840 1786 1015 1842 nullus
1053 1788 1336 1842 missorum
1379 1797 1687 1842 nostrorum
1724 1784 1988 1856 cujusque
2023 1786 2121 1840 im-
2153 1780 2198 1839 Β
2226 1813 2426 1855 scmus,

533 1879 833 1949 peditionis
884 1886 1257 1949 argumentum
1310 1892 1636 1949 componere
1672 1877 1733 1932 in
1766 1878 1985 1947 praelata
2017 1876 2123 1932 ele-

536 1970 724 2026 ctione
758 1969 954 2026 audeat
975 1971 1354 2040 prohibemus.

615 2062 747 2118 Post
762 2064 919 2134 cujus
940 2062 1146 2118 obitum
1166 2078 1271 2133 .per
1293 2062 1458 2118 multa
1484 2064 1888 2119 succedentium
1920 2072 2124 2132 tempo-

543 2171 665 2210 rum
684 2156 949 2213 curricula
973 2170 1144 2227 usque
1162 2156 1236 2211 ad
1270 2155 1527 2225 pestifera
1569 2156 1810 2211 Lotharii
1861 2166 2120 2226 tempora,

542 2247 633 2316 qui
660 2245 729 2300 ab
758 2260 824 2303 eo
838 2260 1123 2316 suscepere
1138 2246 1399 2317 originem
1423 2246 1803 2301 decentissime
1826 2247 2126 2315 gubernare

543 2336 829 2405 imperium
846 2352 861 2402 ;
878 2351 1017 2407 quos
1029 2336 1072 2392 si
1096 2337 1219 2407 quis
1240 2336 1512 2392 studiosus
1524 2335 1753 2391 voluerit
1770 2350 2120 2406 cognoscere,

544 2430 684 2498 legat
728 2428 873 2499 leges
926 2430 994 2485 ab
1044 2428 1124 2484 cis
1171 2427 1558 2500 promulgatas,
1612 2428 1790 2483 videat
1820 2427 2125 2497 sepulturas

546 2530 845 2591 martyrum
876 2536 1008 2576 auro
1050 2520 1385 2591 gemmisque
1432 2521 1735 2586 decoratas,
1767 2518 2124 2590 basilicasque

544 2628 732 2668 eorum
784 2612 920 2668 mira
968 2611 1367 2682 pulchritudine
1408 2618 1742 2676 exornatas,
1801 2609 2127 2665 monasteria

545 2719 761 2774 quoque
806 2702 1061 2774 religiosa
1106 2701 1385 2771 utriusque
1428 2716 1590 2756 sexus
1619 2702 1686 2755 ab
1721 2700 1802 2755 eis
1835 2700 2126 2754 constituta

546 2791 920 2848 cohabitacula
978 2790 1298 2845 clericorum
1353 2789 1670 2861 regulariter
1716 2789 2009 2845 viventium
2060 2789 2127 2843 ab

546 2882 750 2938 eisdem
772 2882 1023 2952 primitus
1038 2881 1283 2936 ordinata
1301 2890 1357 2935 et
1381 2894 1474 2950 per
1498 2880 1753 2950 reliquias
1789 2895 1908 2950 qum
1930 2878 2129 2934 nostris

546 2982 841 3043 supersunt
870 2972 1201 3043 temporibus
1242 2972 1375 3026 satis
1403 2972 1602 3041 poterit
1628 2972 1929 3034 advertere,
1963 2985 2125 3040 quam

550 3066 996 3123 tiltristianissinti
1051 3079 1323 3135 quamque
1379 3064 1490 3119 Deo
1542 3062 1801 3118 amabiles
1875 3062 2124 3117 extitere.

548 3160 725 3229 Leges
752 3170 879 3212 vero
925 3154 993 3209 ab
1042 3156 1122 3210 eis
1164 3154 1512 3226 promulgata:
1552 3154 1634 3208 ba:
1658 3162 1827 3208 sunt:
1872 3168 1938 3208 ex
1969 3153 2128 3210 victis

553 3252 648 3319 lita
671 3250 814 3318 cod.)
847 3247 1027 3303 Karoli
1056 3255 1111 3303 et
1137 3246 1355 3302 Lodoici
1380 3247 1765 3316 imperatorum
1800 3260 1815 3299 :
1847 3260 2129 3300 sacrorum

550 3356 821 3407 canonum
849 3356 951 3394 non
980 3339 1175 3410 ignari,
1209 3348 1269 3393 ut
1301 3338 1351 3392 in
1378 3337 1470 3391 Dei
1504 3336 1719 3393 nomine
1740 3346 1926 3392 sancta
1951 3335 2134 3392 Eccle-

546 3428 635 3489 sia
692 3428 791 3488 Suo
821 3431 1042 3486 liberius
1091 3430 1329 3501 potiatur
1377 3430 1580 3483 honore
1625 3442 1905 3484 assensum
1960 3426 2134 3482 eccle-

551 3521 772 3577 siastico
801 3519 975 3576 ordini
1006 3521 1330 3589 praebemus,
1354 3525 1413 3572 ut
1447 3516 1655 3572 scilicet
1678 3531 1779 3587 per
1815 3515 2131 3571 electionem

544 3600 682 3693 :rleri
710 3618 765 3665 et
794 3610 969 3681 populi
995 3606 1290 3664 secundum
1319 3616 1517 3663 statuta
1535 3600 1801 3662 canarium
1829 3605 1894 3660 de
1920 3605 2133 3676 prepria

556 3703 776 3759 dioecesi
810 3709 1015 3757 remota
1035 3715 1385 3771 personarum
1412 3709 1469 3754 et
1498 3713 1780 3753 munerum
1819 3698 2134 3769 acceptione

556 3795 627 3851 ob
656 3794 779 3850 vitae
820 3793 1069 3849 meritum
1097 3802 1151 3848 et
1179 3792 1456 3863 sapientia:
1500 3791 1698 3845 donum
1739 3790 2029 3862 eligantur,
2077 3780 2137 3844 ut

548 3877 807 3956 exemplo
831 3891 886 3939 et
913 3883 1075 3940 verbo
1104 3882 1209 3940 sibi
1261 3879 1519 3951 subjectis
1571 3895 1958 3953 usquequaque
2015 3894 2136 3951 pro-

562 3979 718 4035 desse
738 3977 969 4034 valeant.

630 4068 760 4124 ltern
802 4066 1115 4123 constitutio
1143 4065 1209 4121 K.
1260 4062 1606 4136 imperatoris
1634 4080 1647 4117 :
1682 4063 1943 4120 Volumus
1973 4070 2137 4131 atque

556 4160 899 4232 "praecipimus
928 4166 986 4212 ut
1010 4172 1200 4213 omnes
1226 4165 1423 4211 nostrae
1451 4154 1664 4221 ditioni,
1706 4152 1999 4208 auxiliante
2024 4151 2135 4207 Do-

544 4243 728 4319 ‘mino,
751 4251 976 4321 subjecti
1006 4259 1113 4306 tam
1135 4248 1363 4304 Romani
1394 4264 1554 4318 quam
1579 4247 1797 4309 Franci,
1822 4243 2131 4319 Alamanni,

550 4340 863 4417 "Baugueri,
913 4342 1196 4407 Saxones,
1257 4339 1613 4409 Lothoringi.
1667 4338 1921 4404 Rixones,
1976 4335 2132 4400 Galli,

548 4430 988 4506 'Burgundiones,
1037 4433 1328 4496 Brittones,
1372 4428 1709 4501 Langobardi
1735 4468 1750 4494 ,
1801 4428 2129 4492 Guascones,

2242 4434 2542 4490 valentibus
2586 4439 2807 4503 prapter
2850 4436 3161 4483 senatorum
3217 4421 3689 4493 frequentissimos
3730 4417 3791 4468 iu-

550 4522 945 4593 Beneventani,
975 4526 1159 4591 Gothi,
1199 4523 1439 4596 llyspani
1479 4523 1770 4592 caeterique
1795 4535 1983 4576 omnes
2011 4520 2139 4575 sub-

548 4621 704 4690 jecti,
736 4621 892 4676 nobis
921 4631 1242 4689 quocunque
1289 4615 1419 4686 legis
1461 4613 1676 4670 vinculo
1722 4611 2029 4676 constricti,
2056 4609 2141 4664 vel

558 4708 1031 4787 consuetudinario
1080 4721 1231 4763 more
1284 4704 1536 4762 connexi.
1592 4702 1743 4758 Hanc
1792 4700 2139 4763 sententiam,

557 4802 777 4876 quaex
809 4809 963 4857 sexto
1013 4798 1221 4855 decimo
1266 4796 1552 4852 Theodosii
1595 4794 1931 4865 imperatoris
1980 4791 2140 4857 libro,

561 4880 807 4963 capitulo
828 4887 1071 4943 videlicet
1120 4904 1199 4954 XI,
1237 4887 1304 4942 ad
1356 4887 1680 4955 interrogata
1712 4881 1918 4937 Ablavii
1965 4880 2140 4945 ducis,

560 5000 671 5055 qua
718 4982 822 5038 illis
850 4986 904 5038 et
946 4980 1195 5036 omnibus
1237 4980 1549 5050 praescripta
1591 4974 1860 5040 misimus,
1911 4982 1965 5027 et
1999 4971 2145 5025 inter

560 5062 750 5130 nostra
790 5072 1019 5144 capitula
1064 5085 1162 5144 pro
1206 5069 1323 5140 lege
1365 5066 1591 5144 tenenda
1621 5062 1871 5118 consultu
1902 5061 2143 5117 omnium

558 5142 872 5221 nostrorum
910 5142 1145 5219 ﬁdelium
1179 5160 1477 5233 posuimus,
1518 5142 1636 5226 lege
1675 5153 1856 5209 cuncti
1888 5161 2144 5223 perpetua

565 5263 805 5319 teneant,
863 5261 919 5306 ut
970 5250 1275 5323 quicunque
1331 5248 1481 5302 litem
1529 5245 1737 5301 habens
1783 5242 1898 5298 sive
1947 5242 2147 5312 petitor

565 5347 746 5412 fuerit,
774 5328 944 5401 veli'in
987 5340 1143 5401 initio
1173 5341 1285 5396 litis
1315 5338 1399 5393 vel
1427 5335 1673 5393 decursis
1702 5343 2002 5403 temporum
2024 5346 2148 5386 cur-

567 5440 774 5504 riculis,
806 5438 919 5493 sive
967 5451 1091 5491 cum
1142 5433 1417 5504 negotium
1471 5426 1839 5498 perhortatur,
1880 5424 1995 5480 sive
2023 5438 2145 5478 cum

563 5533 671 5602 jam
726 5530 930 5600 ceperit
977 5525 1149 5609 promi
1195 5520 1484 5584 sententia,
1537 5516 1582 5573 si
1619 5515 1880 5585 judicium
1928 5513 2149 5584 elegerit

570 5630 932 5678 sacrosancta:
954 5604 1392 5689 legis'antistitis,
1416 5609 1561 5664 illico
1589 5608 1706 5663 sine
1728 5605 1908 5675 aliqua
1934 5604 2147 5659 dubita-

572 5714 716 5768 tione
750 5711 910 5766 etiam
933 5709 979 5766 si
1010 5706 1187 5779 aliqua
1220 5717 1345 5775 pars
1396 5701 1719 5770 refragatur,
1765 5697 1830 5753 ad
1861 5697 2146 5766 episcopo-

2298 1892 2391 1949 Hae
2422 1901 2550 1948 sunt
2585 1891 2732 1963 leges
2769 1888 3091 1947 Christianis
3139 1883 3551 1955 imperatoribus
3592 1881 3750 1951 digna.

2225 1985 2316 2056 qui
2368 2001 2497 2048 non,
2542 1991 2601 2036 nt
2650 1995 2766 2036 mos
2784 1989 2900 2047 est,
2941 1977 3247 2033 Crtccorum
3286 1975 3649 2043 imperatorum
3679 1988 3753 2040 per
3846 1984 3848 2043 ί

2228 2078 2526 2147 spadonum
2558 2071 2941 2136 astutiam,sed
2972 2084 3068 2140 per
3094 2066 3437 2122 sacerdotum
3462 2064 3754 2133 prudentiam

2229 2178 2451 2237 regnum
2477 2162 2933 2232 gubernavcrunt,
2966 2167 3022 2212 et
3050 2157 3169 2212 ideo
3197 2156 3342 2211 beati
3377 2156 3501 2223 quia
3526 2167 3757 2222 quousque

2228 2260 2281 2314 in
2325 2254 2571 2328 prmsenti
2603 2254 2785 2308 vixere
2813 2251 2918 2306 alta
2968 2264 3099 2320 pace
3147 2248 3423 2318 quievere,
3459 2255 3511 2298 et
3538 2245 3586 2298 in
3612 2244 3759 2297 lutum

2228 2365 2349 2405 cum
2380 2346 2599 2403 Christo
2624 2343 2928 2414 regnabant
2955 2341 3074 2394 sine
3109 2337 3237 2393 ﬁne.

2299 2440 2405 2495 Sed
2435 2453 2558 2493 cum
2604 2433 3029 2506 praenominatns
3077 2427 3367 2485 Lotharius
3415 2438 3552 2493 sarpe
3590 2437 3617 2475 a
3648 2435 3760 2491 papa

2229 2529 2449 2587 Nicolao
2485 2534 2630 2584 esset
2675 2524 3025 2588 ammonitus,
3061 2530 3120 2576 ut
3148 2517 3512 2576 Gualdradam
3555 2514 3761 2585 pellicem

2230 2638 2386 2678 suam
2430 2618 2750 2681 dimitteret,
2795 2623 2850 2670 et
2889 2606 3051 2668 nollet
3091 2610 3458 2680 acquiescere,
3482 2604 3762 2659 sententiain
3846 2604 3848 2681 ι

2230 2714 2429 2769 meruit
2453 2703 3044 2768 excommunicationis.
3075 2701 3263 2757 Infelix
3313 2708 3491 2752 autem
3531 2713 3625 2749 non
3651 2696 3762 2749 resi-
3846 2694 3848 2769 ξ

2229 2806 2466 2877 piscens,
2495 2802 2590 2858 sed
2620 2800 2877 2869 adjiciens
2922 2805 3201 2867 peccatum
3225 2799 3472 2863 peccato,
3516 2803 3663 2841 ausus
3700 2794 3766 2840 est
3846 2794 3848 2841 ξ

2232 2895 2495 2950 infamare
2519 2894 2714 2948 donum
2745 2902 2892 2959 papte
2934 2884 3165 2941 senioris
3191 2882 3411 2945 Roma;
3447 2888 3501 2934 et
3538 2878 3642 2932 ideo
3682 2892 3767 2930 non
3846 2894 3848 2937 ε

2230 2986 2399 3043 solum
2423 2981 2945 3052 excommunicatus,
2964 2977 3056 3033 sed
3080 2976 3241 3031 etiam
3273 2972 3535 3043 imperiali
3553 2968 3771 3040 dignitate

2230 3087 2285 3134 et
2312 3076 2457 3133 onmi
2490 3074 2823 3131 Francorum
2849 3076 3113 3139 potestate
3142 3065 3418 3135 depositus
3442 3072 3540 3117 est.
3846 3052 3848 3091 ε

2306 3169 2545 3236 Quantas
2572 3180 2701 3221 vero
2727 3162 3065 3219 calamitates
3088 3157 3346 3214 Romanis
3372 3156 3460 3210 hic
3480 3151 3773 3211 intulerit.et
3846 3150 3848 3157 '

2233 3257 2694 3331 qualiterdonum
2722 3268 2875 3324 papa:
2905 3249 3261 3319 injuriaverit,
3301 3261 3537 3316 eumque
3572 3244 3666 3299 sibi
3706 3258 3772 3295 ra-
3846 3248 3848 3251 '

2236 3353 2410 3407 tiones
2440 3346 2858 3417 przetcndentem
2903 3341 3191 3413 spreverit,
3234 3348 3290 3394 et
3333 3337 3599 3408 quomodo
3634 3334 3773 3389 recle-
3846 3358 3848 3407 ε

2234 3445 2371 3500 siam
2402 3443 2464 3513 S.
2494 3440 2637 3495 Petri
2687 3436 2905 3493 militari
2936 3450 3096 3490 manu
3135 3432 3397 3503 possedit,
3439 3440 3494 3486 et
3522 3443 3672 3498 quam
3696 3436 3777 3478 tur-
3846 3424 3848 3485 ξ

2233 3532 2454 3604 pissima
2511 3540 2684 3585 morte
2736 3526 3007 3598 perierit,
3065 3530 3336 3578 testantur
3382 3529 3439 3575 et
3482 3518 3775 3574 Francorum
3846 3548 3848 3599 ἰ

2236 3624 2487 3681 Historiae
2505 3632 2559 3677 et
2581 3623 2821 3692 ipsorum
2850 3632 3073 3688 regnum
3103 3631 3273 3685 usque
3300 3613 3463 3669 hodie
3496 3612 3720 3668 divisum.

2236 3767 2242 3771 .
2304 3716 2513 3770 interea
2536 3713 2869 3767 Francorum
2896 3723 3065 3778 regno
3099 3722 3195 3777 per
3220 3704 3530 3775 superbiam
3560 3700 3782 3756 exteriui-
3846 3748 3848 3789 ἰ

2235 3817 2385 3873 nato,
2414 3805 2653 3861 Italicum
2681 3818 2903 3873 regnum
2926 3800 3228 3870 patiebatur
3253 3798 3437 3852 varias
3463 3794 3781 3850 calamitates.
3846 3808 3848 3857 ε

2228 3896 2369 3951 Nam
2396 3908 2540 3948 nunc
2566 3893 2782 3962 quidem
2814 3905 2911 3961 per
2940 3886 3420 3957 Langobardorum
3460 3881 3783 3953 tyrannidem.
3846 3906 3848 3962 ε

2235 3986 2521 4057 aliquando
2556 4000 2683 4039 vero
2721 3958 2829 4053 per
2853 3980 3292 4050 Burgundionum
3326 3974 3661 4035 violentiam,
3699 3970 3787 4039 ple-

2238 4094 2465 4147 rumque
2488 4093 2617 4131 vero
2644 4090 2738 4145 per
2767 4073 3067 4128 Salicorum
3110 4068 3421 4138 superbiam
3454 4082 3559 4121 non
3601 4063 3787 4131 regeba-
3846 4072 3848 4141 ί

2239 4180 2347 4235 tur,
2370 4171 2464 4225 sed
2501 4168 2679 4239 potius
2719 4164 3051 4220 vastabatur.
3096 4160 3293 4214 Eodem
3331 4173 3551 4228 quoque
3583 4164 3786 4222 tempore
3846 4176 3848 4241 ζ

2237 4259 2480 4313 Romana
2528 4256 2765 4311 Ecclesia
2820 4249 3137 4323 periculosis
3184 4246 3507 4314 subiacebat
3558 4242 3786 4315 cladibus,
3846 4288 3848 4319 τ

2238 4366 2362 4405 nam
2422 4347 2682 4402 Romanis
2734 4344 2990 4398 auxilium
3046 4338 3469 4410 imperatoribus
3526 4335 3667 4389 ferre
3708 4346 3787 4383 non

2241 4541 2453 4591 cursus,
2484 4523 2729 4587 Francis,
2760 4529 2819 4575 ut
2860 4519 3109 4589 superius
3138 4514 3401 4577 diximus,
3428 4512 3619 4567 divisis
3658 4519 3706 4564 et
3740 4508 3790 4559 ab

2241 4618 2469 4675 ecclesia
2508 4611 2888 4684 sequestratis,
2914 4610 3064 4665 urbis
3110 4607 3293 4661 Romae
3324 4602 3594 4675 capitanci
3633 4614 3791 4656 nomen
3846 4602 3848 4665 ξ

2241 4714 2346 4770 sibi
2371 4714 2532 4767 inane
2572 4710 2909 4779 imponentes
2954 4702 3279 4774 patritiatus,
3312 4698 3622 4752 Romanam
3652 4691 3794 4750 Eccle-

2242 4808 2378 4863 siam
2405 4802 2739 4859 validissime
2775 4800 3209 4853 devastavcrunt.
3254 4791 3414 4859 Quod
3464 4804 3665 4844 nomen
3706 4786 3797 4841 ideo

2244 4898 2429 4964 inane,
2465 4896 2593 4966 quia
2628 4895 2680 4950 in
2706 4890 2972 4948 Romanis
3003 4887 3153 4941 fastis
3178 4899 3281 4940 nec
3324 4897 3671 4954 paganorum
3696 4888 3797 4933 teut-

2242 5003 2372 5060 pore
2405 5001 2505 5042 nec
2533 4985 2964 5041 Christianorum
2993 4992 3222 5049 usquam
3252 4975 3559 5030 invenitur.

2247 5080 2481 5150 dignitas
2516 5086 2659 5132 esset
2684 5074 2885 5143 aliqua,
2915 5081 3007 5126 aut
3034 5084 3130 5141 per
3167 5068 3311 5141 hanc
3351 5076 3604 5136 tempora
3634 5062 3803 5121 inveni-

2246 5179 2437 5243 rentur
2462 5169 2697 5237 signata,
2721 5173 2808 5217 aut
2839 5161 2987 5234 leges
3017 5157 3369 5237 promulgata:
3408 5166 3508 5210 aut
3538 5154 3727 5209 tabch
3746 5152 3803 5203 ἱιιο

2246 5236 2481 5330 signitzc.
2509 5232 2615 5313 ἐρα
2643 5257 2698 5310 in
2743 5232 3003 5309 Romanis
3054 5250 3256 5320 legibus
3298 5232 3578 5317 nusquam
3613 5245 3714 5302 tale
3734 5242 3808 5297 ali.

2247 5353 2376 5422 quid
2401 5349 2692 5405 invenitur.
2722 5347 2918 5402 Verum
2960 5352 3077 5397 esto
3111 5340 3291 5415 aliqua
3319 5338 3573 5409 dignitas
3601 5338 3672 5393 ad
3707 5349 3808 5389 coa-

2246 5441 2575 5497 stituendutn
2609 5437 2792 5492 forsan
2824 5435 3201 5504 imperatorem
3246 5430 3470 5495 habilis,
3507 5423 3813 5484 ordinatioai

2250 5550 2379 5590 vero
2423 5531 2618 5588 summi
2660 5527 2932 5599 pontiﬁcis
2980 5525 3291 5581 nullatenus
3340 5532 3649 5592 oportuna.
3694 5517 3813 5576 Utulc

2250 5550 2379 5590 vero
2423 5531 2618 5588 summi
2660 5529 2809 5599 ponti
2853 5528 2932 5583 cis
2980 5528 3291 5581 nullatenus
3340 5532 3649 5592 oportuna.
3695 5528 3813 5576 Unde

2247 5640 2376 5680 vero
2416 5626 2527 5679 haec
2556 5528 2932 5692 substitioﬁila
2979 5616 3097 5671 cod.
3143 5615 3281 5684 forte
3316 5611 3674 5690 superstitio}
3697 5628 3817 5664 suin-

2251 5718 2417 5789 pscrit
2453 5715 2754 5781 exordium,
2798 5712 3006 5784 paucis,
3055 5698 3115 5764 si
3141 5716 3354 5778 potero,
3387 5705 3701 5776 explanabo
3739 5702 3818 5755 Go-
