3852 6308
92 326 168 386 813
1142 307 1347 366 LIBER
1381 301 1475 367 AD
1505 299 1881 364 AMICUH.-—-
1901 297 2028 360 LIB.
2069 297 2156 356 IV.

3168 289 3274 375 sit

90 446 199 501 thica
221 439 512 509 tempestate
531 438 587 490 et
622 415 1028 512 Cuandalorum
1059 426 1244 498 gladio
1280 436 1337 483 et
1373 423 1588 497 Longo-
1616 424 1662 487 Δ
1693 419 1925 490 subjecit
1946 433 2059 476 sua:
2077 413 2290 482 ditioni,
2314 427 2561 512 titulique
2590 421 2713 484 post
2756 410 2989 467 Henrico
3024 425 3122 467 suo
3166 407 3276 512 filio

88 531 258 591 lin-dira
292 526 429 583 rabie
469 523 589 580 dum
615 521 791 578 Roma
830 524 1191 591 premeretur,
1221 532 1328 575 non
1354 516 1591 574 ferentes

88 625 289 692 impetum
312 616 663 675 barbarorum,
686 613 919 669 Romani
951 612 1019 668 ab
1047 610 1466 683 imperatoribus
1495 623 1591 679 pa-

89 709 315 766 trocinium
366 704 586 761 militum
640 702 1022 774 implorabant,
1077 699 1222 770 quod
1280 698 1380 763 illi,
1434 706 1593 769 prout

88 811 246 870 tempus
264 803 602 861 concesserat,
633 792 990 850 libentissime
1021 791 1313 848 faciebant.
1357 789 1493 846 Nam
1522 806 1590 845 ex

87 891 211 946 latere
246 904 335 947 suo
358 889 628 944 mittentes
669 887 939 959 spadones
964 886 1110 943 viros
1155 883 1588 955 probatissimos,

86 980 210 1037 veluti
233 978 441 1035 Narsum
464 986 521 1034 et
545 975 867 1034 Belisarium
889 985 946 1033 et
974 975 1111 1032 alios
1146 974 1449 1047 complures
1477 989 1592 1029 ma-

85 1071 232 1142 gistros
251 1068 462 1123 militum
488 1068 769 1125 creabant.
801 1066 905 1136 Qui
935 1068 1213 1122 venientes
1244 1065 1451 1122 Italiam
1475 1064 1589 1136 ple-

86 1179 259 1234 rumque
298 1162 544 1220 barbaros
584 1162 870 1237 fugabant,
926 1160 1218 1232 aliquando
1266 1174 1397 1214 vero
1445 1158 1592 1214 solos

86 1270 221 1312 muros
243 1256 375 1313 urbis
406 1257 710 1314 tuebantur.
735 1254 847 1311 Hos
873 1254 1115 1310 Romana
1146 1252 1423 1324 pepularis
1455 1252 1591 1308 sim-

85 1348 240 1417 plicitas
266 1348 398 1405 velut
439 1358 620 1420 patres
666 1348 839 1414 urbis,
879 1347 1137 1418 patricios
1173 1346 1496 1416 appellabat,
1527 1360 1592 1402 eo

86 1454 300 1509 moreque
320 1454 483 1510 usque
508 1440 671 1496 hodie
714 1438 973 1497 Romana:
1020 1440 1261 1495 civitatis
1311 1448 1593 1510 magnates

84 1539 352 1599 protectores
373 1532 624 1604 appellat.
652 1530 759 1588 Sed
790 1532 869 1588 rei
899 1532 1145 1589 ordinem
1179 1545 1589 1603 prosequamur.

86 1618 129 1673 lli
148 1636 266 1688 vero,
282 1638 407 1693 quos
434 1638 597 1694 supra
627 1623 1070 1692 memoravimus,
1117 1621 1268 1678 urbis
1318 1620 1589 1693 capitanci

85 1722 249 1782 accepta
277 1713 544 1785 tyrannide
593 1714 820 1774 licenter
863 1726 1059 1775 cuncta
1110 1715 1403 1774 faciebant.
1457 1717 1588 1773 Nam

85 1817 159 1857 non
184 1803 330 1859 solum
358 1806 719 1864 cardinalatus
768 1817 824 1864 et
862 1808 1108 1866 abbatias
1152 1818 1209 1865 et
1251 1809 1593 1880 episcopatus

86 1893 327 1961 turpissima
375 1897 669 1954 venalitate
718 1898 1024 1966 foedabant,
1065 1901 1159 1957 sed
1212 1901 1387 1970 ipsum
1428 1900 1591 1956 etiam

85 1983 281 2040 Romana:
304 1987 547 2044 Ecclesiae
575 1990 947 2061 pontificatum
983 2007 1090 2048 non
1121 2001 1365 2063 spectata
1413 1992 1592 2064 aliqua

88 2088 243 2129 morum
279 2076 524 2149 dignitate
553 2094 658 2136 nec
684 2080 864 2153 aliqua
893 2090 1056 2139 Lantre
1085 2082 1344 2139 Ecclesia:
1388 2099 1594 2154 prtere-

85 2165 232 2234 gativa,
254 2168 572 2226 solummodo
611 2170 677 2231 ad
705 2171 942 2239 libitum,
973 2173 1059 2229 cui
1092 2172 1363 2243 placebat,
1386 2171 1474 2229 vel
1499 2174 1594 2244 qui

85 2254 169 2324 plus
194 2274 360 2316 manus
381 2276 569 2319 eorum
601 2262 884 2335 implebat,
931 2264 1235 2331 donabant;
1278 2274 1335 2321 et
1375 2281 1482 2322 non
1511 2281 1599 2323 so-

87 2340 162 2397 lum
187 2345 368 2405 clericis
393 2350 485 2406 sed
514 2359 573 2407 et
602 2351 783 2418 laicis;
841 2354 916 2408 ita
957 2361 1019 2408 ut
1044 2370 1154 2410 uno
1184 2355 1489 2426 eodemque
1509 2356 1598 2413 die

86 2434 336 2514 Plerumque
364 2452 417 2499 et
464 2444 639 2503 laicus
672 2455 815 2503 esset
846 2456 900 2502 et
935 2447 1208 2518 pontifex;
1262 2449 1449 2521 sicque
1483 2449 1600 2505 lan-

85 2542 307 2595 guescente
331 2535 501 2607 capite
528 2537 954 2596 infirmabantur
979 2548 1036 2595 ct
1073 2550 1268 2596 cretera
1333 2542 1596 2609 membra,

88 2615 123 2669 in
159 2627 342 2690 mutum,
386 2635 446 2683 ut
478 2645 589 2686 non
634 2630 810 2686 solum
848 2630 1039 2687 altaris
1064 2622 1069 2627 ’
1094 2632 1327 2689 ministri
1375 2633 1601 2690 secundi

87 2712 259 2783 ordinis,
285 2721 584 2779 sacerdotes
617 2731 675 2778 et
693 2723 890 2791 levita,
925 2725 1019 2781 sed
1046 2725 1146 2798 ipsi
1175 2726 1456 2796 pontiﬁces
1475 2741 1604 2798 I188-

87 2802 159 2857 sim
183 2809 484 2867 concubinati
515 2814 869 2883 haberentur,
907 2825 968 2871 ut
1006 2816 1122 2888 ipse
1168 2833 1299 2874 usus
1323 2817 1437 2886 jam
1465 2821 1602 2874 ado-

87 2891 184 2993 leret
202 2898 255 2972 [ι.
273 2904 516 2978 aboleret]
550 2907 857 2976 infamiam,
911 2920 967 2965 et
1011 2912 1349 2968 consuetudo
1403 2913 1604 2985 turpis-

91 2996 200 3042 uma:
221 2993 492 3051 venalitatis
521 2998 926 3068 quodammodo
961 3000 1177 3055 videtur
1211 2999 1416 3058 leviare
1465 3003 1603 3058 deli-

89 3085 211 3148 ctum,
239 3092 402 3142 etnon
432 3098 643 3144 tantum
690 3089 745 3146 in
777 3090 1024 3161 partibus
1054 3090 1335 3160 Romanae,
1367 3094 1463 3149 sed
1507 3109 1604 3163 per

90 3170 209 3227 totius
233 3174 517 3237 Occidentis
579 3181 801 3237 climata
860 3183 976 3238 haec
1028 3183 1358 3254 agebantur;
1402 3184 1604 3256 quippe

90 3268 249 3322 tacente
298 3281 526 3340 pastore,
548 3273 727 3344 magis
771 3281 951 3330 autem
998 3269 1266 3346 fugiente,
1323 3276 1429 3332 imo
1469 3291 1605 3333 vero

90 3351 174 3421 ῖῐιθο
202 3357 305 3431 lupo
325 3363 463 3420 facto
488 3366 737 3434 custode,
762 3365 885 3437 quis
901 3376 1075 3423 staret
1097 3382 1196 3438 pro
1221 3368 1457 3424 ovibus?

139 3447 244 3506 Dum
277 3452 381 3512 ba‘c
411 3467 729 3529 agerentur,
745 3458 1150 3538 Saracenorum
1184 3459 1444 3517 vilissima
1474 3475 1607 3529 gens

90 3548 181 3593 oras
203 3545 470 3605 maritimas
520 3549 695 3605 Italiae
740 3550 1059 3621 depopulata
1098 3560 1215 3618 est;
1258 3551 1456 3607 dehinc
1484 3567 1606 3622 par-

91 3632 166 3683 tem
187 3630 415 3693 Calabria:
448 3650 504 3696 et
529 3656 750 3696 omnem
782 3641 1024 3698 Siciliam
1078 3642 1280 3697 invadit
1307 3656 1322 3696 :
1355 3643 1425 3698 ab
1453 3642 1609 3713 aqui-

92 3714 180 3776 lone
201 3739 309 3780 vero
336 3729 675 3802 Ungarorum
711 3732 889 3789 valida
921 3748 1055 3805 gens
1088 3734 1358 3790 transiens
1384 3734 1606 3791 Ystrum

90 3824 231 3871 omnes
253 3822 569 3881 cohaerentes
602 3825 703 3882 sibi
747 3827 996 3898 regiones
1038 3828 1352 3893 devastans,
1386 3826 1608 3898 insuper

91 3913 253 3961 omnem
271 3908 607 3970 Germaniam
630 3924 685 3970 ct
713 3915 916 3972 Gallias
939 3932 1110 3988 usque
1134 3922 1201 3973 ad
1228 3932 1379 3972 mare
1426 3917 1606 3973 Brita—

92 3991 225 4052 Iticum
251 4000 582 4075 depopulans,
618 4008 684 4062 ad
735 4008 983 4065 ultimum
1030 4025 1125 4079 per
1165 4008 1607 4082 Burgundionum

91 4094 212 4152 ragna
254 4088 440 4150 italiam
474 4097 725 4163 veniens,
759 4098 832 4153 ita
861 4113 981 4154 eam
1009 4094 1335 4171 depopulata
1388 4109 1494 4169 est,
1550 4110 1610 4156 ut

90 4184 205 4302 ιίξθηθ,
225 4187 429 4254 captivis
447 4190 629 4246 ductis
656 4192 931 4261 ruricnlis,
960 4193 1296 4266 redigeretur
1338 4194 1392 4250 in
1420 4194 1608 4252 solitu-

92 4281 223 4327 utnem
231 4313 241 4324 .

476 4352 713 4424 Explicit
753 4354 885 4410 liber
932 4358 1141 4411 tertius.

374 4463 619 4521 iNClPlT
657 4465 861 4523 LIBER
895 4465 1248 4536 QUARTUS.

143 4540 427 4617 litigatorum
458 4557 627 4628 igitur
656 4555 922 4615 bachante
965 4560 1191 4626 saevitia,
1226 4559 1461 4616 surrexit
1486 4559 1607 4632 qui-

91 4630 181 4735 dam
203 4638 445 4704 Saxonum
474 4660 529 4705 et
557 4648 892 4707 Francorum
926 4668 1044 4719 rex,
1087 4654 1306 4709 nomine
1330 4653 1477 4719 Otto,
1508 4630 1605 4726 qui

91 4720 149 4823 bis
177 4744 253 4823 eos
280 4734 408 4795 bello
430 4739 627 4807 victos,
682 4742 844 4798 tertio
894 4743 1038 4799 bello
1091 4758 1230 4814 pene
1257 4720 1607 4814 consumptos

92 4821 194 4873 intra
218 4821 335 4883 fines
377 4846 502 4887 suos
555 4846 651 4888 eos
687 4833 935 4890 habitare
989 4836 1186 4907 coegit.
1232 4835 1338 4890 Sed
1386 4837 1605 4906 quando

94 4910 190 4964 tanti
215 4916 339 4987 regis
365 4923 563 4979 mentio
592 4922 735 4980 facta
761 4934 865 4992 est,
892 4927 1091 4997 quibus
1114 4924 1411 4996 majoribus
1428 4939 1602 4991 ortus,

91 5000 151 5053 vel
166 5008 365 5074 qualiter
383 5016 448 5071 ad
473 5015 704 5074 Romani
734 5018 887 5089 regni
917 5020 1155 5075 venisset
1202 5021 1420 5093 fastigia
1473 5021 1604 5075 mihi

91 5095 278 5157 scribere
300 5106 465 5163 visum
505 5120 589 5166 est
634 5125 815 5183 opera:
862 5111 1117 5183 pretium.
1166 5111 1215 5168 Is
1256 5114 1401 5169 enim
1461 5112 1607 5169 Saxo

91 5198 262 5258 limere,
286 5195 492 5256 llenrici
517 5202 695 5273 magni
724 5201 1003 5258 Saxonum
1027 5213 1081 5259 et
1104 5202 1438 5260 Francorum
1465 5203 1607 5274 regis

92 5274 166 5366 fuit
191 5281 337 5353 filius,
368 5293 455 5361 qui
506 5295 755 5364 primitus
802 5300 910 5351 dux
939 5294 1239 5360 Saxonum,
1268 5304 1451 5366 postea
1480 5312 1608 5353 vero

90 5364 294 5431 defuncto
332 5379 648 5440 Chuonrado
694 5400 821 5456 rege
871 5383 1226 5450 Francorum,
1264 5364 1361 5455 per
1410 5384 1610 5441 llemu-

94 5460 265 5519 tardum
290 5470 400 5541 ejus
427 5486 738 5544 germanum
770 5475 920 5546 regni
941 5477 1180 5547 suscepit
1205 5475 1458 5546 insignia.
1486 5476 1605 5543 llic,

93 5557 305 5623 susceptis
340 5564 600 5635 regalibus
626 5567 814 5637 signis,
840 5566 1067 5623 Francia
1091 5566 1351 5622 citissime
1394 5565 1606 5631 sedata,

94 5638 331 5741 §f“°0iam
375 5657 444 5711 ab
480 5658 740 5732 ngarica
804 5661 1070 5718 servitute
1124 5660 1417 5718 commisso
1469 5660 1610 5716 bello

94 5730 311 5797 liberavit.
362 5730 583 5807 Deinde
604 5752 914 5821 Bavariam,
941 5753 1168 5824 expulso
1211 5768 1335 5825 rege
1356 5752 1606 5820 Ατιιιιιΐον

404 5920 471 5957 /

1693 513 1913 570 tradidit
1942 512 1995 568 in
2023 510 2305 567 ducatum.
2327 506 2660 565 Brocardum
2688 521 2819 563 vero
2848 505 3149 562 Suevornm
3175 503 3278 565 dn-
3352 542 3355 545 μ

1690 618 1810 660 cem
1854 603 1908 660 in
1940 602 2272 660 deditionem
2304 598 2561 668 suscepit.
2617 596 2822 653 Dehinc
2880 593 3275 652 occidentalem

1692 695 1979 751 Franciam
2003 709 2099 765 per
2126 691 2481 749 Cunibertum
2528 704 2685 745 suum
2710 703 2970 759 generum
2997 685 3275 741 Saxonum

1693 783 1975 856 conjunxit
1997 781 2244 854 imperio;
2260 780 2417 837 Utam
2442 793 2655 850 quoque
2673 792 2828 833 suam
2851 775 3015 833 ﬁliam
3038 774 3277 830 Ludoico

1693 876 2011 933 Latinorum
2039 882 2095 931 et
2122 872 2455 929 Francorum
2476 870 2590 943 regi
2609 869 2827 926 tradidit
2850 869 2904 923 in
2921 866 3230 939 coniugium
3259 882 3275 931 ;

1692 970 1879 1039 sicque
1908 967 2112 1024 sedatis
2139 966 2392 1022 omnibus
2414 966 2609 1030 rebus.
2644 962 2757 1019 filio
2802 976 2901 1017 suo
2925 960 3120 1017 Ottone
3153 973 3279 1028 rege

1693 1074 1792 1129 pro
1837 1074 1898 1117 se
1954 1059 2067 1130 jam
2125 1057 2406 1129 designato
2449 1054 2812 1111 Ecclesiarum
2864 1051 2961 1109 Dei
3008 1050 3280 1107 maximus

1697 1152 1988 1208 fabricator
2011 1160 2068 1206 et
2101 1149 2426 1206 Christianae
2452 1147 2727 1220 religionis
2764 1154 3094 1217 propagator
3126 1143 3281 1198 beato

1695 1244 1801 1300 fine
1833 1243 2065 1315 quievit.

1766 1341 1864 1398 Cui
1888 1339 2153 1397 successit
2176 1337 2317 1394 filius
2342 1336 2459 1406 ejus
2486 1333 2707 1392 Ottovir
2722 1332 3040 1404 magniﬁcus
3062 1340 3115 1386 et
3139 1337 3283 1386 totus

1693 1430 2213 1487 Christianissimus.
2240 1428 2340 1484 Hic
2368 1428 2628 1499 primum,
2661 1438 2719 1481 ut
2745 1424 2996 1496 superius
3023 1422 3282 1485 diximus,

1697 1523 1946 1596 Ungaros
1972 1522 2285 1589 debellavit,
2313 1530 2368 1578 et
2397 1537 2503 1577 non
2546 1519 2721 1575 solum
2773 1533 2936 1574 omne
2982 1531 3140 1593 suum
3200 1529 3286 1570 re-

1692 1627 1881 1682 gnum,
1916 1612 2011 1668 sed
2038 1611 2203 1667 etiam
2226 1627 2443 1666 omnem
2474 1608 2822 1666 Occidentem
2848 1607 2918 1663 ab
2947 1621 3137 1662 eorum
3168 1615 3286 1660 scr-

1696 1707 1868 1761 vitute
1897 1704 2167 1761 liberavit.
2205 1703 2305 1760 llic
2321 1704 2655 1760 Ludovicum
2686 1714 2977 1775 cognatum
3004 1716 3161 1757 suum
3188 1714 3287 1770 per

1625 1775 1671 1838 Β
1700 1796 1936 1868 llugonis
1984 1796 2326 1868 tyrannidem
2381 1805 2609 1866 paterno
2662 1795 2800 1851 solio
2858 1792 3071 1865 pulsum
3118 1808 3287 1861 regno

1696 1887 1954 1943 restituit.
1978 1887 2112 1943 Nam
2139 1886 2361 1942 militari
2394 1902 2558 1941 manu
2581 1885 2827 1950 intravit,
2868 1883 3155 1939 Franciam
3182 1881 3288 1938 lte-

1695 1997 1907 2039 morum
1934 1980 2210 2035 civitatem
2241 1978 2454 2035 obsedit
2472 1986 2528 2032 et
2558 1978 2719 2049 cepit,
2746 1975 3012 2031 Parisium
3039 1974 3285 2029 intravit.

1695 2072 1973 2144 llugonem
1999 2079 2278 2126 auctorem
2326 2067 2628 2140 tyrannidis
2667 2080 2838 2137 usque
2893 2068 2961 2122 ad
3017 2065 3290 2129 Britanni-

1695 2180 1820 2222 cum
1846 2179 2000 2220 mare
2030 2172 2348 2234 persecutus
2374 2172 2479 2218 est.
2522 2160 2650 2217 Inde
2676 2161 3003 2233 Aquisgrani
3038 2159 3285 2224 veniens,

1697 2256 1936 2329 aquilam
1973 2256 2344 2311 Romanorum
2375 2255 2612 2326 signum,
2642 2254 2787 2325 quod
2831 2258 3025 2310 contra
3056 2252 3290 2308 Germa-

1698 2362 1799 2405 nos
1838 2346 2021 2404 multis
2048 2347 2383 2418 temporibus
2410 2346 2511 2404 alis
2544 2347 2787 2404 extensis
2830 2334 3031 2413 stabat,
3063 2345 3289 2402 Franci-

1699 2440 1851 2511 genis
1872 2453 2043 2511 usque
2062 2439 2223 2496 hodie
2251 2439 2560 2509 prominere
2588 2438 2863 2510 praecepit.

1771 2530 1911 2588 Hinc
1936 2532 2267 2605 Maguntiam
2297 2534 2522 2590 veniens
2563 2532 2893 2589 Ruodolfum
2944 2532 3292 2606 Burgundio-

1701 2641 1831 2683 num
1864 2642 2044 2699 regem
2092 2626 2231 2684 bella
2282 2627 2386 2683 sibi
2433 2626 2757 2683 inferentem
2795 2627 2905 2682 vita
2954 2626 3189 2698 privavit
3236 2634 3294 2681 et

1704 2734 1893 2792 regno,
1945 2719 2101 2790 cujus
2147 2720 2357 2790 lancea,
2409 2722 2620 2794 insigne
2666 2723 2876 2779 scilicet
2913 2721 3123 2794 imperii
3166 2730 3296 2777 ante

1704 2821 2121 2885 nostrasusque
2158 2813 2319 2871 hodie
2357 2823 2610 2887 portatur
2642 2812 2948 2885 imperiales
2970 2819 3293 2882 potestates.

1775 2905 1874 2963 His
1900 2906 1976 2962 ita
2005 2908 2322 2973 transactis,
2353 2923 2477 2966 cum
2512 2908 2636 2963 talis
2676 2922 2741 2963 ac
2773 2915 2956 2962 tantus
2989 2920 3081 2961 rex
3110 2906 3298 2975 priore

1705 3011 1801 3053 sua
1851 2994 2080 3069 conjuge
2108 2997 2333 3054 orbatus
2365 3007 2529 3062 esset.
2575 2998 2927 3067 audissetque
2963 2994 3162 3051 famam
3201 3010 3302 3050 no-

1709 3087 1989 3144 bilissimae
2019 3097 2183 3160 atque
2227 3089 2669 3160 prudentissime
2718 3090 2959 3146 Adeletaa
2991 3087 3125 3162 [erat
3156 3087 3299 3143 inter

1710 3180 1808 3237 (in.
1862 3183 2116 3253 scriptum
2142 3180 2475 3254 Adelhaidm]
2505 3184 2776 3252 quondam
2811 3181 3053 3237 Lotharii
3076 3180 3297 3252 Longo-

1708 3272 2006 3329 bardorum
2051 3272 2195 3345 regis
2221 3273 2489 3345 conjugis,
2527 3289 2690 3344 quam
2733 3273 2894 3328 simul
2925 3288 3048 3328 cum
3097 3271 3299 3328 Ottone

1707 3365 1908 3420 cernite
1923 3364 2259 3436 Belingarius
2285 3356 2544 3436 tyrannus
2566 3365 2706 3419 intra
2729 3364 3018 3420 Canusium
3044 3378 3142 3433 per
3163 3364 3300 3419 mul-

1711 3463 1793 3510 tos
1814 3469 1986 3511 annos
2006 3454 2315 3520 obsederat,
2337 3465 2502 3511 tantae
2525 3457 2728 3526 regiam
2756 3457 3091 3525 eompatiens
3135 3456 3301 3510 misc-

1709 3546 1808 3601 riis
1833 3545 1991 3601 simul
2020 3554 2077 3602 et
2123 3546 2258 3602 tanti
2292 3546 2511 3602 comitis
2553 3546 2829 3602 admirans
2875 3548 3062 3613 fidem,
3093 3548 3301 3603 delibe-

1712 3637 1851 3693 ravit
1883 3636 2025 3693 ferre
2049 3637 2333 3694 auxilium.
2363 3638 2465 3706 Qui
2489 3638 2751 3695 citissime
2779 3654 3115 3713 congregans
3139 3654 3303 3696 exer-

1709 3735 1854 3789 citus
1883 3733 1964 3789 sui
2009 3732 2413 3790 multitudinem
2440 3731 2753 3807 Belingario
2783 3734 3026 3790 extincto
3065 3733 3303 3804 filiisque

1708 3824 1878 3894 ejnsa
1914 3840 2082 3896 regno
2103 3825 2345 3897 expulsis
2377 3841 2604 3898 regnum
2655 3826 2758 3882 sibi
2810 3825 3026 3884 Ottonis
3070 3824 3302 3884 consilio

1708 3917 1926 3973 comitis
1948 3917 2296 3988 pacatissime
2322 3918 2561 3988 suscepit
2587 3927 2643 3975 et
2669 3917 2978 3991 coniugem.

1782 4011 1986 4067 Dehinc
2016 4009 2260 4080 ejusdem
2296 4009 2512 4067 Ottonis
2539 4011 2768 4067 consilio
2797 4012 3019 4083 cupiens
3073 4010 3302 4066 Romam

1710 4101 1895 4156 videre
1925 4101 1992 4157 ad
2013 4100 2276 4157 Joannem
2292 4115 2486 4172 papam
2513 4102 2663 4157 urbis
2688 4100 2871 4156 Roma:
2893 4110 3301 4156 sacramentum

1707 4195 1859 4253 dedit
1878 4196 2162 4266 corporale
2184 4195 2237 4250 in
2256 4195 2399 4250 hunc
2415 4194 2633 4249 modum
2653 4211 2665 4247 :
2694 4193 2812 4248 Tibi
2831 4193 3051 4249 domino
3065 4191 3302 4247 Johauni

1712 4301 1865 4357 papa:
1890 4301 1992 4359 ego
2028 4302 2123 4341 rex
2163 4285 2291 4343 Otto
2333 4284 2593 4355 promitto
2623 4295 2679 4339 et
2711 4282 2839 4353 iuro
2867 4298 2967 4355 per
2995 4283 3211 4337 Patrem
3245 4294 3305 4337 et

1714 4379 1909 4434 Filium
1934 4389 1986 4434 et
2015 4377 2280 4450 Spiritum
2324 4384 2570 4432 sanctum
2605 4383 2662 4430 et
2692 4390 2788 4445 per
2815 4374 3022 4447 lignum
3053 4374 3303 4430 mirifica:

1631 4489 1684 4550 ι)
1710 4470 1891 4527 crucis
1911 4479 1966 4525 ct
1994 4485 2093 4542 per
2132 4470 2232 4525 has
2254 4467 2513 4540 reliquias
2541 4475 2879 4533 sanctorum,
2910 4467 3057 4539 quod
3103 4466 3147 4524 si
3178 4481 3303 4537 perc

1712 4562 1960 4618 mittente
1994 4560 2105 4617 Deo
2132 4560 2363 4616 Romam
2413 4573 2639 4626 venero,
2687 4567 2935 4615 sanctam
2994 4557 3311 4613 Romanam

1710 4652 2007 4709 Ecclesiam
2039 4660 2097 4707 et
2123 4661 2175 4708 te
2205 4661 2473 4709 rectorem
2518 4650 2688 4722 ipsius
2716 4648 2970 4706 exaltabo
2999 4636 3302 4705 secundum

1709 4760 1887 4801 meum
1929 4759 2110 4813 posse,
2132 4751 2190 4799 et
2226 4757 2503 4813 nunquam
2528 4744 2693 4799 vitam
2721 4751 2815 4798 aut
2855 4742 3097 4798 membra
3123 4756 3305 4812 neque

1710 4838 1886 4908 ipsum
1917 4839 2196 4895 honorem.
2230 4850 2391 4907 quem
2450 4836 2619 4891 habes
2668 4850 2789 4891 mea
2840 4835 3154 4900 voluntate,
3205 4846 3311 4888 aut

1709 4944 1975 4985 consensu
2030 4938 2124 4983 aut
2166 4943 2287 4983 meo
2335 4926 2559 4983 consilio
2606 4936 2702 4982 aut
2764 4940 2882 4983 mea
2924 4925 3317 4982 exhortatione

1709 5022 1924 5093 perdes,
1951 5031 2006 5077 et
2036 5019 2090 5075 in
2125 5019 2291 5076 Roma
2322 5019 2527 5075 nullum
2563 5019 2820 5090 placitum
2862 5027 2959 5073 aut
2996 5017 3298 5073 ordinatio-

1710 5130 1833 5181 nem
1867 5112 2060 5170 faciam
2087 5112 2155 5169 de
2184 5112 2436 5168 omnibus
2483 5127 2604 5182 qua:
2629 5111 2695 5166 ad
2726 5120 2777 5167 te
2812 5122 2904 5165 aut
2931 5109 2998 5165 ad
3023 5108 3303 5164 Romanos

1710 5207 1983 5279 pertinent
2023 5205 2141 5261 sine
2177 5218 2269 5260 tuo
2306 5204 2555 5267 consilio,
2610 5211 2667 5258 et
2721 5200 2983 5279 quidquid
3042 5200 3109 5254 de
3154 5207 3299 5253 terra

1711 5277 1895 5353 Sancti
1926 5296 2068 5351 Petri
2089 5296 2156 5350 ad
2183 5306 2421 5351 nostram
2447 5302 2767 5363 potestatem
2803 5277 3029 5356 venerit,
3062 5287 3155 5343 tibi
3183 5289 3304 5344 red-

1711 5386 1854 5440 dam.
1879 5384 2196 5455 Cnicunque
2216 5394 2397 5438 autem
2431 5397 2653 5452 regnum
2684 5380 2926 5435 Italicum
2952 5377 3298 5443 commisero,

1705 5473 1895 5545 jurare
1946 5474 2139 5530 faciant
2188 5474 2361 5536 illum,
2394 5483 2451 5527 ut
2489 5471 2701 5538 adjutor
2746 5480 2869 5525 tuus
2896 5471 2971 5551 sit
3014 5468 3080 5523 ad
3111 5467 3301 5523 defen-

1710 5567 1940 5623 dendam
1968 5576 2165 5621 terram
2198 5567 2257 5621 S.
2299 5566 2439 5621 l'ctri
2467 5564 2765 5619 secundum
2793 5564 2953 5619 suum
2982 5574 3157 5631 posse.
3192 5561 3299 5618 Dc-

1712 5662 2079 5718 hincltomam
2109 5662 2336 5716 tendens
2358 5658 2653 5714 honorifice
2678 5672 2706 5711 a
2733 5654 2994 5712 Romanis
3015 5662 3299 5722 susceptus

1712 5765 1819 5810 eta
1862 5755 2080 5811 domino
2125 5769 2261 5825 papa
2300 5750 2674 5809 benedictione
2709 5747 2971 5821 imperiali
3014 5754 3101 5804 est
3132 5744 3301 5803 subli-
