3848 6292
559 329 665 386 815

555 535 785 606 pellatus
812 545 894 589 est
935 536 1250 605 imperator.

626 625 744 692 llic,
783 635 972 696 pacata
995 626 1168 690 Italia,
1199 625 1490 680 Saxoniam
1509 643 1628 682 cum
1657 643 1824 682 uxore
1849 628 2135 698 repedavit,

552 734 616 773 ex
652 734 757 789 qua
811 719 1048 789 suscepit
1101 719 1268 773 ﬁlimn
1324 728 1377 775 et
1431 720 1663 777 nominis
1702 723 2046 778 successione
2088 731 2141 778 ct

551 813 702 883 regni
726 812 808 865 cui
843 810 1070 866 Romani
1118 812 1396 882 sanguinis
1425 812 1572 866 dedit
1625 828 1844 866 uxorem
1877 813 2140 882 Cpolitaui

551 906 759 961 scilicet
783 906 1119 976 imperatoris
1152 907 1336 961 ﬁliam.
1390 907 1531 960 Idem
1561 921 1681 960 eum
1728 907 2001 963 t'llaiuburc
2029 907 2140 979 (δι)

551 1001 834 1056 ecclesiam
863 1003 1012 1054 mirae
1038 991 1452 1069 pulchritudinis
1470 999 1812 1066 fabricasset,
1840 1001 2143 1071 multosque

551 1085 827 1165 gentilium
863 1091 1180 1164 populoruu't
1224 1093 1289 1146 ad
1325 1092 1468 1146 viam
1520 1091 1764 1147 veritatis
1815 1099 2138 1157 revocasset,

551 1169 807 1256 languore
830 1195 1109 1254 correptus
1137 1185 1257 1238 vitae
1284 1185 1571 1238 terminum
1595 1183 1820 1238 sortitus
1846 1194 1956 1246 est;
1989 1184 2141 1255 cujus

550 1291 746 1348 corpus
769 1275 819 1329 in
851 1273 1072 1345 praefata
1102 1275 1328 1329 ecclesia
1359 1274 1676 1330 condecenti
1712 1275 1918 1330 ltouore
1949 1275 2140 1330 Imma-

550 1379 664 1424 tum
694 1378 796 1425 est.

619 1453 783 1534 Cujus
819 1452 958 1517 ﬁlius
999 1477 1120 1516 cmn
1171 1460 1496 1530 suscepisset
1527 1462 1838 1532 imperium,
1868 1462 2007 1532 patri
2045 1477 2140 1533 per

543 1556 728 1610 omnia
775 1556 1114 1626 acquiparans
1153 1555 1293 1609 circa
1333 1543 1536 1624 cultum
1569 1554 1920 1610 ecclesiarum
1975 1556 2140 1625 coepit

545 1636 668 1702 esse
691 1645 1119 1701 studiosissimus
1142 1652 1195 1698 et
1223 1643 1348 1716 erga
1398 1645 1767 1700 Christianam
1819 1645 2135 1716 religionem

539 1721 947 1794 devotissimus.
985 1737 1080 1794 llic
1111 1739 1260 1808 regni
1293 1739 1454 1792 rebus
1497 1740 1635 1794 bene
1667 1740 1984 1808 compositis
2029 1739 2136 1794 Ro-

547 1846 692 1884 mam
718 1831 1044 1900 properavit,
1067 1829 1496 1905 benedictionem
1521 1829 1758 1898 suscepit
1778 1827 2132 1898 imperialem.

551 1921 754 1974 Dehinc
779 1920 1028 1991 Apuliam
1056 1921 1281 1975 tendens
1308 1936 1430 1974 cum
1452 1920 1737 1990 Cpolitano
1766 1919 1964 1976 bellum
1992 1937 2138 1976 com-

548 2013 715 2077 iuisit,
743 2023 797 2067 et
820 2029 924 2067 uno
961 2013 1258 2083 eodemque
1284 2014 1368 2067 die
1390 2012 1474 2067 bis
1507 2013 1678 2067 victus
1702 2013 1874 2067 victor
1893 2012 2139 2084 apparuit

547 2105 735 2172 tertio;
769 2108 859 2178 qui
887 2087 1112 2160 Romam
1141 2101 1354 2162 rediens
1384 2099 1433 2161 vi
1469 2107 1698 2162 febrium
1741 2116 2023 2178 correptus
2071 2108 2142 2164 ad

551 2199 737 2268 limina
771 2198 1134 2269 apostolorum
1160 2199 1433 2266 occubuit,
1459 2198 1638 2269 ibique
1665 2200 1716 2255 in
1745 2215 1876 2270 pace
1898 2199 2138 2270 sepultus

545 2289 793 2360 quiescit,
824 2304 950 2344 vere
993 2282 1206 2354 beatus,
1249 2285 1440 2360 terque
1475 2300 1774 2360 quaterque
1809 2291 2017 2356 beatus,
2046 2291 2137 2362 qui

545 2375 610 2436 ex
644 2379 796 2437 tanto
830 2397 1058 2438 numero
1085 2382 1476 2453 imperatorum
1523 2389 1576 2435 et
1608 2397 1792 2452 regum
1844 2382 1990 2437 solus
2020 2397 2138 2437 me-

542 2472 654 2526 ruit
682 2471 824 2526 inter
852 2471 1136 2544 pontiﬁces
1175 2488 1297 2527 cum
1323 2466 1702 2542 apostolorum
1734 2471 1977 2542 principe
2003 2487 2134 2528 con-

545 2555 768 2618 SOrtium
797 2563 999 2620 habere
1023 2563 1334 2635 sepulturae.
1519 2569 1523 2574 '

546 2667 548 2670 '
617 2655 718 2712 Hic
749 2656 918 2747 ﬁlium
947 2657 1163 2744 quidem
1217 2657 1458 2728 reliquit,
1511 2666 1572 2711 ut
1610 2657 1878 2713 lueredem
1923 2657 2136 2728 quidem

543 2745 696 2820 'regui
737 2759 792 2804 et
821 2745 1056 2804 nominis
1085 2749 1294 2804 utinam
1347 2758 1396 2802 et
1446 2749 1680 2819 pietatis,
1726 2749 1816 2820 qui
1850 2766 1972 2805 cum
2004 2765 2138 2820 puer

545 2855 775 2912 regnare
809 2842 1063 2912 cepisset,
1123 2851 1179 2896 et
1225 2841 1292 2895 ad
1351 2839 1586 2895 adultam
1633 2840 1745 2910 jam
1799 2841 2140 2912 pervenisset

543 2931 785 2999 "aetatem,
816 2929 976 2989 suasu
1013 2933 1202 2988 matris
1223 2931 1523 3012 Iohannem
1547 2934 1836 3004 quemdam
1871 2935 2139 2990 Placenti-

544 3016 682 3081 num.
709 3027 1047 3097 episcopum,
1065 3012 1313 3082 Graacum
1340 3039 1538 3096 genere
1560 3067 1575 3092 ,
1601 3027 1682 3104 ad
1731 3029 2128 3084 transmarinas

1629 331 1987 388 BONIZONIS
2017 332 2424 388 PLACENTINI
2468 331 2764 389 EPlSCOPI
3687 317 3758 395 in;

556 453 755 509 matus,
788 445 1100 514 primusque
1126 446 1365 498 omnlmu
1399 445 1792 500 Germanorum
1837 463 2020 517 regum
2051 461 2142 516 ap<
2171 451 2217 508 Α
2249 463 2366 502 rum
2393 457 2508 502 arte
2536 447 2810 502 comlitmn
2840 443 3130 500 Saxoniam
3145 445 3272 499 dum
3299 443 3487 508 fertur,
3507 449 3755 507 translath

2246 550 2327 596 est
2355 541 2449 612 (ita
2496 539 2659 609 cod.).
2697 540 2814 606 Quo
2861 547 3072 591 mortuo
3101 547 3156 592 et
3204 538 3257 591 in
3311 536 3574 592 infernum
3608 545 3758 612 sepnlfo

2245 635 2420 690 omnis
2456 634 2729 688 Saxonum
2761 639 2814 686 et
2863 630 3197 685 Francorum
3255 637 3309 685 et
3359 629 3692 687 Bavariorium
3728 649 3760 690 rt

2247 729 2544 784 Suevorum
2578 734 2885 798 poten!atus
2913 725 2962 778 in
2993 724 3154 779 simul
3177 726 3523 790 conveniens,
3543 728 3673 796 elegit
3693 732 3758 784 εἱιιί

2248 821 2298 875 in
2337 835 2512 888 regem
2539 819 2870 883 llt'einriwm,
2901 815 3141 886 ejusdem
3163 817 3444 888 sanguinis
3475 818 3628 872 virum
3650 819 3760 874 Clui-

2246 913 2634 967 stianissimum
2689 911 2928 965 moribus
2984 911 3245 964 decenter
3302 919 3568 965 ornatmn.
3614 912 3759 969 Interea

2248 1001 2586 1074 Langobardi
2619 1001 2762 1055 nacti
2820 1001 3016 1072 [potius
3047 1001 3172 1074 rati]
3204 1017 3262 1056 se
3315 1013 3522 1072 tempus
3563 1004 3762 1062 invenisse

2244 1106 2609 1166 opportunum
2643 1094 2867 1164 Papiam
2900 1093 3285 1150 convenientes
3313 1095 3596 1150 Arduinum
3619 1098 3763 1167 eligunt

2246 1189 2298 1243 in
2338 1202 2538 1257 regem,
2564 1187 2738 1240 virum
2770 1185 2936 1240 armis
2963 1185 3183 1254 quidem
3217 1194 3522 1250 strenuum,
3566 1188 3644 1241 sed
3675 1204 3762 1242 con-

2245 1281 2366 1338 silio
2397 1279 2780 1350 improvidum.
2815 1277 3083 1333 Tedaldus
3116 1295 3246 1334 vero
3274 1279 3384 1334 dux
3418 1288 3470 1334 et
3498 1281 3762 1335 marchinab

2243 1387 2305 1428 ea
2341 1388 2400 1428 se
2430 1371 2699 1426 subtraxit
2729 1369 3129 1440 conspiratione
3155 1384 3322 1440 seque
3344 1374 3398 1424 et
3423 1385 3514 1423 sua
3536 1368 3763 1425 Teutonico

2244 1464 2472 1521 contulit
2519 1463 2653 1534 regi,
2707 1461 2862 1530 cujus
2909 1461 3137 1516 consilio
3166 1469 3221 1516 et
3268 1461 3469 1514 auxilio
3511 1469 3618 1530 post
3644 1464 3761 1517 multa

2242 1555 2506 1614 bellorum
2540 1555 2689 1610 varia
2722 1554 3033 1609 discrimina
3069 1551 3358 1608 l-Ieinricus
3387 1569 3476 1607 rex
3521 1552 3648 1608 Italia
3671 1559 3762 1623 poti-

2245 1661 2329 1706 tus
2358 1649 2585 1704 Romam
2623 1648 2866 1711 veniens,
2911 1661 2941 1699 a
2985 1641 3203 1700 domino
3236 1645 3524 1700 Benedicto
3549 1662 3664 1717 papa
3694 1649 3760 1699 im-

2242 1739 2429 1811 periali
2460 1749 2648 1794 auctus
2675 1749 2757 1793 est
2780 1736 3063 1807 dignitate.
3095 1734 3232 1802 Quid
3269 1737 3459 1807 plura?
3499 1737 3765 1806 Principes
3838 1767 3839 1816 ξ

2241 1833 2446 1904 Apulia:
2468 1832 2519 1886 in
2543 1847 2676 1903 pace
2701 1833 2957 1902 posSedit,
2987 1830 3246 1886 Romana!
3274 1831 3526 1908 Ecclesi:e
3548 1833 3762 1899 ptit’ilrgia
3838 1855 3839 1912 ᾖ

2242 1926 2412 1981 multa
2437 1926 2730 1991 concessit,
2779 1932 2835 1978 et
2875 1925 3013 1978 dona
3056 1922 3391 1993 amplissima
3427 1921 3580 1987 dedit,
3624 1924 3766 1978 deinde
3838 1967 3839 1978 χ

2243 2017 2464 2088 Papiam
2496 2019 2734 2080 veniens,
2770 2032 2892 2070 cmn
2920 2031 3039 2070 eam
3069 2017 3167 2070 sibi
3212 2005 3342 2070 tunc
3391 2032 3491 2069 non
3531 2017 3767 2086 repugnan-

2241 2113 2352 2164 tem
2386 2109 2562 2178 magis
2582 2107 2704 2162 dolo
2728 2121 2889 2176 quam
2921 2107 3088 2160 armis
3114 2107 3369 2176 cepisset,
3402 2107 3604 2176 ignique
3638 2106 3768 2160 dedis-
3838 2106 3839 2172 ἦ

2243 2209 2344 2266 set,
2375 2208 2752 2255 transmontes
2768 2201 2918 2265 abiit,
2949 2198 3415 2270 Papebargensem
3439 2184 3762 2268 episcopatum,

2242 2309 2365 2349 eum
2408 2309 2511 2349 non
2557 2294 2779 2349 haberet
2813 2294 2972 2357 ﬁlios,
3005 2279 3080 2348 exi
3125 2309 3223 2348 Stto
3265 2292 3482 2362 proprio
3529 2292 3766 2352 constituit,
3838 2293 3839 2304 ³

2241 2371 2474 2456 cumque
2501 2384 2601 2456 per
2625 2385 2885 2440 cartulam
2905 2384 3208 2439 oll'ertionis
3227 2384 3392 2438 beato
3411 2383 3562 2460 l‘etro
3585 2377 3766 2452 tradidit,
3838 2421 3839 2432 ι

2242 2475 2424 2548 ibique
2468 2477 2752 2532 ecclesiam
2808 2477 3090 2530 beatorum
3131 2473 3499 2544 apostolorum
3531 2469 3768 2544 principatu
3838 2537 3839 2544 κ

2241 2570 2471 2626 mirifice
2513 2579 2758 2623 ornatam
2804 2568 3106 2622 labricavit.
3152 2565 3322 2634 Hujus
3355 2564 3664 2635 temporibus
3688 2566 3770 2617 5w.-
3838 2557 3839 2630 ξ

2255 2662 2468 2732 pilanus
2505 2661 2843 2733 Ungarorum
2895 2675 2986 2715 rex
3019 2666 3360 2714 sacramenta
3394 2654 3610 2727 suscepit
3649 2648 3770 2724 bapti-
3838 2643 3839 2678 ἧ

2242 2755 2433 2811 δήιιιιίε
2460 2763 2515 2809 et
2548 2770 2645 2824 per
2674 2769 2795 2808 eum
2821 2755 2998 2808 omnis
3025 2751 3252 2823 populus
3289 2750 3392 2805 sibi
3433 2749 3693 2817 subjectus.
3757 2737 3761 2750 ’

2312 2847 2578 2902 Ρηυΐιιιιιε
2606 2861 2733 2901 vero
2762 2844 3226 2909 Heim-icus,'cum
3262 2843 3430 2896 ﬁlium
3460 2857 3558 2896 non
3577 2838 3770 2898 haberet.

2241 2935 2684 3010 apostoleselegit
2710 2938 3046 3002 haere.les,ct
3073 2936 3364 2990 terminum
3392 2934 3508 2987 vitae
3533 2929 3772 3001 suscipiens
3838 3007 3839 3012 γ

2243 3034 2400 3087 beato
2428 3030 2532 3085 ﬁne
2567 3031 2795 3101 quievit.
2813 3027 2969 3098 cujus
2995 3045 3192 3099 corpus
3222 3028 3276 3082 in
3305 3026 3526 3082 ecclesia
3549 3020 3771 3078 beatorum

3837 63 3839 168 ι

542 3105 728 3187 partes
751 3117 966 3188 legavit,
1003 3125 1061 3172 ut
1090 3112 1193 3172 sibi
1239 3117 1468 3172 Romani
1500 3116 1782 3189 sanguinis
1803 3120 2138 3176 adsmsceret
2165 3149 2211 3212 Ο
2243 3123 2646 3194 Apostolorum,
2670 3137 2832 3193 quam
2867 3123 2980 3192 ipse
3011 3121 3306 3186 dedicavit,
3335 3116 3682 3173 decentissime
3702 3115 3771 3166 ltu-

545 3222 792 3263 uxorem.

616 3301 691 3356 Ea
724 3309 1040 3370 tempestate
1081 3299 1432 3356 Crescentius
1478 3302 1696 3371 quidam
1751 3302 1899 3356 urbis
1952 3301 2142 3356 limare

543 3389 884 3458 capitaneus,
913 3390 1004 3459 qui
1038 3390 1140 3446 sibi
1171 3391 1329 3445 inane
1362 3406 1554 3446 nomen
1598 3392 1913 3461 patritiatus
1962 3393 2137 3446 vindi-

542 3483 781 3566 eaverat,
841 3499 1125 3539 assumens
1180 3484 1540 3556 tyrannidem,
1597 3485 1874 3539 dominum
1919 3499 2140 3554 papam,

543 3578 635 3649 qui
663 3565 963 3633 seeundum
990 3565 1282 3638 Ottonem,
1304 3586 1516 3645 patrem
1561 3575 1769 3631 scilicet
1815 3576 1974 3646 hujus
2008 3576 2140 3630 ado-

542 3669 797 3725 lescentis
819 3677 1199 3732 coronaverat,
1223 3667 1540 3739 pontiﬁcatu
1561 3668 1790 3738 expulit.
1808 3669 1906 3732 Qui
1937 3669 2140 3723 veritus

542 3761 687 3834 regis
708 3761 1068 3828 vicinitatem,
1104 3775 1227 3814 nam
1253 3759 1415 3830 Alpes
1432 3760 1542 3831 jam
1562 3760 1872 3826 transierat,
1898 3760 2140 3830 illudque

543 3851 702 3907 valde
729 3851 1048 3918 formidans,
1099 3851 1242 3920 quod
1279 3865 1414 3920 papa
1445 3849 1716 3905 Ravennae.
1740 3849 1857 3918 ejus
1895 3851 2008 3921 jam
2039 3866 2139 3905 ex-

542 3945 801 4016 pectabat
827 3943 1136 4007 adventum,
1169 3927 1353 3998 secum
1381 3929 1560 3997 mente
1590 3951 1930 4011 pertractans
1955 3956 2012 3997 se
2041 3949 2142 3999 hoc

548 4039 710 4093 modo
757 4035 997 4092 furorem
1046 4035 1190 4107 regis
1242 4045 1296 4090 et
1348 4035 1548 4104 regium
1596 4049 1754 4104 posse
1816 4034 2052 4104 placare,
2095 4035 2140 4089 si

544 4127 848 4184 Johannem
891 4128 1223 4198 episcopum,
1256 4125 1323 4180 de
1372 4139 1481 4194 quo
1537 4124 1784 4194 superius
1839 4123 2140 4191 retulimus,

544 4221 932 4278 amicissimum
966 4220 1125 4292 regis
1147 4207 1557 4276 conlactaneu'm
1592 4215 1810 4287 regina),
1829 4216 2140 4286 pontiﬁcem

541 4313 842 4368 ordinaret.
885 4309 992 4365 Sed
1037 4329 1056 4362 ι
1088 4324 1192 4364 non
1237 4320 1320 4365 est
1364 4301 1593 4364 scientia
1625 4317 1802 4376 neque
1849 4307 2137 4362 consilium

545 4412 734 4460 contra
769 4395 1056 4457 Dominum
1090 4399 1274 4473 (Prov.
1321 4415 1434 4465 χιι,
1481 4399 1615 4470 50);
1659 4418 1678 4451 ι
1736 4413 1860 4453 nam
1915 4400 2140 4456 veniens

547 4497 806 4568 praelatus
830 4513 923 4552 rex
955 4495 1182 4548 Romam
1211 4492 1584 4548 Crescentium
1617 4493 1706 4562 diu
1737 4493 2018 4549 obsessum
2043 4507 2139 4548 ce-
2173 4495 2218 4551 I)

548 4589 650 4656 pit,
681 4595 736 4643 et
757 4587 931 4658 capite
962 4572 1575 4648 truncavit',invasorem
1607 4600 1736 4639 vero
1765 4585 1962 4640 summi
2005 4599 2140 4654 pon-

551 4681 714 4736 tiﬁcis
756 4678 952 4752 [potius
969 4675 1336 4750 pontiﬁcatus]
1381 4675 1496 4732 zelo
1523 4677 2013 4747 quidemjustititn,
2049 4679 2145 4733 sed

549 4769 670 4840 plus
709 4768 858 4838 justo
906 4782 1222 4830 succensus,
1251 4766 1453 4820 lumine
1502 4767 1772 4836 privavit,
1826 4769 2146 4838 caeterisquc

533 4863 812 4940 Lmembris
838 4859 1242 4940 dehonestavit.
1267 4857 1421 4926 Quod
1449 4855 1649 4913 factum
1690 4857 1743 4940 in
1793 4868 2002 4912 tantum
2035 4860 2144 4912 Deo

533 4936 602 5008 'et
627 4956 785 5010 beato
812 4954 974 5010 Petro
1017 4937 1250 5025 principi
1288 4949 1588 5024 ‘dispticuit,
1641 4962 1699 5007 ut
1726 4936 2017 5024 antequam
2046 4955 2145 5007 im-

549 5036 739 5112 periali
788 5047 1057 5115 potiretur
1104 5043 1503 5110 benedictione,
1560 5044 1873 5115 priusquam
1921 5045 2142 5116 cynthia

551 5146 634 5190 ter
661 5145 914 5212 exactum
948 5137 1206 5194 conderet
1249 5139 1460 5200 orbem,
1485 5134 1716 5190 Domino
1765 5133 1978 5191 odibilis
2027 5137 2144 5192 sine

551 5227 942 5284 viatico'vitam
973 5229 1179 5292 ﬁnivit;
1224 5237 1280 5284 et
1317 5227 1570 5298 quamvis
1616 5226 1669 5279 in
1722 5227 2004 5292 suburbio,
2037 5243 2142 5282 nou

553 5337 656 5374 xxx
692 5303 963 5375 milliariis
991 5323 1060 5374 ah
1089 5321 1224 5374 urbe
1251 5319 1488 5373 distante
1520 5325 1768 5372 mortuus
1803 5328 1969 5384 esset,
1997 5334 2144 5374 com-

552 5411 700 5466 muni
749 5411 976 5468 consilio
1024 5425 1214 5464 omnes
1272 5408 1500 5463 Romani
1551 5406 1670 5476 ejus
1700 5399 1971 5478 aspernati
2019 5420 2144 5465 sunt

550 5505 905 5574 sepulturam.
932 5503 1098 5574 Cujus
1121 5514 1320 5573 corpus
1346 5499 1576 5555 incisum
1602 5497 1869 5556 cultris'et
1903 5501 2144 5556 medico-

620 5605 734 5713 (ΞΗ)
782 5607 1164 5717 _Hart_m_annu_s
1218 5633 1538 5716 Schedelius
1571 5677 1586 5703 ,
1614 5706 1626 5717 _
1649 5635 1841 5717 cujus
1871 5636 2141 5717 quondam

550 5706 639 5834 iblle'
677 5706 863 5832 kc'odex
919 5709 1060 5776 fuit,
1126 5711 1178 5782 in
1246 5706 1492 5777 margine
1561 5706 1898 5774 adscripsit:
1959 5707 2144 5762 Made-

585 5797 676 5836 urc
713 5819 728 5834 .
1051 5808 1056 5812 -
1715 5805 1718 5809 -

2243 3227 2449 3270 matum
2475 3220 2581 3271 est.

2711 3325 2940 3397 Explicit
2969 3327 3102 3381 {iber
3125 3337 3372 3398 quartas.

2528 3460 2778 3521 INCIPIT
2826 3463 3028 3519 LIBER
3074 3463 3383 3533 QUINTUS
3416 3464 3546 3537 (35).

2313 3575 2410 3632 Cui
2462 3577 2726 3632 successit
2765 3577 2816 3630 in
2861 3590 3088 3648 regnum
3124 3575 3444 3632 Cuonradus
3488 3573 3770 3646 cognomine.

2243 3667 2326 3720 vir
2356 3665 2824 3732 bellicosissimus,
2867 3667 2957 3736 qui
2988 3675 3044 3721 et
3073 3675 3196 3737 post
3226 3675 3454 3720 mortem
3490 3663 3772 3735 imperatoris

2243 3756 2483 3812 lleinrici
2517 3758 2767 3812 Boemios
2791 3757 2943 3828 signa
2972 3756 3171 3828 regalia
3200 3758 3440 3812 ferentes
3465 3755 3718 3827 prostravit
3734 3761 3772 3804 ct

2243 3852 2395 3922 signa
2430 3850 2660 3904 reduxit.
2682 3849 2972 3904 Franciam
2997 3865 3125 3905 vero
3139 3835 3545 3904 tumultuantem
3565 3845 3776 3902 citissime

2243 3943 2453 3996 sedavit
2470 3959 2486 4007 ;
2502 3942 2789 3996 Canouem-
2809 3939 2921 4012 (56)
2943 3940 3228 4009 quemdam
3260 3939 3598 3994 Bavariorum
3627 3937 3773 3990 ducem

2244 4033 2446 4103 aliquid
2472 4034 2539 4088 de
2567 4033 2718 4101 regni
2751 4031 2969 4103 fastigio
3015 4031 3115 4085 sibi
3147 4031 3507 4084 vindicantem
3545 4037 3592 4082 et
3623 4027 3776 4082 ducatu

2243 4125 2466 4194 expulit,
2491 4135 2543 4179 et
2578 4125 2903 4194 patrimonio
2930 4123 3173 4185 nudavit,
3209 4131 3264 4176 et
3311 4123 3364 4176 in
3420 4119 3682 4192 Ungariaan
3716 4114 3775 4167 lu-

2243 4233 2372 4290 gere
2387 4213 2598 4287 'coegit.
2646 4216 2851 4271 Dehinc
2887 4215 3182 4270 Sasoniam
3215 4214 3460 4279 intravit,
3489 4222 3539 4268 et
3570 4207 3781 4263 omnibus

2247 4309 2394 4379 regni
2453 4308 2685 4378 negotiis
2717 4308 2796 4361 sic
2847 4305 2948 4361 rite
2999 4305 3231 4374 pacatis,
3265 4303 3523 4358 'Luticios
3546 4303 3783 4369 adgressus

2243 4401 2382 4458 bello
2403 4399 2656 4470 patravit.
2686 4406 2740 4452 et
2765 4411 2936 4466 usque
2955 4397 3021 4450 ad
3042 4394 3339 4464 Bellagrast
3369 4393 3548 4465 fugere
3587 4387 3750 4458 coegit.

2318 4493 2412 4547 llis
2435 4492 2507 4546 ita
2535 4491 2719 4562 gestis,
2757 4489 2902 4544 misit
2935 4489 3138 4558 legatos
3166 4499 3294 4542 suos
3324 4486 3595 4544 honestos,
3634 4488 3686 4532 ut
3717 4475 3784 4527 de-

2248 4583 2380 4648 cuit,
2417 4583 2483 4637 ad
2514 4581 2794 4636 dominum
2820 4573 3036 4648 papam,
3068 4585 3122 4631 et
3143 4567 3482 4646 supplicans,
3511 4581 3566 4626 ut
3583 4569 3634 4624 ei
3657 4564 3785 4622 wil-

2246 4675 2360 4730 lum
2390 4691 2456 4730 ex
2488 4673 2632 4728 beati
2678 4671 2821 4726 Petri
2871 4665 3027 4740 parte
3073 4669 3408 4733 mitteretur,
3451 4681 3550 4737 quo
3597 4659 3788 4716 munitus

2249 4777 2432 4838 posset
2464 4765 2791 4837 Ungaricum
2829 4777 3059 4834 regnum
3095 4775 3195 4815 suo
3220 4759 3494 4828 subjicere
3519 4750 3786 4812 don'tinatui.

2245 4857 2422 4924 Quod,
2448 4865 2506 4910 ut
2527 4855 2732 4910 audivit
2765 4869 2926 4924 papa,
2958 4853 3191 4908 libenter
3233 4851 3503 4906 concessit
3523 4849 3586 4902 et
3613 4843 3791 4900 mittens

2247 4947 2460 5002 nobiles
2488 4946 2636 5000 viros
2667 4959 2734 4999 ex
2766 4944 2935 4999 latere
2962 4957 3086 5008 suo,
3117 4943 3433 5013 episcopum
3468 4937 3659 4994 scilicet
3694 4931 3788 4986 Por-
3838 4959 3839 4962 η

2252 5050 2497 5095 tuensem
2529 5047 2582 5093 et
2615 5037 2960 5094 Belinzoncm
2989 5033 3388 5089 nobilissimum
3436 5031 3713 5086 Romanum
3743 5023 3792 5072 de

2247 5130 2596 5192 Mat-morato,
2635 5127 2715 5182 eis
2757 5127 2872 5180 lucc
2913 5124 3139 5180 tradidit
3182 5115 3472 5196 praecepta,
3515 5113 3579 5200 ut
3623 5116 3666 5172 si
3703 5112 3791 5181 regi

2250 5238 2354 5276 non
2387 5221 2719 5290 displiceret,
2749 5218 2849 5288 ipsi
2877 5217 2934 5271 in
2959 5215 3133 5286 prima
3157 5211 3276 5270 acie
3305 5213 3491 5269 vexilla
3519 5208 3793 5282 portarent:

2247 5314 2462 5385 quodsi
2493 5313 2603 5383 regi
2653 5310 2987 5380 displiceret,
3019 5308 3137 5363 haec
3185 5306 3237 5362 ei
3285 5297 3796 5360 intimarentﬂ'icze-
3838 5343 3839 5352 χ

2249 5407 2616 5474 riam,'quam
2661 5402 2758 5456 tibi
2795 5393 3203 5470 spopondimus,
3253 5397 3376 5452 vide
3425 5397 3568 5460 hoc,
3607 5397 3684 5446 ne
3723 5388 3796 5440 tibi
3838 5407 3839 5412 π

2243 5489 2516 5561 ascribas,
2551 5491 2644 5549 scd
2696 5490 2979 5562 apostolis.
3009 5487 3164 5555 Quod
3214 5497 3270 5544 et
3317 5487 3512 5543 factum
3544 5493 3662 5546 est;
3703 5491 3800 5533 nam

2319 5635 2439 5706 (55)¹
2473 5634 2530 5690 In
2561 5633 2826 5704 margine
2875 5631 2970 5686 sed
3001 5629 3070 5684 ab
3101 5628 3288 5685 eadem
3321 5642 3472 5684 manu
3527 5623 3709 5682 litteris
3734 5634 3801 5672 ar-

2247 5707 2456 5780 genteis
2482 5714 2754 5780 notatum.
2942 5771 2953 5780 _
3075 5768 3087 5780 ε

2321 5774 2434 5846 (36)
2472 5776 2748 5834 Cunonetn
2781 5781 2909 5843 puto
2940 5771 3135 5825 innuit.
