3852 6308
60 356 141 410 tl?
1230 346 1428 401 LIBER
1464 347 1556 403 AD
1595 346 1882 405 AMICUM.
1916 348 2037 405 LIB.
2065 350 2127 405 ν.

3202 353 3305 410 818

61 472 176 527 lctlo
200 468 492 523 coiiitnisso
523 455 769 541 ingerunt
792 463 1016 535 Ungari,
1056 474 1213 533 capta
1246 463 1410 518 etiam
1448 478 1617 535 unga-
1648 468 1692 526 Λ
1723 464 1864 530 coni,
1898 466 1987 534 qui
2018 482 2325 522 convocans
2351 467 2652 538 episcopos,
2697 470 3001 527 cardinales
3031 470 3167 543 (tt),
3199 460 3307 524 cleé

63 563 139 617 rici
171 559 303 627 regis
332 557 565 622 lancea;
606 569 724 624 quae
760 568 860 623 per
905 553 1120 607 eosdem
1169 552 1385 607 nuntios
1434 553 1619 608 lterum

59 652 207 706 delata
240 656 342 712 est,
377 655 433 699 t-t
463 660 634 715 usque
661 644 820 699 hodie
860 644 931 699 ob
960 643 1171 713 signum
1223 643 1463 699 victoria:
1497 652 1620 701 ante

60 741 425 800 confessionem
460 738 605 793 beati
629 736 773 791 Petri
797 735 1024 806 apostoli
1054 745 1297 806 apparet.
1564 790 1572 801 ,

116 836 305 888 Interea
339 832 607 902 ungat-ica
635 830 841 900 potitus
861 829 1086 883 victoria
1126 827 1332 883 ltaliatn
1375 829 1617 897 intravit,

60 930 337 982 Aribertum
371 936 508 978 vero
536 922 999 993 archiepiscopum
1050 921 1502 977 Mediolanensent
1533 937 1623 977 cc-

60 1024 140 1090 pit,
171 1019 256 1073 sed
306 1018 434 1088 fuga
494 1018 677 1087 lapsus
721 1024 835 1081 est;
893 1015 1091 1075 dehinc
1117 1015 1343 1070 Romam
1376 1016 1618 1084 veniens,

62 1106 362 1182 imperialetn
390 1110 594 1164 meruit
620 1107 1075 1165 benedictionem.
1124 1108 1330 1163 Dehinc
1361 1108 1623 1163 Mediola-

61 1222 165 1259 num
190 1203 406 1259 rediens
433 1219 561 1258 cum
589 1200 834 1272 quaedam
878 1201 1188 1256 suburbana
1243 1200 1623 1271 tlepopulasset

62 1300 114 1352 ab
140 1296 257 1351 urbe
302 1294 555 1365 repulsus
588 1296 691 1359 erit,
737 1293 923 1363 sicque
981 1290 1181 1348 infecto
1212 1293 1431 1362 negotio
1459 1292 1624 1361 Alpes

63 1386 297 1439 transiens
320 1385 370 1438 vi
402 1383 638 1438 febrium
668 1391 949 1451 correptus
968 1382 1245 1447 occubuit,
1263 1380 1623 1451 cujuscorpus

64 1476 203 1542 Splt’ttt
231 1475 441 1530 decenti
468 1490 594 1529 cum
629 1462 833 1530 honore
860 1473 1129 1543 sepultum
1164 1482 1268 1527 est.

119 1554 239 1622 lluic
263 1568 537 1621 successit
566 1565 710 1620 ﬁlius
736 1564 853 1634 ejus
878 1563 1185 1631 lleiuricus,
1221 1562 1304 1618 vir
1341 1561 1627 1632 sapientis-

64 1660 200 1712 simus
225 1667 274 1712 et
297 1667 441 1711 totus
464 1656 992 1720 Christianissimus;
1026 1655 1112 1710 hic
1137 1656 1190 1710 in
1222 1656 1517 1725 primordio
1544 1652 1623 1711 sui

67 1753 187 1821 regni
217 1750 464 1822 Ungaros
503 1750 895 1803 tumultuantes
927 1749 1076 1812 vicit,
1131 1757 1185 1803 et
1228 1748 1493 1803 citissime
1539 1763 1626 1802 se-

1726 556 1891 622 ricos,
1924 572 1987 611 ac
2019 559 2335 622 monachos,
2361 558 2510 613 viros
2545 574 2608 614 ac
2651 561 2926 625 mulieres,
2976 558 3113 631 quos
3143 560 3305 615 timor

1725 647 1936 703 Domini
1963 648 2296 719 aliquantum
2332 650 2604 721 tetigerat,
2633 653 2956 708 subtrahens
3000 669 3058 708 se
3088 669 3119 706 a
3162 666 3306 723 prte-

1724 740 1957 796 tatorum
1986 743 2297 799 invasorum
2321 746 2724 809 communione,
2749 755 2804 801 et
2830 746 2946 801 zelo
2968 745 3061 800 Dei
3088 745 3305 807 ductus,

1724 841 1784 885 ut
1814 831 2086 903 quondam
2136 833 2225 889 ille
2273 833 2457 899 Otnas,
2506 834 2805 890 llebrai'eus
2846 834 3119 901 sacerdos,
3152 834 3311 903 Alpes

1727 922 2001 988 transivit,
2026 938 2210 995 regem
2243 924 2402 997 adiit.
2433 941 2538 980 non
2579 940 2743 981 causa
2792 926 3176 989 accusationis,
3214 925 3306 979 sed

1724 1030 1826 1085 pro
1856 1019 2129 1072 communi
2184 1018 2416 1073 utilitate
2466 1019 2745 1081 Ecclesia),
2804 1018 3029 1088 ejusque
3080 1018 3309 1088 pedibus

1728 1110 2013 1166 advolutus
2053 1110 2187 1167 tiens
2213 1114 2558 1177 obsecrabat,
2588 1121 2649 1166 ut
2687 1114 2845 1165 matri
2897 1126 3009 1166 suae
3055 1110 3313 1166 desolata:

1726 1203 2052 1273 quantocius
2074 1203 2410 1268 subveniret,
2439 1204 2865 1272 convocatisque
2895 1199 3185 1270 episcopis,
3220 1200 3309 1269 qui

1730 1305 1857 1351 tunc
1886 1296 2137 1360 aderant,
2169 1296 2428 1366 praecepit
2452 1296 2533 1349 eis
2556 1294 2860 1349 utRomam
2897 1309 3019 1349 cum
3052 1308 3179 1363 rege
3200 1301 3313 1347 ten-

1727 1390 1937 1453 derent,
1984 1396 2041 1443 et
2096 1388 2360 1459 synodum
2417 1396 2833 1458 congregarent.
2879 1386 3034 1448 Quod
3089 1396 3144 1440 et
3197 1384 3316 1440 sine

1731 1499 1879 1537 mora
1913 1483 2113 1538 factum
2146 1491 2249 1538 est.
2294 1481 2562 1536 Abusivus
2599 1496 2730 1536 vero
2759 1480 2847 1535 ille
2877 1479 3196 1550 Gregorius,
3225 1478 3315 1547 qui

1731 1578 1989 1631 Romana:
2022 1576 2273 1631 Ecclesia:
2303 1573 2619 1629 cathedram
2661 1587 2851 1642 regere.
2880 1571 3185 1634 videbatur,
3230 1583 3320 1622 ro-

1731 1680 1885 1740 gatus
1915 1686 1943 1724 a
1973 1684 2118 1738 rege,
2153 1677 2212 1723 ιιι
2252 1668 2299 1722 ei
2344 1666 2556 1723 obviam
2585 1666 2816 1730 veniret,
2849 1663 2980 1719 nihil
3015 1661 3139 1716 tnali
3184 1676 3319 1716 con-

1732 1760 1877 1815 scius
1903 1760 2044 1829 apud
2075 1773 2155 1822 se,
2189 1767 2247 1812 ut
2278 1772 2366 1812 res
2393 1765 2577 1827 postea
2610 1754 2925 1817 declaravit,
2983 1766 3151 1820 usque
3196 1750 3315 1804 Pla-

66 1847 199 1899 davit.
222 1845 320 1911 Qui
349 1844 454 1899 rite
478 1843 734 1897 omnibus
784 1842 933 1912 regni
978 1842 1185 1911 pacatis
1222 1842 1471 1913 negotiis,
1500 1842 1625 1895 dum
1665 1820 1704 1873 Β
1732 1820 1965 1907 multa“;
1992 1820 2160 1915 venit,
2193 1820 2485 1920 regemque
2535 1848 2605 1902 ibi
2642 1845 2867 1909 invenit,
2897 1844 2988 1913 qui
3032 1844 3099 1897 ab
3128 1841 3316 1896 eodem

67 1942 116 1988 ad
140 1937 328 1989 italiam
357 1936 586 1990 tendere
615 1934 930 1999 destinaret,
956 1935 1128 1988 nuntii
1160 1950 1191 1988 a
1226 1933 1469 1988 Romana
1495 1935 1628 1989 urbe

67 2027 302 2081 venientes
330 2042 574 2095 eumque
628 2027 968 2080 retardan'es
1022 2025 1344 2081 mirabiliter
1382 2025 1629 2080 reddite-

69 2118 474 2173 nmtsollicitum.
494 2117 989 2187 Nam,utsuperius
1002 2119 1444 2184 memoravimus,
1479 2102 1633 2173 urbis

69 2210 217 2265 ltnma:
236 2211 505 2281 capitauci
537 2219 592 2265 ct
620 2209 853 2264 maxime
868 2208 1159 2266 Tusculani
1185 2225 1283 2281 per
1310 2211 1627 2281 patritiatus

72 2303 219 2355 inania
248 2303 464 2356 nomina
508 2302 809 2356 Romanam
860 2302 1146 2357 vastabant
1191 2302 1514 2367 Ecclesiam,
1557 2303 1631 2358 ita

70 2406 111 2447 ιιι
142 2395 353 2463 quodam
390 2392 746 2448 lnereditario
769 2390 893 2460 jure
915 2393 1634 2465 viderentursibipossidere

70 2490 419 2555 pontiﬁcatum.
456 2489 620 2543 Enim
662 2503 811 2559 vero,
840 2497 1052 2543 mortuo
1106 2489 1313 2545 Joanne
1353 2488 1633 2544 Benedicti

73 2597 192 2648 papa:
224 2579 421 2646 fratris,
451 2583 553 2653 qui
582 2599 687 2636 uno
715 2587 998 2654 eodemque
1029 2584 1114 2637 die
1145 2583 1425 2651 pra'feclus
1452 2583 1553 2652 fuit
1587 2591 1634 2635 et

75 2692 178 2740 μίτρη
207 2675 331 2744 (57),
363 2691 486 2729 cum
544 2679 896 2734 successisset
947 2678 996 2731 ei
1054 2675 1510 2747 Theophylactus,
1544 2671 1633 2745 qui

77 2764 263 2818 Atbcrici
298 2766 394 2819 fuit
432 2766 613 2833 ﬁlius,
635 2767 932 2838 Gregorius
961 2768 1132 2822 frater
1167 2767 1284 2837 ejus
1313 2782 1508 2821 nomen
1533 2766 1637 2822 sibi

80 2857 341 2912 vindicabat
372 2862 713 2929 patritiatus.
754 2860 864 2917 [lac
886 2862 1172 2917 occasione
1204 2858 1637 2931 Theophylactus

80 2964 219 3016 nmine
244 2949 535 3005 Dominum
569 2953 784 3019 timens,
816 2968 992 3023 neque
1021 2952 1298 3023 hominem
1347 2952 1634 3017 reveritus,

80 3042 166 3108 qui,
185 3052 289 3097 cata
320 3045 664 3115 antiphrasin
686 3046 985 3101 vocabatur
1015 3044 1335 3119 Benedictus
1357 3042 1491 3115 (38),
1517 3057 1639 3098 cum

1734 1955 1792 2000 ιιι
1822 1944 2004 1999 decuit
2031 1943 2195 2012 Papia
2224 1942 2519 1997 honorifice
2555 1947 2841 2008 susceptus
2876 1945 2981 1991 est.
3031 1934 3147 1989 Non
3175 1933 3321 1988 enim

1730 2036 2017 2105 putabant,
2057 2034 2299 2103 quitunc
2323 2033 2549 2087 aderant
2571 2028 2811 2099 episcopi
2852 2026 2967 2081 fore
3007 2023 3320 2093 religiosum

1734 2125 1850 2178 sine
1895 2124 2097 2194 judicio
2127 2123 2358 2191 aliquem
2391 2123 2649 2175 damnare
2693 2118 3028 2187 episcopum,
3076 2129 3144 2168 ne
3195 2113 3322 2166 dum

1737 2225 1900 2270 tantae
1925 2216 2090 2282 sedis,
2138 2215 2229 2284 qui
2278 2213 2585 2275 videbatur,
2617 2209 2951 2281 pontiﬁcem,
2982 2206 3168 2275 sicque
3198 2218 3323 2272 per-

1735 2318 1923 2378 gentes
1955 2308 2119 2363 simul
2149 2313 2413 2360 venerunt
2438 2304 2502 2358 ad
2531 2302 2808 2367 Sutrium;
2841 2313 2949 2368 quo
2976 2297 3064 2351 ubi
3098 2311 3326 2367 perven-

1737 2407 1850 2453 tum
1877 2406 2043 2462 esset,
2078 2397 2293 2468 rogavit
2333 2393 2591 2465 prmfatus
2618 2406 2739 2458 rex,
2766 2388 2858 2460 qui
2885 2395 3013 2442 tunc
3044 2386 3329 2440 videbatur

1737 2492 2073 2563 pontiﬁcem,
2107 2490 2369 2561 synodum
2415 2485 2752 2557 congregari.
2779 2481 2933 2550 Quod
2976 2479 3245 2536 concessit
3276 2486 3332 2534 et

1739 2584 1957 2639 decreto
1990 2581 2245 2635 firmavit.
2268 2580 2400 2634 Erat
2423 2579 2566 2633 enim
2615 2575 2777 2630 idiota
2814 2581 2869 2629 et
2895 2572 3046 2627 mira:
3073 2567 3331 2640 simplici-

1742 2677 1867 2730 tatis
1895 2675 2000 2729 vir.
2026 2673 2194 2743 Igitur
2222 2670 2444 2726 collecta
2474 2669 2679 2740 synodo
2708 2665 2866 2730 sedit,
2893 2663 2984 2734 qui
3017 2662 3189 2716 vicem
3217 2660 3329 2729 Ro-

1742 2766 1886 2821 mani
1924 2765 2196 2836 pontiﬁcis
2230 2763 2487 2826 habebat,
2534 2769 2590 2815 et
2637 2775 2703 2814 ex
2733 2767 3004 2827 praecepto
3031 2754 3150 2824 ejus
3180 2752 3333 2808 sede-

1742 2869 1869 2917 runt
1901 2859 2224 2931 patriarcha:
2277 2866 2343 2914 et.
2386 2852 2790 2925 metropolitani
2840 2859 2897 2908 et
2948 2847 3187 2917 episcopi
3237 2860 3335 2915 per

1744 2954 1901 3009 sedes
1939 2967 2107 3016 suas;
2163 2950 2304 3004 inter
2350 2961 2487 3016 quos
2543 2955 2670 2999 tunc
2726 2942 2865 2997 forte
2916 2940 3104 2994 aderat
3157 2936 3335 3003 Γορμο

1743 3043 2108 3116 Aquileiensis
2130 3041 2442 3113 patriarcha
2467 3038 2551 3092 vir
2567 3033 3128 3105 eloquentissimus,et
3151 3028 3334 3081 Bruno

82 3143 173 3227 ινιξῑ
209 3134 361 3188 multa
393 3134 579 3206 turpia
612 3134 879 3191 adulteria
930 3145 987 3191 et
1037 3134 1331 3191 homicidia
1388 3133 1637 3188 manibus
1665 3170 1705 3227 Ο
1744 3137 2103 3209 Augustensis
2147 3134 2467 3204 epise0pus,
2513 3137 2568 3183 et
2618 3124 2950 3182 Rembaldus
3001 3119 3336 3175 Arelatensis

82 3224 169 3275 suis
196 3235 522 3295 perpetrata,
552 3234 829 3295 postremo
878 3241 999 3281 cum
1051 3224 1211 3280 vellet
1251 3223 1634 3283 consobrinam

83 3318 285 3383 adripere
306 3318 616 3390 conjugem,
663 3320 830 3374 ﬁliam
856 3314 1070 3375 Scilicet
1103 3318 1319 3375 Girardi
1352 3318 1419 3375 de
1466 3318 1633 3385 Saxo,

83 3406 207 3459 ctille
232 3407 423 3463 diceret
469 3408 625 3463 nullo
658 3412 819 3464 modo
854 3424 915 3465 se
961 3410 1233 3475 daturum,
1269 3409 1323 3463 ui
1362 3410 1637 3463 renuntia-

86 3509 147 3550 rel
172 3501 517 3568 pontiﬁcatui,
542 3502 608 3557 ad
622 3504 910 3573 quemdam
940 3503 1274 3559 sacerdotem
1309 3501 1635 3566 Jobanncm,

86 3590 153 3655 qui
175 3600 280 3647 tunc
311 3596 491 3665 magni
524 3594 703 3655 meriti
729 3595 1039 3664 putabatur,
1063 3611 1120 3652 se
1149 3592 1638 3662 contuiit,ejusque

86 3685 272 3739 consilio
300 3689 654 3756 semetipsum
706 3687 1002 3753 damnavit,
1056 3687 1501 3756 pontiﬁcatuique
1548 3700 1635 3738 rc.-

88 3777 329 3832 nnntiavit.
368 3782 531 3847 Quod
563 3780 853 3835 consilium
878 3781 1035 3836 valde
1057 3789 1201 3837 esset
1223 3778 1513 3843 laudabile,
1533 3778 1634 3831 nisi

90 3870 410 3934 lnrpissimutn
434 3882 562 3943 post
584 3881 726 3928 esset
752 3882 997 3929 secutum
1027 3880 1325 3943 peccatum.
1343 3870 1476 3925 Nam
1496 3872 1635 3926 idem

88 3961 317 4029 sacerdos,
347 3964 412 4017 dc
443 3980 560 4034 quo
591 3980 751 4034 supra
782 3965 1085 4031 retulimus,
1113 3976 1331 4034 accepta
1358 3966 1457 4020 hac
1480 3980 1638 4021 ocea-

91 4057 212 4111 sione
234 4060 455 4117 nefando
492 4062 697 4116 ambitu
728 4062 984 4116 seductus
1022 4075 1119 4130 per
1153 4060 1520 4129 turpissimam
1548 4074 1639 4112 ve-

92 4151 323 4206 nalitatem
358 4150 693 4223 outnmnque
746 4154 1046 4207 Romanum
1089 4152 1344 4222 populum
1390 4152 1638 4220 pecuniis

92 4238 355 4307 ingentibus
386 4245 530 4298 datis
552 4245 650 4298 sibi
677 4244 862 4312 jnrare
891 4244 1085 4314 coegit,
1111 4244 1295 4312 sicque
1327 4244 1391 4297 ad
1424 4243 1637 4313 pontiﬁ-

92 4331 228 4383 calem
254 4336 493 4388 ascendit
524 4335 868 4404 dignitatem,
898 4351 1055 4404 quem
1075 4350 1230 4389 verso
1261 4334 1479 4388 nomine
1505 4334 1640 4388 Grc-

92 4423 260 4485 ‘snrinm
288 4427 767 4497 (59)vocavcrunt.
810 4427 904 4481 llis
948 4428 1019 4481 ita
1045 4428 1238 4495 gestis,
1272 4426 1548 4481 Gerardus
1574 4426 1639 4479 de

94 4512 207 4566 Saxo
229 4533 339 4570 cum
365 4519 486 4573 aliis
518 4518 819 4588 capitaneis
845 4517 1131 4587 quemdam
1165 4516 1489 4571 Sabinorum
1521 4515 1638 4584 epi-
1672 4516 1718 4569 Β

95 4620 274 4672 recinuit
299 4610 395 4663 sibi
431 4609 641 4679 eligunt
676 4608 983 4678 pontiﬁcem
1014 4621 1175 4677 quem
1223 4620 1383 4660 verso
1422 4604 1653 4670 nomine

96 4710 382 4755 locaverunt
414 4704 748 4773 Sylvcslrttm
777 4703 910 4773 (40).
953 4704 1105 4770 Quod
1137 4703 1418 4756 audientes
1442 4701 1643 4771 Grego-

97 4788 183 4839 rius
203 4795 435 4860 patritins
462 4804 517 4849 et
546 4794 738 4848 Petrus
769 4794 1029 4848 Germani
1063 4792 1496 4863 Theopbylatutn
1549 4806 1644 4860 spe

98 4882 302 4953 rmijngis
328 4887 607 4955 deceptum
640 4890 705 4940 ad
737 4884 1069 4956 pontiﬁcalia
1120 4887 1312 4939 iterum
1362 4883 1643 4939 sublevattt

100 4968 409 5042 i.istigia.Sed
426 4977 546 5045 quis
577 4992 673 5046 pro
703 4982 867 5032 tantis
891 4978 1293 5033 calamitatibus
1316 4978 1469 5032 nobis
1497 4976 1645 5032 locus

102 5067 303 5134 n-medii,
318 5070 415 5122 nisi
434 5088 451 5123 \
466 5087 531 5124 0x
551 5071 633 5123 illa
651 5072 981 5141 evangelica,
1007 5070 1407 5139 quzeconfortat
1427 5078 1649 5138 aposto-

104 5154 187 5208 lum
210 5159 377 5215 illectis
408 5182 420 5215 :
456 5163 593 5234 iEgO
622 5179 718 5232 pro
749 5173 797 5217 te
822 5163 1028 5234 rogavi,
1048 5160 1650 5225 Petre,utnondeticiat

104 5246 759 5325 tilcstua(Luc.xxu,52).t
793 5253 897 5308 Sed
926 5262 1072 5307 certe
1098 5261 1152 5306 et
1181 5267 1306 5307 vere
1330 5266 1436 5305 non
1451 5248 1651 5304 defecit

106 5334 211 5391 lides
223 5339 349 5396 l‘eiri
364 5386 376 5409 ,
404 5362 498 5400 nec
523 5346 731 5399 deﬁciet
749 5345 881 5399 ﬁdes
893 5343 1151 5399 Romana:
1164 5343 1416 5399 Ecclesia:
1433 5343 1483 5397 in
1499 5351 1653 5397 :13le-

106 5430 435 5488 num.;\'am'in
456 5446 598 5490 tanta
623 5448 675 5490 et
701 5445 806 5489 tam
832 5436 1002 5489 valida
1026 5444 1343 5504 tempestate
1370 5432 1651 5487 suscitavit

106 5514 324 5575 Dominus
352 5527 595 5595 spiritum
626 5530 904 5599 cujusdam
929 5528 1073 5583 Petri
1112 5526 1341 5581 Romani
1374 5524 1645 5579 archidia-

164 5654 904 5739 (57).“100H1tilitieln‘Yel‘lilS
958 5667 1151 5732 erasis,
1200 5663 1292 5719 sed
1342 5661 1410 5715 ab
1458 5659 1646 5715 eadem

109 5734 241 5777 manu
273 5734 319 5781 in
351 5736 524 5789 codice
568 5737 874 5790 substitute.

164 5795 262 5867 4.38)
300 5799 606 5861 Benedictus
636 5806 725 5859 IX.

1739 3218 2181 3299 archiepiscopus
2230 3235 2285 3281 et
2312 3224 2401 3280 alii
2434 3219 2611 3293 quam
2646 3220 2866 3290 plures,
2922 3225 2978 3271 et
3032 3212 3335 3284 qumstione

1740 3331 1863 3379 orta
1894 3322 1961 3377 de
1992 3320 2271 3391 Sylvestro
2309 3317 2561 3371 invasere
2616 3312 2685 3366 ab
2735 3307 2989 3364 omnibus
3032 3303 3337 3374 judicatum

1737 3423 1821 3470 est
1850 3413 2160 3481 episcopatu
2184 3407 2631 3477 etpresbyterato
2676 3399 2938 3455 nudatum
2966 3396 3020 3449 iu
3052 3398 3327 3447 monasteo

1737 3505 1823 3559 rio
1842 3504 2031 3561 diebus
2060 3501 2182 3554 vitae
2210 3514 2320 3554 sum
2349 3497 2522 3561 tradi;
2556 3496 2622 3548 de
2665 3486 3048 3560 Theopltylaco
3067 3497 3197 3539 vero
3233 3498 3331 3537 su-

1744 3594 2137 3667 persedendum
2192 3590 2307 3645 fore
2348 3587 2746 3657 judicaverunt,
2791 3580 3025 3637 maxime
3066 3591 3189 3631 cum
3224 3575 3337 3644 ipse

1741 3666 2025 3740 Romanus
2065 3680 2308 3754 pontifex
2340 3694 2400 3733 se
2441 3673 2770 3748 judicaverit
2813 3668 3213 3740 deponendum.
3263 3666 3338 3720 De

1748 3778 1911 3833 tertio
1953 3792 2083 3831 vero
2112 3776 2242 3847 quid
2290 3772 2552 3835 facerent,
2589 3782 2696 3838 quo
2725 3780 2783 3821 se
2816 3770 3110 3826 verterent,
3143 3760 3339 3830 quibus

1745 3870 2039 3927 acettsandi
2066 3876 2121 3924 et
2150 3864 2478 3922 testiﬁcandi
2502 3863 2761 3919 adversus
2798 3856 3034 3929 judicetn
3089 3868 3196 3908 non
3247 3852 3344 3905 da-

1743 3963 1899 4017 batur
1937 3959 2193 4023 licentia;
2227 3957 2312 4012 cui
2364 3972 2487 4010 cum
2534 3953 2602 4008 ab
2654 3946 2921 4019 episcopis
2973 3944 3337 4015 supplicatum

1742 4055 1954 4120 fuisset,
1990 4060 2049 4106 ιιι
2075 4066 2296 4106 causam
2325 4046 2609 4103 electionis
2641 4060 2753 4099 suae
2779 4046 3074 4111 promeret,
3117 4046 3172 4090 ut
3214 4042 3337 4089 erat

1744 4147 1929 4211 idt'ota,
1971 4159 2189 4199 onmem
2238 4157 2349 4196 sua:
2408 4137 2691 4194 electionis
2753 4134 3044 4203 puritatem
3099 4127 3333 4198 aperuit.

1746 4240 1891 4292 {dixit
1940 4252 2000 4290 se
2051 4236 2141 4296 Dei
2186 4232 2557 4291 misericordia
2615 4226 2953 4282 sacerdotem
2997 4222 3164 4275 fuisse
3212 4218 3340 4283 boni

1745 4324 2129 4383 testimoniiet
2152 4323 2310 4377 fama:
2331 4330 2383 4375 et
2414 4327 2567 4374 casto
2597 4329 2829 4385 corpore
2862 4329 2891 4367 a
2940 4310 3171 4381 pueritia
3198 4322 3341 4361 sem-

1743 4432 1840 4486 per
1867 4415 2088 4469 vixisse.
2119 4412 2271 4479 Quod
2317 4426 2419 4463 non
2455 4417 2658 4462 tantum
2690 4402 2983 4465 laudabile,
3017 4399 3111 4456 sed
3169 4398 3333 4453 etiam

1745 4508 1898 4577 quasi
1932 4505 2236 4577 angelicum
2267 4513 2392 4557 tunc
2440 4498 2698 4568 temporis
2723 4496 3004 4550 videbatur
3033 4491 3175 4563 apud
3226 4490 3337 4544 Ito-

1748 4613 1958 4654 manos.
1990 4594 2162 4665 Hujus
2193 4594 2267 4648 rei
2289 4606 2457 4648 causa
2488 4588 2686 4643 multas
2709 4584 3064 4655 acquisivisse
3080 4582 3342 4653 pecunias

1746 4692 1980 4752 dicebat,
2003 4705 2140 4758 quas
2168 4685 2664 4747 servabat,utsarta
2690 4688 2831 4734 tecta
2854 4676 3102 4732 ecclesia:
3128 4683 3339 4729 restau-

1747 4795 1894 4841 raret
1931 4783 2011 4838 vel
2040 4779 2241 4852 aliquid
2272 4776 2397 4834 novi
2424 4788 2674 4844 maguum
2725 4770 2851 4842 quid
2881 4768 3082 4823 faceret
3122 4767 3173 4820 in
3212 4768 3343 4819 urLe

1750 4878 1953 4942 Roma;
1992 4886 2226 4941 cumque
2276 4867 2573 4938 saepissime
2618 4854 2957 4935 tyrannidem
2999 4856 3340 4928 patritiorum

1748 4981 1930 5023 secum
1965 4962 2194 5019 tractari
2234 4969 2293 5015 et
2336 4958 2569 5031 qualiter
2596 4956 2713 5010 sine
2745 4953 2848 5009 ulla
2893 4950 3024 5006 cleri
3073 4946 3341 5017 etpopuli

1747 5057 2013 5112 electione
2049 5051 2335 5124 pontiﬁces
2372 5050 2790 5109 constituerent,
2840 5040 2976 5094 nihil
3011 5037 3205 5092 melius
3241 5049 3343 5103 pu—

1750 5149 1898 5203 tabat
1935 5162 2099 5217 quam
2156 5144 2476 5200 electionem
2514 5138 2658 5194 clero
2707 5143 2781 5191 et.
2807 5132 3005 5205 populo
3035 5145 3130 5198 per
3162 5136 3342 5197 tyran-

1751 5241 1932 5295 nidetn
1954 5238 2152 5307 injuste
2168 5236 2436 5292 sublatam
2465 5233 2548 5287 bis
2570 5228 2813 5301 pecuniis
2844 5234 3172 5280 restaurare.
3189 5217 3342 5284 Quod

1752 5348 1903 5399 vero,
1956 5340 2016 5385 ut
2045 5330 2332 5384 audierunt
2362 5327 2464 5380 viri
2516 5322 2773 5394 religiosi,
2818 5323 3081 5389 ceperunt
3127 5327 3343 5371 summa

1753 5442 1876 5483 cum
1920 5425 2227 5481 reverentia
2265 5419 2593 5476 calliditates
2621 5414 2828 5483 antiqui
2880 5409 3051 5467 hostis
3104 5407 3155 5464 ei
3206 5403 3340 5459 insi-

1752 5534 1943 5588 nuare,
1974 5528 2031 5575 et
2068 5516 2199 5573 nihil
2224 5514 2365 5585 quod
2394 5509 2601 5575 venale,
2634 5513 2882 5562 sanctum
2911 5518 3031 5560 esse
3062 5499 3345 5559 dicebant.

1825 5657 1937 5729 (59)
1977 5652 2296 5729 Gregorium

1827 5715 1940 5798 (40')
1981 5715 2315 5798 Sylvestrum
2523 5784 2531 5793 .

1827 5790 1942 5871 (41)
1981 5790 2260 5865 Episcopis
2283 5790 2575 5859 suitjttngit.
