3852 6308
501 370 606 425 819

500 481 598 539 llis
644 491 698 539 et
728 480 851 536 aliis
886 478 1365 537 ammonitionibus
1419 478 1626 537 illectus
1657 478 1920 550 Spiritum
1957 491 2086 534 san—
2114 480 2165 539 Α

498 582 646 627 ctum
672 570 942 642 cepitjam
971 580 1153 626 mente
1171 569 1478 640 concipere,
1507 577 1563 624 et
1588 569 1762 625 zelum
1793 568 2086 638 Dei,quem

498 678 607 717 non
638 656 937 717 secundum
967 661 1253 718 scientiam
1282 661 1569 727 habuerat,
1589 662 1703 730 ipse
1731 675 2087 732 cognoscens,

499 751 588 808 his
637 752 818 810 verbis
851 754 1134 823 episcopos
1187 750 1452 807 allocutus
1483 761 1611 808 est:
1648 751 1869 807 Testem
1918 752 2088 809 Deum

500 841 698 899 invoco
744 844 798 899 in
830 845 1067 900 animam
1099 858 1297 912 meam,
1334 845 1434 900 viri
1481 844 1697 909 fratres,
1742 858 1828 907 me
1872 859 1939 900 ex
1990 844 2093 900 hoc

500 936 883 993 remissionem
932 945 1279 1007 peccatorum
1328 947 1383 992 et
1427 937 1521 993 Dei
1551 937 1754 992 credidi
1795 935 2090 1008 promereri

503 1028 774 1098 gratiam;
806 1028 900 1084 sed
928 1027 1054 1097 quia
1084 1027 1293 1097 antiqui
1326 1027 1497 1084 laesus
1517 1043 1661 1083 nunc
1678 1043 1945 1099 cognosco
1972 1042 2095 1086 veru.

500 1124 726 1191 sutiam,
754 1124 882 1193 quid
915 1124 1047 1181 mihi
1103 1124 1175 1179 sit
1223 1123 1531 1203 faciendum
1586 1123 1639 1177 in
1693 1121 1930 1177 medium
1961 1134 2092 1176 con—

504 1215 689 1272 sulite.
728 1216 825 1272 Cui
853 1217 926 1272 illi
950 1217 1337 1288 respondentes
1355 1218 1649 1272 dixerunt:
1673 1214 1752 1270 Tu
1778 1215 1831 1270 in
1856 1213 1977 1269 sinu
2003 1221 2093 1267 tuo

504 1305 697 1376 collige
724 1320 944 1363 causam
978 1314 1164 1375 tuam;
1197 1317 1251 1363 tu
1280 1308 1498 1378 proprio
1520 1322 1616 1361 ore
1653 1314 1705 1360 te
1731 1304 1937 1375 judica,
1980 1318 2091 1358 me~

502 1396 609 1451 lius
635 1408 719 1453 est
737 1398 881 1453 enim
915 1399 1012 1454 tibi
1040 1414 1164 1454 cum
1195 1399 1353 1453 beato
1390 1397 1551 1453 Petro
1576 1396 1733 1467 cujus
1762 1408 1951 1449 amore
1978 1392 2094 1448 haec

502 1488 679 1544 fecisti
710 1503 1000 1560 pauperem
1031 1490 1120 1545 hic
1142 1490 1347 1556 vivere,
1375 1498 1435 1544 ut
1460 1489 1607 1545 dives
1628 1487 1706 1555 sis
1734 1486 1785 1541 in
1809 1495 2092 1552 aeternum,

505 1594 669 1650 quam
700 1596 824 1635 cum
861 1578 1099 1653 Symone
1142 1580 1315 1651 Mago,
1352 1580 1444 1651 qui
1490 1588 1543 1647 te
1589 1578 1803 1649 decepit
1852 1578 1906 1631 in
1957 1591 2094 1648 pra;-

503 1669 645 1724 senti
676 1668 880 1725 divitiis
906 1671 1173 1726 nitescere
1205 1682 1261 1726 et
1291 1670 1346 1726 in
1369 1680 1630 1735 aeternum
1661 1670 1857 1740 perire.
1887 1666 2094 1735 Quibus

505 1760 729 1827 auditis,
758 1763 1082 1817 sententiam
1116 1763 1167 1818 in
1201 1778 1260 1819 se
1281 1762 1503 1832 protulit
1531 1762 1835 1832 huiusmodi
1866 1761 2089 1817 dicens:

504 1851 621 1923 Ego
644 1852 935 1923 Gregorius
963 1855 1272 1930 episcOpus,
1298 1869 1487 1909 servus
1514 1868 1796 1908 servorum
1826 1851 1941 1916 Dei,
1970 1866 2095 1921 pro-
2130 1824 2172 1884 Β

505 1951 631 2013 pter
674 1945 1038 2015 turpissimam
1064 1946 1408 2002 venalitatem
1450 1944 2096 2018 Symoniacmluereseos,

505 2049 629 2104 qua:
655 2035 863 2105 antiqui
895 2036 1066 2091 hostis
1088 2037 1325 2092 versutia
1353 2052 1484 2093 mete
1512 2036 1765 2092 electioui
1798 2035 2044 2106 irrepsit,
2066 2050 2097 2090 a

507 2124 756 2182 Romano
795 2126 1107 2198 episcopatu
1155 2126 1344 2196 judico
1392 2144 1481 2183 me
1532 2128 1980 2185 submovendum.
2033 2126 2100 2196 Et

504 2216 747 2287 adjecit:
803 2216 985 2273 Placet
1006 2218 1160 2273 vobis
1185 2218 1285 2282 hoc
1337 2218 1502 2289 (42)?
1550 2228 1606 2274 et
1657 2218 2094 2289 resrmuderuut:

505 2307 659 2376 Quod
694 2308 788 2364 tibi
841 2309 1041 2380 placet,
1068 2317 1126 2379 et
1167 2324 1269 2375 nos,
1298 2309 1601 2375 lirmamus.
1629 2308 1913 2363 Celebrata
1945 2324 2101 2380 regu-

506 2400 699 2456 lariter
724 2402 929 2473 synodo
974 2401 1028 2456 in
1086 2415 1282 2475 magna
1317 2402 1641 2457 testuatione
1667 2411 1954 2467 venerunt,
2004 2418 2099 2477 rex

506 2493 712 2563 pariter
746 2502 800 2550 et
842 2492 1105 2565 episcopi,
1150 2502 1260 2553 tum
1293 2493 1419 2563 quia
1449 2509 1564 2561 non.
1596 2492 1860 2562 haberent
1885 2494 2104 2563 pontiti-

507 2600 647 2650 cem,
681 2587 771 2656 qui
819 2602 1001 2659 regem
1061 2586 1326 2657 imperiali
1361 2587 1590 2643 donaret
1635 2597 1927 2658 potestate,
1987 2596 2099 2657 tum

507 2677 636 2747 quia
675 2677 729 2732 in
759 2677 1010 2746 eligendo
1060 2675 1166 2735 alio
1197 2674 1399 2731 clerici
1444 2676 1660 2746 quidem
1690 2676 1964 2732 habebant
1992 2675 2102 2732 ele-

507 2768 767 2832 ctionem,
798 2767 976 2837 populi
1010 2774 1191 2821 autem
1226 2765 1610 2835 subsequentis
1637 2766 1847 2823 laudem
1878 2765 2101 2822 minime

510 2858 810 2927 trahebant;
839 2871 1180 2923 sacramento
1222 2861 1367 2916 enim
1415 2862 1811 2931 perstrinxerat
1845 2863 2102 2932 praefatus

510 2949 785 3010 Johannes
811 2968 1086 3025 nunquam
1113 2969 1172 3011 se
1202 2955 1420 3021 vivente
1458 2968 1555 3021 eos
1581 2952 1746 3028 alium
1790 2954 2102 3031 laudaturos

510 3042 843 3112 pontiﬁcem.
1039 3039 1044 3044 ’

583 3135 796 3195 Interea
822 3154 946 3198 cum
973 3156 1078 3203 non
1109 3143 1373 3200 haberent
1418 3144 1486 3201 de
1529 3146 1748 3217 propria
1779 3146 2003 3215 diocesi,
2044 3155 2102 3210 ut

510 3227 657 3284 enim
687 3231 934 3301 superius
960 3234 1382 3290 memoravimus
1412 3206 1796 3308 languescente
1825 3239 1999 3308 capite
2043 3239 2097 3294 in
2128 3206 2170 3264 ς·

510 3331 724 3378 tantum
752 3325 999 3397 languida
1035 3334 1195 3382 erant
1223 3335 1422 3385 caetera
1458 3329 1721 3396 membra,
1752 3337 1810 3383 ut
1853 3329 1906 3384 in
1952 3338 2102 3386 tanta

508 3414 753 3472 Ecclesia
786 3418 875 3471 vix
905 3433 1044 3474 unus
1071 3427 1254 3489 posset
1279 3420 1528 3489 reperiri,
1545 3420 1674 3491 quin
1701 3420 1782 3479 vel
1812 3420 2102 3479 illiteratus

510 3506 597 3562 vel
627 3508 986 3579 Symoniacus
1015 3510 1105 3565 vel.
1143 3521 1289 3567 esset
1315 3513 1729 3569 concubinatus.
1761 3512 1816 3568 In
1854 3513 1959 3569 hac
2006 3527 2101 3568 ne-

509 3600 767 3657 cessitate
797 3601 1002 3673 eligunt
1027 3602 1127 3658 sibi
1159 3604 1467 3669 Sicherium
1502 3604 1955 3667 Babebariensem
1982 3606 2083 3677 epi-

477 3701 736 3763 'lscopum
768 3694 1064 3752 cancuibus
1088 3695 1537 3755 interdicentibus
1572 3698 1848 3753 neminem
1877 3698 1946 3755 ad
1994 3698 2104 3754 Ro-

481 3796 735 3839 ‘rmauum
762 3786 965 3842 debere
986 3787 1283 3845 ascendere
1310 3788 1816 3858 pontilicatum,qui
1843 3789 1896 3843 in
1915 3791 2101 3845 eadem

502 3876 756 3933 'Ecclesia
784 3879 1067 3951 presbyter
1092 3891 1148 3936 et
1174 3880 1437 3937 diaconus
1466 3896 1574 3936 non
1607 3880 1771 3937 fuerit
1793 3880 2097 3949 ordinatus,

498 3962 569 4025 ’in
620 3970 777 4041 cujus
826 3971 985 4028 laude
1033 3974 1192 4044 pauci
1237 3974 1458 4043 quidem
1511 3971 1657 4039 iaici,
1716 3974 1809 4030 sel
1855 3973 1951 4046 qui
1996 3989 2102 4029 non

510 4060 743 4119 Johanni
768 4064 1107 4135 iuraverant,
1140 4072 1555 4123 consenserunt»

581 4156 905 4229 Primusque
960 4158 1204 4214 omnium
1269 4166 1391 4228 post
1450 4159 1669 4214 beatum
1734 4158 2103 4228 apostolorum

507 4250 811 4323 principem
836 4251 888 4307 iu
916 4261 1065 4306 tanta
1082 4251 1225 4306 serie
1246 4249 1616 4306 Romanorum
1640 4250 1957 4321 pontiﬁcum
1972 4250 2106 4305 alias

519 4355 873 4401 consecratus
918 4343 1200 4400 Romanus
1248 4342 1489 4415 pontifex
1532 4343 1833 4414 appellatus
1863 4352 1965 4400 est.
1999 4342 2104 4413 Sed

519 4436 819 4490 secundum
845 4437 1067 4491 decreta
1101 4436 1241 4491 beati
1286 4451 1438 4505 papte
1473 4434 1794 4501 Innocentii,
1827 4435 1969 4504 quod
2011 4449 2100 4489 ne-

1613 361 1977 423 BONIZONIS
2006 358 2411 419 PLACENTINI
2438 356 2741 415 EPISCOPI

3644 360 3733 413 εει)

2189 491 2295 546 qua
2322 482 2468 531 esset
2496 472 2550 529 in
2577 471 2754 528 Iaicali
2785 470 2982 532 ordine
3019 470 3257 541 dignitas
3288 470 3598 533 constituta,
3634 486 3737 539 qua

2189 568 2453 639 privilegii
2483 565 2784 638 possideret
2802 564 2923 634 plus
2950 564 3303 635 imperatoria
3341 564 3629 633 majestate.
3649 563 3738 620 Sal

2190 661 2319 732 quid
2349 660 2453 716 hac
2477 658 2787 716 calamitate
2808 657 3058 716 acerbius
3076 657 3277 729 quidve
3302 657 3592 724 crudelius,
3606 674 3741 729 quam

2192 751 2283 822 qui
2310 750 2468 822 paulo
2501 759 2626 805 ante
2663 747 2997 804 Tusculanos
3024 748 3277 819 puuierat
3322 762 3425 818 pro
3475 747 3743 818 tyrannide,

2192 844 2393 901 eisdem
2416 842 2685 898 damnatis
2713 839 2873 896 vellet
2898 855 3019 898 esse
3046 838 3523 907 consimilis.Quid
3548 855 3745 908 namque

2193 945 2294 1001 est,
2324 935 2465 1005 quod
2498 944 2733 991 mentem
2764 934 2897 991 tanti
2946 932 3047 989 viri
3096 933 3163 987 ad
3203 942 3416 988 tantum
3458 934 3621 987 traxit
3642 932 3747 987 deli.

2190 1034 2369 1094 ctum,
2396 1025 2497 1082 nisi
2534 1026 2679 1096 quod
2725 1022 2954 1089 credidit
2982 1038 3079 1096 per
3104 1024 3419 1094 patritiatus
3448 1022 3674 1080 ordinem
3700 1040 3749 1080 se

2194 1118 2500 1175 Romanum
2522 1132 2683 1189 posse
2708 1117 2963 1173 ordinare
3001 1116 3337 1188 pontiﬁcem.
3369 1116 3484 1172 Sed
3507 1118 3635 1189 prob
3671 1117 3749 1171 ὼς

2195 1210 2310 1266 lor!
2344 1211 2433 1266 ubi
2471 1219 2549 1267 tot
2595 1210 2973 1282 episcoporum
3024 1208 3340 1280 prudentia,
3381 1208 3475 1264 ubi
3529 1218 3608 1265 tot
3640 1209 3750 1281 juris

2195 1301 2494 1371 peritorum
2524 1301 2774 1366 scientia,
2803 1308 2866 1362 ut
2884 1300 3029 1374 quod
3055 1316 3164 1356 non
3192 1299 3351 1356 licuit
3380 1300 3634 1365 dominis.
3656 1318 3750 1357 creo

2195 1394 2387 1450 derent
2434 1393 2597 1450 licere
2628 1394 2823 1450 servis.
2885 1391 3002 1448 Non
3052 1393 3207 1450 licuit
3251 1393 3417 1450 alicui
3478 1395 3749 1466 imperatori

2196 1499 2406 1540 summa
2458 1483 2660 1539 tenenti
2695 1485 2750 1539 in
2794 1483 3111 1541 electionem
3160 1499 3222 1540 se
3276 1483 3511 1554 alicujus
3560 1478 3751 1541 Romani

2196 1574 2468 1645 pontiﬁcis
2501 1575 2763 1642 inserere,
2794 1575 2980 1631 licebit
3011 1575 3212 1631 homini
3239 1576 3344 1631 sub
3365 1585 3628 1645 potestate
3648 1591 3731 1629 cca

2197 1669 2421 1724 stitnto?
2459 1668 2565 1725 Sed
2610 1667 3080 1738 dicentzlegimus
3127 1676 3183 1723 et
3234 1666 3489 1738 Magnum
3537 1667 3751 1723 Karolum

2198 1762 2514 1833 patritiatus
2559 1761 2776 1819 nomine
2814 1760 3175 1828 designatum.
3211 1758 3368 1827 Quod
3421 1760 3467 1815 si
3523 1759 3752 1829 leget-aL

2200 1867 2369 1922 quare
2411 1867 2516 1916 non
2565 1851 2969 1921 intellexerunt,
3009 1848 3371 1921 Temporibus
3415 1850 3559 1905 enim
3611 1847 3754 1920 Magni

2198 1946 2379 2000 ΚειτοΙὶ
2417 1944 2802 2000 Constantinus
2823 1952 2878 2000 et
2908 1943 3060 2002 [rene
3089 1941 3397 2004 Romanum
3417 1942 3755 2013 gubernabant

2188 2035 2507 2105 imperium.
2538 2035 2607 2090 Et
2647 2033 2769 2089 ideo
2795 2032 3256 2089 excellentissimo
3308 2033 3421 2104 regi
3461 2030 3759 2088 Francorum

2199 2127 2327 2201 quid
2376 2126 2703 2197 apostolicus
2758 2125 2843 2181 his
2897 2125 3235 2197 temporibus
3291 2124 3547 2180 conferre
3592 2124 3755 2195 potuit,

2199 2233 2361 2289 quam
2408 2226 2616 2288 patrem
2664 2217 2922 2279 Romanas
2970 2215 3122 2277 urbis
3156 2215 3404 2272 vocitare
3449 2226 3505 2270 et
3534 2224 3749 2286 protecta

2202 2326 2338 2366 rem.
2368 2310 2459 2366 Sic
2489 2310 2632 2375 enim
2685 2308 2883 2381 legitur
2908 2323 2923 2363 :
2970 2306 3203 2363 Karolus
3246 2323 3342 2371 rex
3372 2305 3689 2377 Francorum
3717 2314 3755 2359 ei

2200 2403 2676 2475 Langobardorum
2703 2410 2758 2457 et
2804 2401 3057 2472 patritius
3086 2399 3482 2464 Romanorum.
3515 2397 3760 2468 Nunquam

2200 2498 2343 2552 enim
2367 2512 2497 2552 eum
2525 2494 2788 2565 imperiali
2814 2493 3046 2565 legimus
3074 2502 3296 2559 auctum
3335 2491 3503 2548 fuisse
3529 2500 3757 2561 potestate

2204 2587 2297 2658 (42
2325 2592 2341 2608 ‘
2367 2588 2407 2657 ).
2467 2585 2573 2642 Sed
2618 2593 2740 2660 post
2774 2584 2893 2654 ejus
2920 2583 3127 2646 obitum
3170 2582 3452 2648 Ludoicns
3492 2583 3607 2653 ejus
3648 2579 3758 2641 ﬁlius

2203 2678 2411 2750 primus
2440 2676 2682 2733 omnium
2723 2690 2912 2746 regum
2943 2689 2975 2728 a
3025 2672 3272 2727 Romano
3318 2671 3581 2742 sanguine
3618 2680 3755 2725 extra-

2204 2785 2430 2826 neorum
2459 2767 2793 2839 imperialem
2823 2766 3022 2822 meruit
3065 2764 3529 2831 benedictionem,
3577 2774 3629 2821 et
3664 2762 3759 2819 ideo

2203 2862 2331 2935 quia
2363 2861 2555 2917 habuit
2583 2875 2792 2915 smnma
2825 2874 2931 2915 non
2960 2857 3213 2928 quiesivit
3259 2855 3476 2912 infima.
3529 2855 3629 2911 Sed
3669 2851 3756 2923 jam

2203 2952 2271 3008 ad
2310 2950 2674 3007 narrationem
2709 2948 2993 3005 redeamus
3023 2966 3037 3003 :
3406 2950 3413 2954 ’

2275 3046 2445 3118 Igitur
2495 3044 2696 3101 Italicis
2756 3045 2919 3100 rebus
2970 3044 3074 3100 rite
3129 3042 3477 3114 compositis,
3505 3042 3759 3111 imperato:

2208 3141 2493 3199 IIeinricus
2521 3140 2753 3211 patriam
2794 3137 3059 3193 remeavit
3100 3136 3311 3192 ducens
3361 3150 3548 3191 secum
3577 3146 3758 3188 venen-

2203 3235 2367 3292 bilem
2395 3232 2719 3299 Iohannem,
2754 3246 2925 3302 quem
2947 3245 3116 3297 supra
3143 3228 3608 3293 memoravimus;
3631 3239 3755 3296 quem

2204 3337 2430 3391 secutus,
2446 3334 2531 3391 est
2560 3327 2676 3389 Deo
2704 3323 2954 3380 amabilis
2990 3321 3415 3395 Hildehrandus,
3449 3320 3631 3393 volens
3656 3329 3756 3387 erga

2204 3418 2480 3479 dominum
2522 3431 2680 3473 suum
2711 3413 2971 3471 exhibere
3013 3410 3402 3469 reverentiam.
3458 3408 3591 3464 Nam
3632 3416 3755 3459 antea

2204 3511 2382 3568 fuerat
2408 3509 2539 3567 suus
2563 3507 2893 3578 capellanus.
2925 3504 3041 3561 Non
3074 3504 3231 3574 longo
3258 3512 3382 3573 post
3408 3511 3643 3571 tempore
3663 3513 3755 3551 cum

2205 3602 2273 3667 ad
2304 3601 2449 3672 ripas
2482 3598 2653 3654 Rheni
2694 3595 2960 3673 praefatus
2997 3593 3237 3668 venisset
3279 3591 3582 3667 Iohannes,
3607 3586 3757 3643 morbo

2205 3702 2491 3763 correptus
2521 3690 2747 3753 interiit.

2274 3788 2393 3855 Quo
2421 3794 2636 3841 mortuo
2663 3792 2719 3838 ct
2745 3784 2799 3839 in
2831 3779 2965 3854 pace
2996 3780 3229 3852 sepulto,
3257 3778 3590 3837 venerabilis
3615 3772 3757 3833 IIthc-

2203 3878 2442 3935 brandus
2477 3875 2796 3932 Cluniacum
2845 3874 3069 3930 tendens
3110 3872 3181 3928 ibi
3232 3873 3537 3927 monachus
3578 3866 3759 3923 electus

2205 3977 2311 4034 est,
2344 3977 2400 4024 et
2434 3967 2577 4035 inter
2627 3965 2907 4043 religiosos
2950 3962 3096 4019 viros
3144 3961 3393 4039 adprime
3450 3954 3755 4043 philosopha-

2208 4068 2295 4117 tus
2325 4067 2432 4119 est.
2766 4050 2767 4053 “
3472 4043 3478 4047 ’

2257 4151 2468 4207 Mortuo
2487 4150 2693 4206 interea
2707 4147 2985 4205 Clemente
2999 4145 3244 4207 [ternario
3267 4141 3546 4213 pontiﬁce,
3572 4138 3757 4193 Romam

2208 4243 2272 4299 ad
2298 4244 2679 4312 imperatorem
2714 4240 2942 4295 tendunt
2968 4244 3223 4308 rogantes
3264 4233 3385 4289 dari
3430 4232 3537 4288 sibi
3584 4224 3759 4301 poetil-

2207 4350 2347 4398 ccm,
2377 4332 2469 4404 qui
2500 4341 2555 4389 et
2580 4331 2880 4387 consensit.
2896 4328 3028 4384 Nam
3050 4325 3309 4399 patritiali
3342 4323 3624 4397 tyrannide
3644 4316 3757 4373 deﬁt

2207 4425 2288 4483 eis
2316 4440 2382 4478 ex
2412 4423 2581 4478 latere
2628 4438 2728 4478 suo
2754 4420 3043 4492 quemdam
3082 4419 3399 4488 episcopum
3446 4416 3620 4471 virum
3642 4407 3755 4475 οιιιιί

498 4526 747 4580 δεεεείιιιε
779 4542 877 4596 pro
896 4541 985 4581 ren
1010 4527 1130 4585 edin
1152 4527 1372 4595 reperit,
1394 4536 1639 4582 cessante
1664 4525 1986 4582 necessitate
2014 4526 2105 4583 do-
2130 4546 2185 4608 D
2211 4513 2463 4584 superbia
2514 4512 2753 4582 ριεηιιιιι.
2797 4510 3062 4565 mandans
3091 4508 3293 4579 ίηο¹1⁹ῑο
3322 4506 3452 4608 duc}

512 4616 607 4670 bet
626 4618 812 4686 utique
837 4618 1280 4687 cessarc,pariter
1294 4633 1509 4688 quoque
1542 4619 1805 4689 urguebat
1830 4616 1929 4689 {ita
1957 4619 2101 4685 cod.,

515 4708 653 4777 forte
678 4694 1083 4781 urgebat],qni~a
1097 4710 1234 4764 alius
1255 4719 1338 4766 est
1357 4710 1489 4765 ordo
1516 4710 1809 4780 legitimus,
1825 4711 1927 4766 alia
1948 4727 2106 4767 usur-

513 4800 685 4871 patio,
717 4817 880 4873 quam
917 4802 984 4856 ad
1027 4817 1267 4871 praesens
1313 4802 1428 4857 ﬁeri
1465 4812 1675 4872 tempus
1706 4802 1955 4872 impellit.
2000 4803 2105 4859 Sed

507 4895 626 4965 jam
652 4895 719 4950 ad
753 4888 1368 4966 proposita'redeamus.
1401 4894 1569 4964 Igitur
1607 4902 1893 4965 postquam
1936 4896 2107 4967 impe.

509 4985 635 5047 riali
663 4994 749 5042 est
794 5000 890 5040 rex
936 4992 1130 5041 auctus
1160 4984 1424 5055 dignitate
1474 4983 1878 5039 calamitatibus
1929 4986 2107 5056 reipu-

509 5080 672 5137 blicae
709 5078 1051 5151 compaticns
1078 5070 1359 5134 civitatem
1411 5092 1449 5147 ιι,
1473 5077 1821 5147 patritiormn
1855 5078 2107 5135 liberavit

514 5172 976 5243 tyrannide,quod
1004 5170 1160 5227 valde
1179 5179 1324 5225 esset
1347 5168 1754 5240 laudabilegnisi
1769 5169 2107 5241 subsequens

506 5275 630 5340 post
657 5266 956 5325 macularet
983 5266 1354 5334 commissum.
1388 5264 1523 5319 Nam
1574 5262 1883 5320 rumoribus
1920 5264 2106 5335 populi

514 5360 750 5427 illectus,
781 5360 981 5431 quibus
1012 5358 1158 5414 credi
1188 5372 1296 5413 non
1335 5366 1590 5427 oportere
1626 5356 1861 5411 maxima
1903 5370 2105 5427 propo-

521 5454 651 5509 sitio
675 5464 779 5523 est,
812 5452 1151 5524 tyrannidem
1180 5448 1491 5521 patritiatus
1520 5447 1772 5518 arripuit,
1821 5447 1974 5517 quasi
2003 5447 2105 5503 ali-

584 5608 695 5673 (42)
732 5608 859 5663 Ilaec
916 5603 1512 5676 Sutriensis__synodus
1555 5611 1611 5657 et
1666 5609 1786 5676 acta
1836 5602 2101 5656 cessronis

508 5672 831 5751 \‘r‘iluntaritc
871 5675 1121 5751 Gregorii
1179 5672 1271 5729 VII
1301 5672 1388 5728 'ab
1442 5674 1543 5728 hoc
1588 5673 1856 5751 scriptore
1914 5685 2101 5751 nostro

507 5750 829 5820 ];llll'lllllllll,
870 5742 1209 5820 in__maxi_ma
1266 5752 1548 5820 auctorum
1586 5742 1872 5820 discordia
1906 5780 1921 5820 τ
1977 5743 2097 5797 illu-

508 5812 877 5882 Stranturaet
912 5816 999 5871 ille
1050 5815 1235 5882 etiam,
1295 5829 1415 5883 quae
1452 5812 1618 5870 Sutrii
1681 5822 1800 5868 acta
1848 5812 2090 5881 fuissent,

2212 4617 2269 4662 ut
2294 4622 2417 4662 cum
2440 4605 2669 4677 Romam
2697 4604 3009 4673 duceret,et
3034 4617 3107 4679 ex.»
3126 4609 3282 4672 parte
3309 4614 3405 4654 sua
3422 4596 3750 4654 introninrei-

2210 4700 2361 4771 Quod
2391 4708 2445 4755 et
2467 4698 2665 4755 factum
2690 4706 2801 4762 est;
2825 4704 3071 4773 quemet
3103 4693 3219 4759 alio
3256 4692 3485 4760 nomine.
3510 4690 3753 4745 Danaas!!!

2210 4800 2562 4863 vocaverunt.
2596 4790 2648 4859 Is
2671 4798 2964 4860 postquam.
2997 4786 3180 4854 sedem
3211 4781 3547 4854 pon‘tiliciam
3576 4773 3755 4833 invasit.

2209 4893 2337 4938 ante
2365 4880 2629 4953 quambis
2655 4880 2777 4957 deni
2801 4878 2917 4934 dies
2930 4876 3521 4945 volverenturcorppn:
3542 4879 3593 4925 et
3612 4866 3753 4920 alia:

2210 4986 2457 5033 mortuus
2492 4981 2617 5039 est;
2646 4972 2801 5041 cujus
2827 4964 2943 5024 tam
2972 4969 3204 5037 celerem
3247 4974 3481 5043 mortem
3520 4958 3757 5040 audientes

2210 5065 2613 5126 Ultramontani
2642 5062 2905 5135 episcopi,
2939 5061 3006 5118 dc
3034 5058 3558 5127 cazterotimuerunt
3587 5052 3666 5108 illo
3686 5062 3753 5100 τι·

2207 5163 2348 5222 nire.
2379 5156 2592 5219 Interea
2638 5155 2869 5233 Romani
2926 5162 3037 5223 tam
3088 5149 3253 5226 celeri
3300 5158 3477 5205 morte
3526 5138 3757 5218 pontiﬁcis

2206 5249 2511 5322 perterriti,
2544 5256 2735 5311 tamen
2755 5247 2890 5318 quia
2910 5244 3113 5301 diutius
3138 5241 3257 5299 sine
3277 5240 3533 5317 pontiﬁce
3548 5250 3648 5292 non
3663 5243 3757 5285 esse

2206 5350 2481 5413 poterant,
2531 5353 2728 5405 versus.
2768 5334 3094 5407 Aquilonem
3127 5333 3379 5411 tendunt,
3615 5334 3755 5379 trans-

2207 5443 2358 5501 eunt,
2389 5431 2683 5509 Samnium
2706 5435 2962 5511 pergunt,
2985 5440 3172 5510 regem
3200 5425 3275 5482 ibi
3304 5422 3609 5501 inveniunt,
3629 5420 3758 5471 orant

2203 5595 2252 5650 ei
2280 5593 2421 5675 _scdi
2478 5589 2792 5662 aliquandiu.
2838 5586 3122 5660 protectus
3171 5583 3419 5649 omnium
3441 5579 3634 5651 optimc
3696 5580 3757 5623 Ie-

2203 5674 2365 5807 ηυδῖξ
2388 5734 2436 5807 γ’)
2479 5732 2592 5790 IIoc
2640 5741 2694 5788 ct
2724 5732 2972 5802 superius
3006 5730 3245 5795 dixerat,
3272 5742 3371 5785 nec
3392 5731 3468 5782 sat
3487 5720 3599 5778 scio
3626 5725 3754 5786 quam

2200 5811 2338 5865 bona
2370 5806 2492 5862 lidc.
