  <div class='ocr_page' id='page_1' title='image "/cluster/home/n/w/nwhite01/storage/ocr_20150623/150/hvd.32044015473788/414.png"; bbox 0 0 3852 6308; ppageno 0'>
   <div class='ocr_carea' id='block_1_1' title="bbox 97 291 189 349">
    <p class='ocr_par' dir='ltr' id='par_1_1' title="bbox 97 291 189 349">
     <span class='ocr_line' id='line_1_1' title="bbox 97 291 189 349; baseline -0.022 -1"><span class='ocrx_word' id='word_1_1' title='bbox 97 291 189 349; x_wconf 59' lang='lat' dir='ltr'><strong>Sil</strong></span> 
     </span>
    </p>
   </div>
   <div class='ocr_carea' id='block_1_2' title="bbox 1186 232 2197 339">
    <p class='ocr_par' dir='ltr' id='par_1_2' title="bbox 1186 232 2197 339">
     <span class='ocr_line' id='line_1_2' title="bbox 1186 232 2197 339; baseline -0.007 0"><span class='ocrx_word' id='word_1_2' title='bbox 1186 279 1382 339; x_wconf 71' lang='lat' dir='ltr'><strong>unca</strong></span> <span class='ocrx_word' id='word_1_3' title='bbox 1422 280 1514 337; x_wconf 81' lang='lat' dir='ltr'><strong>AD</strong></span> <span class='ocrx_word' id='word_1_4' title='bbox 1549 232 1840 338; x_wconf 76' lang='lat' dir='ltr'><strong>AMICUltl.</strong></span> <span class='ocrx_word' id='word_1_5' title='bbox 1872 312 1941 322; x_wconf 83' lang='grc'><strong>-</strong></span> <span class='ocrx_word' id='word_1_6' title='bbox 1965 280 2094 335; x_wconf 81' lang='lat' dir='ltr'><strong>un.</strong></span> <span class='ocrx_word' id='word_1_7' title='bbox 2136 281 2197 332; x_wconf 89' lang='lat' dir='ltr'><strong>v.</strong></span> 
     </span>
    </p>
   </div>
   <div class='ocr_carea' id='block_1_3' title="bbox 3264 280 3368 338">
    <p class='ocr_par' dir='ltr' id='par_1_3' title="bbox 3264 280 3368 338">
     <span class='ocr_line' id='line_1_3' title="bbox 3264 280 3368 338; baseline -0.019 0"><span class='ocrx_word' id='word_1_8' title='bbox 3264 280 3368 338; x_wconf 71' lang='grc'><strong>822</strong></span> 
     </span>
    </p>
   </div>
   <div class='ocr_carea' id='block_1_4' title="bbox 94 395 3369 478">
    <p class='ocr_par' dir='ltr' id='par_1_4' title="bbox 94 395 3369 478">
     <span class='ocr_line' id='line_1_4' title="bbox 94 395 3369 478; baseline -0.003 -14"><span class='ocrx_word' id='word_1_9' title='bbox 94 409 184 464; x_wconf 85' lang='lat' dir='ltr'><strong>sibi</strong></span> <span class='ocrx_word' id='word_1_10' title='bbox 211 406 324 462; x_wconf 83' lang='lat' dir='ltr'><strong>dari</strong></span> <span class='ocrx_word' id='word_1_11' title='bbox 349 408 710 478; x_wconf 76' lang='lat' dir='ltr'><strong>pontiﬁcem;</strong></span> <span class='ocrx_word' id='word_1_12' title='bbox 742 405 836 463; x_wconf 82' lang='lat' dir='ltr'><strong>sed</strong></span> <span class='ocrx_word' id='word_1_13' title='bbox 871 404 996 474; x_wconf 98' lang='lat' dir='ltr'><strong>quia</strong></span> <span class='ocrx_word' id='word_1_14' title='bbox 1048 405 1151 460; x_wconf 89' lang='lat' dir='ltr'><strong>hoc</strong></span> <span class='ocrx_word' id='word_1_15' title='bbox 1190 418 1298 459; x_wconf 89' lang='lat' dir='ltr'><strong>non</strong></span> <span class='ocrx_word' id='word_1_16' title='bbox 1348 411 1558 476; x_wconf 89' lang='lat' dir='ltr'><strong>poterat</strong></span> <span class='ocrx_word' id='word_1_17' title='bbox 1605 404 1673 460; x_wconf 89' lang='lat' dir='ltr'><strong>ad</strong></span> <span class='ocrx_word' id='word_1_18' title='bbox 1703 414 1750 471; x_wconf 73' lang='grc' dir='ltr'><strong>Α</strong></span> <span class='ocrx_word' id='word_1_19' title='bbox 1774 399 1993 472; x_wconf 84' lang='lat' dir='ltr'><strong>quidem</strong></span> <span class='ocrx_word' id='word_1_20' title='bbox 2024 396 2237 454; x_wconf 91' lang='lat' dir='ltr'><strong>veritati</strong></span> <span class='ocrx_word' id='word_1_21' title='bbox 2268 410 2374 451; x_wconf 84' lang='lat' dir='ltr'><strong>non</strong></span> <span class='ocrx_word' id='word_1_22' title='bbox 2406 395 2646 452; x_wconf 83' lang='lat' dir='ltr'><strong>valentes</strong></span> <span class='ocrx_word' id='word_1_23' title='bbox 2703 397 2957 454; x_wconf 76' lang='lat' dir='ltr'><strong>resistere</strong></span> <span class='ocrx_word' id='word_1_24' title='bbox 3012 403 3228 454; x_wconf 91' lang='lat' dir='ltr'><strong>tacuere</strong></span> <span class='ocrx_word' id='word_1_25' title='bbox 3270 413 3369 469; x_wconf 89' lang='lat' dir='ltr'><strong>po-</strong></span> 
     </span>
    </p>
   </div>
   <div class='ocr_carea' id='block_1_5' title="bbox 96 493 1679 571">
    <p class='ocr_par' dir='ltr' id='par_1_5' title="bbox 96 493 1679 571">
     <span class='ocr_line' id='line_1_5' title="bbox 96 493 1679 571; baseline -0.003 -16"><span class='ocrx_word' id='word_1_26' title='bbox 96 516 317 571; x_wconf 75' lang='lat' dir='ltr'><strong>przcsens</strong></span> <span class='ocrx_word' id='word_1_27' title='bbox 357 499 568 554; x_wconf 90' lang='lat' dir='ltr'><strong>leviter</strong></span> <span class='ocrx_word' id='word_1_28' title='bbox 615 498 752 562; x_wconf 81' lang='lat' dir='ltr'><strong>ﬁeri,</strong></span> <span class='ocrx_word' id='word_1_29' title='bbox 789 496 1060 568; x_wconf 83' lang='lat' dir='ltr'><strong>episcopis</strong></span> <span class='ocrx_word' id='word_1_30' title='bbox 1119 495 1317 565; x_wconf 85' lang='lat' dir='ltr'><strong>quippe</strong></span> <span class='ocrx_word' id='word_1_31' title='bbox 1371 493 1679 550; x_wconf 77' lang='lat' dir='ltr'><strong>nolentibus</strong></span> 
     </span>
    </p>
   </div>
   <div class='ocr_carea' id='block_1_6' title="bbox 94 585 1678 656">
    <p class='ocr_par' dir='ltr' id='par_1_6' title="bbox 94 585 1678 656">
     <span class='ocr_line' id='line_1_6' title="bbox 94 585 1678 656; baseline -0.003 -11"><span class='ocrx_word' id='word_1_32' title='bbox 94 592 300 646; x_wconf 75' lang='lat' dir='ltr'><strong>Romam</strong></span> <span class='ocrx_word' id='word_1_33' title='bbox 334 591 600 656; x_wconf 91' lang='lat' dir='ltr'><strong>tendere,</strong></span> <span class='ocrx_word' id='word_1_34' title='bbox 627 588 941 645; x_wconf 82' lang='lat' dir='ltr'><strong>deliberavit</strong></span> <span class='ocrx_word' id='word_1_35' title='bbox 964 586 1137 642; x_wconf 82' lang='lat' dir='ltr'><strong>Rheni</strong></span> <span class='ocrx_word' id='word_1_36' title='bbox 1166 585 1449 641; x_wconf 76' lang='lat' dir='ltr'><strong>Franciam</strong></span> <span class='ocrx_word' id='word_1_37' title='bbox 1479 585 1678 652; x_wconf 87' lang='lat' dir='ltr'><strong>visere,</strong></span> 
     </span>
    </p>
   </div>
   <div class='ocr_carea' id='block_1_7' title="bbox 96 677 1678 751">
    <p class='ocr_par' dir='ltr' id='par_1_7' title="bbox 96 677 1678 751">
     <span class='ocr_line' id='line_1_7' title="bbox 96 677 1678 751; baseline -0.004 -13"><span class='ocrx_word' id='word_1_38' title='bbox 96 685 306 738; x_wconf 80' lang='lat' dir='ltr'><strong>credens</strong></span> <span class='ocrx_word' id='word_1_39' title='bbox 334 698 405 737; x_wconf 79' lang='lat' dir='ltr'><strong>ex</strong></span> <span class='ocrx_word' id='word_1_40' title='bbox 446 682 841 738; x_wconf 82' lang='lat' dir='ltr'><strong>Lethariorum</strong></span> <span class='ocrx_word' id='word_1_41' title='bbox 870 694 1037 750; x_wconf 80' lang='lat' dir='ltr'><strong>regno</strong></span> <span class='ocrx_word' id='word_1_42' title='bbox 1064 693 1223 751; x_wconf 86' lang='lat' dir='ltr'><strong>posse</strong></span> <span class='ocrx_word' id='word_1_43' title='bbox 1270 677 1513 733; x_wconf 87' lang='lat' dir='ltr'><strong>invenire</strong></span> <span class='ocrx_word' id='word_1_44' title='bbox 1562 677 1678 747; x_wconf 89' lang='lat' dir='ltr'><strong>epi-</strong></span> 
     </span>
    </p>
   </div>
   <div class='ocr_carea' id='block_1_8' title="bbox 96 767 1681 847">
    <p class='ocr_par' dir='ltr' id='par_1_8' title="bbox 96 767 1681 847">
     <span class='ocr_line' id='line_1_8' title="bbox 96 767 1681 847; baseline -0.004 -19"><span class='ocrx_word' id='word_1_45' title='bbox 96 789 317 845; x_wconf 82' lang='lat' dir='ltr'><strong>scopum,</strong></span> <span class='ocrx_word' id='word_1_46' title='bbox 364 788 541 847; x_wconf 85' lang='lat' dir='ltr'><strong>quem</strong></span> <span class='ocrx_word' id='word_1_47' title='bbox 584 771 843 827; x_wconf 81' lang='lat' dir='ltr'><strong>Romanis</strong></span> <span class='ocrx_word' id='word_1_48' title='bbox 873 771 1031 826; x_wconf 90' lang='lat' dir='ltr'><strong>daret</strong></span> <span class='ocrx_word' id='word_1_49' title='bbox 1078 769 1409 839; x_wconf 83' lang='lat' dir='ltr'><strong>pontiﬁcem.</strong></span> <span class='ocrx_word' id='word_1_50' title='bbox 1444 767 1598 835; x_wconf 84' lang='lat' dir='ltr'><strong>Quod</strong></span> <span class='ocrx_word' id='word_1_51' title='bbox 1624 775 1681 824; x_wconf 89' lang='lat' dir='ltr'><strong>et</strong></span> 
     </span>
    </p>
   </div>
   <div class='ocr_carea' id='block_1_9' title="bbox 96 858 1679 933">
    <p class='ocr_par' dir='ltr' id='par_1_9' title="bbox 96 858 1679 933">
     <span class='ocr_line' id='line_1_9' title="bbox 96 858 1679 933; baseline -0.004 -12"><span class='ocrx_word' id='word_1_52' title='bbox 96 868 275 921; x_wconf 74' lang='lat' dir='ltr'><strong>factum</strong></span> <span class='ocrx_word' id='word_1_53' title='bbox 304 874 414 921; x_wconf 88' lang='lat' dir='ltr'><strong>est.</strong></span> <span class='ocrx_word' id='word_1_54' title='bbox 457 864 603 920; x_wconf 82' lang='lat' dir='ltr'><strong>Nam</strong></span> <span class='ocrx_word' id='word_1_55' title='bbox 633 864 816 919; x_wconf 89' lang='lat' dir='ltr'><strong>multis</strong></span> <span class='ocrx_word' id='word_1_56' title='bbox 850 861 1101 933; x_wconf 84' lang='lat' dir='ltr'><strong>precibus</strong></span> <span class='ocrx_word' id='word_1_57' title='bbox 1143 869 1198 917; x_wconf 86' lang='lat' dir='ltr'><strong>et</strong></span> <span class='ocrx_word' id='word_1_58' title='bbox 1249 869 1444 932; x_wconf 81' lang='lat' dir='ltr'><strong>rogatu</strong></span> <span class='ocrx_word' id='word_1_59' title='bbox 1484 858 1679 916; x_wconf 77' lang='lat' dir='ltr'><strong>Roma-</strong></span> 
     </span>
    </p>
   </div>
   <div class='ocr_carea' id='block_1_10' title="bbox 94 953 1676 1028">
    <p class='ocr_par' dir='ltr' id='par_1_10' title="bbox 94 953 1676 1028">
     <span class='ocr_line' id='line_1_10' title="bbox 94 953 1676 1028; baseline -0.003 -16"><span class='ocrx_word' id='word_1_60' title='bbox 94 973 268 1012; x_wconf 87' lang='lat' dir='ltr'><strong>norum</strong></span> <span class='ocrx_word' id='word_1_61' title='bbox 327 958 419 1012; x_wconf 80' lang='lat' dir='ltr'><strong>vix</strong></span> <span class='ocrx_word' id='word_1_62' title='bbox 473 972 800 1028; x_wconf 80' lang='lat' dir='ltr'><strong>persuasum</strong></span> <span class='ocrx_word' id='word_1_63' title='bbox 856 966 942 1010; x_wconf 89' lang='lat' dir='ltr'><strong>est</strong></span> <span class='ocrx_word' id='word_1_64' title='bbox 991 953 1231 1009; x_wconf 86' lang='lat' dir='ltr'><strong>Brunoni</strong></span> <span class='ocrx_word' id='word_1_65' title='bbox 1301 953 1676 1018; x_wconf 78' lang='lat' dir='ltr'><strong>nobilissimo,</strong></span> 
     </span>
    </p>
   </div>
   <div class='ocr_carea' id='block_1_11' title="bbox 96 1043 1674 1114">
    <p class='ocr_par' dir='ltr' id='par_1_11' title="bbox 96 1043 1674 1114">
     <span class='ocr_line' id='line_1_11' title="bbox 96 1043 1674 1114; baseline -0.001 -12"><span class='ocrx_word' id='word_1_66' title='bbox 96 1046 318 1102; x_wconf 89' lang='lat' dir='ltr'><strong>moribus</strong></span> <span class='ocrx_word' id='word_1_67' title='bbox 350 1046 627 1102; x_wconf 82' lang='lat' dir='ltr'><strong>decenter</strong></span> <span class='ocrx_word' id='word_1_68' title='bbox 661 1054 874 1111; x_wconf 90' lang='lat' dir='ltr'><strong>ornato,</strong></span> <span class='ocrx_word' id='word_1_69' title='bbox 920 1043 1125 1099; x_wconf 81' lang='lat' dir='ltr'><strong>Tolauo</strong></span> <span class='ocrx_word' id='word_1_70' title='bbox 1157 1043 1365 1099; x_wconf 89' lang='lat' dir='ltr'><strong>scilicet</strong></span> <span class='ocrx_word' id='word_1_71' title='bbox 1395 1043 1674 1114; x_wconf 78' lang='lat' dir='ltr'><strong>episcopo.</strong></span> 
     </span>
    </p>
   </div>
   <div class='ocr_carea' id='block_1_12' title="bbox 96 1136 1678 1207">
    <p class='ocr_par' dir='ltr' id='par_1_12' title="bbox 96 1136 1678 1207">
     <span class='ocr_line' id='line_1_12' title="bbox 96 1136 1678 1207; baseline -0.001 -16"><span class='ocrx_word' id='word_1_72' title='bbox 96 1136 336 1193; x_wconf 77' lang='lat' dir='ltr'><strong>Veniente</strong></span> <span class='ocrx_word' id='word_1_73' title='bbox 360 1137 560 1207; x_wconf 85' lang='lat' dir='ltr'><strong>itaque</strong></span> <span class='ocrx_word' id='word_1_74' title='bbox 578 1152 641 1192; x_wconf 92' lang='lat' dir='ltr'><strong>eo</strong></span> <span class='ocrx_word' id='word_1_75' title='bbox 658 1136 971 1192; x_wconf 83' lang='lat' dir='ltr'><strong>Vesuntium</strong></span> <span class='ocrx_word' id='word_1_76' title='bbox 985 1177 1005 1203; x_wconf 29' lang='grc' dir='ltr'><strong>,η</strong></span> <span class='ocrx_word' id='word_1_77' title='bbox 1027 1136 1352 1192; x_wconf 80' lang='lat' dir='ltr'><strong>venerabilis</strong></span> <span class='ocrx_word' id='word_1_78' title='bbox 1372 1136 1539 1192; x_wconf 79' lang='lat' dir='ltr'><strong>abbas</strong></span> <span class='ocrx_word' id='word_1_79' title='bbox 1553 1136 1678 1191; x_wconf 63' lang='grc' dir='ltr'><strong>(Ἀυτ-</strong></span> 
     </span>
    </p>
   </div>
   <div class='ocr_carea' id='block_1_13' title="bbox 98 1227 1678 1298">
    <p class='ocr_par' dir='ltr' id='par_1_13' title="bbox 98 1227 1678 1298">
     <span class='ocr_line' id='line_1_13' title="bbox 98 1227 1678 1298; baseline 0.001 -15"><span class='ocrx_word' id='word_1_80' title='bbox 98 1228 349 1285; x_wconf 85' lang='lat' dir='ltr'><strong>niacensis</strong></span> <span class='ocrx_word' id='word_1_81' title='bbox 372 1229 604 1285; x_wconf 90' lang='lat' dir='ltr'><strong>obviam</strong></span> <span class='ocrx_word' id='word_1_82' title='bbox 652 1229 699 1284; x_wconf 91' lang='lat' dir='ltr'><strong>ei</strong></span> <span class='ocrx_word' id='word_1_83' title='bbox 749 1228 1038 1298; x_wconf 82' lang='lat' dir='ltr'><strong>processit,</strong></span> <span class='ocrx_word' id='word_1_84' title='bbox 1068 1227 1271 1284; x_wconf 89' lang='lat' dir='ltr'><strong>ducens</strong></span> <span class='ocrx_word' id='word_1_85' title='bbox 1300 1242 1480 1284; x_wconf 87' lang='lat' dir='ltr'><strong>secum</strong></span> <span class='ocrx_word' id='word_1_86' title='bbox 1512 1228 1565 1282; x_wconf 88' lang='lat' dir='ltr'><strong>in</strong></span> <span class='ocrx_word' id='word_1_87' title='bbox 1612 1244 1678 1284; x_wconf 89' lang='lat' dir='ltr'><strong>eo</strong></span> 
     </span>
    </p>
   </div>
   <div class='ocr_carea' id='block_1_14' title="bbox 97 1318 1678 1391">
    <p class='ocr_par' dir='ltr' id='par_1_14' title="bbox 97 1318 1678 1391">
     <span class='ocr_line' id='line_1_14' title="bbox 97 1318 1678 1391; baseline 0.001 -18"><span class='ocrx_word' id='word_1_88' title='bbox 97 1320 332 1374; x_wconf 84' lang='lat' dir='ltr'><strong>comitatu</strong></span> <span class='ocrx_word' id='word_1_89' title='bbox 363 1321 765 1387; x_wconf 91' lang='lat' dir='ltr'><strong>venerabilem,</strong></span> <span class='ocrx_word' id='word_1_90' title='bbox 797 1320 864 1374; x_wconf 91' lang='lat' dir='ltr'><strong>de</strong></span> <span class='ocrx_word' id='word_1_91' title='bbox 893 1334 1191 1391; x_wconf 84' lang='lat' dir='ltr'><strong>quo-supra</strong></span> <span class='ocrx_word' id='word_1_92' title='bbox 1225 1318 1533 1385; x_wconf 83' lang='lat' dir='ltr'><strong>retulimus,</strong></span> <span class='ocrx_word' id='word_1_93' title='bbox 1566 1318 1678 1374; x_wconf 84' lang='lat' dir='ltr'><strong>Hil-</strong></span> 
     </span>
    </p>
   </div>
   <div class='ocr_carea' id='block_1_15' title="bbox 99 1411 1679 1481">
    <p class='ocr_par' dir='ltr' id='par_1_15' title="bbox 99 1411 1679 1481">
     <span class='ocr_line' id='line_1_15' title="bbox 99 1411 1679 1481; baseline 0.001 -15"><span class='ocrx_word' id='word_1_94' title='bbox 99 1411 441 1467; x_wconf 83' lang='lat' dir='ltr'><strong>debrandum.</strong></span> <span class='ocrx_word' id='word_1_95' title='bbox 472 1412 581 1480; x_wconf 84' lang='lat' dir='ltr'><strong>Qui</strong></span> <span class='ocrx_word' id='word_1_96' title='bbox 613 1427 736 1467; x_wconf 88' lang='lat' dir='ltr'><strong>cum</strong></span> <span class='ocrx_word' id='word_1_97' title='bbox 759 1426 977 1468; x_wconf 84' lang='lat' dir='ltr'><strong>causam</strong></span> <span class='ocrx_word' id='word_1_98' title='bbox 1012 1411 1219 1466; x_wconf 80' lang='lat' dir='ltr'><strong>itineris</strong></span> <span class='ocrx_word' id='word_1_99' title='bbox 1241 1427 1272 1465; x_wconf 91' lang='lat' dir='ltr'><strong>a</strong></span> <span class='ocrx_word' id='word_1_100' title='bbox 1295 1412 1525 1481; x_wconf 88' lang='lat' dir='ltr'><strong>quodam</strong></span> <span class='ocrx_word' id='word_1_101' title='bbox 1556 1428 1679 1467; x_wconf 89' lang='lat' dir='ltr'><strong>nar-</strong></span> 
     </span>
    </p>
   </div>
   <div class='ocr_carea' id='block_1_16' title="bbox 100 1494 1676 1576">
    <p class='ocr_par' dir='ltr' id='par_1_16' title="bbox 100 1494 1676 1576">
     <span class='ocr_line' id='line_1_16' title="bbox 100 1494 1676 1576; baseline 0.001 -19"><span class='ocrx_word' id='word_1_102' title='bbox 100 1504 525 1570; x_wconf 72' lang='lat' dir='ltr'><strong>ranteaudisset,</strong></span> <span class='ocrx_word' id='word_1_103' title='bbox 548 1506 714 1575; x_wconf 68' lang='lat' dir='ltr'><strong>erepit</strong></span> <span class='ocrx_word' id='word_1_104' title='bbox 743 1494 933 1576; x_wconf 86' lang='lat' dir='ltr'><strong>rogare</strong></span> <span class='ocrx_word' id='word_1_105' title='bbox 959 1513 1192 1574; x_wconf 83' lang='lat' dir='ltr'><strong>patrem,</strong></span> <span class='ocrx_word' id='word_1_106' title='bbox 1209 1520 1276 1558; x_wconf 82' lang='lat' dir='ltr'><strong>ac</strong></span> <span class='ocrx_word' id='word_1_107' title='bbox 1296 1504 1386 1558; x_wconf 87' lang='lat' dir='ltr'><strong>illo</strong></span> <span class='ocrx_word' id='word_1_108' title='bbox 1414 1504 1676 1573; x_wconf 77' lang='lat' dir='ltr'><strong>tenderet,</strong></span> 
     </span>
    </p>
   </div>
   <div class='ocr_carea' id='block_1_17' title="bbox 98 1595 1675 1666">
    <p class='ocr_par' dir='ltr' id='par_1_17' title="bbox 98 1595 1675 1666">
     <span class='ocr_line' id='line_1_17' title="bbox 98 1595 1675 1666; baseline 0.001 -17"><span class='ocrx_word' id='word_1_109' title='bbox 98 1597 260 1652; x_wconf 82' lang='lat' dir='ltr'><strong>dicens</strong></span> <span class='ocrx_word' id='word_1_110' title='bbox 281 1612 411 1652; x_wconf 87' lang='lat' dir='ltr'><strong>eum</strong></span> <span class='ocrx_word' id='word_1_111' title='bbox 448 1611 565 1652; x_wconf 87' lang='lat' dir='ltr'><strong>non</strong></span> <span class='ocrx_word' id='word_1_112' title='bbox 602 1595 981 1665; x_wconf 78' lang='lat' dir='ltr'><strong>apostolicum,</strong></span> <span class='ocrx_word' id='word_1_113' title='bbox 1014 1596 1106 1650; x_wconf 88' lang='lat' dir='ltr'><strong>sed</strong></span> <span class='ocrx_word' id='word_1_114' title='bbox 1150 1596 1509 1665; x_wconf 78' lang='lat' dir='ltr'><strong>apostaticum</strong></span> <span class='ocrx_word' id='word_1_115' title='bbox 1560 1595 1675 1666; x_wconf 68' lang='grc'><strong>(45)</strong></span> 
     </span>
    </p>
   </div>
   <div class='ocr_carea' id='block_1_18' title="bbox 98 1676 1677 1760">
    <p class='ocr_par' dir='ltr' id='par_1_18' title="bbox 98 1676 1677 1760">
     <span class='ocr_line' id='line_1_18' title="bbox 98 1676 1677 1760; baseline 0.002 -20"><span class='ocrx_word' id='word_1_116' title='bbox 98 1692 174 1758; x_wconf 84' lang='lat' dir='ltr'><strong>qui</strong></span> <span class='ocrx_word' id='word_1_117' title='bbox 201 1690 346 1759; x_wconf 88' lang='lat' dir='ltr'><strong>jussu</strong></span> <span class='ocrx_word' id='word_1_118' title='bbox 381 1676 742 1760; x_wconf 82' lang='lat' dir='ltr'><strong>imperatoris</strong></span> <span class='ocrx_word' id='word_1_119' title='bbox 775 1689 1075 1742; x_wconf 78' lang='lat' dir='ltr'><strong>Romanum</strong></span> <span class='ocrx_word' id='word_1_120' title='bbox 1109 1696 1403 1743; x_wconf 84' lang='lat' dir='ltr'><strong>conaretur</strong></span> <span class='ocrx_word' id='word_1_121' title='bbox 1434 1689 1677 1757; x_wconf 85' lang='lat' dir='ltr'><strong>arripere</strong></span> 
     </span>
    </p>
   </div>
   <div class='ocr_carea' id='block_1_19' title="bbox 1782 486 3370 558">
    <p class='ocr_par' dir='ltr' id='par_1_19' title="bbox 1782 486 3370 558">
     <span class='ocr_line' id='line_1_19' title="bbox 1782 486 3370 558; baseline 0.002 -14"><span class='ocrx_word' id='word_1_122' title='bbox 1782 500 1899 544; x_wconf 82' lang='lat' dir='ltr'><strong>stea</strong></span> <span class='ocrx_word' id='word_1_123' title='bbox 1920 505 2071 556; x_wconf 92' lang='lat' dir='ltr'><strong>vero,</strong></span> <span class='ocrx_word' id='word_1_124' title='bbox 2103 488 2365 545; x_wconf 83' lang='lat' dir='ltr'><strong>suadente</strong></span> <span class='ocrx_word' id='word_1_125' title='bbox 2394 486 2617 544; x_wconf 82' lang='lat' dir='ltr'><strong>humani</strong></span> <span class='ocrx_word' id='word_1_126' title='bbox 2659 489 2875 558; x_wconf 87' lang='lat' dir='ltr'><strong>generis</strong></span> <span class='ocrx_word' id='word_1_127' title='bbox 2903 488 3145 556; x_wconf 90' lang='lat' dir='ltr'><strong>inimico,</strong></span> <span class='ocrx_word' id='word_1_128' title='bbox 3180 490 3370 547; x_wconf 85' lang='lat' dir='ltr'><strong>inobc-</strong></span> 
     </span>
    </p>
   </div>
   <div class='ocr_carea' id='block_1_20' title="bbox 1790 574 2293 639">
    <p class='ocr_par' dir='ltr' id='par_1_20' title="bbox 1790 574 2293 639">
     <span class='ocr_line' id='line_1_20' title="bbox 1790 574 2293 639; baseline -0.008 -2"><span class='ocrx_word' id='word_1_129' title='bbox 1790 574 2004 639; x_wconf 77' lang='lat' dir='ltr'><strong>dientes</strong></span> <span class='ocrx_word' id='word_1_130' title='bbox 2026 581 2293 637; x_wconf 88' lang='lat' dir='ltr'><strong>celavere.</strong></span> 
     </span>
    </p>
   </div>
   <div class='ocr_carea' id='block_1_21' title="bbox 1850 673 3365 743">
    <p class='ocr_par' dir='ltr' id='par_1_21' title="bbox 1850 673 3365 743">
     <span class='ocr_line' id='line_1_21' title="bbox 1850 673 3365 743; baseline -0.001 -13"><span class='ocrx_word' id='word_1_131' title='bbox 1850 676 2057 731; x_wconf 89' lang='lat' dir='ltr'><strong>Interea</strong></span> <span class='ocrx_word' id='word_1_132' title='bbox 2101 674 2285 730; x_wconf 73' lang='lat' dir='ltr'><strong>Romae</strong></span> <span class='ocrx_word' id='word_1_133' title='bbox 2331 673 2569 743; x_wconf 84' lang='lat' dir='ltr'><strong>episcopi</strong></span> <span class='ocrx_word' id='word_1_134' title='bbox 2618 684 2675 729; x_wconf 90' lang='lat' dir='ltr'><strong>et</strong></span> <span class='ocrx_word' id='word_1_135' title='bbox 2726 673 3028 729; x_wconf 86' lang='lat' dir='ltr'><strong>cardinales</strong></span> <span class='ocrx_word' id='word_1_136' title='bbox 3055 680 3111 729; x_wconf 90' lang='lat' dir='ltr'><strong>et</strong></span> <span class='ocrx_word' id='word_1_137' title='bbox 3143 673 3365 733; x_wconf 86' lang='lat' dir='ltr'><strong>abbatcs</strong></span> 
     </span>
    </p>
   </div>
   <div class='ocr_carea' id='block_1_22' title="bbox 1779 763 3368 841">
    <p class='ocr_par' dir='ltr' id='par_1_22' title="bbox 1779 763 3368 841">
     <span class='ocr_line' id='line_1_22' title="bbox 1779 763 3368 841; baseline -0.002 -18"><span class='ocrx_word' id='word_1_138' title='bbox 1779 784 1879 839; x_wconf 91' lang='lat' dir='ltr'><strong>per</strong></span> <span class='ocrx_word' id='word_1_139' title='bbox 1907 767 2288 841; x_wconf 86' lang='lat' dir='ltr'><strong>Symoniacam</strong></span> <span class='ocrx_word' id='word_1_140' title='bbox 2314 766 2566 822; x_wconf 60' lang='lat' dir='ltr'><strong>haeresim</strong></span> <span class='ocrx_word' id='word_1_141' title='bbox 2593 763 2830 820; x_wconf 85' lang='lat' dir='ltr'><strong>ordinati</strong></span> <span class='ocrx_word' id='word_1_142' title='bbox 2864 764 3287 834; x_wconf 84' lang='lat' dir='ltr'><strong>deponebantur,</strong></span> <span class='ocrx_word' id='word_1_143' title='bbox 3313 774 3368 821; x_wconf 91' lang='lat' dir='ltr'><strong>et</strong></span> 
     </span>
    </p>
   </div>
   <div class='ocr_carea' id='block_1_23' title="bbox 1781 859 3368 933">
    <p class='ocr_par' dir='ltr' id='par_1_23' title="bbox 1781 859 3368 933">
     <span class='ocr_line' id='line_1_23' title="bbox 1781 859 3368 933; baseline -0.003 -15"><span class='ocrx_word' id='word_1_144' title='bbox 1781 864 1855 919; x_wconf 87' lang='lat' dir='ltr'><strong>ibi</strong></span> <span class='ocrx_word' id='word_1_145' title='bbox 1907 878 1969 918; x_wconf 78' lang='lat' dir='ltr'><strong>ex</strong></span> <span class='ocrx_word' id='word_1_146' title='bbox 2020 863 2254 918; x_wconf 85' lang='lat' dir='ltr'><strong>diversis</strong></span> <span class='ocrx_word' id='word_1_147' title='bbox 2301 861 2600 933; x_wconf 78' lang='lat' dir='ltr'><strong>provinciis</strong></span> <span class='ocrx_word' id='word_1_148' title='bbox 2647 859 2737 916; x_wconf 84' lang='lat' dir='ltr'><strong>alii</strong></span> <span class='ocrx_word' id='word_1_149' title='bbox 2767 860 3179 925; x_wconf 89' lang='lat' dir='ltr'><strong>ordinabantur,</strong></span> <span class='ocrx_word' id='word_1_150' title='bbox 3214 867 3273 914; x_wconf 92' lang='lat' dir='ltr'><strong>ut</strong></span> <span class='ocrx_word' id='word_1_151' title='bbox 3300 874 3368 915; x_wconf 77' lang='lat' dir='ltr'><strong>ex</strong></span> 
     </span>
    </p>
   </div>
   <div class='ocr_carea' id='block_1_24' title="bbox 1780 949 3369 1025">
    <p class='ocr_par' dir='ltr' id='par_1_24' title="bbox 1780 949 3369 1025">
     <span class='ocr_line' id='line_1_24' title="bbox 1780 949 3369 1025; baseline -0.003 -16"><span class='ocrx_word' id='word_1_152' title='bbox 1780 954 2312 1025; x_wconf 75' lang='lat' dir='ltr'><strong>LugdunensiGallia</strong></span> <span class='ocrx_word' id='word_1_153' title='bbox 2344 954 2580 1013; x_wconf 84' lang='lat' dir='ltr'><strong>Ubertus</strong></span> <span class='ocrx_word' id='word_1_154' title='bbox 2609 951 2771 1008; x_wconf 66' lang='lat' dir='ltr'><strong>Silva:</strong></span> <span class='ocrx_word' id='word_1_155' title='bbox 2801 949 3058 1017; x_wconf 58' lang='lat' dir='ltr'><strong>Candida</strong></span> <span class='ocrx_word' id='word_1_156' title='bbox 3084 950 3369 1021; x_wconf 85' lang='lat' dir='ltr'><strong>episcopus</strong></span> 
     </span>
    </p>
   </div>
   <div class='ocr_carea' id='block_1_25' title="bbox 1779 1042 3365 1116">
    <p class='ocr_par' dir='ltr' id='par_1_25' title="bbox 1779 1042 3365 1116">
     <span class='ocr_line' id='line_1_25' title="bbox 1779 1042 3365 1116; baseline -0.003 -14"><span class='ocrx_word' id='word_1_157' title='bbox 1779 1056 1911 1103; x_wconf 76' lang='lat' dir='ltr'><strong>etex</strong></span> <span class='ocrx_word' id='word_1_158' title='bbox 1928 1044 2367 1115; x_wconf 75' lang='lat' dir='ltr'><strong>Burgundionum</strong></span> <span class='ocrx_word' id='word_1_159' title='bbox 2383 1057 2582 1115; x_wconf 88' lang='lat' dir='ltr'><strong>genere</strong></span> <span class='ocrx_word' id='word_1_160' title='bbox 2604 1042 2912 1116; x_wconf 84' lang='lat' dir='ltr'><strong>Stephanus</strong></span> <span class='ocrx_word' id='word_1_161' title='bbox 2934 1042 3102 1098; x_wconf 87' lang='lat' dir='ltr'><strong>abbas</strong></span> <span class='ocrx_word' id='word_1_162' title='bbox 3118 1052 3172 1097; x_wconf 88' lang='lat' dir='ltr'><strong>et</strong></span> <span class='ocrx_word' id='word_1_163' title='bbox 3184 1056 3246 1097; x_wconf 90' lang='lat' dir='ltr'><strong>ea</strong></span> <span class='ocrx_word' id='word_1_164' title='bbox 3255 1042 3365 1097; x_wconf 91' lang='lat' dir='ltr'><strong>rdi-</strong></span> 
     </span>
    </p>
   </div>
   <div class='ocr_carea' id='block_1_26' title="bbox 1781 1135 3367 1209">
    <p class='ocr_par' dir='ltr' id='par_1_26' title="bbox 1781 1135 3367 1209">
     <span class='ocr_line' id='line_1_26' title="bbox 1781 1135 3367 1209; baseline -0.003 -15"><span class='ocrx_word' id='word_1_165' title='bbox 1781 1140 1921 1195; x_wconf 88' lang='lat' dir='ltr'><strong>nalis</strong></span> <span class='ocrx_word' id='word_1_166' title='bbox 1954 1148 2091 1197; x_wconf 73' lang='lat' dir='ltr'><strong>etex</strong></span> <span class='ocrx_word' id='word_1_167' title='bbox 2104 1138 2375 1199; x_wconf 71' lang='lat' dir='ltr'><strong>Ronaerici</strong></span> <span class='ocrx_word' id='word_1_168' title='bbox 2401 1152 2583 1198; x_wconf 78' lang='lat' dir='ltr'><strong>monte</strong></span> <span class='ocrx_word' id='word_1_169' title='bbox 2593 1135 2746 1209; x_wconf 65' lang='lat' dir='ltr'><strong>[iugo</strong></span> <span class='ocrx_word' id='word_1_170' title='bbox 2771 1135 3056 1201; x_wconf 80' lang='lat' dir='ltr'><strong>candidus;</strong></span> <span class='ocrx_word' id='word_1_171' title='bbox 3068 1135 3158 1204; x_wconf 91' lang='lat' dir='ltr'><strong>qui</strong></span> <span class='ocrx_word' id='word_1_172' title='bbox 3180 1144 3367 1206; x_wconf 85' lang='lat' dir='ltr'><strong>postea</strong></span> 
     </span>
    </p>
   </div>
   <div class='ocr_carea' id='block_1_27' title="bbox 1779 1227 3367 1303">
    <p class='ocr_par' dir='ltr' id='par_1_27' title="bbox 1779 1227 3367 1303">
     <span class='ocr_line' id='line_1_27' title="bbox 1779 1227 3367 1303; baseline -0.001 -17"><span class='ocrx_word' id='word_1_173' title='bbox 1779 1240 2025 1303; x_wconf 88' lang='lat' dir='ltr'><strong>apostata</strong></span> <span class='ocrx_word' id='word_1_174' title='bbox 2062 1242 2149 1287; x_wconf 84' lang='lat' dir='ltr'><strong>est</strong></span> <span class='ocrx_word' id='word_1_175' title='bbox 2168 1230 2414 1295; x_wconf 82' lang='lat' dir='ltr'><strong>ell‘ectus,</strong></span> <span class='ocrx_word' id='word_1_176' title='bbox 2447 1240 2503 1286; x_wconf 90' lang='lat' dir='ltr'><strong>et</strong></span> <span class='ocrx_word' id='word_1_177' title='bbox 2549 1229 2860 1287; x_wconf 85' lang='lat' dir='ltr'><strong>Fridericus</strong></span> <span class='ocrx_word' id='word_1_178' title='bbox 2906 1228 3058 1284; x_wconf 91' lang='lat' dir='ltr'><strong>ducis</strong></span> <span class='ocrx_word' id='word_1_179' title='bbox 3100 1227 3367 1299; x_wconf 79' lang='lat' dir='ltr'><strong>Gotel‘ridi</strong></span> 
     </span>
    </p>
   </div>
   <div class='ocr_carea' id='block_1_28' title="bbox 1779 1321 3365 1398">
    <p class='ocr_par' dir='ltr' id='par_1_28' title="bbox 1779 1321 3365 1398">
     <span class='ocr_line' id='line_1_28' title="bbox 1779 1321 3365 1398; baseline -0.004 -16"><span class='ocrx_word' id='word_1_180' title='bbox 1779 1338 2089 1398; x_wconf 89' lang='lat' dir='ltr'><strong>germanus,</strong></span> <span class='ocrx_word' id='word_1_181' title='bbox 2122 1334 2180 1380; x_wconf 91' lang='lat' dir='ltr'><strong>et</strong></span> <span class='ocrx_word' id='word_1_182' title='bbox 2206 1339 2270 1380; x_wconf 77' lang='lat' dir='ltr'><strong>ex</strong></span> <span class='ocrx_word' id='word_1_183' title='bbox 2301 1324 2618 1395; x_wconf 82' lang='lat' dir='ltr'><strong>compemlio</strong></span> <span class='ocrx_word' id='word_1_184' title='bbox 2647 1322 2874 1393; x_wconf 85' lang='lat' dir='ltr'><strong>quidam</strong></span> <span class='ocrx_word' id='word_1_185' title='bbox 2894 1321 3155 1379; x_wconf 71' lang='lat' dir='ltr'><strong>Azolinus</strong></span> <span class='ocrx_word' id='word_1_186' title='bbox 3185 1321 3365 1385; x_wconf 87' lang='lat' dir='ltr'><strong>Sutri-</strong></span> 
     </span>
    </p>
   </div>
   <div class='ocr_carea' id='block_1_29' title="bbox 1780 1412 3369 1486">
    <p class='ocr_par' dir='ltr' id='par_1_29' title="bbox 1780 1412 3369 1486">
     <span class='ocr_line' id='line_1_29' title="bbox 1780 1412 3369 1486; baseline -0.002 -14"><span class='ocrx_word' id='word_1_187' title='bbox 1780 1432 1884 1472; x_wconf 88' lang='lat' dir='ltr'><strong>nus</strong></span> <span class='ocrx_word' id='word_1_188' title='bbox 1904 1416 2209 1486; x_wconf 84' lang='lat' dir='ltr'><strong>episoopus,</strong></span> <span class='ocrx_word' id='word_1_189' title='bbox 2256 1423 2312 1470; x_wconf 90' lang='lat' dir='ltr'><strong>et</strong></span> <span class='ocrx_word' id='word_1_190' title='bbox 2337 1430 2404 1471; x_wconf 77' lang='lat' dir='ltr'><strong>ex</strong></span> <span class='ocrx_word' id='word_1_191' title='bbox 2460 1414 2858 1473; x_wconf 77' lang='lat' dir='ltr'><strong>Ravennatium</strong></span> <span class='ocrx_word' id='word_1_192' title='bbox 2900 1414 3144 1484; x_wconf 73' lang='lat' dir='ltr'><strong>partibus</strong></span> <span class='ocrx_word' id='word_1_193' title='bbox 3174 1412 3369 1475; x_wconf 89' lang='lat' dir='ltr'><strong>Petrus</strong></span> 
     </span>
    </p>
   </div>
   <div class='ocr_carea' id='block_1_30' title="bbox 1780 1501 3366 1575">
    <p class='ocr_par' dir='ltr' id='par_1_30' title="bbox 1780 1501 3366 1575">
     <span class='ocr_line' id='line_1_30' title="bbox 1780 1501 3366 1575; baseline 0 -14"><span class='ocrx_word' id='word_1_194' title='bbox 1780 1506 1989 1561; x_wconf 90' lang='lat' dir='ltr'><strong>Damini</strong></span> <span class='ocrx_word' id='word_1_195' title='bbox 2038 1506 2122 1560; x_wconf 93' lang='lat' dir='ltr'><strong>vir</strong></span> <span class='ocrx_word' id='word_1_196' title='bbox 2172 1505 2671 1575; x_wconf 88' lang='lat' dir='ltr'><strong>eloquentissimus,</strong></span> <span class='ocrx_word' id='word_1_197' title='bbox 2724 1512 2780 1560; x_wconf 90' lang='lat' dir='ltr'><strong>et</strong></span> <span class='ocrx_word' id='word_1_198' title='bbox 2812 1503 2903 1559; x_wconf 86' lang='lat' dir='ltr'><strong>alii</strong></span> <span class='ocrx_word' id='word_1_199' title='bbox 2958 1518 3122 1573; x_wconf 87' lang='lat' dir='ltr'><strong>quam</strong></span> <span class='ocrx_word' id='word_1_200' title='bbox 3163 1501 3366 1573; x_wconf 79' lang='lat' dir='ltr'><strong>plures.</strong></span> 
     </span>
    </p>
   </div>
   <div class='ocr_carea' id='block_1_31' title="bbox 1779 1593 3369 1669">
    <p class='ocr_par' dir='ltr' id='par_1_31' title="bbox 1779 1593 3369 1669">
     <span class='ocr_line' id='line_1_31' title="bbox 1779 1593 3369 1669; baseline -0.007 -13"><span class='ocrx_word' id='word_1_201' title='bbox 1779 1596 1933 1656; x_wconf 79' lang='lat' dir='ltr'><strong>Tunc</strong></span> <span class='ocrx_word' id='word_1_202' title='bbox 1964 1595 2122 1654; x_wconf 77' lang='lat' dir='ltr'><strong>fortis</strong></span> <span class='ocrx_word' id='word_1_203' title='bbox 2147 1605 2411 1661; x_wconf 90' lang='lat' dir='ltr'><strong>armatus,</strong></span> <span class='ocrx_word' id='word_1_204' title='bbox 2440 1594 2532 1669; x_wconf 83' lang='lat' dir='ltr'><strong>qui</strong></span> <span class='ocrx_word' id='word_1_205' title='bbox 2554 1595 2618 1649; x_wconf 82' lang='lat' dir='ltr'><strong>in</strong></span> <span class='ocrx_word' id='word_1_206' title='bbox 2649 1594 2819 1650; x_wconf 89' lang='lat' dir='ltr'><strong>multa</strong></span> <span class='ocrx_word' id='word_1_207' title='bbox 2860 1608 2995 1664; x_wconf 87' lang='lat' dir='ltr'><strong>pace</strong></span> <span class='ocrx_word' id='word_1_208' title='bbox 3034 1593 3369 1649; x_wconf 89' lang='lat' dir='ltr'><strong>custodierat</strong></span> 
     </span>
    </p>
   </div>
   <div class='ocr_carea' id='block_1_32' title="bbox 1777 1684 3365 1757">
    <p class='ocr_par' dir='ltr' id='par_1_32' title="bbox 1777 1684 3365 1757">
     <span class='ocr_line' id='line_1_32' title="bbox 1777 1684 3365 1757; baseline -0.002 -16"><span class='ocrx_word' id='word_1_209' title='bbox 1777 1688 1977 1743; x_wconf 86' lang='lat' dir='ltr'><strong>atrium</strong></span> <span class='ocrx_word' id='word_1_210' title='bbox 2023 1702 2181 1743; x_wconf 84' lang='lat' dir='ltr'><strong>suum</strong></span> <span class='ocrx_word' id='word_1_211' title='bbox 2224 1686 2375 1757; x_wconf 85' lang='lat' dir='ltr'><strong>(Luc.</strong></span> <span class='ocrx_word' id='word_1_212' title='bbox 2425 1703 2504 1747; x_wconf 67' lang='grc' dir='ltr'><strong>χι.</strong></span> <span class='ocrx_word' id='word_1_213' title='bbox 2552 1684 2665 1756; x_wconf 72' lang='lat'><strong>2|),</strong></span> <span class='ocrx_word' id='word_1_214' title='bbox 2723 1685 2898 1741; x_wconf 89' lang='lat' dir='ltr'><strong>sensit</strong></span> <span class='ocrx_word' id='word_1_215' title='bbox 2936 1699 2996 1740; x_wconf 88' lang='lat' dir='ltr'><strong>se</strong></span> <span class='ocrx_word' id='word_1_216' title='bbox 3043 1684 3365 1756; x_wconf 84' lang='lat' dir='ltr'><strong>obligatum.</strong></span> 
     </span>
    </p>
   </div>
   <div class='ocr_carea' id='block_1_33' title="bbox 99 1766 3363 1851">
    <p class='ocr_par' dir='ltr' id='par_1_33' title="bbox 99 1766 3363 1851">
     <span class='ocr_line' id='line_1_33' title="bbox 99 1766 3363 1851; baseline -0.001 -16"><span class='ocrx_word' id='word_1_217' title='bbox 99 1779 469 1851; x_wconf 81' lang='lat' dir='ltr'><strong>pontiﬁcatum.</strong></span> <span class='ocrx_word' id='word_1_218' title='bbox 492 1778 650 1846; x_wconf 85' lang='lat' dir='ltr'><strong>Quod</strong></span> <span class='ocrx_word' id='word_1_219' title='bbox 674 1778 953 1833; x_wconf 89' lang='lat' dir='ltr'><strong>utaudivit</strong></span> <span class='ocrx_word' id='word_1_220' title='bbox 980 1776 1306 1833; x_wconf 83' lang='lat' dir='ltr'><strong>venerabilis</strong></span> <span class='ocrx_word' id='word_1_221' title='bbox 1320 1785 1491 1847; x_wconf 88' lang='lat' dir='ltr'><strong>pater,</strong></span> <span class='ocrx_word' id='word_1_222' title='bbox 1512 1778 1676 1832; x_wconf 81' lang='lat' dir='ltr'><strong>tacuit</strong></span> <span class='ocrx_word' id='word_1_223' title='bbox 1710 1766 1751 1824; x_wconf 77' lang='grc' dir='ltr'><strong>Β</strong></span> <span class='ocrx_word' id='word_1_224' title='bbox 1781 1778 2040 1849; x_wconf 84' lang='lat' dir='ltr'><strong>Sequenti</strong></span> <span class='ocrx_word' id='word_1_225' title='bbox 2069 1793 2197 1833; x_wconf 88' lang='lat' dir='ltr'><strong>vero</strong></span> <span class='ocrx_word' id='word_1_226' title='bbox 2222 1793 2367 1833; x_wconf 91' lang='lat' dir='ltr'><strong>anno</strong></span> <span class='ocrx_word' id='word_1_227' title='bbox 2395 1777 2652 1848; x_wconf 71' lang='lat' dir='ltr'><strong>praefatus</strong></span> <span class='ocrx_word' id='word_1_228' title='bbox 2676 1776 2915 1850; x_wconf 77' lang='lat' dir='ltr'><strong>pontifex</strong></span> <span class='ocrx_word' id='word_1_229' title='bbox 2946 1776 3196 1839; x_wconf 88' lang='lat' dir='ltr'><strong>sinodum</strong></span> <span class='ocrx_word' id='word_1_230' title='bbox 3230 1793 3363 1845; x_wconf 82' lang='lat' dir='ltr'><strong>cou-</strong></span> 
     </span>
    </p>
   </div>
   <div class='ocr_carea' id='block_1_34' title="bbox 101 1867 3363 1943">
    <p class='ocr_par' dir='ltr' id='par_1_34' title="bbox 101 1867 3363 1943">
     <span class='ocr_line' id='line_1_34' title="bbox 101 1867 3363 1943; baseline 0.001 -22"><span class='ocrx_word' id='word_1_231' title='bbox 101 1870 309 1939; x_wconf 79' lang='lat' dir='ltr'><strong>qnidem,</strong></span> <span class='ocrx_word' id='word_1_232' title='bbox 340 1871 438 1926; x_wconf 88' lang='lat' dir='ltr'><strong>sed</strong></span> <span class='ocrx_word' id='word_1_233' title='bbox 470 1869 800 1925; x_wconf 78' lang='lat' dir='ltr'><strong>Vesuntium</strong></span> <span class='ocrx_word' id='word_1_234' title='bbox 834 1870 1002 1935; x_wconf 87' lang='lat' dir='ltr'><strong>venit,</strong></span> <span class='ocrx_word' id='word_1_235' title='bbox 1036 1878 1370 1938; x_wconf 89' lang='lat' dir='ltr'><strong>acceptaque</strong></span> <span class='ocrx_word' id='word_1_236' title='bbox 1391 1869 1678 1925; x_wconf 86' lang='lat' dir='ltr'><strong>occasione</strong></span> <span class='ocrx_word' id='word_1_237' title='bbox 1775 1872 2039 1943; x_wconf 83' lang='lat' dir='ltr'><strong>gregavit,</strong></span> <span class='ocrx_word' id='word_1_238' title='bbox 2071 1871 2124 1925; x_wconf 90' lang='lat' dir='ltr'><strong>in</strong></span> <span class='ocrx_word' id='word_1_239' title='bbox 2154 1886 2260 1940; x_wconf 84' lang='lat' dir='ltr'><strong>qua</strong></span> <span class='ocrx_word' id='word_1_240' title='bbox 2289 1870 2540 1926; x_wconf 76' lang='lat' dir='ltr'><strong>timnibus</strong></span> <span class='ocrx_word' id='word_1_241' title='bbox 2587 1882 2697 1925; x_wconf 85' lang='lat' dir='ltr'><strong>tam</strong></span> <span class='ocrx_word' id='word_1_242' title='bbox 2736 1869 2954 1926; x_wconf 91' lang='lat' dir='ltr'><strong>clericis</strong></span> <span class='ocrx_word' id='word_1_243' title='bbox 3000 1884 3163 1940; x_wconf 90' lang='lat' dir='ltr'><strong>quam</strong></span> <span class='ocrx_word' id='word_1_244' title='bbox 3211 1867 3363 1926; x_wconf 87' lang='lat' dir='ltr'><strong>laicis</strong></span> 
     </span>
    </p>
   </div>
   <div class='ocr_carea' id='block_1_35' title="bbox 100 1950 3362 2032">
    <p class='ocr_par' dir='ltr' id='par_1_35' title="bbox 100 1950 3362 2032">
     <span class='ocr_line' id='line_1_35' title="bbox 100 1950 3362 2032; baseline 0.001 -20"><span class='ocrx_word' id='word_1_245' title='bbox 100 1963 396 2032; x_wconf 77' lang='lat' dir='ltr'><strong>quantocius</strong></span> <span class='ocrx_word' id='word_1_246' title='bbox 423 1964 553 2018; x_wconf 64' lang='lat' dir='ltr'><strong>haec</strong></span> <span class='ocrx_word' id='word_1_247' title='bbox 598 1961 888 2017; x_wconf 82' lang='lat' dir='ltr'><strong>venerabili</strong></span> <span class='ocrx_word' id='word_1_248' title='bbox 920 1963 1175 2031; x_wconf 84' lang='lat' dir='ltr'><strong>episcopo</strong></span> <span class='ocrx_word' id='word_1_249' title='bbox 1206 1950 1509 2028; x_wconf 41' lang='lat' dir='ltr'><strong>intimavit,‘</strong></span> <span class='ocrx_word' id='word_1_250' title='bbox 1542 1961 1678 2032; x_wconf 83' lang='lat' dir='ltr'><strong>adji-</strong></span> <span class='ocrx_word' id='word_1_251' title='bbox 1776 1963 2098 2019; x_wconf 89' lang='lat' dir='ltr'><strong>auctoritate</strong></span> <span class='ocrx_word' id='word_1_252' title='bbox 2128 1961 2188 2017; x_wconf 92' lang='lat' dir='ltr'><strong>S.</strong></span> <span class='ocrx_word' id='word_1_253' title='bbox 2220 1960 2368 2017; x_wconf 88' lang='lat' dir='ltr'><strong>Petri</strong></span> <span class='ocrx_word' id='word_1_254' title='bbox 2395 1969 2451 2017; x_wconf 90' lang='lat' dir='ltr'><strong>et</strong></span> <span class='ocrx_word' id='word_1_255' title='bbox 2481 1960 2737 2017; x_wconf 65' lang='lat' dir='ltr'><strong>Romana:</strong></span> <span class='ocrx_word' id='word_1_256' title='bbox 2762 1960 3017 2017; x_wconf 73' lang='lat' dir='ltr'><strong>Ecclesia:</strong></span> <span class='ocrx_word' id='word_1_257' title='bbox 3032 1968 3362 2031; x_wconf 69' lang='lat' dir='ltr'><strong>praeceptum</strong></span> 
     </span>
    </p>
   </div>
   <div class='ocr_carea' id='block_1_36' title="bbox 102 2053 3446 2126">
    <p class='ocr_par' dir='ltr' id='par_1_36' title="bbox 102 2053 3446 2126">
     <span class='ocr_line' id='line_1_36' title="bbox 102 2053 3446 2126; baseline -0 -19"><span class='ocrx_word' id='word_1_258' title='bbox 102 2056 229 2110; x_wconf 85' lang='lat' dir='ltr'><strong>ciens</strong></span> <span class='ocrx_word' id='word_1_259' title='bbox 264 2056 426 2109; x_wconf 88' lang='lat' dir='ltr'><strong>simul</strong></span> <span class='ocrx_word' id='word_1_260' title='bbox 475 2064 546 2110; x_wconf 88' lang='lat' dir='ltr'><strong>et</strong></span> <span class='ocrx_word' id='word_1_261' title='bbox 602 2055 925 2126; x_wconf 85' lang='lat' dir='ltr'><strong>probitatem</strong></span> <span class='ocrx_word' id='word_1_262' title='bbox 979 2068 1188 2107; x_wconf 89' lang='lat' dir='ltr'><strong>morum</strong></span> <span class='ocrx_word' id='word_1_263' title='bbox 1218 2065 1270 2109; x_wconf 92' lang='lat' dir='ltr'><strong>et</strong></span> <span class='ocrx_word' id='word_1_264' title='bbox 1317 2054 1676 2126; x_wconf 66' lang='lat' dir='ltr'><strong>integerrima:</strong></span> <span class='ocrx_word' id='word_1_265' title='bbox 1775 2068 1881 2121; x_wconf 90' lang='lat' dir='ltr'><strong>est,</strong></span> <span class='ocrx_word' id='word_1_266' title='bbox 1909 2064 1967 2110; x_wconf 90' lang='lat' dir='ltr'><strong>ut</strong></span> <span class='ocrx_word' id='word_1_267' title='bbox 1989 2055 2323 2112; x_wconf 89' lang='lat' dir='ltr'><strong>abstinerent</strong></span> <span class='ocrx_word' id='word_1_268' title='bbox 2348 2069 2407 2110; x_wconf 86' lang='lat' dir='ltr'><strong>se</strong></span> <span class='ocrx_word' id='word_1_269' title='bbox 2444 2069 2475 2108; x_wconf 90' lang='lat' dir='ltr'><strong>a</strong></span> <span class='ocrx_word' id='word_1_270' title='bbox 2503 2053 2896 2111; x_wconf 80' lang='lat' dir='ltr'><strong>fornicatorum</strong></span> <span class='ocrx_word' id='word_1_271' title='bbox 2924 2053 3268 2110; x_wconf 85' lang='lat' dir='ltr'><strong>sacerdotum</strong></span> <span class='ocrx_word' id='word_1_272' title='bbox 3305 2059 3362 2107; x_wconf 90' lang='lat' dir='ltr'><strong>et</strong></span> <span class='ocrx_word' id='word_1_273' title='bbox 3438 2063 3446 2071; x_wconf 81' lang='lat'><strong>&#39;</strong></span> 
     </span>
    </p>
   </div>
   <div class='ocr_carea' id='block_1_37' title="bbox 100 2142 1675 2217">
    <p class='ocr_par' dir='ltr' id='par_1_37' title="bbox 100 2142 1675 2217">
     <span class='ocr_line' id='line_1_37' title="bbox 100 2142 1675 2217; baseline 0.003 -20"><span class='ocrx_word' id='word_1_274' title='bbox 100 2144 195 2210; x_wconf 70' lang='lat' dir='ltr'><strong>eius</strong></span> <span class='ocrx_word' id='word_1_275' title='bbox 221 2146 335 2199; x_wconf 65' lang='lat' dir='ltr'><strong>vita:</strong></span> <span class='ocrx_word' id='word_1_276' title='bbox 365 2146 867 2201; x_wconf 80' lang='lat' dir='ltr'><strong>conversationem.</strong></span> <span class='ocrx_word' id='word_1_277' title='bbox 920 2144 1062 2210; x_wconf 87' lang='lat' dir='ltr'><strong>Quid</strong></span> <span class='ocrx_word' id='word_1_278' title='bbox 1090 2142 1282 2215; x_wconf 85' lang='lat' dir='ltr'><strong>plura?</strong></span> <span class='ocrx_word' id='word_1_279' title='bbox 1312 2146 1517 2215; x_wconf 83' lang='lat' dir='ltr'><strong>rogavit</strong></span> <span class='ocrx_word' id='word_1_280' title='bbox 1542 2163 1675 2217; x_wconf 85' lang='lat' dir='ltr'><strong>pon-</strong></span> 
     </span>
    </p>
   </div>
   <div class='ocr_carea' id='block_1_38' title="bbox 104 2233 1673 2305">
    <p class='ocr_par' dir='ltr' id='par_1_38' title="bbox 104 2233 1673 2305">
     <span class='ocr_line' id='line_1_38' title="bbox 104 2233 1673 2305; baseline 0.004 -20"><span class='ocrx_word' id='word_1_281' title='bbox 104 2234 232 2301; x_wconf 60' lang='lat' dir='ltr'><strong>tiles,</strong></span> <span class='ocrx_word' id='word_1_282' title='bbox 261 2244 315 2289; x_wconf 91' lang='lat' dir='ltr'><strong>ut</strong></span> <span class='ocrx_word' id='word_1_283' title='bbox 348 2235 469 2305; x_wconf 87' lang='lat' dir='ltr'><strong>ejus</strong></span> <span class='ocrx_word' id='word_1_284' title='bbox 517 2236 792 2305; x_wconf 87' lang='lat' dir='ltr'><strong>potiretur</strong></span> <span class='ocrx_word' id='word_1_285' title='bbox 822 2233 1108 2303; x_wconf 82' lang='lat' dir='ltr'><strong>colloquio.</strong></span> <span class='ocrx_word' id='word_1_286' title='bbox 1162 2235 1314 2301; x_wconf 83' lang='lat' dir='ltr'><strong>Quod</strong></span> <span class='ocrx_word' id='word_1_287' title='bbox 1363 2244 1418 2289; x_wconf 95' lang='lat' dir='ltr'><strong>ct</strong></span> <span class='ocrx_word' id='word_1_288' title='bbox 1473 2236 1673 2291; x_wconf 79' lang='lat' dir='ltr'><strong>factum</strong></span> 
     </span>
    </p>
   </div>
   <div class='ocr_carea' id='block_1_39' title="bbox 104 2326 1672 2400">
    <p class='ocr_par' dir='ltr' id='par_1_39' title="bbox 104 2326 1672 2400">
     <span class='ocr_line' id='line_1_39' title="bbox 104 2326 1672 2400; baseline 0.003 -21"><span class='ocrx_word' id='word_1_289' title='bbox 104 2335 189 2391; x_wconf 87' lang='lat' dir='ltr'><strong>cst,</strong></span> <span class='ocrx_word' id='word_1_290' title='bbox 216 2329 675 2400; x_wconf 79' lang='lat' dir='ltr'><strong>congregatisquc</strong></span> <span class='ocrx_word' id='word_1_291' title='bbox 698 2327 872 2382; x_wconf 87' lang='lat' dir='ltr'><strong>tribus</strong></span> <span class='ocrx_word' id='word_1_292' title='bbox 890 2328 948 2389; x_wconf 81' lang='lat' dir='ltr'><strong>in</strong></span> <span class='ocrx_word' id='word_1_293' title='bbox 974 2327 1190 2389; x_wconf 86' lang='lat' dir='ltr'><strong>nomine</strong></span> <span class='ocrx_word' id='word_1_294' title='bbox 1219 2326 1457 2393; x_wconf 78' lang='lat' dir='ltr'><strong>Domini,</strong></span> <span class='ocrx_word' id='word_1_295' title='bbox 1476 2344 1672 2384; x_wconf 89' lang='lat' dir='ltr'><strong>secun-</strong></span> 
     </span>
    </p>
   </div>
   <div class='ocr_carea' id='block_1_40' title="bbox 108 2417 1673 2491">
    <p class='ocr_par' dir='ltr' id='par_1_40' title="bbox 108 2417 1673 2491">
     <span class='ocr_line' id='line_1_40' title="bbox 108 2417 1673 2491; baseline 0.004 -20"><span class='ocrx_word' id='word_1_296' title='bbox 108 2420 209 2473; x_wconf 86' lang='lat' dir='ltr'><strong>dum</strong></span> <span class='ocrx_word' id='word_1_297' title='bbox 232 2421 607 2491; x_wconf 78' lang='lat' dir='ltr'><strong>evangelicum</strong></span> <span class='ocrx_word' id='word_1_298' title='bbox 655 2421 905 2485; x_wconf 84' lang='lat' dir='ltr'><strong>verbum,</strong></span> <span class='ocrx_word' id='word_1_299' title='bbox 944 2419 1031 2473; x_wconf 85' lang='lat' dir='ltr'><strong>ubi</strong></span> <span class='ocrx_word' id='word_1_300' title='bbox 1066 2417 1168 2473; x_wconf 70' lang='lat' dir='ltr'><strong>fuit</strong></span> <span class='ocrx_word' id='word_1_301' title='bbox 1221 2420 1362 2475; x_wconf 86' lang='lat' dir='ltr'><strong>Deus</strong></span> <span class='ocrx_word' id='word_1_302' title='bbox 1392 2421 1447 2474; x_wconf 87' lang='lat' dir='ltr'><strong>itt</strong></span> <span class='ocrx_word' id='word_1_303' title='bbox 1496 2422 1673 2477; x_wconf 84' lang='lat' dir='ltr'><strong>medio</strong></span> 
     </span>
    </p>
   </div>
   <div class='ocr_carea' id='block_1_41' title="bbox 107 2510 1672 2585">
    <p class='ocr_par' dir='ltr' id='par_1_41' title="bbox 107 2510 1672 2585">
     <span class='ocr_line' id='line_1_41' title="bbox 107 2510 1672 2585; baseline 0.003 -22"><span class='ocrx_word' id='word_1_304' title='bbox 107 2527 265 2565; x_wconf 82' lang='lat' dir='ltr'><strong>eorum</strong></span> <span class='ocrx_word' id='word_1_305' title='bbox 294 2512 513 2583; x_wconf 73' lang='lat' dir='ltr'><strong>(Matth.</strong></span> <span class='ocrx_word' id='word_1_306' title='bbox 553 2530 709 2579; x_wconf 83' lang='lat' dir='ltr'><strong>xvm,</strong></span> <span class='ocrx_word' id='word_1_307' title='bbox 735 2512 849 2581; x_wconf 74' lang='lat'><strong>20).</strong></span> <span class='ocrx_word' id='word_1_308' title='bbox 887 2510 1020 2565; x_wconf 86' lang='lat' dir='ltr'><strong>Nam</strong></span> <span class='ocrx_word' id='word_1_309' title='bbox 1048 2512 1165 2581; x_wconf 87' lang='lat' dir='ltr'><strong>ejus</strong></span> <span class='ocrx_word' id='word_1_310' title='bbox 1190 2513 1418 2568; x_wconf 87' lang='lat' dir='ltr'><strong>consilio</strong></span> <span class='ocrx_word' id='word_1_311' title='bbox 1449 2515 1672 2585; x_wconf 88' lang='lat' dir='ltr'><strong>acquie-</strong></span> 
     </span>
    </p>
   </div>
   <div class='ocr_carea' id='block_1_42' title="bbox 110 2604 1673 2677">
    <p class='ocr_par' dir='ltr' id='par_1_42' title="bbox 110 2604 1673 2677">
     <span class='ocr_line' id='line_1_42' title="bbox 110 2604 1673 2677; baseline 0.003 -22"><span class='ocrx_word' id='word_1_312' title='bbox 110 2618 245 2659; x_wconf 85' lang='lat' dir='ltr'><strong>sceus</strong></span> <span class='ocrx_word' id='word_1_313' title='bbox 270 2606 477 2676; x_wconf 89' lang='lat' dir='ltr'><strong>papalia</strong></span> <span class='ocrx_word' id='word_1_314' title='bbox 523 2607 776 2675; x_wconf 84' lang='lat' dir='ltr'><strong>deposuit</strong></span> <span class='ocrx_word' id='word_1_315' title='bbox 828 2606 1076 2677; x_wconf 85' lang='lat' dir='ltr'><strong>insignia,</strong></span> <span class='ocrx_word' id='word_1_316' title='bbox 1118 2620 1237 2675; x_wconf 68' lang='lat' dir='ltr'><strong>qua:</strong></span> <span class='ocrx_word' id='word_1_317' title='bbox 1286 2604 1551 2675; x_wconf 76' lang='lat' dir='ltr'><strong>gestabat,</strong></span> <span class='ocrx_word' id='word_1_318' title='bbox 1581 2621 1673 2662; x_wconf 88' lang='lat' dir='ltr'><strong>su-</strong></span> 
     </span>
    </p>
   </div>
   <div class='ocr_carea' id='block_1_43' title="bbox 112 2678 1672 2776">
    <p class='ocr_par' dir='ltr' id='par_1_43' title="bbox 112 2678 1672 2776">
     <span class='ocr_line' id='line_1_43' title="bbox 112 2678 1672 2776; baseline 0.007 -34"><span class='ocrx_word' id='word_1_319' title='bbox 112 2707 333 2759; x_wconf 80' lang='lat' dir='ltr'><strong>ntcnsque</strong></span> <span class='ocrx_word' id='word_1_320' title='bbox 376 2695 704 2750; x_wconf 73' lang='lat' dir='ltr'><strong>scarcellnn</strong></span> <span class='ocrx_word' id='word_1_321' title='bbox 746 2710 914 2760; x_wconf 88' lang='lat' dir='ltr'><strong>usque</strong></span> <span class='ocrx_word' id='word_1_322' title='bbox 962 2697 1037 2759; x_wconf 27' lang='lat' dir='ltr'><strong>ad,</strong></span> <span class='ocrx_word' id='word_1_323' title='bbox 1079 2678 1443 2776; x_wconf 79' lang='lat' dir='ltr'><strong>apostolorum</strong></span> <span class='ocrx_word' id='word_1_324' title='bbox 1483 2695 1672 2753; x_wconf 84' lang='lat' dir='ltr'><strong>limina</strong></span> 
     </span>
    </p>
   </div>
   <div class='ocr_carea' id='block_1_44' title="bbox 115 2785 1669 2856">
    <p class='ocr_par' dir='ltr' id='par_1_44' title="bbox 115 2785 1669 2856">
     <span class='ocr_line' id='line_1_44' title="bbox 115 2785 1669 2856; baseline 0.003 -18"><span class='ocrx_word' id='word_1_325' title='bbox 115 2785 405 2852; x_wconf 78' lang='lat' dir='ltr'><strong>properavit,</strong></span> <span class='ocrx_word' id='word_1_326' title='bbox 462 2787 800 2856; x_wconf 76' lang='lat' dir='ltr'><strong>veniensque</strong></span> <span class='ocrx_word' id='word_1_327' title='bbox 848 2787 901 2840; x_wconf 91' lang='lat' dir='ltr'><strong>in</strong></span> <span class='ocrx_word' id='word_1_328' title='bbox 959 2785 1245 2841; x_wconf 87' lang='lat' dir='ltr'><strong>ecclesiam</strong></span> <span class='ocrx_word' id='word_1_329' title='bbox 1304 2787 1669 2856; x_wconf 85' lang='lat' dir='ltr'><strong>apostolorum</strong></span> 
     </span>
    </p>
   </div>
   <div class='ocr_carea' id='block_1_45' title="bbox 113 2874 1669 2947">
    <p class='ocr_par' dir='ltr' id='par_1_45' title="bbox 113 2874 1669 2947">
     <span class='ocr_line' id='line_1_45' title="bbox 113 2874 1669 2947; baseline 0.004 -23"><span class='ocrx_word' id='word_1_330' title='bbox 113 2874 355 2945; x_wconf 83' lang='lat' dir='ltr'><strong>principis,</strong></span> <span class='ocrx_word' id='word_1_331' title='bbox 382 2877 460 2936; x_wconf 74' lang='lat' dir='ltr'><strong>sic</strong></span> <span class='ocrx_word' id='word_1_332' title='bbox 489 2876 705 2931; x_wconf 68' lang='lat' dir='ltr'><strong>elerum</strong></span> <span class='ocrx_word' id='word_1_333' title='bbox 729 2886 783 2931; x_wconf 88' lang='lat' dir='ltr'><strong>et</strong></span> <span class='ocrx_word' id='word_1_334' title='bbox 810 2876 1065 2947; x_wconf 84' lang='lat' dir='ltr'><strong>populum</strong></span> <span class='ocrx_word' id='word_1_335' title='bbox 1102 2876 1406 2931; x_wconf 82' lang='lat' dir='ltr'><strong>Romanum</strong></span> <span class='ocrx_word' id='word_1_336' title='bbox 1463 2877 1669 2933; x_wconf 80' lang='lat' dir='ltr'><strong>aliaeu-</strong></span> 
     </span>
    </p>
   </div>
   <div class='ocr_carea' id='block_1_46' title="bbox 118 2972 1665 3041">
    <p class='ocr_par' dir='ltr' id='par_1_46' title="bbox 118 2972 1665 3041">
     <span class='ocr_line' id='line_1_46' title="bbox 118 2972 1665 3041; baseline 0.005 -22"><span class='ocrx_word' id='word_1_337' title='bbox 118 2976 184 3023; x_wconf 84' lang='lat' dir='ltr'><strong>tus</strong></span> <span class='ocrx_word' id='word_1_338' title='bbox 200 2980 290 3023; x_wconf 90' lang='lat' dir='ltr'><strong>cst.</strong></span> <span class='ocrx_word' id='word_1_339' title='bbox 320 2972 429 3033; x_wconf 63' lang='lat' dir='ltr'><strong>Viri</strong></span> <span class='ocrx_word' id='word_1_340' title='bbox 453 2972 695 3033; x_wconf 62' lang='lat' dir='ltr'><strong>fratres!</strong></span> <span class='ocrx_word' id='word_1_341' title='bbox 729 2972 906 3026; x_wconf 84' lang='lat' dir='ltr'><strong>audivi</strong></span> <span class='ocrx_word' id='word_1_342' title='bbox 928 2972 1251 3041; x_wconf 81' lang='lat' dir='ltr'><strong>legationem</strong></span> <span class='ocrx_word' id='word_1_343' title='bbox 1284 2978 1543 3038; x_wconf 82' lang='lat' dir='ltr'><strong>vestram,</strong></span> <span class='ocrx_word' id='word_1_344' title='bbox 1578 2972 1665 3026; x_wconf 80' lang='lat' dir='ltr'><strong>cui</strong></span> 
     </span>
    </p>
   </div>
   <div class='ocr_carea' id='block_1_47' title="bbox 1775 2144 2507 2202">
    <p class='ocr_par' dir='ltr' id='par_1_47' title="bbox 1775 2144 2507 2202">
     <span class='ocr_line' id='line_1_47' title="bbox 1775 2144 2507 2202; baseline -0.008 0"><span class='ocrx_word' id='word_1_345' title='bbox 1775 2145 2083 2202; x_wconf 87' lang='lat' dir='ltr'><strong>Levitarum</strong></span> <span class='ocrx_word' id='word_1_346' title='bbox 2108 2144 2507 2200; x_wconf 90' lang='lat' dir='ltr'><strong>communione.</strong></span> 
     </span>
    </p>
   </div>
   <div class='ocr_carea' id='block_1_48' title="bbox 1848 2234 3355 2309">
    <p class='ocr_par' dir='ltr' id='par_1_48' title="bbox 1848 2234 3355 2309">
     <span class='ocr_line' id='line_1_48' title="bbox 1848 2234 3355 2309; baseline -0.001 -18"><span class='ocrx_word' id='word_1_347' title='bbox 1848 2237 1973 2293; x_wconf 68' lang='lat' dir='ltr'><strong>Haec</strong></span> <span class='ocrx_word' id='word_1_348' title='bbox 2001 2238 2241 2309; x_wconf 80' lang='lat' dir='ltr'><strong>synodus</strong></span> <span class='ocrx_word' id='word_1_349' title='bbox 2287 2236 2524 2306; x_wconf 80' lang='lat' dir='ltr'><strong>gladium</strong></span> <span class='ocrx_word' id='word_1_350' title='bbox 2560 2235 2615 2290; x_wconf 92' lang='lat' dir='ltr'><strong>in</strong></span> <span class='ocrx_word' id='word_1_351' title='bbox 2656 2235 2864 2292; x_wconf 87' lang='lat' dir='ltr'><strong>viscera</strong></span> <span class='ocrx_word' id='word_1_352' title='bbox 2901 2234 3091 2291; x_wconf 89' lang='lat' dir='ltr'><strong>mersit</strong></span> <span class='ocrx_word' id='word_1_353' title='bbox 3129 2234 3355 2292; x_wconf 89' lang='lat' dir='ltr'><strong>inimici.</strong></span> 
     </span>
    </p>
   </div>
   <div class='ocr_carea' id='block_1_49' title="bbox 1774 2325 3361 2392">
    <p class='ocr_par' dir='ltr' id='par_1_49' title="bbox 1774 2325 3361 2392">
     <span class='ocr_line' id='line_1_49' title="bbox 1774 2325 3361 2392; baseline -0.001 -8"><span class='ocrx_word' id='word_1_354' title='bbox 1774 2330 1908 2392; x_wconf 81' lang='lat' dir='ltr'><strong>Nam</strong></span> <span class='ocrx_word' id='word_1_355' title='bbox 1955 2345 2061 2386; x_wconf 89' lang='lat' dir='ltr'><strong>non</strong></span> <span class='ocrx_word' id='word_1_356' title='bbox 2089 2330 2265 2386; x_wconf 90' lang='lat' dir='ltr'><strong>solum</strong></span> <span class='ocrx_word' id='word_1_357' title='bbox 2297 2329 2483 2384; x_wconf 79' lang='lat' dir='ltr'><strong>Roma:</strong></span> <span class='ocrx_word' id='word_1_358' title='bbox 2513 2326 2913 2384; x_wconf 88' lang='lat' dir='ltr'><strong>incontinentes</strong></span> <span class='ocrx_word' id='word_1_359' title='bbox 2945 2325 3255 2384; x_wconf 85' lang='lat' dir='ltr'><strong>sacerdotes</strong></span> <span class='ocrx_word' id='word_1_360' title='bbox 3304 2335 3361 2383; x_wconf 83' lang='lat' dir='ltr'><strong>et</strong></span> 
     </span>
    </p>
   </div>
   <div class='ocr_carea' id='block_1_50' title="bbox 1774 2416 3357 2491">
    <p class='ocr_par' dir='ltr' id='par_1_50' title="bbox 1774 2416 3357 2491">
     <span class='ocr_line' id='line_1_50' title="bbox 1774 2416 3357 2491; baseline -0.001 -16"><span class='ocrx_word' id='word_1_361' title='bbox 1774 2418 1972 2481; x_wconf 51' lang='lat' dir='ltr'><strong>Levita</strong></span> <span class='ocrx_word' id='word_1_362' title='bbox 1998 2421 2066 2481; x_wconf 79' lang='lat' dir='ltr'><strong>ab</strong></span> <span class='ocrx_word' id='word_1_363' title='bbox 2096 2420 2284 2475; x_wconf 86' lang='lat' dir='ltr'><strong>altaris</strong></span> <span class='ocrx_word' id='word_1_364' title='bbox 2320 2419 2753 2491; x_wconf 89' lang='lat' dir='ltr'><strong>prohibebantur</strong></span> <span class='ocrx_word' id='word_1_365' title='bbox 2786 2416 2982 2485; x_wconf 80' lang='lat' dir='ltr'><strong>ollicio,</strong></span> <span class='ocrx_word' id='word_1_366' title='bbox 3011 2418 3108 2474; x_wconf 88' lang='lat' dir='ltr'><strong>sed</strong></span> <span class='ocrx_word' id='word_1_367' title='bbox 3158 2426 3211 2473; x_wconf 89' lang='lat' dir='ltr'><strong>et</strong></span> <span class='ocrx_word' id='word_1_368' title='bbox 3259 2433 3357 2488; x_wconf 87' lang='lat' dir='ltr'><strong>per</strong></span> 
     </span>
    </p>
   </div>
   <div class='ocr_carea' id='block_1_51' title="bbox 1774 2506 3361 2583">
    <p class='ocr_par' dir='ltr' id='par_1_51' title="bbox 1774 2506 3361 2583">
     <span class='ocr_line' id='line_1_51' title="bbox 1774 2506 3361 2583; baseline -0.001 -19"><span class='ocrx_word' id='word_1_369' title='bbox 1774 2512 1981 2576; x_wconf 83' lang='lat' dir='ltr'><strong>vicinas</strong></span> <span class='ocrx_word' id='word_1_370' title='bbox 2006 2513 2431 2582; x_wconf 84' lang='lat' dir='ltr'><strong>circumquaque</strong></span> <span class='ocrx_word' id='word_1_371' title='bbox 2460 2506 2711 2583; x_wconf 77' lang='lat' dir='ltr'><strong>regiones</strong></span> <span class='ocrx_word' id='word_1_372' title='bbox 2751 2519 2809 2567; x_wconf 90' lang='lat' dir='ltr'><strong>et</strong></span> <span class='ocrx_word' id='word_1_373' title='bbox 2853 2524 2953 2581; x_wconf 87' lang='lat' dir='ltr'><strong>per</strong></span> <span class='ocrx_word' id='word_1_374' title='bbox 2985 2524 3202 2565; x_wconf 88' lang='lat' dir='ltr'><strong>omnem</strong></span> <span class='ocrx_word' id='word_1_375' title='bbox 3252 2509 3361 2564; x_wconf 88' lang='lat' dir='ltr'><strong>Tu-</strong></span> 
     </span>
    </p>
   </div>
   <div class='ocr_carea' id='block_1_52' title="bbox 1773 2601 3361 2677">
    <p class='ocr_par' dir='ltr' id='par_1_52' title="bbox 1773 2601 3361 2677">
     <span class='ocr_line' id='line_1_52' title="bbox 1773 2601 3361 2677; baseline -0.002 -16"><span class='ocrx_word' id='word_1_376' title='bbox 1773 2607 1964 2670; x_wconf 89' lang='lat' dir='ltr'><strong>sciam,</strong></span> <span class='ocrx_word' id='word_1_377' title='bbox 1984 2605 2362 2674; x_wconf 81' lang='lat' dir='ltr'><strong>adjuvantibus</strong></span> <span class='ocrx_word' id='word_1_378' title='bbox 2375 2605 2658 2666; x_wconf 81' lang='lat' dir='ltr'><strong>monachis</strong></span> <span class='ocrx_word' id='word_1_379' title='bbox 2679 2603 2811 2661; x_wconf 87' lang='lat' dir='ltr'><strong>viris</strong></span> <span class='ocrx_word' id='word_1_380' title='bbox 2834 2601 3098 2677; x_wconf 77' lang='lat' dir='ltr'><strong>religiosis</strong></span> <span class='ocrx_word' id='word_1_381' title='bbox 3125 2610 3181 2656; x_wconf 91' lang='lat' dir='ltr'><strong>et</strong></span> <span class='ocrx_word' id='word_1_382' title='bbox 3200 2602 3361 2658; x_wconf 76' lang='lat' dir='ltr'><strong>verba</strong></span> 
     </span>
    </p>
   </div>
   <div class='ocr_carea' id='block_1_53' title="bbox 1772 2694 2600 2767">
    <p class='ocr_par' dir='ltr' id='par_1_53' title="bbox 1772 2694 2600 2767">
     <span class='ocr_line' id='line_1_53' title="bbox 1772 2694 2600 2767; baseline -0.002 -16"><span class='ocrx_word' id='word_1_383' title='bbox 1772 2696 2171 2767; x_wconf 63' lang='lat' dir='ltr'><strong>praedicationis</strong></span> <span class='ocrx_word' id='word_1_384' title='bbox 2201 2694 2600 2754; x_wconf 79' lang='lat' dir='ltr'><strong>insudantihtts.</strong></span> 
     </span>
    </p>
   </div>
   <div class='ocr_carea' id='block_1_54' title="bbox 1843 2804 3358 2879">
    <p class='ocr_par' dir='ltr' id='par_1_54' title="bbox 1843 2804 3358 2879">
     <span class='ocr_line' id='line_1_54' title="bbox 1843 2804 3358 2879; baseline -0.005 -15"><span class='ocrx_word' id='word_1_385' title='bbox 1843 2810 1915 2864; x_wconf 84' lang='lat' dir='ltr'><strong>Et</strong></span> <span class='ocrx_word' id='word_1_386' title='bbox 1947 2810 2033 2864; x_wconf 90' lang='lat' dir='ltr'><strong>hic</strong></span> <span class='ocrx_word' id='word_1_387' title='bbox 2062 2808 2254 2864; x_wconf 90' lang='lat' dir='ltr'><strong>beatus</strong></span> <span class='ocrx_word' id='word_1_388' title='bbox 2282 2806 2523 2879; x_wconf 79' lang='lat' dir='ltr'><strong>pontifex</strong></span> <span class='ocrx_word' id='word_1_389' title='bbox 2571 2805 2775 2877; x_wconf 81' lang='lat' dir='ltr'><strong>legatos</strong></span> <span class='ocrx_word' id='word_1_390' title='bbox 2804 2821 2934 2863; x_wconf 86' lang='lat' dir='ltr'><strong>suos</strong></span> <span class='ocrx_word' id='word_1_391' title='bbox 2963 2807 3110 2860; x_wconf 87' lang='lat' dir='ltr'><strong>misit</strong></span> <span class='ocrx_word' id='word_1_392' title='bbox 3146 2804 3358 2875; x_wconf 90' lang='lat' dir='ltr'><strong>Cpolin,</strong></span> 
     </span>
    </p>
   </div>
   <div class='ocr_carea' id='block_1_55' title="bbox 1772 2897 3358 2972">
    <p class='ocr_par' dir='ltr' id='par_1_55' title="bbox 1772 2897 3358 2972">
     <span class='ocr_line' id='line_1_55' title="bbox 1772 2897 3358 2972; baseline -0.003 -16"><span class='ocrx_word' id='word_1_393' title='bbox 1772 2901 1976 2959; x_wconf 83' lang='lat' dir='ltr'><strong>habens</strong></span> <span class='ocrx_word' id='word_1_394' title='bbox 2002 2915 2164 2972; x_wconf 89' lang='lat' dir='ltr'><strong>super</strong></span> <span class='ocrx_word' id='word_1_395' title='bbox 2188 2899 2456 2970; x_wconf 78' lang='lat' dir='ltr'><strong>aliquibus</strong></span> <span class='ocrx_word' id='word_1_396' title='bbox 2483 2899 2670 2957; x_wconf 84' lang='lat' dir='ltr'><strong>causis</strong></span> <span class='ocrx_word' id='word_1_397' title='bbox 2691 2899 2952 2955; x_wconf 87' lang='lat' dir='ltr'><strong>adversus</strong></span> <span class='ocrx_word' id='word_1_398' title='bbox 2982 2897 3211 2953; x_wconf 66' lang='lat' dir='ltr'><strong>Graecos</strong></span> <span class='ocrx_word' id='word_1_399' title='bbox 3237 2898 3358 2966; x_wconf 86' lang='lat' dir='ltr'><strong>epi-</strong></span> 
     </span>
    </p>
   </div>
   <div class='ocr_carea' id='block_1_56' title="bbox 1771 2989 3357 3076">
    <p class='ocr_par' dir='ltr' id='par_1_56' title="bbox 1771 2989 3357 3076">
     <span class='ocr_line' id='line_1_56' title="bbox 1771 2989 3357 3076; baseline -0.003 -28"><span class='ocrx_word' id='word_1_400' title='bbox 1771 3009 1962 3063; x_wconf 86' lang='lat' dir='ltr'><strong>scopos</strong></span> <span class='ocrx_word' id='word_1_401' title='bbox 1985 2993 2329 3063; x_wconf 67' lang='lat' dir='ltr'><strong>qumsﬁones,</strong></span> <span class='ocrx_word' id='word_1_402' title='bbox 2359 3007 2431 3049; x_wconf 73' lang='lat' dir='ltr'><strong>ex</strong></span> <span class='ocrx_word' id='word_1_403' title='bbox 2456 3007 2687 3076; x_wconf 73' lang='lat' dir='ltr'><strong>quorum</strong></span> <span class='ocrx_word' id='word_1_404' title='bbox 2716 3004 2944 3048; x_wconf 79' lang='lat' dir='ltr'><strong>numero</strong></span> <span class='ocrx_word' id='word_1_405' title='bbox 2973 2990 3070 3049; x_wconf 78' lang='lat' dir='ltr'><strong>fuit</strong></span> <span class='ocrx_word' id='word_1_406' title='bbox 3104 2989 3357 3061; x_wconf 67' lang='lat' dir='ltr'><strong>prmlatus</strong></span> 
     </span>
    </p>
   </div>
   <div class='ocr_carea' id='block_1_57' title="bbox 118 3064 1668 3176">
    <p class='ocr_par' dir='ltr' id='par_1_57' title="bbox 118 3064 1668 3135">
     <span class='ocr_line' id='line_1_57' title="bbox 118 3064 1668 3135; baseline 0.003 -20"><span class='ocrx_word' id='word_1_407' title='bbox 118 3077 187 3115; x_wconf 83' lang='lat' dir='ltr'><strong>me</strong></span> <span class='ocrx_word' id='word_1_408' title='bbox 207 3067 573 3121; x_wconf 80' lang='lat' dir='ltr'><strong>contradicere</strong></span> <span class='ocrx_word' id='word_1_409' title='bbox 598 3081 706 3119; x_wconf 89' lang='lat' dir='ltr'><strong>non</strong></span> <span class='ocrx_word' id='word_1_410' title='bbox 744 3066 1008 3135; x_wconf 85' lang='lat' dir='ltr'><strong>oportuit,</strong></span> <span class='ocrx_word' id='word_1_411' title='bbox 1064 3076 1119 3120; x_wconf 85' lang='lat' dir='ltr'><strong>et</strong></span> <span class='ocrx_word' id='word_1_412' title='bbox 1168 3066 1273 3119; x_wconf 89' lang='lat' dir='ltr'><strong>huc</strong></span> <span class='ocrx_word' id='word_1_413' title='bbox 1322 3066 1389 3125; x_wconf 88' lang='lat' dir='ltr'><strong>ad</strong></span> <span class='ocrx_word' id='word_1_414' title='bbox 1443 3080 1537 3121; x_wconf 85' lang='lat' dir='ltr'><strong>vos</strong></span> <span class='ocrx_word' id='word_1_415' title='bbox 1575 3064 1668 3119; x_wconf 90' lang='lat' dir='ltr'><strong>de-</strong></span> 
     </span>
    </p>
   </div>
   <div class='ocr_carea' id='block_1_58' title="bbox 1778 3064 3359 3176">
    <p class='ocr_par' dir='ltr' id='par_1_58' title="bbox 1778 3064 3359 3157">
     <span class='ocr_line' id='line_1_58' title="bbox 1778 3064 3359 3157; baseline -0.003 -16"><span class='ocrx_word' id='word_1_416' title='bbox 1778 3087 2080 3143; x_wconf 76' lang='lat' dir='ltr'><strong>Eridericus</strong></span> <span class='ocrx_word' id='word_1_417' title='bbox 2106 3064 2771 3157; x_wconf 72' lang='lat' dir='ltr'><strong>magniducisGottcfridi</strong></span> <span class='ocrx_word' id='word_1_418' title='bbox 2800 3098 3111 3154; x_wconf 82' lang='lat' dir='ltr'><strong>germanus,</strong></span> <span class='ocrx_word' id='word_1_419' title='bbox 3138 3082 3232 3152; x_wconf 87' lang='lat' dir='ltr'><strong>qui</strong></span> <span class='ocrx_word' id='word_1_420' title='bbox 3265 3097 3359 3136; x_wconf 89' lang='lat' dir='ltr'><strong>vc-</strong></span> 
     </span>
    </p>
   </div>
   <div class='ocr_carea' id='block_1_59' title="bbox 121 3156 1671 3226">
    <p class='ocr_par' dir='ltr' id='par_1_59' title="bbox 121 3156 1671 3226">
     <span class='ocr_line' id='line_1_59' title="bbox 121 3156 1671 3226; baseline 0.005 -21"><span class='ocrx_word' id='word_1_421' title='bbox 121 3156 273 3209; x_wconf 85' lang='lat' dir='ltr'><strong>scendi</strong></span> <span class='ocrx_word' id='word_1_422' title='bbox 302 3158 542 3226; x_wconf 87' lang='lat' dir='ltr'><strong>primum</strong></span> <span class='ocrx_word' id='word_1_423' title='bbox 570 3159 835 3213; x_wconf 89' lang='lat' dir='ltr'><strong>orationis</strong></span> <span class='ocrx_word' id='word_1_424' title='bbox 885 3168 1032 3223; x_wconf 82' lang='lat' dir='ltr'><strong>voto,</strong></span> <span class='ocrx_word' id='word_1_425' title='bbox 1080 3157 1202 3212; x_wconf 91' lang='lat' dir='ltr'><strong>dein</strong></span> <span class='ocrx_word' id='word_1_426' title='bbox 1242 3158 1437 3213; x_wconf 84' lang='lat' dir='ltr'><strong>vestris</strong></span> <span class='ocrx_word' id='word_1_427' title='bbox 1486 3157 1671 3213; x_wconf 81' lang='lat' dir='ltr'><strong>volens</strong></span> 
     </span>
    </p>
   </div>
   <div class='ocr_carea' id='block_1_60' title="bbox 118 3245 1670 3319">
    <p class='ocr_par' dir='ltr' id='par_1_60' title="bbox 118 3245 1670 3319">
     <span class='ocr_line' id='line_1_60' title="bbox 118 3245 1670 3319; baseline 0.006 -23"><span class='ocrx_word' id='word_1_428' title='bbox 118 3245 825 3317; x_wconf 82' lang='lat' dir='ltr'><strong>obtemperarejussionibus.</strong></span> <span class='ocrx_word' id='word_1_429' title='bbox 856 3249 954 3305; x_wconf 91' lang='lat' dir='ltr'><strong>Cui</strong></span> <span class='ocrx_word' id='word_1_430' title='bbox 982 3265 1106 3304; x_wconf 88' lang='lat' dir='ltr'><strong>cum</strong></span> <span class='ocrx_word' id='word_1_431' title='bbox 1136 3249 1374 3319; x_wconf 83' lang='lat' dir='ltr'><strong>episcopi</strong></span> <span class='ocrx_word' id='word_1_432' title='bbox 1401 3258 1455 3305; x_wconf 91' lang='lat' dir='ltr'><strong>et</strong></span> <span class='ocrx_word' id='word_1_433' title='bbox 1494 3250 1670 3305; x_wconf 90' lang='lat' dir='ltr'><strong>cardi-</strong></span> 
     </span>
    </p>
   </div>
   <div class='ocr_carea' id='block_1_61' title="bbox 121 3328 1668 3409">
    <p class='ocr_par' dir='ltr' id='par_1_61' title="bbox 121 3328 1668 3409">
     <span class='ocr_line' id='line_1_61' title="bbox 121 3328 1668 3409; baseline 0.008 -27"><span class='ocrx_word' id='word_1_434' title='bbox 121 3334 241 3388; x_wconf 84' lang='lat' dir='ltr'><strong>nales</strong></span> <span class='ocrx_word' id='word_1_435' title='bbox 264 3336 358 3393; x_wconf 90' lang='lat' dir='ltr'><strong>hoc</strong></span> <span class='ocrx_word' id='word_1_436' title='bbox 387 3340 437 3393; x_wconf 90' lang='lat' dir='ltr'><strong>ci</strong></span> <span class='ocrx_word' id='word_1_437' title='bbox 476 3340 878 3409; x_wconf 90' lang='lat' dir='ltr'><strong>respondentes</strong></span> <span class='ocrx_word' id='word_1_438' title='bbox 904 3338 1147 3393; x_wconf 86' lang='lat' dir='ltr'><strong>dicerent</strong></span> <span class='ocrx_word' id='word_1_439' title='bbox 1178 3355 1191 3390; x_wconf 92' lang='lat'><strong>:</strong></span> <span class='ocrx_word' id='word_1_440' title='bbox 1229 3328 1354 3392; x_wconf 68' lang='lat' dir='ltr'><strong>llaec</strong></span> <span class='ocrx_word' id='word_1_441' title='bbox 1380 3337 1479 3391; x_wconf 84' lang='lat' dir='ltr'><strong>luit</strong></span> <span class='ocrx_word' id='word_1_442' title='bbox 1504 3353 1668 3395; x_wconf 88' lang='lat' dir='ltr'><strong>causa</strong></span> 
     </span>
    </p>
   </div>
   <div class='ocr_carea' id='block_1_62' title="bbox 120 3414 1671 3499">
    <p class='ocr_par' dir='ltr' id='par_1_62' title="bbox 120 3414 1671 3499">
     <span class='ocr_line' id='line_1_62' title="bbox 120 3414 1671 3499; baseline 0.007 -27"><span class='ocrx_word' id='word_1_443' title='bbox 120 3432 159 3474; x_wconf 84' lang='lat' dir='ltr'><strong>te</strong></span> <span class='ocrx_word' id='word_1_444' title='bbox 192 3428 418 3494; x_wconf 82' lang='lat' dir='ltr'><strong>vocandi,</strong></span> <span class='ocrx_word' id='word_1_445' title='bbox 460 3438 528 3482; x_wconf 88' lang='lat' dir='ltr'><strong>ut</strong></span> <span class='ocrx_word' id='word_1_446' title='bbox 585 3437 636 3483; x_wconf 89' lang='lat' dir='ltr'><strong>te</strong></span> <span class='ocrx_word' id='word_1_447' title='bbox 682 3430 838 3483; x_wconf 89' lang='lat' dir='ltr'><strong>nobis</strong></span> <span class='ocrx_word' id='word_1_448' title='bbox 883 3414 1205 3499; x_wconf 81' lang='lat' dir='ltr'><strong>eligeremus</strong></span> <span class='ocrx_word' id='word_1_449' title='bbox 1252 3428 1591 3498; x_wconf 85' lang='lat' dir='ltr'><strong>pontiﬁcem,</strong></span> <span class='ocrx_word' id='word_1_450' title='bbox 1616 3439 1671 3483; x_wconf 90' lang='lat' dir='ltr'><strong>et</strong></span> 
     </span>
    </p>
   </div>
   <div class='ocr_carea' id='block_1_63' title="bbox 128 3515 1669 3576">
    <p class='ocr_par' dir='ltr' id='par_1_63' title="bbox 128 3515 1669 3576">
     <span class='ocr_line' id='line_1_63' title="bbox 128 3515 1669 3576; baseline 0.006 -11"><span class='ocrx_word' id='word_1_451' title='bbox 128 3515 505 3575; x_wconf 80' lang='lat' dir='ltr'><strong>archidiaconus</strong></span> <span class='ocrx_word' id='word_1_452' title='bbox 539 3536 604 3575; x_wconf 78' lang='lat' dir='ltr'><strong>ex</strong></span> <span class='ocrx_word' id='word_1_453' title='bbox 637 3535 786 3576; x_wconf 88' lang='lat' dir='ltr'><strong>more</strong></span> <span class='ocrx_word' id='word_1_454' title='bbox 815 3520 1073 3575; x_wconf 79' lang='lat' dir='ltr'><strong>clamaret</strong></span> <span class='ocrx_word' id='word_1_455' title='bbox 1098 3519 1669 3575; x_wconf 85' lang='lat' dir='ltr'><strong>:DominumLeonctn</strong></span> 
     </span>
    </p>
   </div>
   <div class='ocr_carea' id='block_1_64' title="bbox 121 3607 1670 3684">
    <p class='ocr_par' dir='ltr' id='par_1_64' title="bbox 121 3607 1670 3684">
     <span class='ocr_line' id='line_1_64' title="bbox 121 3607 1670 3684; baseline 0.007 -26"><span class='ocrx_word' id='word_1_456' title='bbox 121 3607 383 3673; x_wconf 77' lang='lat' dir='ltr'><strong>pontiﬁcem</strong></span> <span class='ocrx_word' id='word_1_457' title='bbox 413 3612 471 3667; x_wconf 91' lang='lat' dir='ltr'><strong>S.</strong></span> <span class='ocrx_word' id='word_1_458' title='bbox 520 3612 712 3668; x_wconf 88' lang='lat' dir='ltr'><strong>Petrus</strong></span> <span class='ocrx_word' id='word_1_459' title='bbox 750 3612 931 3684; x_wconf 89' lang='lat' dir='ltr'><strong>elegit,</strong></span> <span class='ocrx_word' id='word_1_460' title='bbox 960 3611 1299 3683; x_wconf 88' lang='lat' dir='ltr'><strong>populusque</strong></span> <span class='ocrx_word' id='word_1_461' title='bbox 1334 3612 1670 3682; x_wconf 83' lang='lat' dir='ltr'><strong>subsequens</strong></span> 
     </span>
    </p>
   </div>
   <div class='ocr_carea' id='block_1_65' title="bbox 122 3700 1664 3776">
    <p class='ocr_par' dir='ltr' id='par_1_65' title="bbox 122 3700 1664 3776">
     <span class='ocr_line' id='line_1_65' title="bbox 122 3700 1664 3776; baseline 0.006 -26"><span class='ocrx_word' id='word_1_462' title='bbox 122 3700 304 3756; x_wconf 79' lang='lat' dir='ltr'><strong>vocibus</strong></span> <span class='ocrx_word' id='word_1_463' title='bbox 330 3705 541 3760; x_wconf 89' lang='lat' dir='ltr'><strong>iteratis</strong></span> <span class='ocrx_word' id='word_1_464' title='bbox 570 3707 675 3761; x_wconf 87' lang='lat' dir='ltr'><strong>hoc</strong></span> <span class='ocrx_word' id='word_1_465' title='bbox 699 3713 1054 3775; x_wconf 87' lang='lat' dir='ltr'><strong>concreparet</strong></span> <span class='ocrx_word' id='word_1_466' title='bbox 1102 3704 1409 3761; x_wconf 88' lang='lat' dir='ltr'><strong>cardinales</strong></span> <span class='ocrx_word' id='word_1_467' title='bbox 1457 3713 1515 3760; x_wconf 90' lang='lat' dir='ltr'><strong>et</strong></span> <span class='ocrx_word' id='word_1_468' title='bbox 1542 3706 1664 3776; x_wconf 83' lang='lat' dir='ltr'><strong>epi-</strong></span> 
     </span>
    </p>
   </div>
   <div class='ocr_carea' id='block_1_66' title="bbox 123 3799 1665 3875">
    <p class='ocr_par' dir='ltr' id='par_1_66' title="bbox 123 3799 1665 3875">
     <span class='ocr_line' id='line_1_66' title="bbox 123 3799 1665 3875; baseline 0.008 -27"><span class='ocrx_word' id='word_1_469' title='bbox 123 3799 261 3871; x_wconf 84' lang='lat' dir='ltr'><strong>scopi,</strong></span> <span class='ocrx_word' id='word_1_470' title='bbox 291 3811 343 3856; x_wconf 93' lang='lat' dir='ltr'><strong>ut</strong></span> <span class='ocrx_word' id='word_1_471' title='bbox 370 3804 543 3858; x_wconf 87' lang='lat' dir='ltr'><strong>moris</strong></span> <span class='ocrx_word' id='word_1_472' title='bbox 570 3813 670 3868; x_wconf 93' lang='lat' dir='ltr'><strong>est,</strong></span> <span class='ocrx_word' id='word_1_473' title='bbox 700 3803 985 3859; x_wconf 89' lang='lat' dir='ltr'><strong>beatorum</strong></span> <span class='ocrx_word' id='word_1_474' title='bbox 1008 3801 1375 3874; x_wconf 88' lang='lat' dir='ltr'><strong>apostolorum</strong></span> <span class='ocrx_word' id='word_1_475' title='bbox 1401 3800 1665 3875; x_wconf 88' lang='lat' dir='ltr'><strong>principis</strong></span> 
     </span>
    </p>
   </div>
   <div class='ocr_carea' id='block_1_67' title="bbox 122 3890 784 3952">
    <p class='ocr_par' dir='ltr' id='par_1_67' title="bbox 122 3890 784 3952">
     <span class='ocr_line' id='line_1_67' title="bbox 122 3890 784 3952; baseline 0.012 -12"><span class='ocrx_word' id='word_1_476' title='bbox 122 3890 348 3949; x_wconf 78' lang='lat' dir='ltr'><strong>cathedrae</strong></span> <span class='ocrx_word' id='word_1_477' title='bbox 372 3896 784 3952; x_wconf 84' lang='lat' dir='ltr'><strong>introuizareut.</strong></span> 
     </span>
    </p>
   </div>
   <div class='ocr_carea' id='block_1_68' title="bbox 177 4002 1666 4083">
    <p class='ocr_par' dir='ltr' id='par_1_68' title="bbox 177 4002 1666 4083">
     <span class='ocr_line' id='line_1_68' title="bbox 177 4002 1666 4083; baseline 0.005 -24"><span class='ocrx_word' id='word_1_478' title='bbox 177 4002 435 4077; x_wconf 86' lang='lat' dir='ltr'><strong>Postquam</strong></span> <span class='ocrx_word' id='word_1_479' title='bbox 489 4004 736 4080; x_wconf 87' lang='lat' dir='ltr'><strong>papalem</strong></span> <span class='ocrx_word' id='word_1_480' title='bbox 772 4010 999 4081; x_wconf 88' lang='lat' dir='ltr'><strong>adeptus</strong></span> <span class='ocrx_word' id='word_1_481' title='bbox 1022 4021 1107 4066; x_wconf 90' lang='lat' dir='ltr'><strong>est</strong></span> <span class='ocrx_word' id='word_1_482' title='bbox 1128 4010 1467 4083; x_wconf 86' lang='lat' dir='ltr'><strong>dignitatem,</strong></span> <span class='ocrx_word' id='word_1_483' title='bbox 1499 4026 1666 4067; x_wconf 89' lang='lat' dir='ltr'><strong>vene-</strong></span> 
     </span>
    </p>
   </div>
   <div class='ocr_carea' id='block_1_69' title="bbox 126 4092 1663 4172">
    <p class='ocr_par' dir='ltr' id='par_1_69' title="bbox 126 4092 1663 4172">
     <span class='ocr_line' id='line_1_69' title="bbox 126 4092 1663 4172; baseline 0.009 -31"><span class='ocrx_word' id='word_1_484' title='bbox 126 4092 307 4150; x_wconf 82' lang='lat' dir='ltr'><strong>rabilem</strong></span> <span class='ocrx_word' id='word_1_485' title='bbox 338 4097 730 4172; x_wconf 86' lang='lat' dir='ltr'><strong>llildprandum</strong></span> <span class='ocrx_word' id='word_1_486' title='bbox 755 4099 1073 4155; x_wconf 86' lang='lat' dir='ltr'><strong>donatorem</strong></span> <span class='ocrx_word' id='word_1_487' title='bbox 1117 4108 1226 4154; x_wconf 89' lang='lat' dir='ltr'><strong>tam</strong></span> <span class='ocrx_word' id='word_1_488' title='bbox 1272 4100 1505 4156; x_wconf 89' lang='lat' dir='ltr'><strong>salubris</strong></span> <span class='ocrx_word' id='word_1_489' title='bbox 1531 4116 1663 4157; x_wconf 92' lang='lat' dir='ltr'><strong>con-</strong></span> 
     </span>
    </p>
   </div>
   <div class='ocr_carea' id='block_1_70' title="bbox 125 4183 1661 4271">
    <p class='ocr_par' dir='ltr' id='par_1_70' title="bbox 125 4183 1661 4271">
     <span class='ocr_line' id='line_1_70' title="bbox 125 4183 1661 4271; baseline 0.01 -37"><span class='ocrx_word' id='word_1_490' title='bbox 125 4183 224 4250; x_wconf 85' lang='lat' dir='ltr'><strong>silii,</strong></span> <span class='ocrx_word' id='word_1_491' title='bbox 250 4204 391 4271; x_wconf 83' lang='lat' dir='ltr'><strong>quem</strong></span> <span class='ocrx_word' id='word_1_492' title='bbox 422 4195 495 4249; x_wconf 87' lang='lat' dir='ltr'><strong>ab</strong></span> <span class='ocrx_word' id='word_1_493' title='bbox 513 4193 713 4249; x_wconf 87' lang='lat' dir='ltr'><strong>abbate</strong></span> <span class='ocrx_word' id='word_1_494' title='bbox 741 4193 924 4249; x_wconf 92' lang='lat' dir='ltr'><strong>multis</strong></span> <span class='ocrx_word' id='word_1_495' title='bbox 954 4192 1206 4264; x_wconf 88' lang='lat' dir='ltr'><strong>precibus</strong></span> <span class='ocrx_word' id='word_1_496' title='bbox 1230 4194 1313 4248; x_wconf 81' lang='lat' dir='ltr'><strong>vix</strong></span> <span class='ocrx_word' id='word_1_497' title='bbox 1338 4194 1661 4264; x_wconf 85' lang='lat' dir='ltr'><strong>impetrave-</strong></span> 
     </span>
    </p>
   </div>
   <div class='ocr_carea' id='block_1_71' title="bbox 130 4282 1662 4356">
    <p class='ocr_par' dir='ltr' id='par_1_71' title="bbox 130 4282 1662 4356">
     <span class='ocr_line' id='line_1_71' title="bbox 130 4282 1662 4356; baseline 0.009 -30"><span class='ocrx_word' id='word_1_498' title='bbox 130 4286 211 4351; x_wconf 82' lang='lat' dir='ltr'><strong>rat,</strong></span> <span class='ocrx_word' id='word_1_499' title='bbox 233 4282 292 4335; x_wconf 89' lang='lat' dir='ltr'><strong>ad</strong></span> <span class='ocrx_word' id='word_1_500' title='bbox 310 4284 727 4347; x_wconf 83' lang='lat' dir='ltr'><strong>subdiacooatus</strong></span> <span class='ocrx_word' id='word_1_501' title='bbox 773 4285 1022 4356; x_wconf 72' lang='lat' dir='ltr'><strong>provexit</strong></span> <span class='ocrx_word' id='word_1_502' title='bbox 1070 4285 1357 4353; x_wconf 87' lang='lat' dir='ltr'><strong>honorem,</strong></span> <span class='ocrx_word' id='word_1_503' title='bbox 1395 4299 1556 4356; x_wconf 91' lang='lat' dir='ltr'><strong>quem</strong></span> <span class='ocrx_word' id='word_1_504' title='bbox 1605 4294 1662 4341; x_wconf 90' lang='lat' dir='ltr'><strong>et</strong></span> 
     </span>
    </p>
   </div>
   <div class='ocr_carea' id='block_1_72' title="bbox 128 4376 1655 4444">
    <p class='ocr_par' dir='ltr' id='par_1_72' title="bbox 128 4376 1655 4444">
     <span class='ocr_line' id='line_1_72' title="bbox 128 4376 1655 4444; baseline 0.005 -20"><span class='ocrx_word' id='word_1_505' title='bbox 128 4382 410 4432; x_wconf 66' lang='lat' dir='ltr'><strong>teconomum</strong></span> <span class='ocrx_word' id='word_1_506' title='bbox 453 4386 663 4434; x_wconf 62' lang='lat' dir='ltr'><strong>sanctae</strong></span> <span class='ocrx_word' id='word_1_507' title='bbox 716 4377 978 4435; x_wconf 65' lang='lat' dir='ltr'><strong>Romana:</strong></span> <span class='ocrx_word' id='word_1_508' title='bbox 1033 4376 1288 4433; x_wconf 82' lang='lat' dir='ltr'><strong>Ecclesiae</strong></span> <span class='ocrx_word' id='word_1_509' title='bbox 1341 4378 1655 4444; x_wconf 91' lang='lat' dir='ltr'><strong>constituit,</strong></span> 
     </span>
    </p>
   </div>
   <div class='ocr_carea' id='block_1_73' title="bbox 1778 3175 3361 3252">
    <p class='ocr_par' dir='ltr' id='par_1_73' title="bbox 1778 3175 3361 3252">
     <span class='ocr_line' id='line_1_73' title="bbox 1778 3175 3361 3252; baseline -0.002 -17"><span class='ocrx_word' id='word_1_510' title='bbox 1778 3182 1995 3236; x_wconf 87' lang='lat' dir='ltr'><strong>ulentes</strong></span> <span class='ocrx_word' id='word_1_511' title='bbox 2021 3180 2226 3252; x_wconf 87' lang='lat' dir='ltr'><strong>Cpotim</strong></span> <span class='ocrx_word' id='word_1_512' title='bbox 2252 3194 2299 3233; x_wconf 67' lang='grc' dir='ltr'><strong>ει</strong></span> <span class='ocrx_word' id='word_1_513' title='bbox 2327 3177 2680 3235; x_wconf 79' lang='lat' dir='ltr'><strong>Monomacba</strong></span> <span class='ocrx_word' id='word_1_514' title='bbox 2710 3178 3038 3249; x_wconf 84' lang='lat' dir='ltr'><strong>imperatore</strong></span> <span class='ocrx_word' id='word_1_515' title='bbox 3061 3175 3361 3235; x_wconf 74' lang='lat' dir='ltr'><strong>honoriﬁce</strong></span> 
     </span>
    </p>
   </div>
   <div class='ocr_carea' id='block_1_74' title="bbox 1772 3270 2445 3339">
    <p class='ocr_par' dir='ltr' id='par_1_74' title="bbox 1772 3270 2445 3339">
     <span class='ocr_line' id='line_1_74' title="bbox 1772 3270 2445 3339; baseline -0.007 -13"><span class='ocrx_word' id='word_1_516' title='bbox 1772 3280 1899 3326; x_wconf 86' lang='lat' dir='ltr'><strong>sunt</strong></span> <span class='ocrx_word' id='word_1_517' title='bbox 1920 3270 2173 3339; x_wconf 89' lang='lat' dir='ltr'><strong>suscepti.</strong></span> <span class='ocrx_word' id='word_1_518' title='bbox 2424 3328 2445 3339; x_wconf 86' lang='lat'><em>_</em></span> 
     </span>
    </p>
   </div>
   <div class='ocr_carea' id='block_1_75' title="bbox 1847 3362 3357 3434">
    <p class='ocr_par' dir='ltr' id='par_1_75' title="bbox 1847 3362 3357 3434">
     <span class='ocr_line' id='line_1_75' title="bbox 1847 3362 3357 3434; baseline -0.003 -15"><span class='ocrx_word' id='word_1_519' title='bbox 1847 3365 2049 3419; x_wconf 87' lang='lat' dir='ltr'><strong>Dehinc</strong></span> <span class='ocrx_word' id='word_1_520' title='bbox 2073 3364 2451 3433; x_wconf 89' lang='lat' dir='ltr'><strong>episcoporum</strong></span> <span class='ocrx_word' id='word_1_521' title='bbox 2499 3362 2716 3434; x_wconf 85' lang='lat' dir='ltr'><strong>negotio</strong></span> <span class='ocrx_word' id='word_1_522' title='bbox 2769 3369 2991 3433; x_wconf 81' lang='lat' dir='ltr'><strong>propter</strong></span> <span class='ocrx_word' id='word_1_523' title='bbox 3023 3374 3357 3430; x_wconf 81' lang='lat' dir='ltr'><strong>quosvene-</strong></span> 
     </span>
    </p>
   </div>
   <div class='ocr_carea' id='block_1_76' title="bbox 1773 3452 3362 3525">
    <p class='ocr_par' dir='ltr' id='par_1_76' title="bbox 1773 3452 3362 3525">
     <span class='ocr_line' id='line_1_76' title="bbox 1773 3452 3362 3525; baseline -0.003 -16"><span class='ocrx_word' id='word_1_524' title='bbox 1773 3466 1895 3509; x_wconf 85' lang='lat' dir='ltr'><strong>rant</strong></span> <span class='ocrx_word' id='word_1_525' title='bbox 1955 3455 2216 3510; x_wconf 85' lang='lat' dir='ltr'><strong>citissime</strong></span> <span class='ocrx_word' id='word_1_526' title='bbox 2238 3457 2446 3522; x_wconf 89' lang='lat' dir='ltr'><strong>sedato,</strong></span> <span class='ocrx_word' id='word_1_527' title='bbox 2483 3453 2828 3525; x_wconf 85' lang='lat' dir='ltr'><strong>amplissimis</strong></span> <span class='ocrx_word' id='word_1_528' title='bbox 2856 3452 3218 3509; x_wconf 70' lang='lat' dir='ltr'><strong>donisdonati</strong></span> <span class='ocrx_word' id='word_1_529' title='bbox 3243 3466 3362 3521; x_wconf 82' lang='lat' dir='ltr'><strong>por-</strong></span> 
     </span>
    </p>
   </div>
   <div class='ocr_carea' id='block_1_77' title="bbox 1773 3540 3359 3616">
    <p class='ocr_par' dir='ltr' id='par_1_77' title="bbox 1773 3540 3359 3616">
     <span class='ocr_line' id='line_1_77' title="bbox 1773 3540 3359 3616; baseline -0.003 -14"><span class='ocrx_word' id='word_1_530' title='bbox 1773 3556 2057 3616; x_wconf 90' lang='lat' dir='ltr'><strong>tantesque</strong></span> <span class='ocrx_word' id='word_1_531' title='bbox 2097 3546 2254 3602; x_wconf 90' lang='lat' dir='ltr'><strong>beato</strong></span> <span class='ocrx_word' id='word_1_532' title='bbox 2280 3545 2442 3601; x_wconf 88' lang='lat' dir='ltr'><strong>Petro</strong></span> <span class='ocrx_word' id='word_1_533' title='bbox 2471 3544 2805 3615; x_wconf 82' lang='lat' dir='ltr'><strong>permaxima</strong></span> <span class='ocrx_word' id='word_1_534' title='bbox 2843 3544 3097 3611; x_wconf 84' lang='lat' dir='ltr'><strong>donaria,</strong></span> <span class='ocrx_word' id='word_1_535' title='bbox 3141 3540 3207 3597; x_wconf 90' lang='lat' dir='ltr'><strong>ad</strong></span> <span class='ocrx_word' id='word_1_536' title='bbox 3229 3558 3359 3614; x_wconf 89' lang='lat' dir='ltr'><strong>pro-</strong></span> 
     </span>
    </p>
   </div>
   <div class='ocr_carea' id='block_1_78' title="bbox 1770 3639 2267 3711">
    <p class='ocr_par' dir='ltr' id='par_1_78' title="bbox 1770 3639 2267 3711">
     <span class='ocr_line' id='line_1_78' title="bbox 1770 3639 2267 3711; baseline 0 -17"><span class='ocrx_word' id='word_1_537' title='bbox 1770 3640 1887 3711; x_wconf 88' lang='lat' dir='ltr'><strong>pria</strong></span> <span class='ocrx_word' id='word_1_538' title='bbox 1919 3639 2267 3710; x_wconf 86' lang='lat' dir='ltr'><strong>repedabaut.</strong></span> 
     </span>
    </p>
   </div>
   <div class='ocr_carea' id='block_1_79' title="bbox 1838 3729 3357 3803">
    <p class='ocr_par' dir='ltr' id='par_1_79' title="bbox 1838 3729 3357 3803">
     <span class='ocr_line' id='line_1_79' title="bbox 1838 3729 3357 3803; baseline -0.003 -14"><span class='ocrx_word' id='word_1_539' title='bbox 1838 3733 2046 3790; x_wconf 87' lang='lat' dir='ltr'><strong>Interea</strong></span> <span class='ocrx_word' id='word_1_540' title='bbox 2078 3733 2509 3803; x_wconf 83' lang='lat' dir='ltr'><strong>Normannorum</strong></span> <span class='ocrx_word' id='word_1_541' title='bbox 2548 3730 2842 3787; x_wconf 81' lang='lat' dir='ltr'><strong>fortissima</strong></span> <span class='ocrx_word' id='word_1_542' title='bbox 2868 3745 3024 3802; x_wconf 56' lang='lat' dir='ltr'><strong>guns,</strong></span> <span class='ocrx_word' id='word_1_543' title='bbox 3063 3744 3181 3799; x_wconf 69' lang='lat' dir='ltr'><strong>quae</strong></span> <span class='ocrx_word' id='word_1_544' title='bbox 3208 3729 3357 3799; x_wconf 78' lang='lat' dir='ltr'><strong>Apu-</strong></span> 
     </span>
    </p>
   </div>
   <div class='ocr_carea' id='block_1_80' title="bbox 1766 3822 3357 3895">
    <p class='ocr_par' dir='ltr' id='par_1_80' title="bbox 1766 3822 3357 3895">
     <span class='ocr_line' id='line_1_80' title="bbox 1766 3822 3357 3895; baseline -0.004 -13"><span class='ocrx_word' id='word_1_545' title='bbox 1766 3827 1894 3884; x_wconf 90' lang='lat' dir='ltr'><strong>liam</strong></span> <span class='ocrx_word' id='word_1_546' title='bbox 1942 3838 1999 3884; x_wconf 91' lang='lat' dir='ltr'><strong>ct</strong></span> <span class='ocrx_word' id='word_1_547' title='bbox 2040 3826 2348 3884; x_wconf 86' lang='lat' dir='ltr'><strong>Calabriam</strong></span> <span class='ocrx_word' id='word_1_548' title='bbox 2377 3841 2408 3880; x_wconf 93' lang='lat' dir='ltr'><strong>a</strong></span> <span class='ocrx_word' id='word_1_549' title='bbox 2437 3825 2751 3882; x_wconf 70' lang='lat' dir='ltr'><strong>Graecorum</strong></span> <span class='ocrx_word' id='word_1_550' title='bbox 2799 3823 2953 3895; x_wconf 89' lang='lat' dir='ltr'><strong>regni</strong></span> <span class='ocrx_word' id='word_1_551' title='bbox 3011 3822 3357 3878; x_wconf 84' lang='lat' dir='ltr'><strong>subtraxerat</strong></span> 
     </span>
    </p>
   </div>
   <div class='ocr_carea' id='block_1_81' title="bbox 1764 3906 3387 3990">
    <p class='ocr_par' dir='ltr' id='par_1_81' title="bbox 1764 3906 3387 3990">
     <span class='ocr_line' id='line_1_81' title="bbox 1764 3906 3387 3990; baseline -0.002 -14"><span class='ocrx_word' id='word_1_552' title='bbox 1764 3922 2428 3990; x_wconf 36' lang='lat' dir='ltr'><strong>ditione,.Beneventanos</strong></span> <span class='ocrx_word' id='word_1_553' title='bbox 2452 3919 2678 3977; x_wconf 87' lang='lat' dir='ltr'><strong>invadit.</strong></span> <span class='ocrx_word' id='word_1_554' title='bbox 2701 3918 2818 3987; x_wconf 90' lang='lat' dir='ltr'><strong>Qua</strong></span> <span class='ocrx_word' id='word_1_555' title='bbox 2840 3925 3165 3990; x_wconf 87' lang='lat' dir='ltr'><strong>tempestate</strong></span> <span class='ocrx_word' id='word_1_556' title='bbox 3187 3906 3387 3972; x_wconf 47' lang='lat' dir='ltr'><strong>Bene?</strong></span> 
     </span>
    </p>
   </div>
   <div class='ocr_carea' id='block_1_82' title="bbox 1766 4015 3360 4087">
    <p class='ocr_par' dir='ltr' id='par_1_82' title="bbox 1766 4015 3360 4087">
     <span class='ocr_line' id='line_1_82' title="bbox 1766 4015 3360 4087; baseline -0.001 -15"><span class='ocrx_word' id='word_1_557' title='bbox 1766 4017 1979 4073; x_wconf 84' lang='lat' dir='ltr'><strong>ventaui</strong></span> <span class='ocrx_word' id='word_1_558' title='bbox 2013 4017 2273 4087; x_wconf 87' lang='lat' dir='ltr'><strong>compulsi</strong></span> <span class='ocrx_word' id='word_1_559' title='bbox 2322 4016 2572 4073; x_wconf 55' lang='lat' dir='ltr'><strong>Romam.</strong></span> <span class='ocrx_word' id='word_1_560' title='bbox 2598 4016 2828 4071; x_wconf 87' lang='lat' dir='ltr'><strong>tendunt</strong></span> <span class='ocrx_word' id='word_1_561' title='bbox 2879 4015 3360 4086; x_wconf 71' lang='lat' dir='ltr'><strong>Beneventumqne</strong></span> 
     </span>
    </p>
   </div>
   <div class='ocr_carea' id='block_1_83' title="bbox 1763 4106 3369 4179">
    <p class='ocr_par' dir='ltr' id='par_1_83' title="bbox 1763 4106 3369 4179">
     <span class='ocr_line' id='line_1_83' title="bbox 1763 4106 3369 4179; baseline -0.004 -14"><span class='ocrx_word' id='word_1_562' title='bbox 1763 4125 1863 4179; x_wconf 90' lang='lat' dir='ltr'><strong>per</strong></span> <span class='ocrx_word' id='word_1_563' title='bbox 1921 4109 2183 4164; x_wconf 77' lang='lat' dir='ltr'><strong>cartalam</strong></span> <span class='ocrx_word' id='word_1_564' title='bbox 2237 4108 2538 4165; x_wconf 88' lang='lat' dir='ltr'><strong>oll&#39;ertionis</strong></span> <span class='ocrx_word' id='word_1_565' title='bbox 2592 4109 2753 4162; x_wconf 88' lang='lat' dir='ltr'><strong>beato</strong></span> <span class='ocrx_word' id='word_1_566' title='bbox 2802 4107 2963 4163; x_wconf 84' lang='lat' dir='ltr'><strong>Petro</strong></span> <span class='ocrx_word' id='word_1_567' title='bbox 3000 4106 3369 4161; x_wconf 57' lang='lat' dir='ltr'><strong>tradentes:-</strong></span> 
     </span>
    </p>
   </div>
   <div class='ocr_carea' id='block_1_84' title="bbox 1764 4198 3351 4272">
    <p class='ocr_par' dir='ltr' id='par_1_84' title="bbox 1764 4198 3351 4272">
     <span class='ocr_line' id='line_1_84' title="bbox 1764 4198 3351 4272; baseline -0.004 -16"><span class='ocrx_word' id='word_1_568' title='bbox 1764 4201 1980 4256; x_wconf 84' lang='lat' dir='ltr'><strong>domino</strong></span> <span class='ocrx_word' id='word_1_569' title='bbox 2019 4216 2153 4272; x_wconf 89' lang='lat' dir='ltr'><strong>papa</strong></span> <span class='ocrx_word' id='word_1_570' title='bbox 2200 4200 2492 4269; x_wconf 89' lang='lat' dir='ltr'><strong>implorant</strong></span> <span class='ocrx_word' id='word_1_571' title='bbox 2546 4199 2829 4267; x_wconf 79' lang='lat' dir='ltr'><strong>auxilium,</strong></span> <span class='ocrx_word' id='word_1_572' title='bbox 2887 4213 2994 4267; x_wconf 90' lang='lat' dir='ltr'><strong>quo</strong></span> <span class='ocrx_word' id='word_1_573' title='bbox 3048 4198 3215 4261; x_wconf 82' lang='lat' dir='ltr'><strong>facto,</strong></span> <span class='ocrx_word' id='word_1_574' title='bbox 3242 4211 3351 4250; x_wconf 93' lang='lat' dir='ltr'><strong>non</strong></span> 
     </span>
    </p>
   </div>
   <div class='ocr_carea' id='block_1_85' title="bbox 1760 4283 3348 4361">
    <p class='ocr_par' dir='ltr' id='par_1_85' title="bbox 1760 4283 3348 4361">
     <span class='ocr_line' id='line_1_85' title="bbox 1760 4283 3348 4361; baseline -0.004 -17"><span class='ocrx_word' id='word_1_575' title='bbox 1760 4290 1933 4346; x_wconf 87' lang='lat' dir='ltr'><strong>solum</strong></span> <span class='ocrx_word' id='word_1_576' title='bbox 1964 4304 2060 4361; x_wconf 90' lang='lat' dir='ltr'><strong>pro</strong></span> <span class='ocrx_word' id='word_1_577' title='bbox 2089 4289 2247 4344; x_wconf 88' lang='lat' dir='ltr'><strong>terris</strong></span> <span class='ocrx_word' id='word_1_578' title='bbox 2301 4304 2470 4344; x_wconf 86' lang='lat' dir='ltr'><strong>sacrae</strong></span> <span class='ocrx_word' id='word_1_579' title='bbox 2516 4289 2777 4342; x_wconf 69' lang='lat' dir='ltr'><strong>Romana:</strong></span> <span class='ocrx_word' id='word_1_580' title='bbox 2822 4284 3078 4343; x_wconf 64' lang='lat' dir='ltr'><strong>Eccbsia:</strong></span> <span class='ocrx_word' id='word_1_581' title='bbox 3119 4283 3348 4349; x_wconf 87' lang='lat' dir='ltr'><strong>invasis,</strong></span> 
     </span>
    </p>
   </div>
   <div class='ocr_carea' id='block_1_86' title="bbox 1761 4377 3352 4452">
    <p class='ocr_par' dir='ltr' id='par_1_86' title="bbox 1761 4377 3352 4452">
     <span class='ocr_line' id='line_1_86' title="bbox 1761 4377 3352 4452; baseline -0.002 -17"><span class='ocrx_word' id='word_1_582' title='bbox 1761 4398 1946 4437; x_wconf 87' lang='lat' dir='ltr'><strong>verum</strong></span> <span class='ocrx_word' id='word_1_583' title='bbox 1977 4390 2032 4437; x_wconf 87' lang='lat' dir='ltr'><strong>et</strong></span> <span class='ocrx_word' id='word_1_584' title='bbox 2059 4397 2157 4452; x_wconf 90' lang='lat' dir='ltr'><strong>pro</strong></span> <span class='ocrx_word' id='word_1_585' title='bbox 2203 4381 2570 4436; x_wconf 86' lang='lat' dir='ltr'><strong>acerbissimis</strong></span> <span class='ocrx_word' id='word_1_586' title='bbox 2622 4380 2798 4452; x_wconf 66' lang='lat' dir='ltr'><strong>panis</strong></span> <span class='ocrx_word' id='word_1_587' title='bbox 2839 4393 2981 4449; x_wconf 78' lang='lat' dir='ltr'><strong>quas</strong></span> <span class='ocrx_word' id='word_1_588' title='bbox 3028 4377 3352 4434; x_wconf 82' lang='lat' dir='ltr'><strong>Christianis</strong></span> 
     </span>
    </p>
   </div>
   <div class='ocr_carea' id='block_1_87' title="bbox 128 4460 3353 4544">
    <p class='ocr_par' dir='ltr' id='par_1_87' title="bbox 128 4460 3353 4544">
     <span class='ocr_line' id='line_1_87' title="bbox 128 4460 3353 4544; baseline 0.004 -32"><span class='ocrx_word' id='word_1_589' title='bbox 128 4460 248 4527; x_wconf 72' lang='lat' dir='ltr'><strong>Cujus</strong></span> <span class='ocrx_word' id='word_1_590' title='bbox 284 4471 501 4535; x_wconf 83' lang='lat' dir='ltr'><strong>consilio</strong></span> <span class='ocrx_word' id='word_1_591' title='bbox 542 4471 806 4543; x_wconf 80' lang='lat' dir='ltr'><strong>synodum</strong></span> <span class='ocrx_word' id='word_1_592' title='bbox 856 4486 980 4526; x_wconf 82' lang='lat' dir='ltr'><strong>mox</strong></span> <span class='ocrx_word' id='word_1_593' title='bbox 1022 4470 1392 4541; x_wconf 82' lang='lat' dir='ltr'><strong>congregavit,</strong></span> <span class='ocrx_word' id='word_1_594' title='bbox 1437 4471 1492 4524; x_wconf 91' lang='lat' dir='ltr'><strong>in</strong></span> <span class='ocrx_word' id='word_1_595' title='bbox 1548 4485 1656 4541; x_wconf 83' lang='lat' dir='ltr'><strong>qua</strong></span> <span class='ocrx_word' id='word_1_596' title='bbox 1689 4468 1734 4522; x_wconf 87' lang='lat' dir='ltr'><strong>D</strong></span> <span class='ocrx_word' id='word_1_597' title='bbox 1763 4476 2085 4542; x_wconf 83' lang='lat' dir='ltr'><strong>inferebant,</strong></span> <span class='ocrx_word' id='word_1_598' title='bbox 2114 4483 2419 4530; x_wconf 90' lang='lat' dir='ltr'><strong>commotus</strong></span> <span class='ocrx_word' id='word_1_599' title='bbox 2444 4473 2921 4544; x_wconf 75' lang='lat' dir='ltr'><strong>primumquidem</strong></span> <span class='ocrx_word' id='word_1_600' title='bbox 2936 4471 3353 4541; x_wconf 71' lang='lat' dir='ltr'><strong>gladioexoom-</strong></span> 
     </span>
    </p>
   </div>
   <div class='ocr_carea' id='block_1_88' title="bbox 130 4553 1658 4635">
    <p class='ocr_par' dir='ltr' id='par_1_88' title="bbox 130 4553 1658 4635">
     <span class='ocr_line' id='line_1_88' title="bbox 130 4553 1658 4635; baseline 0.009 -31"><span class='ocrx_word' id='word_1_601' title='bbox 130 4553 408 4616; x_wconf 81' lang='lat' dir='ltr'><strong>diversarum</strong></span> <span class='ocrx_word' id='word_1_602' title='bbox 441 4570 726 4635; x_wconf 79' lang='lat' dir='ltr'><strong>regionum</strong></span> <span class='ocrx_word' id='word_1_603' title='bbox 756 4562 991 4632; x_wconf 89' lang='lat' dir='ltr'><strong>episcopi</strong></span> <span class='ocrx_word' id='word_1_604' title='bbox 1023 4569 1415 4627; x_wconf 88' lang='lat' dir='ltr'><strong>convenerunt,</strong></span> <span class='ocrx_word' id='word_1_605' title='bbox 1449 4561 1501 4616; x_wconf 92' lang='lat' dir='ltr'><strong>in</strong></span> <span class='ocrx_word' id='word_1_606' title='bbox 1552 4576 1658 4631; x_wconf 88' lang='lat' dir='ltr'><strong>qua</strong></span> 
     </span>
    </p>
   </div>
   <div class='ocr_carea' id='block_1_89' title="bbox 130 4651 1719 4712">
    <p class='ocr_par' dir='ltr' id='par_1_89' title="bbox 130 4651 1719 4712">
     <span class='ocr_line' id='line_1_89' title="bbox 130 4651 1719 4712; baseline 0.008 -15"><span class='ocrx_word' id='word_1_607' title='bbox 130 4656 171 4697; x_wconf 85' lang='lat' dir='ltr'><strong>et</strong></span> <span class='ocrx_word' id='word_1_608' title='bbox 191 4651 273 4705; x_wconf 84' lang='lat' dir='ltr'><strong>sub</strong></span> <span class='ocrx_word' id='word_1_609' title='bbox 297 4659 639 4712; x_wconf 87' lang='lat' dir='ltr'><strong>anathemate</strong></span> <span class='ocrx_word' id='word_1_610' title='bbox 667 4657 1011 4711; x_wconf 87' lang='lat' dir='ltr'><strong>interdictum</strong></span> <span class='ocrx_word' id='word_1_611' title='bbox 1045 4663 1130 4710; x_wconf 88' lang='lat' dir='ltr'><strong>est</strong></span> <span class='ocrx_word' id='word_1_612' title='bbox 1157 4669 1261 4707; x_wconf 90' lang='lat' dir='ltr'><strong>non</strong></span> <span class='ocrx_word' id='word_1_613' title='bbox 1305 4654 1467 4708; x_wconf 89' lang='lat' dir='ltr'><strong>licere</strong></span> <span class='ocrx_word' id='word_1_614' title='bbox 1496 4654 1659 4709; x_wconf 89' lang='lat' dir='ltr'><strong>alicui</strong></span> <span class='ocrx_word' id='word_1_615' title='bbox 1715 4669 1719 4673; x_wconf 73' lang='lat'><em>‘</em></span> 
     </span>
    </p>
   </div>
   <div class='ocr_carea' id='block_1_90' title="bbox 130 4738 1659 4816">
    <p class='ocr_par' dir='ltr' id='par_1_90' title="bbox 130 4738 1659 4816">
     <span class='ocr_line' id='line_1_90' title="bbox 130 4738 1659 4816; baseline -0.001 -15"><span class='ocrx_word' id='word_1_616' title='bbox 130 4738 339 4811; x_wconf 60' lang='lat' dir='ltr'><strong>episcopo</strong></span> <span class='ocrx_word' id='word_1_617' title='bbox 361 4748 829 4804; x_wconf 86' lang='lat' dir='ltr'><strong>archidiaconatus</strong></span> <span class='ocrx_word' id='word_1_618' title='bbox 851 4755 905 4801; x_wconf 90' lang='lat' dir='ltr'><strong>et</strong></span> <span class='ocrx_word' id='word_1_619' title='bbox 926 4745 1308 4816; x_wconf 73' lang='lat' dir='ltr'><strong>prmposituras</strong></span> <span class='ocrx_word' id='word_1_620' title='bbox 1332 4754 1386 4798; x_wconf 89' lang='lat' dir='ltr'><strong>et</strong></span> <span class='ocrx_word' id='word_1_621' title='bbox 1409 4743 1659 4799; x_wconf 85' lang='lat' dir='ltr'><strong>abbatias</strong></span> 
     </span>
    </p>
   </div>
   <div class='ocr_carea' id='block_1_91' title="bbox 132 4832 1660 4908">
    <p class='ocr_par' dir='ltr' id='par_1_91' title="bbox 132 4832 1660 4908">
     <span class='ocr_line' id='line_1_91' title="bbox 132 4832 1660 4908; baseline 0.001 -17"><span class='ocrx_word' id='word_1_622' title='bbox 132 4840 203 4881; x_wconf 65' lang='lat'><strong>58&#39;!</strong></span> <span class='ocrx_word' id='word_1_623' title='bbox 230 4832 464 4895; x_wconf 76' lang='lat' dir='ltr'><strong>beneﬁcia</strong></span> <span class='ocrx_word' id='word_1_624' title='bbox 494 4839 855 4895; x_wconf 81' lang='lat' dir='ltr'><strong>Ecclesiarum</strong></span> <span class='ocrx_word' id='word_1_625' title='bbox 881 4838 963 4892; x_wconf 90' lang='lat' dir='ltr'><strong>vel</strong></span> <span class='ocrx_word' id='word_1_626' title='bbox 992 4837 1311 4908; x_wconf 64' lang='lat' dir='ltr'><strong>praebendas</strong></span> <span class='ocrx_word' id='word_1_627' title='bbox 1344 4836 1427 4891; x_wconf 88' lang='lat' dir='ltr'><strong>vel</strong></span> <span class='ocrx_word' id='word_1_628' title='bbox 1474 4834 1660 4892; x_wconf 85' lang='lat' dir='ltr'><strong>Eccle-</strong></span> 
     </span>
    </p>
   </div>
   <div class='ocr_carea' id='block_1_92' title="bbox 134 4919 1661 4987">
    <p class='ocr_par' dir='ltr' id='par_1_92' title="bbox 134 4919 1661 4987">
     <span class='ocr_line' id='line_1_92' title="bbox 134 4919 1661 4987; baseline 0.009 -15"><span class='ocrx_word' id='word_1_629' title='bbox 134 4919 295 4978; x_wconf 79' lang='lat' dir='ltr'><strong>siarum</strong></span> <span class='ocrx_word' id='word_1_630' title='bbox 320 4931 394 4985; x_wconf 88' lang='lat' dir='ltr'><strong>vel</strong></span> <span class='ocrx_word' id='word_1_631' title='bbox 414 4932 664 4987; x_wconf 88' lang='lat' dir='ltr'><strong>altarium</strong></span> <span class='ocrx_word' id='word_1_632' title='bbox 693 4929 1192 4986; x_wconf 87' lang='lat' dir='ltr'><strong>commendationes</strong></span> <span class='ocrx_word' id='word_1_633' title='bbox 1221 4928 1476 4983; x_wconf 89' lang='lat' dir='ltr'><strong>vendere.</strong></span> <span class='ocrx_word' id='word_1_634' title='bbox 1503 4927 1572 4982; x_wconf 87' lang='lat' dir='ltr'><strong>Et</strong></span> <span class='ocrx_word' id='word_1_635' title='bbox 1598 4940 1661 4985; x_wconf 91' lang='lat' dir='ltr'><strong>ut</strong></span> 
     </span>
    </p>
   </div>
   <div class='ocr_carea' id='block_1_93' title="bbox 133 5005 1657 5079">
    <p class='ocr_par' dir='ltr' id='par_1_93' title="bbox 133 5005 1657 5079">
     <span class='ocr_line' id='line_1_93' title="bbox 133 5005 1657 5079; baseline 0.003 -10"><span class='ocrx_word' id='word_1_636' title='bbox 133 5019 389 5078; x_wconf 58' lang='lat' dir='ltr'><strong>SacerdOtes</strong></span> <span class='ocrx_word' id='word_1_637' title='bbox 417 5034 471 5079; x_wconf 93' lang='lat' dir='ltr'><strong>et</strong></span> <span class='ocrx_word' id='word_1_638' title='bbox 518 5025 694 5079; x_wconf 70' lang='lat' dir='ltr'><strong>levita:</strong></span> <span class='ocrx_word' id='word_1_639' title='bbox 732 5005 1049 5077; x_wconf 78' lang='lat' dir='ltr'><strong>subdiaconi</strong></span> <span class='ocrx_word' id='word_1_640' title='bbox 1095 5035 1218 5074; x_wconf 88' lang='lat' dir='ltr'><strong>cum</strong></span> <span class='ocrx_word' id='word_1_641' title='bbox 1252 5019 1512 5074; x_wconf 82' lang='lat' dir='ltr'><strong>uxoribus</strong></span> <span class='ocrx_word' id='word_1_642' title='bbox 1549 5034 1657 5074; x_wconf 92' lang='lat' dir='ltr'><strong>non</strong></span> 
     </span>
    </p>
   </div>
   <div class='ocr_carea' id='block_1_94' title="bbox 133 5118 1657 5185">
    <p class='ocr_par' dir='ltr' id='par_1_94' title="bbox 133 5118 1657 5185">
     <span class='ocr_line' id='line_1_94' title="bbox 133 5118 1657 5185; baseline 0.005 -27"><span class='ocrx_word' id='word_1_643' title='bbox 133 5118 307 5176; x_wconf 72' lang='lat' dir='ltr'><strong>coeant,</strong></span> <span class='ocrx_word' id='word_1_644' title='bbox 356 5129 469 5184; x_wconf 71' lang='lat' dir='ltr'><strong>qua:</strong></span> <span class='ocrx_word' id='word_1_645' title='bbox 520 5132 607 5172; x_wconf 87' lang='lat' dir='ltr'><strong>res</strong></span> <span class='ocrx_word' id='word_1_646' title='bbox 651 5130 902 5185; x_wconf 78' lang='lat' dir='ltr'><strong>magnam</strong></span> <span class='ocrx_word' id='word_1_647' title='bbox 957 5122 1305 5168; x_wconf 82' lang='lat' dir='ltr'><strong>veternosum</strong></span> <span class='ocrx_word' id='word_1_648' title='bbox 1349 5120 1657 5182; x_wconf 86' lang='lat' dir='ltr'><strong>serpentem</strong></span> 
     </span>
    </p>
   </div>
   <div class='ocr_carea' id='block_1_95' title="bbox 134 5199 1658 5273">
    <p class='ocr_par' dir='ltr' id='par_1_95' title="bbox 134 5199 1658 5273">
     <span class='ocr_line' id='line_1_95' title="bbox 134 5199 1658 5273; baseline 0.008 -29"><span class='ocrx_word' id='word_1_649' title='bbox 134 5199 443 5261; x_wconf 81' lang='lat' dir='ltr'><strong>concitavitin</strong></span> <span class='ocrx_word' id='word_1_650' title='bbox 474 5209 632 5262; x_wconf 86' lang='lat' dir='ltr'><strong>iram.</strong></span> <span class='ocrx_word' id='word_1_651' title='bbox 667 5206 819 5273; x_wconf 85' lang='lat' dir='ltr'><strong>Quod</strong></span> <span class='ocrx_word' id='word_1_652' title='bbox 873 5204 1157 5265; x_wconf 86' lang='lat' dir='ltr'><strong>audientes</strong></span> <span class='ocrx_word' id='word_1_653' title='bbox 1196 5203 1436 5273; x_wconf 82' lang='lat' dir='ltr'><strong>episcopi</strong></span> <span class='ocrx_word' id='word_1_654' title='bbox 1482 5202 1658 5272; x_wconf 88' lang='lat' dir='ltr'><strong>primo</strong></span> 
     </span>
    </p>
   </div>
   <div class='ocr_carea' id='block_1_96' title="bbox 160 5355 1657 5441">
    <p class='ocr_par' dir='ltr' id='par_1_96' title="bbox 160 5355 1657 5441">
     <span class='ocr_line' id='line_1_96' title="bbox 160 5355 1657 5441; baseline -0.001 -24"><span class='ocrx_word' id='word_1_655' title='bbox 160 5355 422 5441; x_wconf 48' lang='grc' dir='ltr'><strong>ηςάδρυιιιρυ</strong></span> <span class='ocrx_word' id='word_1_656' title='bbox 448 5367 636 5441; x_wconf 79' lang='lat' dir='ltr'><strong>iisdem</strong></span> <span class='ocrx_word' id='word_1_657' title='bbox 669 5364 1258 5441; x_wconf 44' lang='lat' dir='ltr'><strong>fereferbisjcguntur</strong></span> <span class='ocrx_word' id='word_1_658' title='bbox 1286 5363 1339 5417; x_wconf 89' lang='lat' dir='ltr'><strong>in</strong></span> <span class='ocrx_word' id='word_1_659' title='bbox 1372 5361 1657 5441; x_wconf 85' lang='lat' dir='ltr'><strong>Leonile</strong></span> 
     </span>
    </p>
   </div>
   <div class='ocr_carea' id='block_1_97' title="bbox 139 5418 1657 5509">
    <p class='ocr_par' dir='ltr' id='par_1_97' title="bbox 139 5418 1657 5509">
     <span class='ocr_line' id='line_1_97' title="bbox 139 5418 1657 5509; baseline 0.004 -29"><span class='ocrx_word' id='word_1_660' title='bbox 255 5418 840 5509; x_wconf 33' lang='lat' dir='ltr'><strong>Nicolan—Xragonizes.</strong></span> <span class='ocrx_word' id='word_1_661' title='bbox 873 5434 938 5509; x_wconf 63' lang='lat' dir='ltr'><strong>lt.</strong></span> <span class='ocrx_word' id='word_1_662' title='bbox 1057 5418 1214 5509; x_wconf 46' lang='lat' dir='ltr'><strong>card.</strong></span> <span class='ocrx_word' id='word_1_663' title='bbox 1243 5444 1485 5499; x_wconf 85' lang='lat' dir='ltr'><strong>auctore,</strong></span> <span class='ocrx_word' id='word_1_664' title='bbox 1506 5432 1597 5501; x_wconf 87' lang='lat' dir='ltr'><strong>qui</strong></span> <span class='ocrx_word' id='word_1_665' title='bbox 1625 5447 1657 5486; x_wconf 92' lang='lat' dir='ltr'><strong>e</strong></span> 
     </span>
    </p>
   </div>
   <div class='ocr_carea' id='block_1_98' title="bbox 139 5487 1655 5577">
    <p class='ocr_par' dir='ltr' id='par_1_98' title="bbox 139 5487 1655 5577">
     <span class='ocr_line' id='line_1_98' title="bbox 139 5487 1655 5577; baseline 0.008 -28"><span class='ocrx_word' id='word_1_666' title='bbox 139 5487 357 5577; x_wconf 50' lang='grc' dir='ltr'><strong>βρξιξροηθ</strong></span> <span class='ocrx_word' id='word_1_667' title='bbox 382 5487 532 5561; x_wconf 61' lang='lat' dir='ltr'><strong>haud</strong></span> <span class='ocrx_word' id='word_1_668' title='bbox 548 5487 708 5561; x_wconf 62' lang='lat' dir='ltr'><strong>iliibie</strong></span> <span class='ocrx_word' id='word_1_669' title='bbox 726 5487 1035 5577; x_wconf 76' lang='lat' dir='ltr'><strong>descripsit.</strong></span> <span class='ocrx_word' id='word_1_670' title='bbox 1079 5503 1357 5577; x_wconf 74' lang='lat' dir='ltr'><strong>Wibertus</strong></span> <span class='ocrx_word' id='word_1_671' title='bbox 1384 5487 1541 5557; x_wconf 54' lang='lat' dir='ltr'><strong>ver&#39;o&#39;</strong></span> <span class='ocrx_word' id='word_1_672' title='bbox 1561 5487 1655 5577; x_wconf 60' lang='lat' dir='ltr'><strong>alf-</strong></span> 
     </span>
    </p>
   </div>
   <div class='ocr_carea' id='block_1_99' title="bbox 142 5560 1652 5647">
    <p class='ocr_par' dir='ltr' id='par_1_99' title="bbox 142 5560 1652 5647">
     <span class='ocr_line' id='line_1_99' title="bbox 142 5560 1652 5647; baseline 0.013 -34"><span class='ocrx_word' id='word_1_673' title='bbox 142 5560 436 5647; x_wconf 54' lang='lat' dir='ltr'><strong>fhitliacotitts</strong></span> <span class='ocrx_word' id='word_1_674' title='bbox 459 5560 732 5632; x_wconf 84' lang='lat' dir='ltr'><strong>Tullensis</strong></span> <span class='ocrx_word' id='word_1_675' title='bbox 755 5560 950 5631; x_wconf 79' lang='lat' dir='ltr'><strong>Leonis</strong></span> <span class='ocrx_word' id='word_1_676' title='bbox 974 5575 1351 5647; x_wconf 57' lang='lat' dir='ltr'><strong>synchrontts,</strong></span> <span class='ocrx_word' id='word_1_677' title='bbox 1368 5587 1526 5647; x_wconf 68' lang='lat' dir='ltr'><strong>Quem</strong></span> <span class='ocrx_word' id='word_1_678' title='bbox 1561 5573 1652 5647; x_wconf 58' lang='lat' dir='ltr'><strong>Ni-</strong></span> 
     </span>
    </p>
   </div>
   <div class='ocr_carea' id='block_1_100' title="bbox 142 5630 1650 5717">
    <p class='ocr_par' dir='ltr' id='par_1_100' title="bbox 142 5630 1650 5717">
     <span class='ocr_line' id='line_1_100' title="bbox 142 5630 1650 5717; baseline -0.001 -23"><span class='ocrx_word' id='word_1_679' title='bbox 142 5630 690 5717; x_wconf 52' lang='lat' dir='ltr'><strong>ggbosunjnnxitTi.</strong></span> <span class='ocrx_word' id='word_1_680' title='bbox 742 5630 1068 5709; x_wconf 61' lang='lat' dir='ltr'><strong>nui-amntis</strong></span> <span class='ocrx_word' id='word_1_681' title='bbox 1108 5654 1146 5697; x_wconf 93' lang='lat' dir='ltr'><strong>t.</strong></span> <span class='ocrx_word' id='word_1_682' title='bbox 1201 5630 1463 5717; x_wconf 45' lang='lat' dir='ltr'><strong>urite},</strong></span> <span class='ocrx_word' id='word_1_683' title='bbox 1514 5642 1650 5717; x_wconf 59' lang='grc' dir='ltr'><strong>ειμι..</strong></span> 
     </span>
    </p>
   </div>
   <div class='ocr_carea' id='block_1_101' title="bbox 147 5694 1649 5789">
    <p class='ocr_par' dir='ltr' id='par_1_101' title="bbox 147 5694 1649 5789">
     <span class='ocr_line' id='line_1_101' title="bbox 147 5694 1649 5789; baseline -0.001 -18"><span class='ocrx_word' id='word_1_684' title='bbox 147 5694 697 5783; x_wconf 47' lang='lat' dir='ltr'><strong>historiainité&quot;&quot;bibito</strong></span> <span class='ocrx_word' id='word_1_685' title='bbox 742 5694 1359 5789; x_wconf 42' lang='lat' dir='ltr'><strong>Egressigfagsusnn</strong></span> <span class='ocrx_word' id='word_1_686' title='bbox 1377 5694 1649 5773; x_wconf 54' lang='lat' dir='ltr'><strong>ansae;</strong></span> 
     </span>
    </p>
   </div>
   <div class='ocr_carea' id='block_1_102' title="bbox 1763 4560 3350 4637">
    <p class='ocr_par' dir='ltr' id='par_1_102' title="bbox 1763 4560 3350 4637">
     <span class='ocr_line' id='line_1_102' title="bbox 1763 4560 3350 4637; baseline -0.004 -15"><span class='ocrx_word' id='word_1_687' title='bbox 1763 4568 2143 4623; x_wconf 88' lang='lat' dir='ltr'><strong>municationis</strong></span> <span class='ocrx_word' id='word_1_688' title='bbox 2176 4581 2271 4623; x_wconf 88' lang='lat' dir='ltr'><strong>eos</strong></span> <span class='ocrx_word' id='word_1_689' title='bbox 2315 4566 2603 4637; x_wconf 85' lang='lat' dir='ltr'><strong>percussit,</strong></span> <span class='ocrx_word' id='word_1_690' title='bbox 2653 4580 2889 4634; x_wconf 75' lang='lat' dir='ltr'><strong>moxque</strong></span> <span class='ocrx_word' id='word_1_691' title='bbox 2936 4577 3033 4618; x_wconf 90' lang='lat' dir='ltr'><strong>eos</strong></span> <span class='ocrx_word' id='word_1_692' title='bbox 3081 4560 3350 4617; x_wconf 89' lang='lat' dir='ltr'><strong>materiali</strong></span> 
     </span>
    </p>
   </div>
   <div class='ocr_carea' id='block_1_103' title="bbox 1761 4648 3353 4732">
    <p class='ocr_par' dir='ltr' id='par_1_103' title="bbox 1761 4648 3353 4732">
     <span class='ocr_line' id='line_1_103' title="bbox 1761 4648 3353 4732; baseline -0.001 -19"><span class='ocrx_word' id='word_1_693' title='bbox 1761 4661 1937 4732; x_wconf 80' lang='lat' dir='ltr'><strong>gladio</strong></span> <span class='ocrx_word' id='word_1_694' title='bbox 1991 4660 2261 4716; x_wconf 84' lang='lat' dir='ltr'><strong>feriendos</strong></span> <span class='ocrx_word' id='word_1_695' title='bbox 2309 4660 2589 4730; x_wconf 74' lang='lat' dir='ltr'><strong>judicavit.</strong></span> <span class='ocrx_word' id='word_1_696' title='bbox 2646 4658 2752 4713; x_wconf 88' lang='lat' dir='ltr'><strong>Sed</strong></span> <span class='ocrx_word' id='word_1_697' title='bbox 2806 4658 2935 4728; x_wconf 87' lang='lat' dir='ltr'><strong>quia</strong></span> <span class='ocrx_word' id='word_1_698' title='bbox 2990 4657 3216 4713; x_wconf 89' lang='lat' dir='ltr'><strong>consilia</strong></span> <span class='ocrx_word' id='word_1_699' title='bbox 3256 4648 3353 4713; x_wconf 84' lang='lat' dir='ltr'><strong>Dei</strong></span> 
     </span>
    </p>
   </div>
   <div class='ocr_carea' id='block_1_104' title="bbox 1760 4750 3353 4825">
    <p class='ocr_par' dir='ltr' id='par_1_104' title="bbox 1760 4750 3353 4825">
     <span class='ocr_line' id='line_1_104' title="bbox 1760 4750 3353 4825; baseline -0.001 -19"><span class='ocrx_word' id='word_1_700' title='bbox 1760 4754 1983 4824; x_wconf 81' lang='lat' dir='ltr'><strong>abyssus</strong></span> <span class='ocrx_word' id='word_1_701' title='bbox 2021 4754 2187 4808; x_wconf 89' lang='lat' dir='ltr'><strong>multa</strong></span> <span class='ocrx_word' id='word_1_702' title='bbox 2215 4752 2390 4825; x_wconf 82' lang='lat' dir='ltr'><strong>(Psal.</strong></span> <span class='ocrx_word' id='word_1_703' title='bbox 2438 4768 2601 4817; x_wconf 79' lang='lat' dir='ltr'><strong>xxxv,</strong></span> <span class='ocrx_word' id='word_1_704' title='bbox 2637 4752 2717 4823; x_wconf 86' lang='grc'><strong>7),</strong></span> <span class='ocrx_word' id='word_1_705' title='bbox 2750 4752 2842 4807; x_wconf 90' lang='lat' dir='ltr'><strong>Dei</strong></span> <span class='ocrx_word' id='word_1_706' title='bbox 2878 4751 3134 4807; x_wconf 80' lang='lat' dir='ltr'><strong>inell‘abili</strong></span> <span class='ocrx_word' id='word_1_707' title='bbox 3171 4750 3353 4821; x_wconf 61' lang='lat' dir='ltr'><strong>proris</strong></span> 
     </span>
    </p>
   </div>
   <div class='ocr_carea' id='block_1_105' title="bbox 1760 4844 3341 4910">
    <p class='ocr_par' dir='ltr' id='par_1_105' title="bbox 1760 4844 3341 4910">
     <span class='ocr_line' id='line_1_105' title="bbox 1760 4844 3341 4910; baseline -0.004 -7"><span class='ocrx_word' id='word_1_708' title='bbox 1760 4848 1937 4903; x_wconf 87' lang='lat' dir='ltr'><strong>dentia</strong></span> <span class='ocrx_word' id='word_1_709' title='bbox 1965 4846 2106 4903; x_wconf 89' lang='lat' dir='ltr'><strong>bello</strong></span> <span class='ocrx_word' id='word_1_710' title='bbox 2135 4847 2428 4903; x_wconf 89' lang='lat' dir='ltr'><strong>commisso</strong></span> <span class='ocrx_word' id='word_1_711' title='bbox 2456 4846 2753 4903; x_wconf 77' lang='lat' dir='ltr'><strong>Normanni</strong></span> <span class='ocrx_word' id='word_1_712' title='bbox 2784 4847 3037 4909; x_wconf 89' lang='lat' dir='ltr'><strong>victores,</strong></span> <span class='ocrx_word' id='word_1_713' title='bbox 3084 4844 3341 4910; x_wconf 75' lang='lat' dir='ltr'><strong>extitere,</strong></span> 
     </span>
    </p>
   </div>
   <div class='ocr_carea' id='block_1_106' title="bbox 1758 4938 3348 5011">
    <p class='ocr_par' dir='ltr' id='par_1_106' title="bbox 1758 4938 3348 5011">
     <span class='ocr_line' id='line_1_106' title="bbox 1758 4938 3348 5011; baseline -0.003 -17"><span class='ocrx_word' id='word_1_714' title='bbox 1758 4948 2082 5011; x_wconf 89' lang='lat' dir='ltr'><strong>captumque</strong></span> <span class='ocrx_word' id='word_1_715' title='bbox 2104 4954 2322 5010; x_wconf 89' lang='lat' dir='ltr'><strong>papam,</strong></span> <span class='ocrx_word' id='word_1_716' title='bbox 2348 4939 2440 4994; x_wconf 87' lang='lat' dir='ltr'><strong>sed</strong></span> <span class='ocrx_word' id='word_1_717' title='bbox 2467 4946 2524 4993; x_wconf 93' lang='lat' dir='ltr'><strong>ut</strong></span> <span class='ocrx_word' id='word_1_718' title='bbox 2543 4939 2720 4994; x_wconf 88' lang='lat' dir='ltr'><strong>decuit</strong></span> <span class='ocrx_word' id='word_1_719' title='bbox 2749 4938 3044 4993; x_wconf 76' lang='lat' dir='ltr'><strong>honorifice</strong></span> <span class='ocrx_word' id='word_1_720' title='bbox 3059 4944 3348 4993; x_wconf 71' lang='lat' dir='ltr'><strong>tractuum</strong></span> 
     </span>
    </p>
   </div>
   <div class='ocr_carea' id='block_1_107' title="bbox 1758 5026 3349 5099">
    <p class='ocr_par' dir='ltr' id='par_1_107' title="bbox 1758 5026 3349 5099">
     <span class='ocr_line' id='line_1_107' title="bbox 1758 5026 3349 5099; baseline -0.003 -16"><span class='ocrx_word' id='word_1_721' title='bbox 1758 5045 1851 5099; x_wconf 86' lang='lat' dir='ltr'><strong>per</strong></span> <span class='ocrx_word' id='word_1_722' title='bbox 1888 5031 2119 5084; x_wconf 87' lang='lat' dir='ltr'><strong>mediam</strong></span> <span class='ocrx_word' id='word_1_723' title='bbox 2149 5038 2385 5098; x_wconf 85' lang='lat' dir='ltr'><strong>stragem</strong></span> <span class='ocrx_word' id='word_1_724' title='bbox 2426 5027 2834 5084; x_wconf 73' lang='lat' dir='ltr'><strong>interfectorum</strong></span> <span class='ocrx_word' id='word_1_725' title='bbox 2866 5041 3035 5096; x_wconf 87' lang='lat' dir='ltr'><strong>usque</strong></span> <span class='ocrx_word' id='word_1_726' title='bbox 3066 5026 3349 5080; x_wconf 83' lang='lat' dir='ltr'><strong>Beneven-</strong></span> 
     </span>
    </p>
   </div>
   <div class='ocr_carea' id='block_1_108' title="bbox 1760 5116 3343 5193">
    <p class='ocr_par' dir='ltr' id='par_1_108' title="bbox 1760 5116 3343 5193">
     <span class='ocr_line' id='line_1_108' title="bbox 1760 5116 3343 5193; baseline -0.004 -15"><span class='ocrx_word' id='word_1_727' title='bbox 1760 5131 1872 5178; x_wconf 87' lang='lat' dir='ltr'><strong>tum</strong></span> <span class='ocrx_word' id='word_1_728' title='bbox 1903 5123 2294 5193; x_wconf 77' lang='lat' dir='ltr'><strong>perduxerunt.</strong></span> <span class='ocrx_word' id='word_1_729' title='bbox 2337 5122 2441 5177; x_wconf 84' lang='lat' dir='ltr'><strong>Sed</strong></span> <span class='ocrx_word' id='word_1_730' title='bbox 2473 5122 2601 5190; x_wconf 87' lang='lat' dir='ltr'><strong>quid</strong></span> <span class='ocrx_word' id='word_1_731' title='bbox 2638 5121 2826 5191; x_wconf 90' lang='lat' dir='ltr'><strong>plura?</strong></span> <span class='ocrx_word' id='word_1_732' title='bbox 2865 5119 2957 5188; x_wconf 88' lang='lat' dir='ltr'><strong>qui</strong></span> <span class='ocrx_word' id='word_1_733' title='bbox 2996 5132 3093 5185; x_wconf 88' lang='lat' dir='ltr'><strong>pro</strong></span> <span class='ocrx_word' id='word_1_734' title='bbox 3134 5116 3343 5185; x_wconf 85' lang='lat' dir='ltr'><strong>jnstitia</strong></span> 
     </span>
    </p>
   </div>
   <div class='ocr_carea' id='block_1_109' title="bbox 1759 5206 3351 5283">
    <p class='ocr_par' dir='ltr' id='par_1_109' title="bbox 1759 5206 3351 5283">
     <span class='ocr_line' id='line_1_109' title="bbox 1759 5206 3351 5283; baseline -0.001 -16"><span class='ocrx_word' id='word_1_735' title='bbox 1759 5213 2079 5267; x_wconf 87' lang='lat' dir='ltr'><strong>dimicantes</strong></span> <span class='ocrx_word' id='word_1_736' title='bbox 2104 5212 2242 5267; x_wconf 88' lang='lat' dir='ltr'><strong>bello</strong></span> <span class='ocrx_word' id='word_1_737' title='bbox 2272 5211 2529 5283; x_wconf 84' lang='lat' dir='ltr'><strong>prostrati</strong></span> <span class='ocrx_word' id='word_1_738' title='bbox 2578 5210 2815 5273; x_wconf 77' lang='lat' dir='ltr'><strong>luerunt,</strong></span> <span class='ocrx_word' id='word_1_739' title='bbox 2850 5208 2950 5262; x_wconf 90' lang='lat' dir='ltr'><strong>hos</strong></span> <span class='ocrx_word' id='word_1_740' title='bbox 2983 5207 3123 5261; x_wconf 90' lang='lat' dir='ltr'><strong>Deus</strong></span> <span class='ocrx_word' id='word_1_741' title='bbox 3172 5206 3351 5282; x_wconf 69' lang='lat' dir='ltr'><strong>signis</strong></span> 
     </span>
    </p>
   </div>
   <div class='ocr_carea' id='block_1_110' title="bbox 1759 5358 3341 5441">
    <p class='ocr_par' dir='ltr' id='par_1_110' title="bbox 1759 5358 3341 5441">
     <span class='ocr_line' id='line_1_110' title="bbox 1759 5358 3341 5441; baseline -0.005 -20"><span class='ocrx_word' id='word_1_742' title='bbox 1759 5367 2104 5441; x_wconf 79' lang='lat' dir='ltr'><strong>llildebrandi</strong></span> <span class='ocrx_word' id='word_1_743' title='bbox 2138 5367 2514 5441; x_wconf 82' lang='lat' dir='ltr'><strong>adhortatione</strong></span> <span class='ocrx_word' id='word_1_744' title='bbox 2542 5362 3031 5441; x_wconf 68' lang='lat' dir='ltr'><strong>omniparevincit.</strong></span> <span class='ocrx_word' id='word_1_745' title='bbox 3068 5358 3341 5441; x_wconf 69' lang='lat' dir='ltr'><strong>Quidquid</strong></span> 
     </span>
    </p>
   </div>
   <div class='ocr_carea' id='block_1_111' title="bbox 1755 5432 3343 5493">
    <p class='ocr_par' dir='ltr' id='par_1_111' title="bbox 1755 5432 3343 5493">
     <span class='ocr_line' id='line_1_111' title="bbox 1755 5432 3343 5493; baseline -0.005 0"><span class='ocrx_word' id='word_1_746' title='bbox 1755 5438 1829 5493; x_wconf 88' lang='lat' dir='ltr'><strong>sit</strong></span> <span class='ocrx_word' id='word_1_747' title='bbox 1863 5439 1928 5493; x_wconf 88' lang='lat' dir='ltr'><strong>de</strong></span> <span class='ocrx_word' id='word_1_748' title='bbox 1959 5440 2059 5493; x_wconf 89' lang='lat' dir='ltr'><strong>hac</strong></span> <span class='ocrx_word' id='word_1_749' title='bbox 2107 5438 2223 5493; x_wconf 90' lang='lat' dir='ltr'><strong>sive</strong></span> <span class='ocrx_word' id='word_1_750' title='bbox 2273 5439 2498 5493; x_wconf 88' lang='lat' dir='ltr'><strong>historia</strong></span> <span class='ocrx_word' id='word_1_751' title='bbox 2545 5437 2658 5493; x_wconf 78' lang='lat' dir='ltr'><strong>sive</strong></span> <span class='ocrx_word' id='word_1_752' title='bbox 2715 5436 2791 5491; x_wconf 87' lang='lat' dir='ltr'><strong>ttti</strong></span> <span class='ocrx_word' id='word_1_753' title='bbox 2837 5434 3032 5492; x_wconf 79' lang='lat' dir='ltr'><strong>ibidem</strong></span> <span class='ocrx_word' id='word_1_754' title='bbox 3064 5432 3343 5490; x_wconf 80' lang='lat' dir='ltr'><strong>existimat</strong></span> 
     </span>
    </p>
   </div>
   <div class='ocr_carea' id='block_1_112' title="bbox 1757 5499 3337 5571">
    <p class='ocr_par' dir='ltr' id='par_1_112' title="bbox 1757 5499 3337 5571">
     <span class='ocr_line' id='line_1_112' title="bbox 1757 5499 3337 5571; baseline -0.004 -9"><span class='ocrx_word' id='word_1_755' title='bbox 1757 5507 2083 5571; x_wconf 82' lang='lat' dir='ltr'><strong>Muratorius</strong></span> <span class='ocrx_word' id='word_1_756' title='bbox 2116 5518 2443 5569; x_wconf 88' lang='lat' dir='ltr'><strong>commento,</strong></span> <span class='ocrx_word' id='word_1_757' title='bbox 2506 5508 2558 5567; x_wconf 89' lang='lat' dir='ltr'><strong>in</strong></span> <span class='ocrx_word' id='word_1_758' title='bbox 2619 5520 2684 5561; x_wconf 93' lang='lat' dir='ltr'><strong>eo</strong></span> <span class='ocrx_word' id='word_1_759' title='bbox 2734 5512 2881 5561; x_wconf 73' lang='lat' dir='ltr'><strong>certe</strong></span> <span class='ocrx_word' id='word_1_760' title='bbox 2938 5502 3142 5557; x_wconf 81' lang='lat' dir='ltr'><strong>fallitur</strong></span> <span class='ocrx_word' id='word_1_761' title='bbox 3190 5499 3337 5570; x_wconf 86' lang='lat' dir='ltr'><strong>quod</strong></span> 
     </span>
    </p>
   </div>
   <div class='ocr_carea' id='block_1_113' title="bbox 1755 5573 3337 5649">
    <p class='ocr_par' dir='ltr' id='par_1_113' title="bbox 1755 5573 3337 5649">
     <span class='ocr_line' id='line_1_113' title="bbox 1755 5573 3337 5649; baseline -0.002 -17"><span class='ocrx_word' id='word_1_762' title='bbox 1755 5582 1875 5645; x_wconf 88' lang='lat' dir='ltr'><strong>ejus</strong></span> <span class='ocrx_word' id='word_1_763' title='bbox 1919 5580 2160 5649; x_wconf 82' lang='lat' dir='ltr'><strong>primum</strong></span> <span class='ocrx_word' id='word_1_764' title='bbox 2216 5579 2571 5649; x_wconf 83' lang='lat' dir='ltr'><strong>architectum</strong></span> <span class='ocrx_word' id='word_1_765' title='bbox 2628 5575 2881 5631; x_wconf 90' lang='lat' dir='ltr'><strong>Ottonem</strong></span> <span class='ocrx_word' id='word_1_766' title='bbox 2931 5573 3337 5649; x_wconf 56' lang='lat' dir='ltr'><strong>If‘risingensem</strong></span> 
     </span>
    </p>
   </div>
   <div class='ocr_carea' id='block_1_114' title="bbox 1755 5644 3093 5717">
    <p class='ocr_par' dir='ltr' id='par_1_114' title="bbox 1755 5644 3093 5717">
     <span class='ocr_line' id='line_1_114' title="bbox 1755 5644 3093 5717; baseline -0.004 -13"><span class='ocrx_word' id='word_1_767' title='bbox 1755 5644 2046 5717; x_wconf 79' lang='lat' dir='ltr'><strong>existimet,</strong></span> <span class='ocrx_word' id='word_1_768' title='bbox 2076 5664 2199 5708; x_wconf 88' lang='lat' dir='ltr'><strong>cum</strong></span> <span class='ocrx_word' id='word_1_769' title='bbox 2230 5648 2431 5707; x_wconf 77' lang='lat' dir='ltr'><strong>Bouizo</strong></span> <span class='ocrx_word' id='word_1_770' title='bbox 2457 5647 2657 5704; x_wconf 88' lang='lat' dir='ltr'><strong>dudum</strong></span> <span class='ocrx_word' id='word_1_771' title='bbox 2681 5654 2807 5703; x_wconf 87' lang='lat' dir='ltr'><strong>ante</strong></span> <span class='ocrx_word' id='word_1_772' title='bbox 2830 5644 3093 5701; x_wconf 88' lang='lat' dir='ltr'><strong>retulerit.</strong></span> 
     </span>
    </p>
   </div>
  </div>
