3852 6308
575 302 682 362 $23

1645 302 2004 362 BONlZONlS
2042 304 2157 365 ΡΜ

2262 305 2452 363 ὶΝΤΙΝΙ
2490 305 2801 371 ΕΡΙΞΟΟΡΙ
2958 360 2966 365 .
3692 320 3767 377 89d

572 438 629 493 et
662 436 941 492 miraculis
971 433 1071 490 sibi
1120 432 1273 489 valde
1321 433 1590 503 placuisse
1632 435 2023 490 demonstravit
2048 450 2163 491 ma-
2193 452 2235 507 Α
2264 436 2698 507 Longobardiam
2722 438 3009 506 remeavit,
3046 454 3281 512 cumque
3300 456 3369 497 eo
3395 452 3591 498 ventum
3615 445 3767 513 fuisset,

573 546 734 601 gnam
767 542 862 598 pro
896 526 1102 596 justitia
1128 526 1361 597 posteris
1389 525 1681 582 dimicandi
1724 526 1858 591 dans
1887 526 2160 595 fiduciam,

572 621 789 692 quando
840 622 939 675 bos
1000 619 1051 673 iu
1108 632 1336 673 numero
1396 629 1708 687 sanctorum
1763 633 2162 687 connuuierare

572 712 822 783 dignatus
846 721 947 765 est.
966 709 1063 764 His
1084 710 1157 763 ita
1188 708 1375 780 gestis,
1402 709 1746 766 beatissimus
1770 724 1907 780 papa
1934 710 2160 766 Romam

571 806 756 870 rediit,
785 820 1017 874 cumque
1063 804 1131 858 ad
1176 802 1466 859 ecclesiam
1503 802 1866 874 apostolorum
1901 805 2163 875 principis

570 895 931 966 pervenisset,
961 893 1217 964 languore
1245 901 1551 964 correptus,
1598 902 1724 948 ante
1761 895 2159 952 confessionem

570 986 813 1053 ejusdem
845 984 1073 1054 apostoli
1110 984 1343 1051 delatus,
1379 994 1434 1039 et
1482 988 1671 1041 'coram
1716 986 1864 1039 omni
1918 986 2067 1041 clero
2107 994 2162 1043 et

570 1074 820 1132 ltomauo
878 1076 1073 1147 populo
1120 1076 1338 1132 tradens
1389 1076 1501 1143 Deo
1554 1059 1781 1135 amabili
1829 1077 2165 1145 Hildbrandq

570 1169 814 1237 ejusdem
872 1168 1129 1225 Ecclesia:
1181 1184 1394 1236 curam,
1431 1169 1571 1227 ctelo
1602 1158 1873 1247 spiritum
1905 1172 2159 1229 reddidit.

568 1258 734 1330 Cujus
756 1275 951 1330 corpus
979 1260 1033 1315 iu
1058 1259 1247 1325 eadem
1274 1260 1505 1316 ecclesia
1538 1261 1663 1321 cuni
1713 1262 1921 1318 honore
1964 1278 2161 1335 magno

568 1351 851 1407 humatum
896 1360 997 1407 est.
1041 1353 1123 1408 Ad
1153 1353 1308 1423 cujus
1359 1353 1624 1410 tumulum
1671 1356 1800 1424 aegri
1835 1354 2061 1411 veniunt
2107 1365 2162 1411 et

564 1450 858 1511 sanantur,
876 1453 929 1499 et
952 1444 1150 1513 infirmi
1165 1461 1195 1514 a
1216 1445 1382 1502 variis
1404 1445 1753 1523 languoribus
1774 1446 2162 1523 delentiusque

564 1536 896 1591 liberantur.
1548 1522 1551 1525 γ
1686 1524 1689 1525 ν

641 1624 748 1681 Sed
807 1642 930 1682 cum
989 1629 1350 1698 persensisset
1396 1629 1723 1705 venerabilis
1794 1629 2159 1687 Hildbrandus

562 1717 872 1773 Romanum
901 1719 1106 1779 clerum
1159 1730 1214 1777 et
1253 1722 1507 1793 populum
1544 1723 1609 1781 'in
1654 1722 1772 1790 ejus
1817 1724 2161 1778 consensisse

2265 529 2558 585 beatricem
2584 543 2708 585 cum
2739 530 2899 584 unica
2940 530 3051 591 lilia
3075 529 3358 603 Bonifacii,
3389 535 3588 595 nomine
3614 535 3768 603 ,latliil-

2264 618 2391 672 dam
2418 617 2567 691 (nam
2591 619 2754 693 paulo
2777 627 2905 674 ante
2933 619 3052 691 ejus
3101 620 3244 677 filius
3268 630 3324 679 et
3354 621 3515 692 major
3542 622 3635 680 lilia
3657 630 3769 682 unle-

2267 709 2389 765 ftcio
2420 709 2606 765 nescio
2634 709 2788 778 cujus
2807 710 3077 779 obierant)
3114 712 3241 768 dolo
3279 694 3464 783 captas
3487 729 3643 772 secum
3662 720 3769 775 duxit

2264 802 2404 858 ultra
2435 812 2669 872 montes,
2699 802 2975 860 Bonefacii
3006 806 3253 863 ambiens
3280 806 3766 869 bareditateaetae-

2264 894 2445 948 sciens
2500 894 2642 963 quod
2673 909 2928 965 suprema
2958 895 3073 952 dies
3104 895 3156 951 in
3202 897 3455 968 proximo
3490 897 3582 955 sibi
3610 915 3767 970 paran-

2265 991 2371 1038 tur.
2400 981 2538 1038 Nam
2568 982 2619 1038 vi
2650 982 2881 1040 febrium
2903 986 3207 1055 exagitatus
3235 1002 3367 1043 mox
3407 995 3464 1041 ut
3491 987 3609 1044 lieni
3650 988 3767 1045 Fran-

2262 1075 2405 1139 ciam
2453 1076 2698 1143 intravit,
2748 1078 2997 1134 evocavit
3048 1078 3118 1134 ad
3158 1092 3221 1135 se
3282 1078 3606 1149 magniﬁcum
3634 1079 3764 1137 ductu

2261 1165 2625 1235 Gotefridum.
2668 1169 2989 1240 redditaque
3049 1169 3154 1226 sibi
3213 1185 3388 1227 uxore
3414 1187 3529 1227 cum
3566 1172 3765 1228 Beneﬁcii

2264 1257 2372 1333 ﬁlia
2393 1260 2752 1332 omnibusque
2767 1260 2835 1316 ad
2858 1275 2981 1317 eam
3003 1260 3402 1333 pertinentibus
3422 1263 3765 1334 possessionibus

2264 1348 2493 1429 multum
2520 1350 2834 1423 supplicans
2865 1360 2926 1407 ut
2955 1351 3067 1423 lilio
3108 1366 3211 1411 suo
3248 1352 3366 1424 jam
3405 1368 3525 1424 rege
3562 1353 3763 1424 designato

2262 1450 2505 1515 portaret
2532 1442 2849 1513 fidelitatem
2880 1452 3003 1521 post
3044 1459 3249 1517 paucos
3301 1445 3421 1502 dies
3467 1454 3674 1501 mortuus
3695 1459 3761 1511 est,

2262 1533 2417 1607 cujus
2444 1549 2643 1605 corpus
2673 1533 2849 1606 Spirze
2897 1535 3198 1593 honoriﬁce
3223 1553 3352 1592 cum
3397 1547 3541 1609 patre
3570 1539 3760 1608 sepulta

2263 1608 2370 1697 est,
2391 1630 2738 1700 suscepitque
2765 1628 2909 1701 (ilius
2934 1628 3053 1698 ejus
3095 1644 3221 1685 cum
3260 1608 3437 1686 matre
3480 1630 3611 1699 regni
3635 1630 3762 1700 gula-

2264 1708 2483 1802 nacula.
2507 1720 2639 1799 Post
2664 1736 2864 1802 paucos
2893 1736 3030 1799 vero.
3057 1721 3171 1800 dies
3204 1722 3440 1802 moritur
3461 1730 3512 1777 et
3543 1737 3652 1792 papa
3670 1721 3759 1789 (ti).

565 1809 910 1877 electionem,
935 1811 1022 1865 vix
1051 1811 1240 1885 multis
1269 1811 1563 1884 lachrymis
1596 1823 1651 1867 et
1679 1812 2170 1891 supplicationibus,
2196 1804 2238 1863 Β
2268 1822 2390 1882 post
2433 1798 2589 1885 cujus
2633 1798 2863 1870 mortem
2897 1798 3290 1872 convenientes
3351 1816 3407 1870 in
3452 1830 3600 1871 unum
3638 1814 3759 1869 dorici

565 1903 745 1975 pomit
787 1904 1104 1980 impetrare,
1131 1912 1189 1960 ut
1221 1904 1437 1975 ln'ejus‘
1456 1905 1722 1963 electione
1771 1906 2043 1978 pontificis
2073 1922 2161 1967 se-

568 2002 866 2066 querentur
918 1997 1236 2063 consilium;
1274 2011 1509 2068 moxque
1551 2011 1672 2051 cum
1727 1997 1991 2068 religiosis
2038 1998 2165 2055 viris

566 2089 731 2160 Alpes
789 2084 1059 2145 transiens
1089 2077 1471 2161 imperatorem
1517 2089 1671 2155 adiit,
1719 2089 1877 2159 eique
1931 2090 1985 2152 in
2019 2098 2165 2145 tanta

566 2183 807 2238 amicitia
826 2181 1055 2263 junctus:
1078 2186 1187 2251 est,
1203 2191 1263 2251 ut
1296 2182 1503 2257 crebris
1522 2182 1972 2263 collocutiouibus
1999 2171 2164 2253 quan-

566 2284 680 2328 tum
727 2258 935 2351 peccati
986 2258 1354 2345 iulargilione
1407 2258 1680 2345 pontiﬁcis
1714 2258 1936 2331 fecisset
1984 2284 2164 2331 osten-

565 2353 743 2420 deret.
784 2365 887 2435 Qui
926 2366 1042 2437 ejus
1073 2351 1277 2421 Salubri
1314 2364 1666 2435 acquiescens
1704 2364 1953 2431 consilio,
1983 2375 2166 2439 tyran-

565 2456 745 2512 uideni
801 2456 1113 2528 patritiatus
1162 2457 1449 2528 deposuit,
1511 2456 1770 2531 cleroque
1813 2458 2067 2527 Romano,
2110 2467 2166 2512 et

562 2547 761 2618 populo
775 2550 1070 2603 secundmn
1093 2550 1311 2622 antiqua
1333 2532 1610 2620 privilegia
1632 2548 1949 2611 electionem
1965 2551 2162 2606 summi

564 2624 921 2709 pontiﬁcatus
948 2642 1245 2717 concessit,
1272 2658 1507 2713 moxque
1541 2643 1831 2714 quemdam
1874 2644 2160 2699 Astensem

567 2730 948 2802 [Aistetenscm
976 2734 1148 2787 dicere
1175 2731 1361 2804 voluit]
1386 2732 1697 2802 episcopum
1746 2732 1958 2803 praefati
1991 2732 2165 2805 impe-b

568 2824 770 2878 ratoris
798 2839 1140 2901 meonomum
1185 2835 1375 2879 contra
1407 2824 1738 2880 voluntatem
1766 2824 2015 2893 ejusdem
2064 2825 2164 2879 im-

564 2917 837 2984 peratoris
886 2915 1112 2969 Romam
1162 2930 1348 2970 secum
1379 2914 1530 2969 ducit
1566 2915 1815 2981 invitum,
1844 2930 2074 2985 cumque
2106 2916 2159 2970 in

567 3005 794 3060 ecclesia
826 2994 974 3081 Beati
1008 3006 1158 3061 «Petri
1181 3006 1479 3081 secundum
1504 3020 1711 3061 morem
1739 3006 2021 3076 antiquum
2051 3007 2161 3061 cle-

569 3109 664 3147 rus
676 3080 948 3165 elegisset,
963 3095 1299 3165 populusque
1315 3080 1611 3162 laudasset,
1634 3084 1819 3151 statim
1834 3098 2159 3164 cardinales,

568 3196 632 3240 ut
658 3189 826 3241 moris
856 3196 961 3253 cst,
991 3202 1116 3242 eum
1145 3186 1537 3273 iutronizantes
1557 3188 1664 3271 alio
1692 3188 1912 3245 nomine
1936 3205 2163 3246 vocave-
2190 3159 2234 3218 Ο

568 3287 696 3330 runt
723 3276 1013 3332 Victorem.

640 3367 810 3437 Hujus
828 3356 1112 3441 pentilicis
1142 3380 1385 3443 tempore
1430 3374 1662 3429 moritur
1691 3374 1929 3447 inclytus
1960 3375 2067 3432 dux
2108 3385 2165 3430 et

565 3462 812 3516 marchio
853 3448 1182 3531 Bonifacius,
1220 3464 1474 3534 parvulos
1531 3466 1848 3536 relinquens
1894 3467 2159 3533 haeredes,

564 3561 623 3610 et
660 3570 764 3608 non
799 3555 961 3624 longo
990 3566 1112 3626 post
1141 3567 1384 3625 tempore
1425 3556 1739 3613 Gotefridus
1766 3560 1897 3623 dux,
1932 3559 2017 3631 vir
2047 3573 2162 3612 ma-

566 3644 794 3714 gnificus
832 3634 978 3699 etin
1019 3647 1226 3703 bellicis
1277 3636 1440 3705 rebus
1492 3650 1901 3706 strenuissimus
1955 3650 2159 3705 Italiam

566 3738 817 3804 veniens,
850 3740 966 3807 ejus
1001 3739 1246 3794 relictam
1278 3742 1491 3811 accepit
1536 3742 1592 3798 in
1643 3741 1953 3811 conjugem.
2005 3741 2160 3809 Quod

518 3880 529 3897 ί.
566 3822 794 3883 audiens
820 3818 1119 3901 imperator
1140 3832 1349 3888 Italiam
1376 3835 1544 3901 venit,
1590 3849 1825 3907 eumque
1859 3835 1909 3889 iu
1943 3834 2158 3915 Longo-

566 3920 794 3974 bat-dico
848 3924 1013 3993 regno
1064 3938 1171 3977 non
1226 3912 1450 3980 invenit.
1507 3913 1771 3988 Praefatth
1820 3912 2004 3995 itaque
2064 3943 2158 3982 rex

565 4011 997 4083 Lougobardiam
1028 4016 1249 4070 veniens
1286 4015 1340 4069 in
1387 4015 1576 4085 primis
1628 4016 1843 4074 Ottonis
1889 4016 2055 4072 filiam
2106 4027 2161 4073 et

562 4105 913 4159 Adelbeidem
946 4106 1124 4161 adhuc
1174 4106 1494 4163 iufantulam
1547 4123 1647 4164 suo
1695 4109 1907 4179 accepit
1941 4108 2052 4163 tilio
2102 4111 2158 4165 in

561 4196 867 4267 conjugetu,
884 4196 1069 4271 sicque
1091 4198 1292 4254 sedatis
1310 4186 1567 4263 omnibus
1587 4199 1978 4273 Longobardici
2007 4203 2157 4273 regni

560 4286 793 4356 negotiis
823 4286 1079 4342 invitatus
1115 4306 1142 4342 a
1169 4304 1302 4359 papa
1336 4272 1625 4346 Florentiae
1646 4293 1912 4362 synodum
1947 4272 2157 4347 media-

560 4379 676 4443 vit;
711 4379 763 4432 in
792 4395 897 4446 qua
924 4382 1132 4451 synodo
1168 4381 1398 4438 consilio
1431 4382 1755 4438 venerabilis
1804 4382 2154 4439 llildebrandi

2268 1902 2527 1963 Romana:
2561 1904 2820 1963 Ecclesiae
2863 1907 3025 1970 simul
3073 1924 3202 1965 cum
3230 1908 3396 1965 laude
3424 1909 3587 1979 populi
3620 1908 3760 1978 eligunt

2265 1996 2369 2052 sibi
2400 1996 2735 2054 Fridericum
2764 1998 3109 2079 Cassiuensis
3130 2002 3450 2079 monasterii
3483 2000 3759 2061 abbamiic

2264 2104 2374 2160 quo
2404 2103 2567 2158 supra
2611 2091 3061 2174 memoravimus,
3090 2106 3257 2166 quem
3290 2093 3405 2161 alio,
3432 2092 3622 2168 nomine
3654 2106 3757 2145 vou-

2267 2178 2462 2243 v‘erunt
2487 2175 2848 2247 Stephanum,
2876 2194 3037 2249 quem
3069 2178 3378 2236 secundum
3425 2180 3661 2255 antiquum
3685 2192 3758 2231 uo-

2267 2284 2383 2326 rem
2412 2270 2481 2325 ad
2519 2269 2692 2326 altare
2719 2270 2863 2327 beati
2889 2270 3035 2327 Petri
3062 2254 3516 2335 consecraverunt
3542 2264 3755 2327 Μυκη-ω

2265 2358 2578 2429 pontiﬁcem
2603 2376 2619 2425 ;
2649 2359 2696 2415 is
2723 2360 3086 2417 venerabilem
3122 2360 3538 2418 iiildebraudum
3562 2360 3619 2413 ad
3636 2358 3754 2413 diato-

2266 2460 2425 2507 uatus
2455 2452 3023 2521 promovitordinem,
3074 2461 3132 2509 et
3176 2468 3311 2510 eum
3352 2462 3539 2530 sancta:
3579 2450 3753 2527 [toauu

2266 2542 2520 2624 Ecclesiae
2548 2543 2821 2617 ordinavit
2846 2536 3320 2624 archidiaconem.
3430 2530 3453 2537 ”

2731 2677 2962 2748 Explicit
2994 2678 3123 2733 liber
3158 2680 3397 2751 quintus.

2644 2789 2892 2874 lNClPIT
2931 2790 3132 2845 LIBER
3177 2790 3472 2846 SEXTUS.

2336 2904 2537 2971 Eodem
2566 2911 2809 2973 tempore
2835 2902 3264 2959 Mediolaneusis
3294 2904 3539 2968 Ecclesia,
3574 2897 3751 2971 qualem

2264 2980 2360 3067 per
2390 2996 2656 3049 ducentos
2682 3009 2857 3048 annos
2907 2995 3172 3064 superbiae
3219 2994 3367 3050 fastu
3398 2992 3500 3065 (45)
3524 3008 3550 3046 a
3575 2990 3749 3044 Ronan:

2265 3086 2521 3143 Ecclesia:
2570 3100 2633 3144 se
2686 3087 3035 3165 subtraxerat
3061 3085 3297 3152 ditione,
3327 3086 3544 3157 primum
3583 3097 3628 3137 se
3662 3080 3751 3132 inter

2265 3177 2403 3233 alias
2417 3177 2689 3236 Ecclesias
2714 3178 3015 3248 subjectum
3043 3195 3163 3236 esse
3185 3174 3593 3252 cognovit;un
3607 3172 3748 3242 quando

2264 3271 2533 3349 evenerit,
2583 3284 2750 3339 quum
2803 3272 3038 3341 posteris
3089 3272 3265 3349 credo
3309 3260 3747 3342 necesSarium,hnic

2264 3348 2523 3431 opusculo
2580 3362 2821 3421 inserere
2869 3362 3180 3423 deliberavi.
3230 3348 3614 3419 Mcdiulanensis
3645 3355 3747 3426 igitr

2265 3456 2459 3510 civitas
2509 3456 2673 3511 totius
2728 3454 3120 3525 Longobardize
3163 3457 3478 3527 metropolis
3513 3451 3745 3521 temporius

2267 3546 2629 3603 llomauorum
2659 3546 3045 3615 imperatorum
3091 3549 3250 3602 sedes
3297 3557 3413 3602 erat
3437 3540 3743 3615 Augustini“

2264 3655 2367 3708 qua
2417 3640 2575 3697 multi
2618 3640 2859 3710 religiosi
2902 3640 3135 3696 ﬂoruere
3159 3641 3427 3712 episcopi,
3456 3640 3576 3694 inter
3600 3648 3694 3704 quos
3711 3641 3744 3683 ιι

2264 3730 2456 3786 beatus
2476 3731 2824 3801 Ambrosius,
2850 3745 3063 3799 gemma
3093 3732 3460 3793 sacerdotum,
3492 3725 3614 3795 cujus
3640 3721 3742 3775 llum

2262 3824 2597 3896 eloquiorum
2628 3839 2799 3895 usque
2829 3824 2995 3887 hodie.
3019 3824 3072 3879 iu
3100 3824 3345 3881 Ecclesia
3378 3822 3604 3879 redolent.
3824 3856 3825 3891 ι

2333 3915 2433 3971 Hic
2479 3925 2696 3977 secutus
2741 3916 3040 3972 Orientales
3094 3916 3336 3987 primum
3389 3912 3672 3983 autipbonam
3709 3903 3739 3953 in
3824 3902 3825 3981 ι

2262 4009 2503 4065 Ecclesia
2530 4011 2823 4065 decantare
2851 4009 3155 4073 constituit,
3187 4020 3245 4065 et
3271 4010 3431 4081 longo
3454 4014 3557 4079 post
3580 4014 3740 4070 tenuere

2260 4102 2451 4157 beatus
2475 4101 2769 4173 Gregorius
2793 4101 3043 4156 cantandi
3074 4100 3314 4157 oilicium
3339 4100 3528 4171 ,tribuit
3562 4092 3737 4151 Ouidiu-

2262 4192 2481 4246 talibus.
2537 4193 2636 4259 Qui
2686 4207 3019 4262 cognoscens
3074 4192 3218 4261 quod
3288 4193 3341 4247 iu
3396 4191 3575 4245 unitate
3615 4190 3735 4238 contra

2262 4291 2468 4336 tantum
2512 4299 2616 4337 non
2650 4294 2734 4337 est
2785 4298 3006 4352 regnum
3052 4282 3169 4351 Dei,
3226 4282 3324 4337 sed
3363 4282 3417 4336 in
3455 4272 3736 4335 ol'edieuliaﬂ

2259 4389 2411 4444 pace,
2446 4372 2899 4431 Mediolanensem
2927 4374 3224 4429 Ecclesium
3282 4375 3337 4429 iu
3377 4372 3593 4430 omnibus
3622 4375 3733 4421 sam

563 4471 886 4540 Symoniaca
909 4475 1132 4530 haeresis
1163 4488 1217 4530 et
1249 4476 1558 4557 turpissima
1596 4476 1883 4537 fornicatio
1902 4477 2157 4532 sacerdo-

2264 4466 2456 4537 uiculis
2483 4474 2683 4520 sancta:
2711 4465 2971 4524 Romauze
3020 4464 3281 4520 Ecclesia:
3325 4464 3513 4519 uuitam
3544 4473 3617 4529 per
3644 4466 3731 4506 τετε·

563 4573 678 4613 tum
711 4562 893 4616 divino
938 4580 1195 4619 mucrone
1241 4552 1495 4636 percussa
1539 4575 1642 4620 est.
1687 4553 1822 4621 Nam
1879 4556 2155 4621 in'eadem

560 4655 767 4724 synodo
799 4656 947 4710 multi
977 4659 1350 4729 episc0porum
1382 4670 1599 4729 propter
1629 4660 2010 4731 Symoniacam
2060 4660 2155 4715 dc-

560 4748 723 4819 positi
755 4758 878 4802 sunt
903 4751 1332 4820 etquamplures
1361 4762 1584 4821 pr0pter
1630 4752 2005 4807 fornicationis
2058 4753 2156 4807 cri-

560 4855 723 4904 men;
767 4840 909 4894 inter
933 4857 1072 4911 quos
1096 4850 1150 4895 et
1193 4822 1490 4912 episcopus
1517 4841 1757 4910 ejusdem
1792 4829 2025 4897 civitatis
2065 4842 2156 4898 de-

558 4930 774 5003 positus
825 4942 942 4998 est;
1004 4932 1132 5001 quid
1185 4931 1368 4986 multis
1433 4932 1661 4986 moror?
1710 4932 1996 4988 Celebrato
2053 4934 2156 4989 rite

460 5094 465 5097 _
556 5024 815 5089 concilio,
856 5024 1233 5103 benedictione
1253 5033 1447 5109 auctus
1503 5024 1808 5107 pontiﬁcali
1859 5026 2155 5105 imperator

631 5180 747 5257 (44)
767 5181 1209 5257 Δ(ἷιινὶςιιοριιοως.
1235 5181 1470 5257 S_audius
1495 5199 1550 5257 v_.
1586 5185 1654 5257 cl.
1686 5183 2069 5257 qui__notarum
2097 5194 2153 5240 et

558 5252 1097 5309 animadversionum
1149 5254 1203 5309 in
1240 5253 1491 5309 Gerardi.
1515 5252 1747 5311 Joannis
1779 5254 1951 5311 Vossii
1984 5255 2151 5312 libros

558 5339 622 5395 ut
647 5324 714 5379 de
744 5322 882 5389 Hist.
905 5325 1025 5379 Lat.
1049 5334 1239 5395 auctor
1260 5334 1364 5391 est,
1390 5340 1494 5381 non
1511 5341 1542 5379 e
1569 5327 1723 5395 plebe
1746 5325 1839 5383 sed
1868 5341 1935 5382 ex
1958 5337 2149 5381 senatu

558 5394 754 5460 lectus,
785 5396 850 5451 de
872 5405 1046 5451 morte
1072 5393 1305 5451 Victoris
1336 5397 1473 5451 mira
1509 5393 1752 5466 quaedam
1802 5415 1833 5451 a
1878 5397 2149 5452 Bouizone

562 5468 628 5539 _(si
660 5468 876 5539 quando
899 5468 954 5522 in
981 5466 1155 5521 lucem
1179 5467 1617 5538 protraheretur)
1633 5468 1734 5524 sibi
1768 5468 2145 5539 promittebat,

556 5534 787 5609 loc.fcit.
820 5553 873 5606 p.
909 5553 982 5591 m.
1008 5539 1141 5604 196;
1172 5534 1266 5595 sed
1300 5539 1389 5594 ille
1432 5539 1521 5594 hic
1558 5534 1821 5609 tanquam
1857 5552 2020 5609 super
2042 5554 2144 5593 ova

559 5613 615 5660 et
639 5606 856 5661 aristas.

633 5675 745 5746 (t5)
787 5676 911 5732 lltec
958 5680 1135 5733 denuo
1183 5680 1403 5734 totidem
1454 5679 1565 5734 fere
1614 5678 1793 5734 verbis
1843 5694 1907 5733 ex
1961 5689 2145 5734 nostro

561 5748 912 5819 transieripsit
966 5748 1215 5803 Nicolans
1257 5752 1540 5819 Aragonia:
1586 5748 1875 5805 cardinalis
1922 5750 1973 5805 iu
2027 5747 2142 5804 Vita

2262 4558 2489 4610 rcutiam
2521 4558 2665 4612 beati
2694 4557 2965 4612 Ambrosii
3015 4558 3279 4627 doctoris,
3318 4572 3471 4630 quem
3508 4554 3554 4608 in
3586 4550 3659 4603 hoc

2261 4664 2417 4709 unus
2442 4662 2546 4719 est,
2577 4653 2956 4708 iutcrmisccns
2984 4651 3125 4706 illius
3167 4652 3482 4721 antiphonas
3507 4643 3597 4700 suis
3623 4634 3730 4692 ωι-
3820 4720 3821 4727 γ

2260 4749 2382 4812 bus,
2411 4745 2707 4801 secundum
2752 4737 3033 4815 antiquum
3067 4759 3275 4799 morem
3302 4750 3510 4797 eantare
3550 4728 3728 4808 ρεπιιβλ·

2260 4837 2294 4845 --
2442 4820 2447 4825 ’
2510 4837 2520 4845 .
3034 4838 3045 4845 .
3465 4833 3482 4845 ιι
3512 4842 3520 4845 .
3574 4820 3728 4845 "uului.

2258 4837 2386 4892 Post
2415 4820 2642 4891 multum
2668 4853 2795 4892 vero
2819 4838 3078 4906 temporis
3107 4853 3228 4891 cum
3254 4850 3313 4891 se
3352 4833 3552 4906 pratfata
3572 4820 3729 4917 εαιθεξι

2259 4931 2599 5001 Symoniacze
2639 4938 2747 4984 tota
2791 4931 3023 4984 serviret
3071 4930 3341 4984 haereseos
3394 4928 3483 4997 (ira
3518 4919 3729 4980 codici"

2256 5024 2403 5095 scopi
2455 5023 2612 5080 veriti
2673 5022 2974 5106 Romanum
3020 5022 3286 5103 judicium
3332 5021 3430 5077 hoc
3484 5010 3728 5095 promitti"

2255 5183 2516 5255 Stephani
2553 5182 2646 5249 ιχ,
2680 5183 2771 5254 qui
2804 5183 2967 5241 etiam
2996 5183 3214 5255 egregie
3232 5181 3443 5255 vapulat
3463 5191 3565 5233 eam
3586 5172 3639 5255 0?
3658 5178 3727 5255 ηεξ

2254 5271 2281 5308 a
2310 5241 2379 5310 cl.
2427 5241 2976 5330 Muratorio,_ignaro
3017 5241 3191 5330 hinc}
3234 5241 3488 5330 sciiptore
3510 5241 3730 5330 sypcltrg?

2252 5334 2506 5395 accepta;
2535 5325 2629 5381 sed
2665 5315 3171 5396 etvPa'pebrochium
3201 5315 3516 5380 credulitatis
3535 5315 3598 5371 ibi
3609 5318 3727 5396 ﬁt:

2251 5406 2355 5460 sat,
2384 5388 2714 5469 'sebismatis
2743 5388 2975 5469 aliquid
3013 5393 3448 5469 subodoranteut,
3475 5400 3577 5469 (με
3608 5388 3725 5469 EE
3816 5466 3817 5469 η

2250 5451 2712 5563 ederae":
2732 5451 3402 5563 ¹υί⁵έῖ.¹ἒεὲξξξῖ,⁰⁰ἒὲῗέτ-

2250 5538 2341 5614 ris_
2366 5536 2619 5614 infestam
2664 5536 2838 5594 facem
2886 5535 3207 5614 praeferens,
3235 5534 3426 5614 palam_

2249 5608 2416 5680 quido
2434 5616 2695 5680 appareat
2725 5597 2976 5680 magnam
3028 5597 3201 5680 rebus
3235 5597 3725 5680 'ecclcsiasticislffoff

2248 5667 2520 5750 scriptore
2565 5680 2615 5733 iu
2678 5667 2848 5735 lucetii
2915 5679 3179 5750 producto
3218 5676 3547 5735 :tccc:siouc:u
3593 5667 3724 5715 tactam

2251 5749 2436 5805 fuisse.
