3848 6292
524 340 630 399 δη

1611 350 1969 410 ΒοΝιΖοΝιδ
2004 348 2412 412 ΡΙΔΕΕΝΙΊΝΙ
2453 356 2753 414 εριδεοινι
3656 372 3734 430 ιη

524 458 1072 571 ronvenlens
1098 462 1259 534 elegit
1289 465 1393 519 sibi
1431 467 1742 571 .(dcrardiun
1777 468 2104 571 Florentium
2133 472 2181 529 Α
2208 470 2417 571 tauros
2442 471 3167 571 Longobardosnepiscopos,
3199 474 3251 530 id
3281 484 3366 532 est
3412 476 3731 555 Cunibertuni,
3750 488 3797 571 ἦ,

522 549 760 604 civitatis
796 551 1133 621 episcopum,
1186 570 1346 623 quem
1396 556 1501 611 alio
1551 559 1770 612 nomine
1818 559 2109 630 appellavit

520 639 800 697 Nicolaum
852 644 985 716 (t6).
1020 643 1120 699 Hic
1163 648 1302 701 idem
1328 648 1610 718 praefatum
1638 650 1959 708 Guibertum
2003 653 2108 709 lla-

520 733 609 791 lici
662 737 812 806 regni
860 737 1244 792 cancellarium
1273 755 1335 794 ex
1372 751 1525 811 parte
1566 744 1706 799 beati
1742 744 1883 799 l’etri
1913 756 1968 801 et
2014 763 2109 817 per

520 844 703 885 veram
729 833 1090 889 obedientiam
1122 836 1367 891 invitavit
1392 836 1460 890 ad
1491 838 1777 908 synodum,
1805 846 1859 893 et
1892 853 2014 893 cum
2042 855 2109 894 eo

518 923 869 995 magniﬁcum
896 926 1067 981 virum
1083 926 1423 983 Gotefridum
1456 938 1640 984 etnon
1669 929 2103 998 solum.'l‘uscim,

516 1013 613 1068 sed
640 1023 696 1069 et
719 1014 1106 1089 Longobardize
1135 1019 1437 1090 episc0pos,
1468 1028 1526 1073 ut
1551 1020 1831 1078 venientes
1864 1020 2105 1077 Sutrium

517 1104 587 1159 de
618 1106 835 1176 periuro
873 1116 929 1163 et
982 1109 1233 1165 invasore
1278 1119 1574 1166 tractarent
1600 1111 1910 1167 consilium.
1960 1111 2107 1181 Quos

517 1196 607 1252 ubi
636 1197 877 1253 Sutrium
907 1200 1259 1257 adventantes
1276 1203 1475 1257 audivit
1503 1202 1759 1273 praefatus
1776 1204 2107 1260 Benedictus

515 1290 848 1346 conscientia
901 1304 1209 1359 accusante,
1252 1296 1434 1350 sedent
1478 1311 1641 1366 quam
1696 1296 1972 1352 invaserat
2007 1298 2104 1353 de-

518 1380 709 1448 s'eruit,
734 1391 788 1436 et
819 1383 886 1437 ad
909 1385 1182 1455 propriam
1214 1385 1432 1439 domum
1456 1400 1517 1440 se
1543 1386 1794 1441 contulit.
1812 1386 1927 1443 Hoc
1958 1396 2107 1458 post-

514 1486 678 1541 quam
708 1474 891 1529 Sutrio
922 1477 1227 1552 nuntiatum
1262 1490 1371 1543 est,
1404 1478 1731 1534 venerabilis
1778 1479 1894 1535 sine
1925 1480 2104 1551 aliqua

513 1566 895 1635 congressione
924 1567 1175 1624 Nicotaus
1210 1570 1384 1627 victor
1419 1570 1646 1626 Romam
1690 1572 1931 1641 intravit,
1958 1582 2013 1629 et
2034 1574 2105 1630 ab

512 1657 658 1711 omni
698 1655 845 1713 clero
869 1668 925 1714 et
966 1661 1162 1731 populo
1206 1661 1500 1719 honoriﬁce
1530 1671 1812 1731 susceptus
1836 1672 1939 1726 est,
1988 1672 2044 1718 et
2072 1679 2102 1720 a

513 1746 877 1809 eardtnalibus
907 1753 959 1806 in
1008 1753 1150 1810 beati
1191 1753 1334 1810 Petri
1384 1754 1780 1811 inthronizatus
1821 1764 1907 1811 est
1947 1756 2096 1812 sede.

2211 563 2600 620 Taurinensem
2619 574 2676 621 et
2695 564 3018 631 Giselinum,
3048 568 3331 623 Astensem
3364 578 3419 624 et
3459 571 3732 645 Benzoneni,

2208 656 2498 712 Albenscm
2529 666 2584 713 et
2606 657 2948 729 Gregorium,
2980 659 3379 716 Vercelletisem
3412 673 3467 718 et
3506 661 3733 733 Ottonem,

2209 750 2595 807 Novarienscm
2621 764 2677 806 et
2701 752 3011 821 Opizonem,
3058 752 3394 809 Laudensem
3424 764 3476 809 et
3499 755 3735 814 Aldentan-
3786 798 3789 819 ρ

2210 861 2338 899 num
2368 845 2761 901 Brixinensem.
2784 844 2991 912 Quibus
3014 844 3267 898 omnibus
3297 845 3349 899 in
3374 845 3558 900 eadem
3575 851 3735 918 synodo
3786 842 3787 909 ἶ

2209 945 2537 1006 praeceptum
2561 944 2644 991 est
2674 944 2733 989 nt
2761 938 3072 991 sacerdotes
3105 945 3160 991 et
3193 935 3385 990 levitas
3406 938 3735 996 concubinam

2209 1028 2279 1083 ab
2306 1029 2494 1084 altaris
2523 1037 2773 1103 arcerent
2821 1027 3029 1094 ofﬁcio;
3089 1044 3218 1098 erga
3271 1027 3596 1087 Simouiacos
3639 1049 3735 1090 vero

2210 1118 2409 1173 nullam
2459 1118 2884 1173 misericordiam
2918 1119 3223 1173 habendam
3268 1134 3388 1174 esse
3415 1120 3733 1189 decreverunt,

2208 1220 2264 1267 et
2309 1210 2581 1266 eonmnmi
2626 1211 2865 1266 omnium
2909 1210 3288 1281 episcoporum
3322 1212 3540 1266 consilio
3576 1212 3622 1266 ia
3659 1215 3736 1272 hac

2207 1306 2417 1375 synodo
2465 1305 2582 1360 haec
2616 1303 2700 1359 lex
2727 1302 2795 1358 de
2820 1303 3087 1359 electione
3115 1302 3388 1373 pontiﬁcis
3414 1304 3614 1360 deﬁnita
3657 1317 3736 1373 est,

2209 1393 2295 1449 cui
2324 1392 2429 1462 legi
2456 1409 2586 1449 cxtu
2614 1391 2852 1464 episcopi
2877 1392 3267 1461 subscripsere.

2284 1502 2302 1535 ι
2350 1484 2405 1539 Si
2432 1484 2554 1555 quis
2583 1482 2896 1553 apostolica:
2922 1482 3037 1539 sedi
3081 1482 3198 1537 sine
3239 1482 3522 1538 concordia
3547 1493 3737 1542 etcano-

2207 1574 2329 1629 nica
2401 1573 2666 1629 electione
2724 1572 3079 1628 eardinalium
3131 1572 3223 1644 (ιϐ
3256 1572 3309 1644 ⁸)
3356 1582 3414 1628 et
3454 1577 3733 1643 sequentium

2209 1662 2583 1734 religiosorum
2650 1661 2972 1718 clericorum
3018 1660 3183 1717 fuerit
3231 1661 3613 1729 intronizatus,
3657 1683 3733 1721 non

2206 1754 2560 1824 apostolicus,
2581 1754 2676 1810 sed
2702 1756 3038 1825 apostaticus
3070 1754 3357 1820 habeatur,
3386 1752 3629 1826 liceatque
3644 1773 3733 1813 car-

3754 1082 3797 1129 ηπ

514 1839 624 1899 Nec
655 1843 822 1899 multo
873 1855 990 1919 post
1037 1855 1277 1918 tempore
1314 1848 1534 1904 veniens
1588 1848 1846 1919 praefatus
1874 1849 2105 1905 Benedi-
2132 1823 2179 1884 Β
2207 1823 2480 1904 dinalibus
2492 1862 2616 1904 cum
2638 1823 2758 1903 aliis
2782 1845 2953 1902 Deum
2983 1846 3300 1902 timentibus
3327 1846 3537 1902 clericis
3555 1823 3604 1903 et
3622 1849 3733 1905 laici:

513 1942 654 1997 etus,
680 1935 771 2007 qui
801 1935 906 1990 alio
937 1938 1153 1997 nomine
1178 1939 1405 1998 Mincius
1436 1942 1755 2005 vocabatur,
1807 1943 1874 1995 ad
1924 1956 2102 2013 genua

522 2040 674 2095 papae
697 2027 1049 2098 provolvitur,
1075 2044 1134 2084 se
1164 2030 1267 2085 vim
1298 2046 1610 2102 perpessum
1641 2031 1903 2100 clamans,
1924 2042 2102 2089 tamen

514 2116 810 2186 periurium
853 2128 904 2174 et
934 2120 1137 2176 crimen
1169 2122 1468 2178 invasionis
1498 2139 1604 2179 non
1637 2123 1888 2194 negavit;
1918 2123 2008 2194 qui
2036 2139 2103 2179 ex

510 2211 728 2280 propria
751 2212 1096 2267 confessione
1121 2214 1418 2285 episcopali
1466 2224 1522 2269 et
1553 2216 1877 2271 sacerdotali
1911 2217 2103 2272 ordine

510 2300 786 2371 depositus
816 2313 915 2358 est.
947 2304 1065 2372 Quo
1095 2304 1237 2361 facto
1284 2307 1606 2379 magniﬁcus
1655 2310 1759 2362 dux
1789 2308 2103 2370 Gotefridus

508 2411 613 2448 una
641 2412 760 2451 cum
795 2398 1119 2455 cauceilario
1146 2407 1201 2454 et
1219 2400 1486 2471 episcopis
1514 2400 1731 2455 domum
1766 2411 2099 2457 remearunt.

510 2488 846 2545 Venerabilis
864 2508 987 2546 vero
1010 2509 1038 2545 a
1057 2493 1164 2547 Deo
1184 2502 1457 2563 protectus
1473 2492 1713 2563 pontifex
1731 2494 1977 2563 Apuliam
1992 2502 2103 2549 ten-

510 2582 663 2648 dens,
683 2582 1082 2639 Nortlnnaunos
1102 2585 1315 2640 vinculo
1336 2586 1912 2641 cxcommunieatiouis
1926 2584 2104 2641 absol-

512 2676 610 2739 vit,
637 2676 961 2751 tradensque
985 2679 1064 2733 eis
1087 2694 1183 2746 per
1211 2664 1582 2733 investitnram
1608 2694 1820 2733 onmem
1856 2678 2102 2748 Apuliam

507 2780 564 2824 et
594 2769 898 2825 Calabriam
931 2779 984 2825 et
1016 2780 1188 2825 terras
1217 2772 1361 2826 beati
1396 2771 1539 2826 Petri
1571 2770 1645 2825 ab
1679 2772 1760 2825 eis
1789 2771 1917 2825 oliui
1952 2771 2105 2825 inva-

511 2876 623 2925 sas,
665 2871 891 2929 excepto
942 2861 1268 2927 Benevento,
1315 2877 1505 2917 oruues
1534 2861 1658 2917 inde
1685 2861 1918 2916 ditioues
1947 2876 2104 2916 acce-

511 2963 727 3021 pcrunt,
756 2961 811 3005 et
857 2965 950 3005 eos
998 2953 1097 3006 sibi
1148 2952 1335 3020 jurare
1364 2953 1565 3023 coegit,
1594 2962 1649 3007 et
1686 2968 1782 3022 per
1826 2968 1921 3007 eos
1951 2953 2104 3008 citis-

512 3041 649 3095 sime
700 3039 1000 3094 Romanam
1036 3043 1225 3097 urbem
1270 3059 1300 3097 a
1355 3043 1762 3112 capitaneorum
1815 3044 2103 3115 tyrannide

512 3132 779 3187 liberavit.

584 3223 718 3278 Nam
774 3241 879 3279 non
926 3226 1099 3281 solum
1142 3225 1572 3280 Tusculanorum
1623 3233 1678 3280 et
1740 3224 2102 3281 Praenestino-

513 3332 633 3371 rum
668 3326 721 3371 et
750 3316 1213 3373 Numcntanorum
1246 3317 1555 3389 superbiam
1589 3317 1961 3386 calcaverunt,
2006 3320 2099 3374 sed

503 3412 567 3463 'et
617 3408 844 3463 Romam
898 3417 1241 3465 transeuntes
1287 3410 1560 3465 Galeriam
1614 3419 1669 3465 et
1708 3411 1888 3465 omnia
1921 3421 2101 3466 castra

511 3502 727 3557 comitis
776 3501 1005 3557 Gerardi
1069 3517 1237 3571 usque
1277 3501 1521 3556 Sutrium
1555 3510 1929 3569 vastaverunt,
1983 3518 2103 3572 qua:

513 3609 599 3648 res
625 3593 925 3649 Romanam
961 3596 1149 3649 urbem
1172 3610 1203 3649 a
1226 3597 1635 3665 capitaneorum
1659 3594 1912 3650 liberavit
1932 3595 2104 3651 domi-

512 3700 578 3738 lill
588 3694 664 3739 ιιι.

585 3776 680 3832 liis
703 3777 773 3831 ita
816 3778 1002 3847 gestis,
1028 3778 1410 3831 Nurtlnnannis
1457 3777 1706 3847 Apuliam
1741 3778 2103 3833 remeantibus

514 3868 679 3937 legati
711 3868 1194 3923 Mediolanensium
1236 3877 1393 3923 orant
1440 3884 1657 3939 papam,
1691 3879 1749 3924 ut
1783 3885 1970 3925 eorum
2005 3871 2106 3927 Ee-

514 3961 694 4017 clesia:
752 3961 997 4016 funditus
1070 3960 1327 4016 desolata:
1374 3961 1742 4017 misereretur.
1797 3962 1967 4033 llujus
2026 3964 2103 4020 rei

512 4053 689 4123 gratia
713 4035 1001 4110 confestim
1038 4053 1364 4109 venerabilis
1406 4052 1648 4122 pontifex
1696 4053 1842 4108 misit
1884 4054 2101 4109 Petrum

515 4144 759 4198 liamiani
793 4143 1096 4199 Ostiensem
1130 4144 1476 4213 episcopum,
1504 4143 1679 4198 virum
1716 4143 2102 4199 omniscieutia

512 4234 835 4304 praeditum,
884 4234 973 4303 qui
1030 4231 1307 4302 prtefatam
1358 4231 1809 4288 Mediolanensem
1859 4233 2106 4287 visitaret

511 4324 822 4379 ecclesiam.
874 4323 975 4390 Qui
1015 4338 1079 4379 eo
1107 4323 1349 4389 veniens,
1400 4337 1594 4393 magna
1625 4338 1747 4377 cum
1776 4322 2106 4378 discretione

510 4430 596 4481 ea,
620 4432 737 4485 qua:
763 4415 1037 4469 destructa
1068 4416 1368 4482 invenerat,
1414 4414 1798 4470 recediﬁeabat.
1832 4414 1967 4468 Nam
2012 4430 2107 4469 su-

2208 1940 2521 1995 invasorem
2549 1947 2604 1995 et
2628 1937 3114 2000 anathematizare,
3141 1945 3198 1991 et
3222 1938 3460 1991 humano
3493 1937 3662 1992 auxilio
3695 1951 3734 1994 et

2205 2032 2386 2088 studio
2417 2048 2447 2088 a
2474 2032 2602 2087 sede
2642 2030 2936 2100 apostolica
2969 2028 3193 2100 pellere,
3220 2036 3278 2083 et
3303 2042 3464 2097 quem
3492 2028 3735 2084 dicaverint

2206 2138 2484 2195 reponere.
2512 2121 2665 2191 Quod
2699 2121 2743 2198 si
2778 2121 2920 2175 intra
2963 2120 3151 2174 urbem
3179 2118 3284 2173 hoc
3312 2118 3563 2187 perﬁcere
3592 2122 3735 2189 nequi-

2204 2216 2404 2279 verint,
2420 2214 2745 2269 auctoritate
2768 2210 3062 2283 apostolica
3085 2218 3239 2265 extra
3264 2209 3455 2262 urbem
3480 2213 3733 2280 congregati

2206 2304 2260 2359 in
2306 2305 2447 2370 loco,
2480 2302 2573 2373 qui
2613 2303 2694 2359 eis
2735 2301 3021 2372 placuerit,
3054 2298 3381 2354 electionem
3413 2297 3616 2364 faciant,
3641 2315 3735 2355 eoa-

2204 2412 2357 2451 ecssa
2384 2395 2556 2451 electo
2582 2395 2907 2450 auctoritate
2935 2392 3155 2464 regendi
3182 2400 3240 2444 et
3263 2390 3571 2460 disponendi
3594 2407 3666 2446 res
3685 2394 3732 2446 ad

2206 2487 2490 2541 utilitatem
2514 2494 2714 2540 sanctae
2732 2484 2990 2539 Romana:
3020 2480 3278 2536 Ecclesia:
3295 2477 3450 2549 juxta
3474 2481 3732 2551 qualitatem

2208 2576 2465 2647 temporis
2492 2578 2645 2646 quasi
2674 2577 2786 2648 jam
2812 2574 3212 2631 intltronizatus
3230 2572 3320 2627 sit.
3352 2589 3372 2624 ι

2275 2677 2518 2733 Concilio
2547 2678 2711 2748 igitur
2740 2676 2845 2731 rite
2869 2676 3166 2743 celebrato,
3195 2677 3439 2749 episcopi
3456 2675 3731 2745 Longobanii

2206 2769 2426 2825 domum
2482 2779 2826 2831 remeantes,
2882 2784 3005 2823 cum
3055 2785 3280 2839 magnas
3338 2785 3368 2823 a
3428 2767 3732 2826 concubinatis

2206 2860 2577 2937 sacerdotipus
2603 2867 2657 2915 et
2690 2857 2867 2913 levitis
2890 2859 3230 2929 accepissent
3262 2861 3535 2929 pecunias,
3566 2858 3730 2911 decreta

2207 2951 2427 3007 Patrum
2452 2952 2869 3008 celebraverunt
2893 2959 3091 3021 praeter
3114 2966 3281 3005 unum
3311 2949 3619 3004 Brixieesem
3656 2947 3733 3000 sci-

2208 3043 2333 3099 licet
2363 3043 2702 3114 episcopum,
2735 3042 2825 3112 qui
2856 3040 3083 3097 veniens
3132 3039 3396 3105 Brixiam,
3418 3055 3533 3095 cum
3560 3039 3729 3091 decreta

2209 3150 2357 3207 papae
2408 3135 2620 3206 publice
2651 3135 2957 3198 recitasset,
3010 3150 3041 3188 a
3090 3133 3306 3188 clericis
3329 3132 3619 3188 verberatus
3650 3130 3732 3184 fere

2205 3228 2417 3283 occisus
2469 3235 2583 3292 est,
2626 3227 2775 3297 quod
2828 3225 3028 3280 factum
3080 3239 3185 3280 non
3233 3224 3504 3279 mediocre
3549 3220 3731 3275 Peterin:

2207 3320 2352 3376 dedit
2388 3319 2803 3381 incrementum.
2860 3315 2997 3371 Nam
3040 3332 3147 3371 non
3201 3314 3378 3370 solum
3413 3314 3618 3377 Brixiaa,
3662 3311 3731 3366 sed
3758 3318 3793 3369 +

2203 3421 2260 3467 et
2285 3410 2567 3465 Cremona:
2598 3417 2650 3463 et
2686 3407 3014 3463 Placentina:
3046 3416 3101 3463 et
3138 3423 3236 3478 per
3258 3423 3449 3463 omnes
3489 3407 3605 3461 alias
3639 3420 3729 3474 pro-
3774 3462 3777 3497 J

2206 3501 2417 3556 vincias
2449 3499 2602 3555 multi
2629 3514 2689 3556 se
2717 3496 3248 3555 aconcubinatorum
3277 3496 3603 3554 abstinebant
3622 3510 3729 3551 com-
3772 3510 3775 3525 ι

2208 3591 2484 3645 munione.
2534 3584 2537 3587 ’
3750 3568 3791 3605 +

2279 3680 2451 3750 liujus
2493 3696 2711 3750 quoque
2760 3678 2968 3751 prmfati
3016 3678 3289 3750 pontiﬁcis
3340 3688 3583 3749 tempore,
3616 3677 3731 3747 ilugo

2205 3774 2467 3830 candidus
2490 3772 2781 3829 cardinalis
2803 3771 3101 3837 Romanus,
3124 3786 3285 3843 quem
3309 3772 3549 3842 superius
3565 3786 3590 3824 a
3612 3773 3731 3824 beato

2207 3867 2393 3923 Leone
2444 3881 2579 3937 papa
2631 3864 2941 3920 ordinatum
2968 3879 3089 3919 esse
3138 3864 3444 3929 retulimus,
3475 3878 3503 3918 a
3529 3863 3729 3916 Romana

2208 3959 2462 4015 Ecclesia:
2509 3958 2734 4013 recessit
2764 3956 3049 4013 societate.
3103 3956 3179 4012 De
3222 3954 3379 4026 cujus
3430 3970 3615 4011 morum
3634 3968 3727 4023 per-

2208 4050 2467 4104 versitate
2510 4048 2701 4104 melius
2738 4056 2823 4109 est
2864 4046 3028 4103 silere
3056 4062 3219 4117 quam
3254 4062 3426 4117 pauca
3458 4046 3630 4109 dicere,
3656 4043 3726 4098 sed

2209 4150 2267 4195 ut
2314 4141 2533 4196 brevius
2564 4149 2755 4195 cuncta
2804 4140 3186 4211 perstringam,
3231 4139 3410 4208 qualis
3454 4137 3547 4193 fuit
3584 4134 3728 4197 oculis

2209 4233 2331 4288 talis
2362 4233 2462 4295 fuit
2496 4232 2673 4288 factis.
2718 4230 2790 4286 Ut
2820 4231 2965 4286 enim
2996 4231 3184 4287 liabuit
3216 4241 3451 4288 retortos
3477 4229 3649 4293 oculos,
3675 4228 3727 4280 ita

2205 4326 2325 4395 ejus
2350 4335 2549 4380 retorta
2581 4324 2730 4380 fuere
2753 4323 2912 4378 facta.

2278 4420 2485 4474 interea
2534 4416 2815 4476 crescebat
2866 4431 2972 4469 non
3015 4415 3186 4470 solum
3220 4430 3317 4485 per
3355 4415 3568 4477 Italiam,
3597 4410 3667 4465 sed
3692 4416 3730 4460 rt

514 4523 667 4561 mens
712 4495 1021 4563 sacerdotes
1061 4517 1116 4561 et
1170 4507 1381 4572 levitas,
1430 4521 1565 4576 quos
1595 4507 1842 4563 invenire
1889 4516 2104 4577 poterat
2134 4524 2182 4584 υ
2208 4528 2305 4584 per
2331 4526 2520 4567 omnes
2545 4509 2747 4565 Gallias
2784 4524 3044 4562 numerus
3081 4508 3353 4572 ﬁdelium;
3399 4503 3652 4562 Sinioniaci
3684 4501 3729 4552 dc

515 4600 898 4669 religiosiores,
926 4609 1090 4656 casta:
1119 4599 1242 4654 vitm
1269 4607 1324 4653 et
1349 4599 1501 4654 bona:
1540 4599 1715 4665 famre,
1758 4599 1848 4668 qui
1868 4615 1973 4654 non
2014 4615 2109 4669 per

514 4691 862 4746 venalitatem
887 4701 1240 4761 susceperant
1266 4692 1694 4754 ordinationem,
1732 4692 1834 4748 etsi
1865 4696 1903 4744 a‘
1926 4691 2106 4747 Simo~

516 4782 675 4836 niaco
703 4789 887 4837 essent
907 4780 1162 4847 ordinati,
1180 4782 1583 4846 reconciliabat,
1600 4782 1788 4851 eisque
1814 4781 2106 4837 Ecclesiam

520 4872 743 4928 tradidit
777 4873 1205 4944 gubernandam.
1261 4874 1339 4928 Ex
1390 4889 1623 4943 quormn
1671 4888 1896 4928 numero
1954 4873 2107 4928 multi

520 4972 757 5044 religiosi
790 4986 961 5043 usque
989 4972 1055 5027 ad
1103 4981 1289 5026 nostra
1344 4980 1585 5041 tempora
1620 4971 1900 5025 exstitere.
1953 4968 2109 5035 Quod

516 5063 789 5135 aliquibus
835 5064 1009 5120 visum
1064 5072 1149 5119 est
1200 5061 1504 5133 culpabile,
1555 5060 1895 5131 sapientibus
1951 5059 2107 5114 valde

517 5155 806 5213 laudabile.
829 5155 969 5224 Quid
1000 5156 1145 5212 enim
1194 5153 1520 5209 laudabilius
1554 5167 1617 5207 ea
1662 5159 1983 5221 tempestate
2012 5167 2110 5221 po-

518 5256 657 5303 terat
679 5248 913 5304 inveniri
938 5264 1102 5319 quam
1131 5256 1189 5301 ut
1215 5246 1336 5300 talis
1360 5244 1603 5300 Ecclesia
1646 5243 1953 5298 sacerdotio
2001 5259 2105 5298 non

515 5339 805 5408 deperiret.
836 5340 943 5394 Sed
978 5354 1082 5394 non
1134 5339 1296 5408 longe
1324 5345 1446 5405 post
1494 5346 1735 5405 tempore
1761 5336 2110 5406 congregavit

515 5432 772 5501 prmfatus
803 5431 1046 5503 pontifex
1072 5429 1365 5500 synodum,
1403 5427 1456 5481 in
1498 5442 1605 5497 qua
1655 5426 1831 5481 Guido
1864 5426 2109 5481 Mediola-

518 5525 701 5579 ncnsis
728 5525 1018 5594 episcOpus
1047 5520 1236 5574 volens
1287 5516 1479 5574 nolens
1526 5517 1732 5572 sedisse
1788 5518 2107 5587 cogentibus

518 5611 785 5670 Paterinis
841 5612 1192 5684 cognoscitur
1219 5650 1235 5677 ,
1298 5609 1501 5666 ducens
1554 5624 1739 5665 secum
1800 5609 2109 5665 cervicoscs

594 5749 705 5817 (iﬁ)
748 5747 1025 5801 Nicolaum
1058 5724 1149 5798 ΙΙ.⁹

590 5814 683 5889 (i6
711 5822 751 5887 ‘)
795 5820 904 5873 Iloc
933 5817 1154 5871 verbum
1193 5831 1220 5869 a
1270 5814 1428 5887 paulo
1461 5815 1744 5873 recentiori
1769 5832 1929 5871 manu
1952 5832 2109 5871 erasa)

2212 4605 2299 4662 die
2344 4605 2396 4659 in
2450 4603 2592 4657 diem
2646 4600 3070 4673 propalabantnr
3101 4600 3434 4655 sacerdotes.
3466 4592 3729 4652 Venerabilis

2212 4713 2343 4753 vero
2371 4696 2621 4751 Nieolaus
2665 4710 2800 4765 papa
2840 4709 2964 4746 cum
3018 4708 3217 4761 paucos
3258 4692 3312 4745 in
3350 4699 3537 4761 papatu
3562 4686 3729 4741 vixisset

2212 4803 2406 4853 annos,
2438 4787 2596 4843 beato
2630 4785 2735 4839 line
2756 4782 2979 4854 quievit.
3018 4781 3149 4836 Post
3179 4779 3336 4850 cujus
3373 4781 3563 4835 obitum
3591 4789 3728 4831 secun-

2212 4879 2339 4934 dum
2371 4877 2636 4949 majorum
2665 4877 2883 4931 decreta
2928 4873 3106 4927 clerus
3154 4881 3210 4927 et
3262 4871 3490 4943 populus
3518 4869 3729 4923 Romanus

2212 4966 2375 5037 elegit
2406 4967 2508 5021 sibi
2538 4964 2853 5019 Anselmum
2900 4964 3201 5019 Lucensem
3246 4955 3728 5034 episeopomJledio—

2219 5059 2496 5117 ianensem
2537 5073 2774 5128 genere,
2846 5055 3012 5112 nobili
3065 5056 3318 5126 prosapia
3365 5063 3534 5110 ortum
3583 5048 3727 5105 virum.

2215 5161 2447 5220 utraque
2471 5149 2700 5206 scientia
2733 5148 3046 5219 pollentem,
3078 5163 3241 5217 quem
3266 5146 3375 5205 alio
3399 5145 3592 5202 nomine
3608 5151 3728 5193 voca-

2212 5253 2407 5299 verunt
2426 5241 2793 5297 Alexandrum
2820 5242 2953 5313 (47).

2282 5335 2494 5389 interea
2521 5333 2862 5403 Longobardi
2890 5331 3129 5404 episcopi
3163 5333 3308 5388 nacti
3330 5347 3389 5387 se
3416 5342 3600 5398 tempus
3624 5324 3730 5377 im'e-

2213 5426 2360 5482 nisse
2408 5435 2818 5497 opportunum,
2871 5424 2924 5478 in
2988 5423 3151 5479 simul
3201 5422 3519 5480 conveniunt
3560 5424 3729 5471 auctore
3822 5494 3823 5507 χ

2212 5506 2498 5584 Guiberto,
2527 5532 2688 5587 quem
2731 5518 2981 5586 superius
3013 5515 3251 5573 diximus
3289 5512 3655 5572 cancellarium.
3690 5510 3730 5555 (τι
3808 5518 3823 5587 il

2216 5610 2502 5667 concilium
2531 5609 2810 5668 celebrant
2835 5608 3271 5678 malignantium,
3292 5609 3343 5666 in
3372 5622 3473 5681 quo
3492 5601 3731 5663 deliter-ml

2215 5745 2368 5800 alteri
2392 5742 2742 5797 substitutmn
2776 5742 2828 5795 in
2855 5741 3076 5799 Codice.

2288 5815 2400 5886 (47)
2440 5814 2807 5870 Alexandrum
2838 5811 2901 5867 ιι.
