  <div class='ocr_page' id='page_1' title='image "/cluster/home/n/w/nwhite01/storage/ocr_20150623/150/hvd.32044015473788/418.png"; bbox 0 0 3852 6308; ppageno 0'>
   <div class='ocr_carea' id='block_1_1' title="bbox 128 322 220 381">
    <p class='ocr_par' dir='ltr' id='par_1_1' title="bbox 128 322 220 381">
     <span class='ocr_line' id='line_1_1' title="bbox 128 322 220 381; baseline 0 0"><span class='ocrx_word' id='word_1_1' title='bbox 128 322 220 381; x_wconf 76' lang='lat'><strong>8‘39</strong></span> 
     </span>
    </p>
   </div>
   <div class='ocr_carea' id='block_1_2' title="bbox 1240 314 2275 375">
    <p class='ocr_par' dir='ltr' id='par_1_2' title="bbox 1240 314 2275 375">
     <span class='ocr_line' id='line_1_2' title="bbox 1240 314 2275 375; baseline 0.001 -1"><span class='ocrx_word' id='word_1_2' title='bbox 1240 318 1441 375; x_wconf 80' lang='lat' dir='ltr'><strong>LIBER</strong></span> <span class='ocrx_word' id='word_1_3' title='bbox 1471 315 1561 374; x_wconf 79' lang='lat' dir='ltr'><strong>AD</strong></span> <span class='ocrx_word' id='word_1_4' title='bbox 1610 315 1897 374; x_wconf 73' lang='lat' dir='ltr'><strong>AMICUM.</strong></span> <span class='ocrx_word' id='word_1_5' title='bbox 1929 348 1993 361; x_wconf 72' lang='grc' dir='ltr'><strong>-ο</strong></span> <span class='ocrx_word' id='word_1_6' title='bbox 2023 314 2152 375; x_wconf 83' lang='lat' dir='ltr'><strong>LIB.</strong></span> <span class='ocrx_word' id='word_1_7' title='bbox 2190 320 2275 375; x_wconf 72' lang='lat' dir='ltr'><strong>\‘I.</strong></span> 
     </span>
    </p>
   </div>
   <div class='ocr_carea' id='block_1_3' title="bbox 131 412 3387 512">
    <p class='ocr_par' dir='ltr' id='par_1_3' title="bbox 131 412 3387 512">
     <span class='ocr_line' id='line_1_3' title="bbox 131 412 3387 512; baseline 0.002 -14"><span class='ocrx_word' id='word_1_8' title='bbox 131 438 457 506; x_wconf 64' lang='lat' dir='ltr'><strong>nonaiiuude</strong></span> <span class='ocrx_word' id='word_1_9' title='bbox 477 454 542 496; x_wconf 90' lang='lat' dir='ltr'><strong>se</strong></span> <span class='ocrx_word' id='word_1_10' title='bbox 568 438 767 494; x_wconf 86' lang='lat' dir='ltr'><strong>habere</strong></span> <span class='ocrx_word' id='word_1_11' title='bbox 796 448 991 509; x_wconf 86' lang='lat' dir='ltr'><strong>papam</strong></span> <span class='ocrx_word' id='word_1_12' title='bbox 1012 436 1116 492; x_wconf 89' lang='lat' dir='ltr'><strong>nisi</strong></span> <span class='ocrx_word' id='word_1_13' title='bbox 1134 449 1198 492; x_wconf 88' lang='lat' dir='ltr'><strong>ex</strong></span> <span class='ocrx_word' id='word_1_14' title='bbox 1221 434 1474 505; x_wconf 80' lang='lat' dir='ltr'><strong>paradiso</strong></span> <span class='ocrx_word' id='word_1_15' title='bbox 1504 434 1690 500; x_wconf 62' lang='lat' dir='ltr'><strong>Italiae,</strong></span> <span class='ocrx_word' id='word_1_16' title='bbox 1723 434 1769 494; x_wconf 81' lang='grc' dir='ltr'><strong>Α</strong></span> <span class='ocrx_word' id='word_1_17' title='bbox 1802 440 1984 490; x_wconf 85' lang='lat' dir='ltr'><strong>tentus</strong></span> <span class='ocrx_word' id='word_1_18' title='bbox 2007 476 2021 499; x_wconf 94' lang='lat'><strong>,</strong></span> <span class='ocrx_word' id='word_1_19' title='bbox 2095 412 2256 490; x_wconf 76' lang='lat' dir='ltr'><strong>unius</strong></span> <span class='ocrx_word' id='word_1_20' title='bbox 2302 438 2532 509; x_wconf 79' lang='lat' dir='ltr'><strong>jmueuti</strong></span> <span class='ocrx_word' id='word_1_21' title='bbox 2593 440 2906 512; x_wconf 83' lang='lat' dir='ltr'><strong>adjumento</strong></span> <span class='ocrx_word' id='word_1_22' title='bbox 2958 443 3101 501; x_wconf 78' lang='lat' dir='ltr'><strong>inter</strong></span> <span class='ocrx_word' id='word_1_23' title='bbox 3142 456 3387 507; x_wconf 75' lang='lat' dir='ltr'><strong>oratores</strong></span> 
     </span>
    </p>
   </div>
   <div class='ocr_carea' id='block_1_4' title="bbox 133 527 1696 602">
    <p class='ocr_par' dir='ltr' id='par_1_4' title="bbox 133 527 1696 602">
     <span class='ocr_line' id='line_1_4' title="bbox 133 527 1696 602; baseline -0.004 -12"><span class='ocrx_word' id='word_1_24' title='bbox 133 536 402 602; x_wconf 86' lang='lat' dir='ltr'><strong>talemque,</strong></span> <span class='ocrx_word' id='word_1_25' title='bbox 435 531 530 601; x_wconf 86' lang='lat' dir='ltr'><strong>qui</strong></span> <span class='ocrx_word' id='word_1_26' title='bbox 566 528 701 585; x_wconf 88' lang='lat' dir='ltr'><strong>sciat</strong></span> <span class='ocrx_word' id='word_1_27' title='bbox 745 530 983 600; x_wconf 86' lang='lat' dir='ltr'><strong>compati</strong></span> <span class='ocrx_word' id='word_1_28' title='bbox 1032 527 1440 585; x_wconf 79' lang='lat' dir='ltr'><strong>infirmitatibus</strong></span> <span class='ocrx_word' id='word_1_29' title='bbox 1487 544 1696 586; x_wconf 88' lang='lat' dir='ltr'><strong>eorum.</strong></span> 
     </span>
    </p>
   </div>
   <div class='ocr_carea' id='block_1_5' title="bbox 132 620 1693 692">
    <p class='ocr_par' dir='ltr' id='par_1_5' title="bbox 132 620 1693 692">
     <span class='ocr_line' id='line_1_5' title="bbox 132 620 1693 692; baseline -0.003 -10"><span class='ocrx_word' id='word_1_30' title='bbox 132 624 313 682; x_wconf 85' lang='lat' dir='ltr'><strong>Dehinc</strong></span> <span class='ocrx_word' id='word_1_31' title='bbox 345 621 486 675; x_wconf 89' lang='lat' dir='ltr'><strong>ultra</strong></span> <span class='ocrx_word' id='word_1_32' title='bbox 521 630 735 677; x_wconf 86' lang='lat' dir='ltr'><strong>montes</strong></span> <span class='ocrx_word' id='word_1_33' title='bbox 761 630 992 692; x_wconf 90' lang='lat' dir='ltr'><strong>pergunt</strong></span> <span class='ocrx_word' id='word_1_34' title='bbox 1012 622 1365 691; x_wconf 82' lang='lat' dir='ltr'><strong>animumque</strong></span> <span class='ocrx_word' id='word_1_35' title='bbox 1398 620 1693 691; x_wconf 86' lang='lat' dir='ltr'><strong>imperatri-</strong></span> 
     </span>
    </p>
   </div>
   <div class='ocr_carea' id='block_1_6' title="bbox 132 713 1696 785">
    <p class='ocr_par' dir='ltr' id='par_1_6' title="bbox 132 713 1696 785">
     <span class='ocr_line' id='line_1_6' title="bbox 132 713 1696 785; baseline -0.001 -14"><span class='ocrx_word' id='word_1_36' title='bbox 132 717 216 782; x_wconf 86' lang='lat' dir='ltr'><strong>cis,</strong></span> <span class='ocrx_word' id='word_1_37' title='bbox 250 723 432 783; x_wconf 82' lang='lat' dir='ltr'><strong>utpote</strong></span> <span class='ocrx_word' id='word_1_38' title='bbox 482 713 777 768; x_wconf 86' lang='lat' dir='ltr'><strong>femineum</strong></span> <span class='ocrx_word' id='word_1_39' title='bbox 831 713 1093 781; x_wconf 88' lang='lat' dir='ltr'><strong>alliciunt,</strong></span> <span class='ocrx_word' id='word_1_40' title='bbox 1143 714 1396 785; x_wconf 88' lang='lat' dir='ltr'><strong>ﬁgmenta</strong></span> <span class='ocrx_word' id='word_1_41' title='bbox 1448 716 1696 784; x_wconf 71' lang='lat' dir='ltr'><strong>quaedam</strong></span> 
     </span>
    </p>
   </div>
   <div class='ocr_carea' id='block_1_7' title="bbox 130 806 1699 880">
    <p class='ocr_par' dir='ltr' id='par_1_7' title="bbox 130 806 1699 880">
     <span class='ocr_line' id='line_1_7' title="bbox 130 806 1699 880; baseline 0 -17"><span class='ocrx_word' id='word_1_42' title='bbox 130 813 503 880; x_wconf 82' lang='lat' dir='ltr'><strong>componentes</strong></span> <span class='ocrx_word' id='word_1_43' title='bbox 533 806 687 877; x_wconf 89' lang='lat' dir='ltr'><strong>quasi</strong></span> <span class='ocrx_word' id='word_1_44' title='bbox 720 807 833 863; x_wconf 90' lang='lat' dir='ltr'><strong>veri</strong></span> <span class='ocrx_word' id='word_1_45' title='bbox 877 807 1096 863; x_wconf 84' lang='lat' dir='ltr'><strong>similia.</strong></span> <span class='ocrx_word' id='word_1_46' title='bbox 1146 808 1280 862; x_wconf 79' lang='lat' dir='ltr'><strong>Nam</strong></span> <span class='ocrx_word' id='word_1_47' title='bbox 1312 806 1566 864; x_wconf 84' lang='lat' dir='ltr'><strong>dicebant</strong></span> <span class='ocrx_word' id='word_1_48' title='bbox 1605 824 1699 863; x_wconf 83' lang='lat' dir='ltr'><strong>eo-</strong></span> 
     </span>
    </p>
   </div>
   <div class='ocr_carea' id='block_1_8' title="bbox 131 897 1699 970">
    <p class='ocr_par' dir='ltr' id='par_1_8' title="bbox 131 897 1699 970">
     <span class='ocr_line' id='line_1_8' title="bbox 131 897 1699 970; baseline 0.003 -17"><span class='ocrx_word' id='word_1_49' title='bbox 131 915 232 953; x_wconf 88' lang='lat' dir='ltr'><strong>rum</strong></span> <span class='ocrx_word' id='word_1_50' title='bbox 259 897 567 965; x_wconf 86' lang='lat' dir='ltr'><strong>domiuum,</strong></span> <span class='ocrx_word' id='word_1_51' title='bbox 614 898 960 954; x_wconf 71' lang='lat' dir='ltr'><strong>utbaeredem</strong></span> <span class='ocrx_word' id='word_1_52' title='bbox 1005 900 1156 970; x_wconf 87' lang='lat' dir='ltr'><strong>regni</strong></span> <span class='ocrx_word' id='word_1_53' title='bbox 1187 901 1261 955; x_wconf 92' lang='lat' dir='ltr'><strong>ita</strong></span> <span class='ocrx_word' id='word_1_54' title='bbox 1288 900 1556 956; x_wconf 73' lang='lat' dir='ltr'><strong>ltzeredem</strong></span> <span class='ocrx_word' id='word_1_55' title='bbox 1583 900 1699 957; x_wconf 88' lang='lat' dir='ltr'><strong>fore</strong></span> 
     </span>
    </p>
   </div>
   <div class='ocr_carea' id='block_1_9' title="bbox 131 990 1701 1062">
    <p class='ocr_par' dir='ltr' id='par_1_9' title="bbox 131 990 1701 1062">
     <span class='ocr_line' id='line_1_9' title="bbox 131 990 1701 1062; baseline 0.004 -18"><span class='ocrx_word' id='word_1_56' title='bbox 131 991 441 1062; x_wconf 86' lang='lat' dir='ltr'><strong>patritiatus,</strong></span> <span class='ocrx_word' id='word_1_57' title='bbox 466 998 525 1046; x_wconf 86' lang='lat' dir='ltr'><strong>et</strong></span> <span class='ocrx_word' id='word_1_58' title='bbox 553 992 763 1046; x_wconf 86' lang='lat' dir='ltr'><strong>beatum</strong></span> <span class='ocrx_word' id='word_1_59' title='bbox 794 990 1069 1048; x_wconf 83' lang='lat' dir='ltr'><strong>Nicolaum</strong></span> <span class='ocrx_word' id='word_1_60' title='bbox 1096 993 1313 1049; x_wconf 90' lang='lat' dir='ltr'><strong>decreto</strong></span> <span class='ocrx_word' id='word_1_61' title='bbox 1342 994 1611 1062; x_wconf 86' lang='lat' dir='ltr'><strong>ﬁrmasse,</strong></span> <span class='ocrx_word' id='word_1_62' title='bbox 1640 1004 1701 1050; x_wconf 89' lang='lat' dir='ltr'><strong>ut</strong></span> 
     </span>
    </p>
   </div>
   <div class='ocr_carea' id='block_1_10' title="bbox 130 1084 1696 1159">
    <p class='ocr_par' dir='ltr' id='par_1_10' title="bbox 130 1084 1696 1159">
     <span class='ocr_line' id='line_1_10' title="bbox 130 1084 1696 1159; baseline 0.002 -19"><span class='ocrx_word' id='word_1_63' title='bbox 130 1084 289 1140; x_wconf 87' lang='lat' dir='ltr'><strong>nullus</strong></span> <span class='ocrx_word' id='word_1_64' title='bbox 322 1086 372 1138; x_wconf 90' lang='lat' dir='ltr'><strong>in</strong></span> <span class='ocrx_word' id='word_1_65' title='bbox 423 1085 747 1156; x_wconf 84' lang='lat' dir='ltr'><strong>pontiﬁcum</strong></span> <span class='ocrx_word' id='word_1_66' title='bbox 793 1101 1023 1143; x_wconf 89' lang='lat' dir='ltr'><strong>numero</strong></span> <span class='ocrx_word' id='word_1_67' title='bbox 1076 1087 1331 1159; x_wconf 85' lang='lat' dir='ltr'><strong>deinceps</strong></span> <span class='ocrx_word' id='word_1_68' title='bbox 1371 1089 1696 1156; x_wconf 90' lang='lat' dir='ltr'><strong>haberetur,</strong></span> 
     </span>
    </p>
   </div>
   <div class='ocr_carea' id='block_1_11' title="bbox 130 1177 1699 1251">
    <p class='ocr_par' dir='ltr' id='par_1_11' title="bbox 130 1177 1699 1251">
     <span class='ocr_line' id='line_1_11' title="bbox 130 1177 1699 1251; baseline 0.006 -21"><span class='ocrx_word' id='word_1_69' title='bbox 130 1177 206 1247; x_wconf 91' lang='lat' dir='ltr'><strong>qui</strong></span> <span class='ocrx_word' id='word_1_70' title='bbox 237 1192 336 1231; x_wconf 92' lang='lat' dir='ltr'><strong>non</strong></span> <span class='ocrx_word' id='word_1_71' title='bbox 358 1192 426 1232; x_wconf 84' lang='lat' dir='ltr'><strong>ex</strong></span> <span class='ocrx_word' id='word_1_72' title='bbox 460 1193 732 1234; x_wconf 87' lang='lat' dir='ltr'><strong>consensu</strong></span> <span class='ocrx_word' id='word_1_73' title='bbox 760 1180 905 1251; x_wconf 82' lang='lat' dir='ltr'><strong>regis</strong></span> <span class='ocrx_word' id='word_1_74' title='bbox 950 1180 1257 1251; x_wconf 82' lang='lat' dir='ltr'><strong>eligeretur.</strong></span> <span class='ocrx_word' id='word_1_75' title='bbox 1295 1181 1390 1239; x_wconf 85' lang='lat' dir='ltr'><strong>His</strong></span> <span class='ocrx_word' id='word_1_76' title='bbox 1417 1192 1472 1238; x_wconf 91' lang='lat' dir='ltr'><strong>et</strong></span> <span class='ocrx_word' id='word_1_77' title='bbox 1501 1183 1699 1240; x_wconf 86' lang='lat' dir='ltr'><strong>talibus</strong></span> 
     </span>
    </p>
   </div>
   <div class='ocr_carea' id='block_1_12' title="bbox 132 1266 1696 1346">
    <p class='ocr_par' dir='ltr' id='par_1_12' title="bbox 132 1266 1696 1346">
     <span class='ocr_line' id='line_1_12' title="bbox 132 1266 1696 1346; baseline 0.003 -21"><span class='ocrx_word' id='word_1_78' title='bbox 132 1266 604 1326; x_wconf 77' lang='lat' dir='ltr'><strong>machinationibus</strong></span> <span class='ocrx_word' id='word_1_79' title='bbox 624 1271 846 1343; x_wconf 89' lang='lat' dir='ltr'><strong>decepta</strong></span> <span class='ocrx_word' id='word_1_80' title='bbox 871 1273 1208 1346; x_wconf 83' lang='lat' dir='ltr'><strong>imperatrix,</strong></span> <span class='ocrx_word' id='word_1_81' title='bbox 1230 1271 1457 1329; x_wconf 85' lang='lat' dir='ltr'><strong>feminea</strong></span> <span class='ocrx_word' id='word_1_82' title='bbox 1480 1273 1696 1329; x_wconf 85' lang='lat' dir='ltr'><strong>licentia</strong></span> 
     </span>
    </p>
   </div>
   <div class='ocr_carea' id='block_1_13' title="bbox 129 1360 1695 1433">
    <p class='ocr_par' dir='ltr' id='par_1_13' title="bbox 129 1360 1695 1433">
     <span class='ocr_line' id='line_1_13' title="bbox 129 1360 1695 1433; baseline 0.004 -19"><span class='ocrx_word' id='word_1_83' title='bbox 129 1374 386 1415; x_wconf 85' lang='lat' dir='ltr'><strong>assensum</strong></span> <span class='ocrx_word' id='word_1_84' title='bbox 418 1360 570 1416; x_wconf 90' lang='lat' dir='ltr'><strong>dedit</strong></span> <span class='ocrx_word' id='word_1_85' title='bbox 590 1362 739 1432; x_wconf 91' lang='lat' dir='ltr'><strong>operi</strong></span> <span class='ocrx_word' id='word_1_86' title='bbox 772 1362 1003 1429; x_wconf 89' lang='lat' dir='ltr'><strong>nefario,</strong></span> <span class='ocrx_word' id='word_1_87' title='bbox 1036 1363 1195 1433; x_wconf 87' lang='lat' dir='ltr'><strong>quale</strong></span> <span class='ocrx_word' id='word_1_88' title='bbox 1240 1378 1346 1419; x_wconf 88' lang='lat' dir='ltr'><strong>non</strong></span> <span class='ocrx_word' id='word_1_89' title='bbox 1391 1364 1489 1421; x_wconf 87' lang='lat' dir='ltr'><strong>fuit</strong></span> <span class='ocrx_word' id='word_1_90' title='bbox 1532 1379 1562 1419; x_wconf 88' lang='lat' dir='ltr'><strong>a</strong></span> <span class='ocrx_word' id='word_1_91' title='bbox 1606 1364 1695 1420; x_wconf 91' lang='lat' dir='ltr'><strong>die</strong></span> 
     </span>
    </p>
   </div>
   <div class='ocr_carea' id='block_1_14' title="bbox 132 1453 1692 1522">
    <p class='ocr_par' dir='ltr' id='par_1_14' title="bbox 132 1453 1692 1522">
     <span class='ocr_line' id='line_1_14' title="bbox 132 1453 1692 1522; baseline 0.006 -22"><span class='ocrx_word' id='word_1_92' title='bbox 132 1465 220 1519; x_wconf 86' lang='lat' dir='ltr'><strong>qua</strong></span> <span class='ocrx_word' id='word_1_93' title='bbox 254 1458 436 1520; x_wconf 79' lang='lat' dir='ltr'><strong>gentes</strong></span> <span class='ocrx_word' id='word_1_94' title='bbox 463 1465 591 1507; x_wconf 91' lang='lat' dir='ltr'><strong>csse</strong></span> <span class='ocrx_word' id='word_1_95' title='bbox 619 1464 876 1522; x_wconf 89' lang='lat' dir='ltr'><strong>ceperunt</strong></span> <span class='ocrx_word' id='word_1_96' title='bbox 907 1471 922 1508; x_wconf 87' lang='lat'><strong>:</strong></span> <span class='ocrx_word' id='word_1_97' title='bbox 948 1462 1005 1508; x_wconf 92' lang='lat' dir='ltr'><strong>ut</strong></span> <span class='ocrx_word' id='word_1_98' title='bbox 1037 1453 1125 1508; x_wconf 89' lang='lat' dir='ltr'><strong>ubi</strong></span> <span class='ocrx_word' id='word_1_99' title='bbox 1154 1454 1333 1510; x_wconf 86' lang='lat' dir='ltr'><strong>nullus</strong></span> <span class='ocrx_word' id='word_1_100' title='bbox 1374 1454 1692 1510; x_wconf 88' lang='lat' dir='ltr'><strong>clericorum</strong></span> 
     </span>
    </p>
   </div>
   <div class='ocr_carea' id='block_1_15' title="bbox 131 1539 1696 1617">
    <p class='ocr_par' dir='ltr' id='par_1_15' title="bbox 131 1539 1696 1617">
     <span class='ocr_line' id='line_1_15' title="bbox 131 1539 1696 1617; baseline 0.006 -25"><span class='ocrx_word' id='word_1_101' title='bbox 131 1539 475 1596; x_wconf 80' lang='lat' dir='ltr'><strong>Romanorum</strong></span> <span class='ocrx_word' id='word_1_102' title='bbox 506 1539 591 1597; x_wconf 83' lang='lat' dir='ltr'><strong>vel</strong></span> <span class='ocrx_word' id='word_1_103' title='bbox 640 1541 900 1599; x_wconf 76' lang='lat' dir='ltr'><strong>laicorum</strong></span> <span class='ocrx_word' id='word_1_104' title='bbox 952 1544 1191 1602; x_wconf 78' lang='lat' dir='ltr'><strong>interfuit</strong></span> <span class='ocrx_word' id='word_1_105' title='bbox 1224 1545 1539 1617; x_wconf 80' lang='lat' dir='ltr'><strong>pontificum</strong></span> <span class='ocrx_word' id='word_1_106' title='bbox 1585 1544 1696 1601; x_wconf 87' lang='lat' dir='ltr'><strong>ele-</strong></span> 
     </span>
    </p>
   </div>
   <div class='ocr_carea' id='block_1_16' title="bbox 133 1636 1695 1712">
    <p class='ocr_par' dir='ltr' id='par_1_16' title="bbox 133 1636 1695 1712">
     <span class='ocr_line' id='line_1_16' title="bbox 133 1636 1695 1712; baseline 0.004 -21"><span class='ocrx_word' id='word_1_107' title='bbox 133 1636 295 1701; x_wconf 87' lang='lat' dir='ltr'><strong>ctioni,</strong></span> <span class='ocrx_word' id='word_1_108' title='bbox 337 1636 408 1691; x_wconf 90' lang='lat' dir='ltr'><strong>ibi</strong></span> <span class='ocrx_word' id='word_1_109' title='bbox 452 1638 699 1708; x_wconf 86' lang='lat' dir='ltr'><strong>pontifex</strong></span> <span class='ocrx_word' id='word_1_110' title='bbox 740 1639 1033 1712; x_wconf 90' lang='lat' dir='ltr'><strong>eligeretur</strong></span> <span class='ocrx_word' id='word_1_111' title='bbox 1065 1659 1094 1696; x_wconf 89' lang='lat' dir='ltr'><strong>a</strong></span> <span class='ocrx_word' id='word_1_112' title='bbox 1126 1642 1496 1699; x_wconf 87' lang='lat' dir='ltr'><strong>consimilibus</strong></span> <span class='ocrx_word' id='word_1_113' title='bbox 1527 1641 1695 1699; x_wconf 80' lang='lat' dir='ltr'><strong>forni—</strong></span> 
     </span>
    </p>
   </div>
   <div class='ocr_carea' id='block_1_17' title="bbox 131 1731 1741 1807">
    <p class='ocr_par' dir='ltr' id='par_1_17' title="bbox 131 1731 1741 1807">
     <span class='ocr_line' id='line_1_17' title="bbox 131 1731 1741 1807; baseline 0.005 -24"><span class='ocrx_word' id='word_1_114' title='bbox 131 1731 377 1785; x_wconf 89' lang='lat' dir='ltr'><strong>catoribus</strong></span> <span class='ocrx_word' id='word_1_115' title='bbox 396 1741 451 1785; x_wconf 90' lang='lat' dir='ltr'><strong>et</strong></span> <span class='ocrx_word' id='word_1_116' title='bbox 482 1732 816 1789; x_wconf 90' lang='lat' dir='ltr'><strong>Simoniacis</strong></span> <span class='ocrx_word' id='word_1_117' title='bbox 836 1775 850 1799; x_wconf 98' lang='lat'><strong>,</strong></span> <span class='ocrx_word' id='word_1_118' title='bbox 878 1736 1041 1803; x_wconf 86' lang='lat' dir='ltr'><strong>quive</strong></span> <span class='ocrx_word' id='word_1_119' title='bbox 1076 1736 1349 1807; x_wconf 85' lang='lat' dir='ltr'><strong>accipiens</strong></span> <span class='ocrx_word' id='word_1_120' title='bbox 1370 1748 1472 1807; x_wconf 84' lang='lat' dir='ltr'><strong>per</strong></span> <span class='ocrx_word' id='word_1_121' title='bbox 1498 1752 1693 1793; x_wconf 88' lang='lat' dir='ltr'><strong>manus</strong></span> <span class='ocrx_word' id='word_1_122' title='bbox 1740 1796 1741 1799; x_wconf 30' lang='grc' dir='ltr'><strong>η</strong></span> 
     </span>
    </p>
   </div>
   <div class='ocr_carea' id='block_1_18' title="bbox 1805 522 2563 598">
    <p class='ocr_par' dir='ltr' id='par_1_18' title="bbox 1805 522 2563 598">
     <span class='ocr_line' id='line_1_18' title="bbox 1805 522 2563 598; baseline 0.011 -21"><span class='ocrx_word' id='word_1_123' title='bbox 1805 522 2089 582; x_wconf 87' lang='lat' dir='ltr'><strong>Bcrcetum</strong></span> <span class='ocrx_word' id='word_1_124' title='bbox 2122 543 2265 598; x_wconf 72' lang='lat' dir='ltr'><strong>mgre</strong></span> <span class='ocrx_word' id='word_1_125' title='bbox 2296 531 2563 598; x_wconf 83' lang='lat' dir='ltr'><strong>pervenit.</strong></span> 
     </span>
    </p>
   </div>
   <div class='ocr_carea' id='block_1_19' title="bbox 1876 617 3386 704">
    <p class='ocr_par' dir='ltr' id='par_1_19' title="bbox 1876 617 3386 704">
     <span class='ocr_line' id='line_1_19' title="bbox 1876 617 3386 704; baseline 0.012 -33"><span class='ocrx_word' id='word_1_126' title='bbox 1876 617 2011 672; x_wconf 88' lang='lat' dir='ltr'><strong>Dum</strong></span> <span class='ocrx_word' id='word_1_127' title='bbox 2052 619 2167 674; x_wconf 72' lang='lat' dir='ltr'><strong>lucc</strong></span> <span class='ocrx_word' id='word_1_128' title='bbox 2198 619 2272 674; x_wconf 88' lang='lat' dir='ltr'><strong>ita</strong></span> <span class='ocrx_word' id='word_1_129' title='bbox 2315 636 2374 674; x_wconf 89' lang='lat' dir='ltr'><strong>se</strong></span> <span class='ocrx_word' id='word_1_130' title='bbox 2420 621 2702 687; x_wconf 79' lang='lat' dir='ltr'><strong>haberent,</strong></span> <span class='ocrx_word' id='word_1_131' title='bbox 2753 624 3077 684; x_wconf 84' lang='lat' dir='ltr'><strong>Mediolanio</strong></span> <span class='ocrx_word' id='word_1_132' title='bbox 3119 628 3216 704; x_wconf 81' lang='lat' dir='ltr'><strong>(ita</strong></span> <span class='ocrx_word' id='word_1_133' title='bbox 3242 632 3386 704; x_wconf 78' lang='lat' dir='ltr'><strong>cod.)</strong></span> 
     </span>
    </p>
   </div>
   <div class='ocr_carea' id='block_1_20' title="bbox 1801 710 3386 793">
    <p class='ocr_par' dir='ltr' id='par_1_20' title="bbox 1801 710 3386 793">
     <span class='ocr_line' id='line_1_20' title="bbox 1801 710 3386 793; baseline 0.011 -29"><span class='ocrx_word' id='word_1_134' title='bbox 1801 710 2059 765; x_wconf 89' lang='lat' dir='ltr'><strong>canonica</strong></span> <span class='ocrx_word' id='word_1_135' title='bbox 2093 711 2423 768; x_wconf 86' lang='lat' dir='ltr'><strong>eohabitatio</strong></span> <span class='ocrx_word' id='word_1_136' title='bbox 2468 714 2703 784; x_wconf 86' lang='lat' dir='ltr'><strong>primum</strong></span> <span class='ocrx_word' id='word_1_137' title='bbox 2751 726 2938 773; x_wconf 87' lang='lat' dir='ltr'><strong>exorta</strong></span> <span class='ocrx_word' id='word_1_138' title='bbox 2986 728 3092 786; x_wconf 89' lang='lat' dir='ltr'><strong>est,</strong></span> <span class='ocrx_word' id='word_1_139' title='bbox 3146 737 3268 793; x_wconf 68' lang='lat' dir='ltr'><strong>quae</strong></span> <span class='ocrx_word' id='word_1_140' title='bbox 3299 738 3386 780; x_wconf 82' lang='lat' dir='ltr'><strong>res</strong></span> 
     </span>
    </p>
   </div>
   <div class='ocr_carea' id='block_1_21' title="bbox 1800 803 3387 881">
    <p class='ocr_par' dir='ltr' id='par_1_21' title="bbox 1800 803 3387 881">
     <span class='ocr_line' id='line_1_21' title="bbox 1800 803 3387 881; baseline 0.009 -26"><span class='ocrx_word' id='word_1_141' title='bbox 1800 817 2049 874; x_wconf 84' lang='lat' dir='ltr'><strong>magnam</strong></span> <span class='ocrx_word' id='word_1_142' title='bbox 2085 803 2247 858; x_wconf 87' lang='lat' dir='ltr'><strong>movit</strong></span> <span class='ocrx_word' id='word_1_143' title='bbox 2276 803 2516 860; x_wconf 88' lang='lat' dir='ltr'><strong>inimicis</strong></span> <span class='ocrx_word' id='word_1_144' title='bbox 2550 806 2827 862; x_wconf 87' lang='lat' dir='ltr'><strong>invidiam.</strong></span> <span class='ocrx_word' id='word_1_145' title='bbox 2858 807 2989 864; x_wconf 91' lang='lat' dir='ltr'><strong>Post</strong></span> <span class='ocrx_word' id='word_1_146' title='bbox 3028 826 3229 881; x_wconf 87' lang='lat' dir='ltr'><strong>paucos</strong></span> <span class='ocrx_word' id='word_1_147' title='bbox 3257 829 3387 869; x_wconf 88' lang='lat' dir='ltr'><strong>vero</strong></span> 
     </span>
    </p>
   </div>
   <div class='ocr_carea' id='block_1_22' title="bbox 1801 891 3387 967">
    <p class='ocr_par' dir='ltr' id='par_1_22' title="bbox 1801 891 3387 967">
     <span class='ocr_line' id='line_1_22' title="bbox 1801 891 3387 967; baseline 0.008 -19"><span class='ocrx_word' id='word_1_148' title='bbox 1801 891 1916 948; x_wconf 89' lang='lat' dir='ltr'><strong>dies</strong></span> <span class='ocrx_word' id='word_1_149' title='bbox 1947 901 2230 963; x_wconf 91' lang='lat' dir='ltr'><strong>postquam</strong></span> <span class='ocrx_word' id='word_1_150' title='bbox 2282 894 2397 951; x_wconf 66' lang='lat' dir='ltr'><strong>haec</strong></span> <span class='ocrx_word' id='word_1_151' title='bbox 2441 905 2589 967; x_wconf 85' lang='lat' dir='ltr'><strong>gesta</strong></span> <span class='ocrx_word' id='word_1_152' title='bbox 2623 906 2769 963; x_wconf 90' lang='lat' dir='ltr'><strong>sunt,</strong></span> <span class='ocrx_word' id='word_1_153' title='bbox 2816 900 3046 955; x_wconf 89' lang='lat' dir='ltr'><strong>moritur</strong></span> <span class='ocrx_word' id='word_1_154' title='bbox 3090 901 3387 961; x_wconf 81' lang='lat' dir='ltr'><strong>Landulfus</strong></span> 
     </span>
    </p>
   </div>
   <div class='ocr_carea' id='block_1_23' title="bbox 1802 982 3384 1061">
    <p class='ocr_par' dir='ltr' id='par_1_23' title="bbox 1802 982 3384 1061">
     <span class='ocr_line' id='line_1_23' title="bbox 1802 982 3384 1061; baseline 0.009 -24"><span class='ocrx_word' id='word_1_155' title='bbox 1802 982 2214 1041; x_wconf 80' lang='lat' dir='ltr'><strong>Mediolaneusis</strong></span> <span class='ocrx_word' id='word_1_156' title='bbox 2254 985 2506 1053; x_wconf 86' lang='lat' dir='ltr'><strong>clericus,</strong></span> <span class='ocrx_word' id='word_1_157' title='bbox 2545 988 2617 1043; x_wconf 89' lang='lat' dir='ltr'><strong>de</strong></span> <span class='ocrx_word' id='word_1_158' title='bbox 2658 1005 2769 1060; x_wconf 85' lang='lat' dir='ltr'><strong>quo</strong></span> <span class='ocrx_word' id='word_1_159' title='bbox 2798 992 3048 1061; x_wconf 85' lang='lat' dir='ltr'><strong>superius</strong></span> <span class='ocrx_word' id='word_1_160' title='bbox 3081 994 3384 1061; x_wconf 84' lang='lat' dir='ltr'><strong>retulimus,</strong></span> 
     </span>
    </p>
   </div>
   <div class='ocr_carea' id='block_1_24' title="bbox 1800 1077 2484 1149">
    <p class='ocr_par' dir='ltr' id='par_1_24' title="bbox 1800 1077 2484 1149">
     <span class='ocr_line' id='line_1_24' title="bbox 1800 1077 2484 1149; baseline 0.003 -18"><span class='ocrx_word' id='word_1_161' title='bbox 1800 1085 1855 1131; x_wconf 92' lang='lat' dir='ltr'><strong>et</strong></span> <span class='ocrx_word' id='word_1_162' title='bbox 1880 1077 1932 1131; x_wconf 91' lang='lat' dir='ltr'><strong>in</strong></span> <span class='ocrx_word' id='word_1_163' title='bbox 1962 1092 2095 1147; x_wconf 86' lang='lat' dir='ltr'><strong>pace</strong></span> <span class='ocrx_word' id='word_1_164' title='bbox 2120 1077 2484 1149; x_wconf 84' lang='lat' dir='ltr'><strong>sepultusest.</strong></span> 
     </span>
    </p>
   </div>
   <div class='ocr_carea' id='block_1_25' title="bbox 1870 1169 3383 1249">
    <p class='ocr_par' dir='ltr' id='par_1_25' title="bbox 1870 1169 3383 1249">
     <span class='ocr_line' id='line_1_25' title="bbox 1870 1169 3383 1249; baseline 0.006 -25"><span class='ocrx_word' id='word_1_165' title='bbox 1870 1169 2081 1226; x_wconf 90' lang='lat' dir='ltr'><strong>Interea</strong></span> <span class='ocrx_word' id='word_1_166' title='bbox 2126 1172 2555 1228; x_wconf 78' lang='lat' dir='ltr'><strong>Teutonieorurn</strong></span> <span class='ocrx_word' id='word_1_167' title='bbox 2588 1172 2984 1246; x_wconf 81' lang='lat' dir='ltr'><strong>archiepiscopi</strong></span> <span class='ocrx_word' id='word_1_168' title='bbox 3032 1183 3093 1232; x_wconf 90' lang='lat' dir='ltr'><strong>et</strong></span> <span class='ocrx_word' id='word_1_169' title='bbox 3121 1176 3383 1249; x_wconf 86' lang='lat' dir='ltr'><strong>episcopi,</strong></span> 
     </span>
    </p>
   </div>
   <div class='ocr_carea' id='block_1_26' title="bbox 1798 1262 3383 1333">
    <p class='ocr_par' dir='ltr' id='par_1_26' title="bbox 1798 1262 3383 1333">
     <span class='ocr_line' id='line_1_26' title="bbox 1798 1262 3383 1333; baseline 0.005 -17"><span class='ocrx_word' id='word_1_170' title='bbox 1798 1262 2026 1318; x_wconf 89' lang='lat' dir='ltr'><strong>abbates</strong></span> <span class='ocrx_word' id='word_1_171' title='bbox 2055 1263 2222 1319; x_wconf 88' lang='lat' dir='ltr'><strong>duces</strong></span> <span class='ocrx_word' id='word_1_172' title='bbox 2248 1272 2305 1319; x_wconf 89' lang='lat' dir='ltr'><strong>et</strong></span> <span class='ocrx_word' id='word_1_173' title='bbox 2326 1264 2555 1320; x_wconf 87' lang='lat' dir='ltr'><strong>comites</strong></span> <span class='ocrx_word' id='word_1_174' title='bbox 2583 1265 2796 1319; x_wconf 76' lang='lat' dir='ltr'><strong>curiam</strong></span> <span class='ocrx_word' id='word_1_175' title='bbox 2822 1266 3295 1333; x_wconf 87' lang='lat' dir='ltr'><strong>sibiconstituunt,</strong></span> <span class='ocrx_word' id='word_1_176' title='bbox 3330 1270 3383 1324; x_wconf 92' lang='lat' dir='ltr'><strong>in</strong></span> 
     </span>
    </p>
   </div>
   <div class='ocr_carea' id='block_1_27' title="bbox 1798 1353 3385 1430">
    <p class='ocr_par' dir='ltr' id='par_1_27' title="bbox 1798 1353 3385 1430">
     <span class='ocr_line' id='line_1_27' title="bbox 1798 1353 3385 1430; baseline 0.006 -26"><span class='ocrx_word' id='word_1_177' title='bbox 1798 1368 1903 1422; x_wconf 90' lang='lat' dir='ltr'><strong>qua</strong></span> <span class='ocrx_word' id='word_1_178' title='bbox 1957 1353 2399 1410; x_wconf 90' lang='lat' dir='ltr'><strong>deliberaverunt</strong></span> <span class='ocrx_word' id='word_1_179' title='bbox 2464 1354 2864 1424; x_wconf 83' lang='lat' dir='ltr'><strong>imperatricem</strong></span> <span class='ocrx_word' id='word_1_180' title='bbox 2918 1357 3117 1413; x_wconf 86' lang='lat' dir='ltr'><strong>dehinc</strong></span> <span class='ocrx_word' id='word_1_181' title='bbox 3172 1358 3385 1430; x_wconf 80' lang='lat' dir='ltr'><strong>privato</strong></span> 
     </span>
    </p>
   </div>
   <div class='ocr_carea' id='block_1_28' title="bbox 1794 1445 3383 1519">
    <p class='ocr_par' dir='ltr' id='par_1_28' title="bbox 1794 1445 3383 1519">
     <span class='ocr_line' id='line_1_28' title="bbox 1794 1445 3383 1519; baseline 0.001 -20"><span class='ocrx_word' id='word_1_182' title='bbox 1794 1453 2036 1500; x_wconf 83' lang='lat' dir='ltr'><strong>scemate</strong></span> <span class='ocrx_word' id='word_1_183' title='bbox 2060 1446 2246 1500; x_wconf 89' lang='lat' dir='ltr'><strong>vivere</strong></span> <span class='ocrx_word' id='word_1_184' title='bbox 2274 1446 2552 1517; x_wconf 85' lang='lat' dir='ltr'><strong>indignum</strong></span> <span class='ocrx_word' id='word_1_185' title='bbox 2582 1445 2896 1517; x_wconf 72' lang='lat' dir='ltr'><strong>iudicantes</strong></span> <span class='ocrx_word' id='word_1_186' title='bbox 2930 1464 3160 1519; x_wconf 81' lang='lat' dir='ltr'><strong>regnum</strong></span> <span class='ocrx_word' id='word_1_187' title='bbox 3188 1450 3383 1505; x_wconf 83' lang='lat' dir='ltr'><strong>mulie-</strong></span> 
     </span>
    </p>
   </div>
   <div class='ocr_carea' id='block_1_29' title="bbox 1800 1537 3384 1608">
    <p class='ocr_par' dir='ltr' id='par_1_29' title="bbox 1800 1537 3384 1608">
     <span class='ocr_line' id='line_1_29' title="bbox 1800 1537 3384 1608; baseline 0.003 -15"><span class='ocrx_word' id='word_1_188' title='bbox 1800 1537 1879 1593; x_wconf 88' lang='lat' dir='ltr'><strong>bri</strong></span> <span class='ocrx_word' id='word_1_189' title='bbox 1911 1538 2028 1608; x_wconf 83' lang='lat' dir='ltr'><strong>regi</strong></span> <span class='ocrx_word' id='word_1_190' title='bbox 2054 1538 2306 1604; x_wconf 87' lang='lat' dir='ltr'><strong>arbitrio,</strong></span> <span class='ocrx_word' id='word_1_191' title='bbox 2336 1547 2449 1593; x_wconf 91' lang='lat' dir='ltr'><strong>tum</strong></span> <span class='ocrx_word' id='word_1_192' title='bbox 2494 1537 2619 1608; x_wconf 82' lang='lat' dir='ltr'><strong>quia</strong></span> <span class='ocrx_word' id='word_1_193' title='bbox 2655 1540 2921 1595; x_wconf 75' lang='lat' dir='ltr'><strong>monacho</strong></span> <span class='ocrx_word' id='word_1_194' title='bbox 2969 1549 3108 1606; x_wconf 87' lang='lat' dir='ltr'><strong>erat,</strong></span> <span class='ocrx_word' id='word_1_195' title='bbox 3139 1548 3195 1597; x_wconf 90' lang='lat' dir='ltr'><strong>et</strong></span> <span class='ocrx_word' id='word_1_196' title='bbox 3234 1542 3384 1598; x_wconf 84' lang='lat' dir='ltr'><strong>curis</strong></span> 
     </span>
    </p>
   </div>
   <div class='ocr_carea' id='block_1_30' title="bbox 1797 1630 3380 1705">
    <p class='ocr_par' dir='ltr' id='par_1_30' title="bbox 1797 1630 3380 1705">
     <span class='ocr_line' id='line_1_30' title="bbox 1797 1630 3380 1705; baseline 0.004 -21"><span class='ocrx_word' id='word_1_197' title='bbox 1797 1643 1915 1684; x_wconf 87' lang='lat' dir='ltr'><strong>eam</strong></span> <span class='ocrx_word' id='word_1_198' title='bbox 1946 1646 2052 1685; x_wconf 88' lang='lat' dir='ltr'><strong>non</strong></span> <span class='ocrx_word' id='word_1_199' title='bbox 2082 1630 2308 1687; x_wconf 82' lang='lat' dir='ltr'><strong>decebat</strong></span> <span class='ocrx_word' id='word_1_200' title='bbox 2330 1630 2539 1687; x_wconf 84' lang='lat' dir='ltr'><strong>servire</strong></span> <span class='ocrx_word' id='word_1_201' title='bbox 2560 1630 2927 1695; x_wconf 59' lang='lat' dir='ltr'><strong>saeuiat-ibus,</strong></span> <span class='ocrx_word' id='word_1_202' title='bbox 2964 1640 3083 1689; x_wconf 81' lang='lat' dir='ltr'><strong>tum</strong></span> <span class='ocrx_word' id='word_1_203' title='bbox 3109 1633 3238 1705; x_wconf 88' lang='lat' dir='ltr'><strong>quia</strong></span> <span class='ocrx_word' id='word_1_204' title='bbox 3285 1649 3380 1691; x_wconf 84' lang='lat' dir='ltr'><strong>eo-</strong></span> 
     </span>
    </p>
   </div>
   <div class='ocr_carea' id='block_1_31' title="bbox 1799 1720 3383 1792">
    <p class='ocr_par' dir='ltr' id='par_1_31' title="bbox 1799 1720 3383 1792">
     <span class='ocr_line' id='line_1_31' title="bbox 1799 1720 3383 1792; baseline 0.003 -16"><span class='ocrx_word' id='word_1_205' title='bbox 1799 1736 1919 1776; x_wconf 90' lang='lat' dir='ltr'><strong>rum</strong></span> <span class='ocrx_word' id='word_1_206' title='bbox 1973 1722 2224 1778; x_wconf 86' lang='lat' dir='ltr'><strong>dominus</strong></span> <span class='ocrx_word' id='word_1_207' title='bbox 2271 1720 2509 1777; x_wconf 79' lang='lat' dir='ltr'><strong>aduitam</strong></span> <span class='ocrx_word' id='word_1_208' title='bbox 2569 1720 2685 1792; x_wconf 82' lang='lat' dir='ltr'><strong>jam</strong></span> <span class='ocrx_word' id='word_1_209' title='bbox 2734 1721 3383 1783; x_wconf 80' lang='lat' dir='ltr'><strong>videbatur&#39;ascendisse</strong></span> 
     </span>
    </p>
   </div>
   <div class='ocr_carea' id='block_1_32' title="bbox 133 1810 3380 1898">
    <p class='ocr_par' dir='ltr' id='par_1_32' title="bbox 133 1810 3380 1898">
     <span class='ocr_line' id='line_1_32' title="bbox 133 1810 3380 1898; baseline 0.005 -25"><span class='ocrx_word' id='word_1_210' title='bbox 133 1821 254 1889; x_wconf 81' lang='lat' dir='ltr'><strong>regis</strong></span> <span class='ocrx_word' id='word_1_211' title='bbox 274 1830 325 1875; x_wconf 90' lang='lat' dir='ltr'><strong>et</strong></span> <span class='ocrx_word' id='word_1_212' title='bbox 349 1822 550 1892; x_wconf 82' lang='lat' dir='ltr'><strong>reginae</strong></span> <span class='ocrx_word' id='word_1_213' title='bbox 577 1834 859 1880; x_wconf 79' lang='lat' dir='ltr'><strong>cruceutet</strong></span> <span class='ocrx_word' id='word_1_214' title='bbox 882 1826 1092 1898; x_wconf 89' lang='lat' dir='ltr'><strong>papalia</strong></span> <span class='ocrx_word' id='word_1_215' title='bbox 1108 1828 1334 1898; x_wconf 89' lang='lat' dir='ltr'><strong>insignia</strong></span> <span class='ocrx_word' id='word_1_216' title='bbox 1358 1829 1426 1883; x_wconf 89' lang='lat' dir='ltr'><strong>ab</strong></span> <span class='ocrx_word' id='word_1_217' title='bbox 1439 1828 1692 1898; x_wconf 89' lang='lat' dir='ltr'><strong>aquilone</strong></span> <span class='ocrx_word' id='word_1_218' title='bbox 1724 1810 1769 1872; x_wconf 81' lang='grc' dir='ltr'><strong>Β</strong></span> <span class='ocrx_word' id='word_1_219' title='bbox 1796 1823 2035 1881; x_wconf 55' lang='lat' dir='ltr'><strong>“Nam”:</strong></span> <span class='ocrx_word' id='word_1_220' title='bbox 2058 1813 2439 1884; x_wconf 68' lang='lat' dir='ltr'><strong>communique</strong></span> <span class='ocrx_word' id='word_1_221' title='bbox 2464 1813 2688 1871; x_wconf 74' lang='grc' dir='ltr'><strong>οοηείιίο</strong></span> <span class='ocrx_word' id='word_1_222' title='bbox 2710 1813 3002 1871; x_wconf 54' lang='lat' dir='ltr'><strong>dcerem”</strong></span> <span class='ocrx_word' id='word_1_223' title='bbox 3020 1813 3380 1872; x_wconf 62' lang='lat' dir='ltr'><strong>venerabilem</strong></span> 
     </span>
    </p>
   </div>
   <div class='ocr_carea' id='block_1_33' title="bbox 132 1910 1692 1990">
    <p class='ocr_par' dir='ltr' id='par_1_33' title="bbox 132 1910 1692 1990">
     <span class='ocr_line' id='line_1_33' title="bbox 132 1910 1692 1990; baseline 0.005 -25"><span class='ocrx_word' id='word_1_224' title='bbox 132 1910 317 1966; x_wconf 76' lang='lat' dir='ltr'><strong>veniret</strong></span> <span class='ocrx_word' id='word_1_225' title='bbox 338 1910 594 1968; x_wconf 80' lang='lat' dir='ltr'><strong>Romam.</strong></span> <span class='ocrx_word' id='word_1_226' title='bbox 628 1913 777 1971; x_wconf 88' lang='lat' dir='ltr'><strong>Unde</strong></span> <span class='ocrx_word' id='word_1_227' title='bbox 796 1918 1090 1973; x_wconf 86' lang='lat' dir='ltr'><strong>secundum</strong></span> <span class='ocrx_word' id='word_1_228' title='bbox 1112 1915 1400 1974; x_wconf 82' lang='lat' dir='ltr'><strong>Jeremiam</strong></span> <span class='ocrx_word' id='word_1_229' title='bbox 1425 1921 1692 1990; x_wconf 85' lang='lat' dir='ltr'><strong>pandetur</strong></span> 
     </span>
    </p>
   </div>
   <div class='ocr_carea' id='block_1_34' title="bbox 135 2000 1690 2078">
    <p class='ocr_par' dir='ltr' id='par_1_34' title="bbox 135 2000 1690 2078">
     <span class='ocr_line' id='line_1_34' title="bbox 135 2000 1690 2078; baseline 0.01 -26"><span class='ocrx_word' id='word_1_230' title='bbox 135 2000 305 2055; x_wconf 87' lang='lat' dir='ltr'><strong>malum</strong></span> <span class='ocrx_word' id='word_1_231' title='bbox 363 2018 530 2073; x_wconf 88' lang='lat' dir='ltr'><strong>super</strong></span> <span class='ocrx_word' id='word_1_232' title='bbox 586 2006 870 2061; x_wconf 86' lang='lat' dir='ltr'><strong>universos</strong></span> <span class='ocrx_word' id='word_1_233' title='bbox 917 2007 1247 2063; x_wconf 87' lang='lat' dir='ltr'><strong>habitatores</strong></span> <span class='ocrx_word' id='word_1_234' title='bbox 1307 2019 1486 2066; x_wconf 78' lang='lat' dir='ltr'><strong>teme.</strong></span> <span class='ocrx_word' id='word_1_235' title='bbox 1546 2010 1690 2078; x_wconf 82' lang='lat' dir='ltr'><strong>Quid</strong></span> 
     </span>
    </p>
   </div>
   <div class='ocr_carea' id='block_1_35' title="bbox 133 2086 1688 2164">
    <p class='ocr_par' dir='ltr' id='par_1_35' title="bbox 133 2086 1688 2164">
     <span class='ocr_line' id='line_1_35' title="bbox 133 2086 1688 2164; baseline 0.012 -26"><span class='ocrx_word' id='word_1_236' title='bbox 133 2086 299 2157; x_wconf 81' lang='lat' dir='ltr'><strong>plura?</strong></span> <span class='ocrx_word' id='word_1_237' title='bbox 319 2089 524 2161; x_wconf 86' lang='lat' dir='ltr'><strong>eligunt</strong></span> <span class='ocrx_word' id='word_1_238' title='bbox 546 2092 652 2149; x_wconf 89' lang='lat' dir='ltr'><strong>sibi</strong></span> <span class='ocrx_word' id='word_1_239' title='bbox 678 2093 1026 2152; x_wconf 88' lang='lat' dir='ltr'><strong>Parmeusem</strong></span> <span class='ocrx_word' id='word_1_240' title='bbox 1043 2098 1321 2164; x_wconf 88' lang='lat' dir='ltr'><strong>Cadolum,</strong></span> <span class='ocrx_word' id='word_1_241' title='bbox 1344 2101 1520 2157; x_wconf 90' lang='lat' dir='ltr'><strong>virum</strong></span> <span class='ocrx_word' id='word_1_242' title='bbox 1547 2102 1688 2157; x_wconf 88' lang='lat' dir='ltr'><strong>divi-</strong></span> 
     </span>
    </p>
   </div>
   <div class='ocr_carea' id='block_1_36' title="bbox 135 2176 1691 2263">
    <p class='ocr_par' dir='ltr' id='par_1_36' title="bbox 135 2176 1691 2263">
     <span class='ocr_line' id='line_1_36' title="bbox 135 2176 1691 2263; baseline 0.012 -32"><span class='ocrx_word' id='word_1_243' title='bbox 135 2176 209 2231; x_wconf 87' lang='lat' dir='ltr'><strong>tiis</strong></span> <span class='ocrx_word' id='word_1_244' title='bbox 256 2177 594 2249; x_wconf 85' lang='lat' dir='ltr'><strong>locupletem,</strong></span> <span class='ocrx_word' id='word_1_245' title='bbox 654 2185 947 2247; x_wconf 85' lang='lat' dir='ltr'><strong>virtutibus</strong></span> <span class='ocrx_word' id='word_1_246' title='bbox 1000 2202 1261 2259; x_wconf 88' lang='lat' dir='ltr'><strong>egenum;</strong></span> <span class='ocrx_word' id='word_1_247' title='bbox 1309 2192 1399 2260; x_wconf 89' lang='lat' dir='ltr'><strong>qui</strong></span> <span class='ocrx_word' id='word_1_248' title='bbox 1456 2193 1691 2263; x_wconf 73' lang='lat' dir='ltr'><strong>stipatus</strong></span> 
     </span>
    </p>
   </div>
   <div class='ocr_carea' id='block_1_37' title="bbox 136 2266 1691 2347">
    <p class='ocr_par' dir='ltr' id='par_1_37' title="bbox 136 2266 1691 2347">
     <span class='ocr_line' id='line_1_37' title="bbox 136 2266 1691 2347; baseline 0.013 -28"><span class='ocrx_word' id='word_1_249' title='bbox 136 2266 295 2323; x_wconf 89' lang='lat' dir='ltr'><strong>multis</strong></span> <span class='ocrx_word' id='word_1_250' title='bbox 320 2270 583 2329; x_wconf 86' lang='lat' dir='ltr'><strong>militibus</strong></span> <span class='ocrx_word' id='word_1_251' title='bbox 613 2273 836 2331; x_wconf 87' lang='lat' dir='ltr'><strong>intravit</strong></span> <span class='ocrx_word' id='word_1_252' title='bbox 872 2276 1298 2347; x_wconf 86' lang='lat' dir='ltr'><strong>Longobardiam</strong></span> <span class='ocrx_word' id='word_1_253' title='bbox 1349 2281 1556 2337; x_wconf 86' lang='lat' dir='ltr'><strong>habens</strong></span> <span class='ocrx_word' id='word_1_254' title='bbox 1600 2298 1691 2338; x_wconf 83' lang='lat' dir='ltr'><strong>se-</strong></span> 
     </span>
    </p>
   </div>
   <div class='ocr_carea' id='block_1_38' title="bbox 135 2360 1689 2443">
    <p class='ocr_par' dir='ltr' id='par_1_38' title="bbox 135 2360 1689 2443">
     <span class='ocr_line' id='line_1_38' title="bbox 135 2360 1689 2443; baseline 0.014 -32"><span class='ocrx_word' id='word_1_255' title='bbox 135 2372 236 2413; x_wconf 88' lang='lat' dir='ltr'><strong>cum</strong></span> <span class='ocrx_word' id='word_1_256' title='bbox 259 2360 307 2415; x_wconf 91' lang='lat' dir='ltr'><strong>in</strong></span> <span class='ocrx_word' id='word_1_257' title='bbox 335 2365 597 2421; x_wconf 91' lang='lat' dir='ltr'><strong>comitatu</strong></span> <span class='ocrx_word' id='word_1_258' title='bbox 626 2366 944 2425; x_wconf 87' lang='lat' dir='ltr'><strong>Ccrvicosos</strong></span> <span class='ocrx_word' id='word_1_259' title='bbox 989 2370 1274 2441; x_wconf 88' lang='lat' dir='ltr'><strong>episcopos</strong></span> <span class='ocrx_word' id='word_1_260' title='bbox 1297 2371 1689 2443; x_wconf 69' lang='lat' dir='ltr'><strong>Longobardiaa</strong></span> 
     </span>
    </p>
   </div>
   <div class='ocr_carea' id='block_1_39' title="bbox 136 2451 1689 2529">
    <p class='ocr_par' dir='ltr' id='par_1_39' title="bbox 136 2451 1689 2529">
     <span class='ocr_line' id='line_1_39' title="bbox 136 2451 1689 2529; baseline 0.012 -25"><span class='ocrx_word' id='word_1_261' title='bbox 136 2451 407 2519; x_wconf 77' lang='lat' dir='ltr'><strong>nescientes</strong></span> <span class='ocrx_word' id='word_1_262' title='bbox 436 2471 607 2511; x_wconf 87' lang='lat' dir='ltr'><strong>suave</strong></span> <span class='ocrx_word' id='word_1_263' title='bbox 643 2458 828 2529; x_wconf 84' lang='lat' dir='ltr'><strong>jugutu</strong></span> <span class='ocrx_word' id='word_1_264' title='bbox 871 2460 1083 2517; x_wconf 91' lang='lat' dir='ltr'><strong>Domini</strong></span> <span class='ocrx_word' id='word_1_265' title='bbox 1125 2462 1286 2519; x_wconf 87' lang='lat' dir='ltr'><strong>ferre.</strong></span> <span class='ocrx_word' id='word_1_266' title='bbox 1326 2463 1477 2521; x_wconf 90' lang='lat' dir='ltr'><strong>Tunc</strong></span> <span class='ocrx_word' id='word_1_267' title='bbox 1508 2466 1689 2523; x_wconf 89' lang='lat' dir='ltr'><strong>Simo-</strong></span> 
     </span>
    </p>
   </div>
   <div class='ocr_carea' id='block_1_40' title="bbox 135 2535 1686 2615">
    <p class='ocr_par' dir='ltr' id='par_1_40' title="bbox 135 2535 1686 2615">
     <span class='ocr_line' id='line_1_40' title="bbox 135 2535 1686 2615; baseline 0.014 -21"><span class='ocrx_word' id='word_1_268' title='bbox 135 2541 253 2597; x_wconf 87' lang='lat' dir='ltr'><strong>niaci</strong></span> <span class='ocrx_word' id='word_1_269' title='bbox 284 2535 625 2602; x_wconf 67' lang='lat' dir='ltr'><strong>laetabantur.</strong></span> <span class='ocrx_word' id='word_1_270' title='bbox 676 2547 1031 2607; x_wconf 87' lang='lat' dir='ltr'><strong>Concubinati</strong></span> <span class='ocrx_word' id='word_1_271' title='bbox 1075 2570 1203 2611; x_wconf 86' lang='lat' dir='ltr'><strong>vero</strong></span> <span class='ocrx_word' id='word_1_272' title='bbox 1260 2558 1568 2615; x_wconf 88' lang='lat' dir='ltr'><strong>sacerdotes</strong></span> <span class='ocrx_word' id='word_1_273' title='bbox 1613 2561 1686 2615; x_wconf 90' lang='lat' dir='ltr'><strong>iu-</strong></span> 
     </span>
    </p>
   </div>
   <div class='ocr_carea' id='block_1_41' title="bbox 136 2632 1684 2717">
    <p class='ocr_par' dir='ltr' id='par_1_41' title="bbox 136 2632 1684 2717">
     <span class='ocr_line' id='line_1_41' title="bbox 136 2632 1684 2717; baseline 0.015 -33"><span class='ocrx_word' id='word_1_274' title='bbox 136 2632 869 2709; x_wconf 78' lang='lat' dir='ltr'><strong>gentiexsultabauttripudio.</strong></span> <span class='ocrx_word' id='word_1_275' title='bbox 903 2642 1007 2699; x_wconf 92' lang='lat' dir='ltr'><strong>Sed</strong></span> <span class='ocrx_word' id='word_1_276' title='bbox 1030 2646 1158 2716; x_wconf 90' lang='lat' dir='ltr'><strong>quid</strong></span> <span class='ocrx_word' id='word_1_277' title='bbox 1180 2647 1354 2717; x_wconf 88' lang='lat' dir='ltr'><strong>plura.</strong></span> <span class='ocrx_word' id='word_1_278' title='bbox 1379 2649 1684 2707; x_wconf 89' lang='lat' dir='ltr'><strong>Secundum</strong></span> 
     </span>
    </p>
   </div>
   <div class='ocr_carea' id='block_1_42' title="bbox 134 2727 1686 2799">
    <p class='ocr_par' dir='ltr' id='par_1_42' title="bbox 134 2727 1686 2799">
     <span class='ocr_line' id='line_1_42' title="bbox 134 2727 1686 2799; baseline 0.015 -25"><span class='ocrx_word' id='word_1_279' title='bbox 134 2727 467 2796; x_wconf 80' lang='lat' dir='ltr'><strong>evangelicum</strong></span> <span class='ocrx_word' id='word_1_280' title='bbox 496 2730 725 2785; x_wconf 89' lang='lat' dir='ltr'><strong>verbum</strong></span> <span class='ocrx_word' id='word_1_281' title='bbox 739 2734 918 2789; x_wconf 91' lang='lat' dir='ltr'><strong>omnis</strong></span> <span class='ocrx_word' id='word_1_282' title='bbox 947 2736 1236 2793; x_wconf 82' lang='lat' dir='ltr'><strong>exsultatio</strong></span> <span class='ocrx_word' id='word_1_283' title='bbox 1267 2740 1492 2796; x_wconf 86' lang='lat' dir='ltr'><strong>istorum</strong></span> <span class='ocrx_word' id='word_1_284' title='bbox 1527 2744 1686 2799; x_wconf 91' lang='lat' dir='ltr'><strong>unius</strong></span> 
     </span>
    </p>
   </div>
   <div class='ocr_carea' id='block_1_43' title="bbox 136 2814 1686 2900">
    <p class='ocr_par' dir='ltr' id='par_1_43' title="bbox 136 2814 1686 2900">
     <span class='ocr_line' id='line_1_43' title="bbox 136 2814 1686 2900; baseline 0.015 -32"><span class='ocrx_word' id='word_1_285' title='bbox 136 2814 803 2883; x_wconf 80' lang='lat' dir='ltr'><strong>tnulieris&#39;contradictionc</strong></span> <span class='ocrx_word' id='word_1_286' title='bbox 833 2835 990 2881; x_wconf 75' lang='lat' dir='ltr'><strong>term:</strong></span> <span class='ocrx_word' id='word_1_287' title='bbox 1024 2838 1292 2898; x_wconf 89' lang='lat' dir='ltr'><strong>prostrata</strong></span> <span class='ocrx_word' id='word_1_288' title='bbox 1328 2842 1434 2900; x_wconf 88' lang='lat' dir='ltr'><strong>est,</strong></span> <span class='ocrx_word' id='word_1_289' title='bbox 1479 2844 1686 2892; x_wconf 88' lang='lat' dir='ltr'><strong>tantus-</strong></span> 
     </span>
    </p>
   </div>
   <div class='ocr_carea' id='block_1_44' title="bbox 136 2913 1684 2985">
    <p class='ocr_par' dir='ltr' id='par_1_44' title="bbox 136 2913 1684 2985">
     <span class='ocr_line' id='line_1_44' title="bbox 136 2913 1684 2985; baseline 0.017 -29"><span class='ocrx_word' id='word_1_290' title='bbox 136 2918 220 2973; x_wconf 88' lang='lat' dir='ltr'><strong>que</strong></span> <span class='ocrx_word' id='word_1_291' title='bbox 245 2913 597 2978; x_wconf 87' lang='lat' dir='ltr'><strong>superborum</strong></span> <span class='ocrx_word' id='word_1_292' title='bbox 646 2924 960 2985; x_wconf 86' lang='lat' dir='ltr'><strong>potentatus</strong></span> <span class='ocrx_word' id='word_1_293' title='bbox 988 2919 1100 2973; x_wconf 88' lang='lat' dir='ltr'><strong>sola</strong></span> <span class='ocrx_word' id='word_1_294' title='bbox 1156 2919 1404 2978; x_wconf 87' lang='lat' dir='ltr'><strong>Beatrice</strong></span> <span class='ocrx_word' id='word_1_295' title='bbox 1453 2925 1684 2981; x_wconf 85' lang='lat' dir='ltr'><strong>interdi-</strong></span> 
     </span>
    </p>
   </div>
   <div class='ocr_carea' id='block_1_45' title="bbox 138 3002 1684 3088">
    <p class='ocr_par' dir='ltr' id='par_1_45' title="bbox 138 3002 1684 3088">
     <span class='ocr_line' id='line_1_45' title="bbox 138 3002 1684 3088; baseline 0.014 -37"><span class='ocrx_word' id='word_1_296' title='bbox 138 3005 265 3052; x_wconf 85' lang='lat' dir='ltr'><strong>ccnte</strong></span> <span class='ocrx_word' id='word_1_297' title='bbox 316 3002 455 3059; x_wconf 87' lang='lat' dir='ltr'><strong>velut</strong></span> <span class='ocrx_word' id='word_1_298' title='bbox 513 3005 697 3063; x_wconf 90' lang='lat' dir='ltr'><strong>fumus</strong></span> <span class='ocrx_word' id='word_1_299' title='bbox 750 3010 1001 3077; x_wconf 87' lang='lat' dir='ltr'><strong>evanuit;</strong></span> <span class='ocrx_word' id='word_1_300' title='bbox 1060 3012 1155 3067; x_wconf 88' lang='lat' dir='ltr'><strong>sed</strong></span> <span class='ocrx_word' id='word_1_301' title='bbox 1212 3028 1316 3069; x_wconf 86' lang='lat' dir='ltr'><strong>non</strong></span> <span class='ocrx_word' id='word_1_302' title='bbox 1373 3015 1533 3088; x_wconf 86' lang='lat' dir='ltr'><strong>longo</strong></span> <span class='ocrx_word' id='word_1_303' title='bbox 1564 3027 1684 3088; x_wconf 86' lang='lat' dir='ltr'><strong>p0$t</strong></span> 
     </span>
    </p>
   </div>
   <div class='ocr_carea' id='block_1_46' title="bbox 137 3092 1680 3174">
    <p class='ocr_par' dir='ltr' id='par_1_46' title="bbox 137 3092 1680 3174">
     <span class='ocr_line' id='line_1_46' title="bbox 137 3092 1680 3174; baseline 0.016 -36"><span class='ocrx_word' id='word_1_304' title='bbox 137 3092 341 3158; x_wconf 88' lang='lat' dir='ltr'><strong>tempore</strong></span> <span class='ocrx_word' id='word_1_305' title='bbox 384 3096 647 3164; x_wconf 67' lang='lat' dir='ltr'><strong>praefatus</strong></span> <span class='ocrx_word' id='word_1_306' title='bbox 689 3096 922 3155; x_wconf 86' lang='lat' dir='ltr'><strong>Cadolus</strong></span> <span class='ocrx_word' id='word_1_307' title='bbox 952 3101 1137 3158; x_wconf 89' lang='lat' dir='ltr'><strong>furtim</strong></span> <span class='ocrx_word' id='word_1_308' title='bbox 1177 3102 1473 3159; x_wconf 84' lang='lat' dir='ltr'><strong>Bononiam</strong></span> <span class='ocrx_word' id='word_1_309' title='bbox 1514 3108 1680 3174; x_wconf 82' lang='lat' dir='ltr'><strong>venit,</strong></span> 
     </span>
    </p>
   </div>
   <div class='ocr_carea' id='block_1_47' title="bbox 140 3172 1755 3269">
    <p class='ocr_par' dir='ltr' id='par_1_47' title="bbox 140 3172 1755 3269">
     <span class='ocr_line' id='line_1_47' title="bbox 140 3172 1755 3269; baseline 0.016 -38"><span class='ocrx_word' id='word_1_310' title='bbox 140 3176 183 3243; x_wconf 84' lang='lat' dir='ltr'><strong>in</strong></span> <span class='ocrx_word' id='word_1_311' title='bbox 214 3196 303 3251; x_wconf 86' lang='lat' dir='ltr'><strong>qua</strong></span> <span class='ocrx_word' id='word_1_312' title='bbox 339 3201 460 3244; x_wconf 88' lang='lat' dir='ltr'><strong>suos</strong></span> <span class='ocrx_word' id='word_1_313' title='bbox 485 3192 797 3262; x_wconf 86' lang='lat' dir='ltr'><strong>expectavit</strong></span> <span class='ocrx_word' id='word_1_314' title='bbox 824 3193 1047 3264; x_wconf 80' lang='lat' dir='ltr'><strong>milites,</strong></span> <span class='ocrx_word' id='word_1_315' title='bbox 1071 3197 1266 3267; x_wconf 85' lang='lat' dir='ltr'><strong>quibus</strong></span> <span class='ocrx_word' id='word_1_316' title='bbox 1307 3199 1540 3269; x_wconf 87' lang='lat' dir='ltr'><strong>receptis</strong></span> <span class='ocrx_word' id='word_1_317' title='bbox 1583 3172 1684 3255; x_wconf 12' lang='lat' dir='ltr'><strong>Rov-</strong></span> <span class='ocrx_word' id='word_1_318' title='bbox 1710 3172 1755 3234; x_wconf 60' lang='grc' dir='ltr'><strong>(ἶ</strong></span> 
     </span>
    </p>
   </div>
   <div class='ocr_carea' id='block_1_48' title="bbox 139 3280 1682 3362">
    <p class='ocr_par' dir='ltr' id='par_1_48' title="bbox 139 3280 1682 3362">
     <span class='ocr_line' id='line_1_48' title="bbox 139 3280 1682 3362; baseline 0.014 -34"><span class='ocrx_word' id='word_1_319' title='bbox 139 3284 255 3339; x_wconf 77' lang='lat' dir='ltr'><strong>mam</strong></span> <span class='ocrx_word' id='word_1_320' title='bbox 284 3280 462 3348; x_wconf 89' lang='lat' dir='ltr'><strong>tendit,</strong></span> <span class='ocrx_word' id='word_1_321' title='bbox 494 3292 727 3355; x_wconf 84' lang='lat' dir='ltr'><strong>portans</strong></span> <span class='ocrx_word' id='word_1_322' title='bbox 757 3300 941 3341; x_wconf 89' lang='lat' dir='ltr'><strong>secum</strong></span> <span class='ocrx_word' id='word_1_323' title='bbox 971 3287 1204 3357; x_wconf 86' lang='lat' dir='ltr'><strong>ingentia</strong></span> <span class='ocrx_word' id='word_1_324' title='bbox 1234 3291 1352 3346; x_wconf 90' lang='lat' dir='ltr'><strong>auri</strong></span> <span class='ocrx_word' id='word_1_325' title='bbox 1379 3301 1434 3346; x_wconf 90' lang='lat' dir='ltr'><strong>et</strong></span> <span class='ocrx_word' id='word_1_326' title='bbox 1465 3294 1682 3362; x_wconf 80' lang='lat' dir='ltr'><strong>argenti</strong></span> 
     </span>
    </p>
   </div>
   <div class='ocr_carea' id='block_1_49' title="bbox 140 3369 1686 3456">
    <p class='ocr_par' dir='ltr' id='par_1_49' title="bbox 140 3369 1686 3456">
     <span class='ocr_line' id='line_1_49' title="bbox 140 3369 1686 3456; baseline 0.014 -35"><span class='ocrx_word' id='word_1_327' title='bbox 140 3369 359 3436; x_wconf 84' lang='lat' dir='ltr'><strong>pondera.</strong></span> <span class='ocrx_word' id='word_1_328' title='bbox 384 3373 486 3431; x_wconf 84' lang='lat' dir='ltr'><strong>Sed</strong></span> <span class='ocrx_word' id='word_1_329' title='bbox 520 3386 651 3435; x_wconf 90' lang='lat' dir='ltr'><strong>tunc</strong></span> <span class='ocrx_word' id='word_1_330' title='bbox 695 3394 800 3434; x_wconf 88' lang='lat' dir='ltr'><strong>non</strong></span> <span class='ocrx_word' id='word_1_331' title='bbox 831 3379 1050 3436; x_wconf 78' lang='lat' dir='ltr'><strong>defuere</strong></span> <span class='ocrx_word' id='word_1_332' title='bbox 1074 3380 1258 3450; x_wconf 62' lang='lat' dir='ltr'><strong>Romae</strong></span> <span class='ocrx_word' id='word_1_333' title='bbox 1291 3385 1390 3440; x_wconf 90' lang='lat' dir='ltr'><strong>viri</strong></span> <span class='ocrx_word' id='word_1_334' title='bbox 1434 3385 1686 3456; x_wconf 81' lang='lat' dir='ltr'><strong>pestilen-</strong></span> 
     </span>
    </p>
   </div>
   <div class='ocr_carea' id='block_1_50' title="bbox 140 3463 1685 3544">
    <p class='ocr_par' dir='ltr' id='par_1_50' title="bbox 140 3463 1685 3544">
     <span class='ocr_line' id='line_1_50' title="bbox 140 3463 1685 3544; baseline 0.015 -36"><span class='ocrx_word' id='word_1_335' title='bbox 140 3463 224 3519; x_wconf 82' lang='lat' dir='ltr'><strong>tes,</strong></span> <span class='ocrx_word' id='word_1_336' title='bbox 250 3472 478 3520; x_wconf 88' lang='lat' dir='ltr'><strong>amantes</strong></span> <span class='ocrx_word' id='word_1_337' title='bbox 510 3468 861 3538; x_wconf 87' lang='lat' dir='ltr'><strong>semetipsos,</strong></span> <span class='ocrx_word' id='word_1_338' title='bbox 906 3469 1056 3524; x_wconf 91' lang='lat' dir='ltr'><strong>avari</strong></span> <span class='ocrx_word' id='word_1_339' title='bbox 1083 3479 1136 3525; x_wconf 90' lang='lat' dir='ltr'><strong>et</strong></span> <span class='ocrx_word' id='word_1_340' title='bbox 1181 3474 1388 3544; x_wconf 85' lang='lat' dir='ltr'><strong>cupidi,</strong></span> <span class='ocrx_word' id='word_1_341' title='bbox 1423 3476 1512 3544; x_wconf 90' lang='lat' dir='ltr'><strong>qui</strong></span> <span class='ocrx_word' id='word_1_342' title='bbox 1546 3476 1594 3530; x_wconf 89' lang='lat' dir='ltr'><strong>ei</strong></span> <span class='ocrx_word' id='word_1_343' title='bbox 1625 3492 1685 3532; x_wconf 88' lang='lat' dir='ltr'><strong>se</strong></span> 
     </span>
    </p>
   </div>
   <div class='ocr_carea' id='block_1_51' title="bbox 140 3547 1683 3633">
    <p class='ocr_par' dir='ltr' id='par_1_51' title="bbox 140 3547 1683 3633">
     <span class='ocr_line' id='line_1_51' title="bbox 140 3547 1683 3633; baseline 0.017 -35"><span class='ocrx_word' id='word_1_344' title='bbox 140 3547 449 3620; x_wconf 77' lang='lat' dir='ltr'><strong>coniunxere,</strong></span> <span class='ocrx_word' id='word_1_345' title='bbox 470 3556 616 3612; x_wconf 91' lang='lat' dir='ltr'><strong>inter</strong></span> <span class='ocrx_word' id='word_1_346' title='bbox 644 3574 779 3629; x_wconf 89' lang='lat' dir='ltr'><strong>quos</strong></span> <span class='ocrx_word' id='word_1_347' title='bbox 802 3567 857 3613; x_wconf 90' lang='lat' dir='ltr'><strong>et</strong></span> <span class='ocrx_word' id='word_1_348' title='bbox 881 3558 1112 3615; x_wconf 81' lang='lat' dir='ltr'><strong>Romani</strong></span> <span class='ocrx_word' id='word_1_349' title='bbox 1137 3562 1405 3633; x_wconf 86' lang='lat' dir='ltr'><strong>capitauei</strong></span> <span class='ocrx_word' id='word_1_350' title='bbox 1442 3564 1683 3624; x_wconf 81' lang='lat' dir='ltr'><strong>volentes</strong></span> 
     </span>
    </p>
   </div>
   <div class='ocr_carea' id='block_1_52' title="bbox 142 3637 1682 3726">
    <p class='ocr_par' dir='ltr' id='par_1_52' title="bbox 142 3637 1682 3726">
     <span class='ocr_line' id='line_1_52' title="bbox 142 3637 1682 3726; baseline 0.009 -25"><span class='ocrx_word' id='word_1_351' title='bbox 142 3637 396 3701; x_wconf 65' lang='lat' dir='ltr'><strong>Romanam</strong></span> <span class='ocrx_word' id='word_1_352' title='bbox 423 3650 614 3707; x_wconf 90' lang='lat' dir='ltr'><strong>urbem</strong></span> <span class='ocrx_word' id='word_1_353' title='bbox 641 3652 947 3722; x_wconf 88' lang='lat' dir='ltr'><strong>opprimere</strong></span> <span class='ocrx_word' id='word_1_354' title='bbox 977 3662 1031 3707; x_wconf 88' lang='lat' dir='ltr'><strong>et</strong></span> <span class='ocrx_word' id='word_1_355' title='bbox 1058 3652 1159 3709; x_wconf 90' lang='lat' dir='ltr'><strong>sub</strong></span> <span class='ocrx_word' id='word_1_356' title='bbox 1184 3663 1502 3726; x_wconf 87' lang='lat' dir='ltr'><strong>potestatem</strong></span> <span class='ocrx_word' id='word_1_357' title='bbox 1528 3674 1682 3715; x_wconf 90' lang='lat' dir='ltr'><strong>suam</strong></span> 
     </span>
    </p>
   </div>
   <div class='ocr_carea' id='block_1_53' title="bbox 141 3738 797 3815">
    <p class='ocr_par' dir='ltr' id='par_1_53' title="bbox 141 3738 797 3815">
     <span class='ocr_line' id='line_1_53' title="bbox 141 3738 797 3815; baseline 0.024 -31"><span class='ocrx_word' id='word_1_358' title='bbox 141 3742 187 3803; x_wconf 79' lang='lat' dir='ltr'><strong>ut</strong></span> <span class='ocrx_word' id='word_1_359' title='bbox 217 3738 492 3811; x_wconf 52' lang='lat' dir='ltr'><strong>antiquitus</strong></span> <span class='ocrx_word' id='word_1_360' title='bbox 534 3745 797 3815; x_wconf 79' lang='lat' dir='ltr'><strong>redigere.</strong></span> 
     </span>
    </p>
   </div>
   <div class='ocr_carea' id='block_1_54' title="bbox 198 3828 1681 3911">
    <p class='ocr_par' dir='ltr' id='par_1_54' title="bbox 198 3828 1681 3911">
     <span class='ocr_line' id='line_1_54' title="bbox 198 3828 1681 3911; baseline 0.012 -30"><span class='ocrx_word' id='word_1_361' title='bbox 198 3828 381 3890; x_wconf 86' lang='lat' dir='ltr'><strong>interea</strong></span> <span class='ocrx_word' id='word_1_362' title='bbox 410 3838 517 3894; x_wconf 86' lang='lat' dir='ltr'><strong>Deo</strong></span> <span class='ocrx_word' id='word_1_363' title='bbox 559 3840 776 3895; x_wconf 88' lang='lat' dir='ltr'><strong>odibilis</strong></span> <span class='ocrx_word' id='word_1_364' title='bbox 806 3840 896 3897; x_wconf 92' lang='lat' dir='ltr'><strong>ille</strong></span> <span class='ocrx_word' id='word_1_365' title='bbox 940 3841 992 3895; x_wconf 92' lang='lat' dir='ltr'><strong>in</strong></span> <span class='ocrx_word' id='word_1_366' title='bbox 1044 3850 1203 3911; x_wconf 87' lang='lat' dir='ltr'><strong>prato</strong></span> <span class='ocrx_word' id='word_1_367' title='bbox 1245 3840 1470 3897; x_wconf 80' lang='lat' dir='ltr'><strong>Neronis</strong></span> <span class='ocrx_word' id='word_1_368' title='bbox 1501 3856 1681 3899; x_wconf 87' lang='lat' dir='ltr'><strong>castra</strong></span> 
     </span>
    </p>
   </div>
   <div class='ocr_carea' id='block_1_55' title="bbox 142 3931 1681 4004">
    <p class='ocr_par' dir='ltr' id='par_1_55' title="bbox 142 3931 1681 4004">
     <span class='ocr_line' id='line_1_55' title="bbox 142 3931 1681 4004; baseline 0.014 -33"><span class='ocrx_word' id='word_1_369' title='bbox 142 3931 339 3980; x_wconf 5' lang='lat' dir='ltr'><strong>tenetaius</strong></span> <span class='ocrx_word' id='word_1_370' title='bbox 362 3939 459 3994; x_wconf 90' lang='lat' dir='ltr'><strong>est,</strong></span> <span class='ocrx_word' id='word_1_371' title='bbox 491 3931 811 4001; x_wconf 86' lang='lat' dir='ltr'><strong>occultoque</strong></span> <span class='ocrx_word' id='word_1_372' title='bbox 844 3932 937 3988; x_wconf 88' lang='lat' dir='ltr'><strong>Dei</strong></span> <span class='ocrx_word' id='word_1_373' title='bbox 970 3933 1176 4004; x_wconf 77' lang='lat' dir='ltr'><strong>judicio</strong></span> <span class='ocrx_word' id='word_1_374' title='bbox 1221 3934 1361 3990; x_wconf 89' lang='lat' dir='ltr'><strong>bello</strong></span> <span class='ocrx_word' id='word_1_375' title='bbox 1391 3938 1681 3992; x_wconf 90' lang='lat' dir='ltr'><strong>conuuisso</strong></span> 
     </span>
    </p>
   </div>
   <div class='ocr_carea' id='block_1_56' title="bbox 142 4007 1677 4096">
    <p class='ocr_par' dir='ltr' id='par_1_56' title="bbox 142 4007 1677 4096">
     <span class='ocr_line' id='line_1_56' title="bbox 142 4007 1677 4096; baseline 0.018 -40"><span class='ocrx_word' id='word_1_376' title='bbox 142 4007 287 4065; x_wconf 85' lang='lat' dir='ltr'><strong>vietor</strong></span> <span class='ocrx_word' id='word_1_377' title='bbox 325 4022 593 4087; x_wconf 85' lang='lat' dir='ltr'><strong>apparuit.</strong></span> <span class='ocrx_word' id='word_1_378' title='bbox 627 4021 753 4086; x_wconf 84' lang='lat' dir='ltr'><strong>Sed,</strong></span> <span class='ocrx_word' id='word_1_379' title='bbox 784 4038 817 4078; x_wconf 94' lang='grc' dir='ltr'><strong>ο</strong></span> <span class='ocrx_word' id='word_1_380' title='bbox 859 4023 1148 4080; x_wconf 85' lang='lat' dir='ltr'><strong>iueil&#39;abilis</strong></span> <span class='ocrx_word' id='word_1_381' title='bbox 1180 4026 1274 4081; x_wconf 92' lang='lat' dir='ltr'><strong>Dei</strong></span> <span class='ocrx_word' id='word_1_382' title='bbox 1315 4029 1677 4096; x_wconf 86' lang='lat' dir='ltr'><strong>providentia,</strong></span> 
     </span>
    </p>
   </div>
   <div class='ocr_carea' id='block_1_57' title="bbox 142 4101 1679 4191">
    <p class='ocr_par' dir='ltr' id='par_1_57' title="bbox 142 4101 1679 4191">
     <span class='ocr_line' id='line_1_57' title="bbox 142 4101 1679 4191; baseline 0.03 -42"><span class='ocrx_word' id='word_1_383' title='bbox 142 4112 167 4147; x_wconf 89' lang='grc' dir='ltr'>ο</span> <span class='ocrx_word' id='word_1_384' title='bbox 196 4101 311 4159; x_wconf 83' lang='lat' dir='ltr'><strong>mira</strong></span> <span class='ocrx_word' id='word_1_385' title='bbox 341 4106 426 4165; x_wconf 84' lang='lat' dir='ltr'><strong>Dei</strong></span> <span class='ocrx_word' id='word_1_386' title='bbox 451 4113 761 4180; x_wconf 87' lang='lat' dir='ltr'><strong>clementia,</strong></span> <span class='ocrx_word' id='word_1_387' title='bbox 803 4116 892 4186; x_wconf 87' lang='lat' dir='ltr'><strong>qui</strong></span> <span class='ocrx_word' id='word_1_388' title='bbox 923 4118 1096 4173; x_wconf 82' lang='lat' dir='ltr'><strong>victor</strong></span> <span class='ocrx_word' id='word_1_389' title='bbox 1120 4118 1350 4185; x_wconf 62' lang='lat' dir='ltr'><strong>exslilil,</strong></span> <span class='ocrx_word' id='word_1_390' title='bbox 1386 4110 1679 4191; x_wconf 68' lang='grc' dir='ltr'><strong>τιηιέτιιιαπη</strong></span> 
     </span>
    </p>
   </div>
   <div class='ocr_carea' id='block_1_58' title="bbox 143 4192 1682 4268">
    <p class='ocr_par' dir='ltr' id='par_1_58' title="bbox 143 4192 1682 4268">
     <span class='ocr_line' id='line_1_58' title="bbox 143 4192 1682 4268; baseline 0.018 -28"><span class='ocrx_word' id='word_1_391' title='bbox 143 4192 312 4263; x_wconf 80' lang='lat' dir='ltr'><strong>mensis</strong></span> <span class='ocrx_word' id='word_1_392' title='bbox 355 4213 493 4258; x_wconf 83' lang='lat' dir='ltr'><strong>esset</strong></span> <span class='ocrx_word' id='word_1_393' title='bbox 564 4213 869 4261; x_wconf 88' lang='lat' dir='ltr'><strong>transactus</strong></span> <span class='ocrx_word' id='word_1_394' title='bbox 914 4208 1165 4265; x_wconf 76' lang='lat' dir='ltr'><strong>veniente</strong></span> <span class='ocrx_word' id='word_1_395' title='bbox 1217 4210 1351 4266; x_wconf 86' lang='lat' dir='ltr'><strong>duce</strong></span> <span class='ocrx_word' id='word_1_396' title='bbox 1401 4210 1682 4268; x_wconf 86' lang='lat' dir='ltr'><strong>Gotel‘rido</strong></span> 
     </span>
    </p>
   </div>
   <div class='ocr_carea' id='block_1_59' title="bbox 142 4276 1679 4373">
    <p class='ocr_par' dir='ltr' id='par_1_59' title="bbox 142 4276 1679 4373">
     <span class='ocr_line' id='line_1_59' title="bbox 142 4276 1679 4373; baseline 0.016 -38"><span class='ocrx_word' id='word_1_397' title='bbox 142 4276 352 4373; x_wconf 55' lang='lat' dir='ltr'><strong>Romam,</strong></span> <span class='ocrx_word' id='word_1_398' title='bbox 386 4297 568 4352; x_wconf 83' lang='lat' dir='ltr'><strong>multis</strong></span> <span class='ocrx_word' id='word_1_399' title='bbox 598 4300 850 4368; x_wconf 88' lang='lat' dir='ltr'><strong>precibus</strong></span> <span class='ocrx_word' id='word_1_400' title='bbox 875 4309 931 4355; x_wconf 92' lang='lat' dir='ltr'><strong>et</strong></span> <span class='ocrx_word' id='word_1_401' title='bbox 960 4302 1263 4373; x_wconf 76' lang='lat' dir='ltr'><strong>magnificis</strong></span> <span class='ocrx_word' id='word_1_402' title='bbox 1311 4305 1467 4359; x_wconf 88' lang='lat' dir='ltr'><strong>donis</strong></span> <span class='ocrx_word' id='word_1_403' title='bbox 1504 4304 1679 4359; x_wconf 87' lang='lat' dir='ltr'><strong>cidem</strong></span> 
     </span>
    </p>
   </div>
   <div class='ocr_carea' id='block_1_60' title="bbox 143 4368 1677 4465">
    <p class='ocr_par' dir='ltr' id='par_1_60' title="bbox 143 4368 1677 4465">
     <span class='ocr_line' id='line_1_60' title="bbox 143 4368 1677 4465; baseline 0.018 -41"><span class='ocrx_word' id='word_1_404' title='bbox 143 4368 240 4437; x_wconf 67' lang='lat' dir='ltr'><strong>(luci</strong></span> <span class='ocrx_word' id='word_1_405' title='bbox 263 4380 456 4441; x_wconf 87' lang='lat' dir='ltr'><strong>collatis</strong></span> <span class='ocrx_word' id='word_1_406' title='bbox 478 4388 571 4443; x_wconf 84' lang='lat' dir='ltr'><strong>vix</strong></span> <span class='ocrx_word' id='word_1_407' title='bbox 598 4399 655 4444; x_wconf 92' lang='lat' dir='ltr'><strong>ut</strong></span> <span class='ocrx_word' id='word_1_408' title='bbox 679 4390 855 4447; x_wconf 82' lang='lat' dir='ltr'><strong>victus</strong></span> <span class='ocrx_word' id='word_1_409' title='bbox 872 4368 1193 4462; x_wconf 73' lang='lat' dir='ltr'><strong>discederet,</strong></span> <span class='ocrx_word' id='word_1_410' title='bbox 1224 4395 1550 4465; x_wconf 84' lang='lat' dir='ltr'><strong>impetravit.</strong></span> <span class='ocrx_word' id='word_1_411' title='bbox 1576 4395 1677 4464; x_wconf 87' lang='lat' dir='ltr'><strong>Qui</strong></span> 
     </span>
    </p>
   </div>
   <div class='ocr_carea' id='block_1_61' title="bbox 144 4466 1757 4576">
    <p class='ocr_par' dir='ltr' id='par_1_61' title="bbox 144 4466 1757 4576">
     <span class='ocr_line' id='line_1_61' title="bbox 144 4466 1757 4576; baseline 0.016 -57"><span class='ocrx_word' id='word_1_412' title='bbox 144 4466 328 4576; x_wconf 62' lang='lat' dir='ltr'><strong>:‘etticns</strong></span> <span class='ocrx_word' id='word_1_413' title='bbox 354 4474 605 4539; x_wconf 83' lang='lat' dir='ltr'><strong>Parmam</strong></span> <span class='ocrx_word' id='word_1_414' title='bbox 637 4483 701 4537; x_wconf 88' lang='lat' dir='ltr'><strong>ad</strong></span> <span class='ocrx_word' id='word_1_415' title='bbox 730 4483 995 4557; x_wconf 75' lang='lat' dir='ltr'><strong>ofﬁcinam</strong></span> <span class='ocrx_word' id='word_1_416' title='bbox 1024 4486 1203 4552; x_wconf 71' lang='lat' dir='ltr'><strong>szeculi</strong></span> <span class='ocrx_word' id='word_1_417' title='bbox 1235 4487 1536 4558; x_wconf 88' lang='lat' dir='ltr'><strong>iniquitatis</strong></span> <span class='ocrx_word' id='word_1_418' title='bbox 1573 4488 1679 4544; x_wconf 89' lang='lat' dir='ltr'><strong>coi-</strong></span> <span class='ocrx_word' id='word_1_419' title='bbox 1705 4517 1757 4576; x_wconf 70' lang='grc' dir='ltr'><strong>υ</strong></span> 
     </span>
    </p>
   </div>
   <div class='ocr_carea' id='block_1_62' title="bbox 143 4548 1675 4647">
    <p class='ocr_par' dir='ltr' id='par_1_62' title="bbox 143 4548 1675 4647">
     <span class='ocr_line' id='line_1_62' title="bbox 143 4548 1675 4647; baseline 0.01 -29"><span class='ocrx_word' id='word_1_420' title='bbox 143 4548 253 4647; x_wconf 44' lang='lat' dir='ltr'><strong>{ficta</strong></span> <span class='ocrx_word' id='word_1_421' title='bbox 283 4572 501 4631; x_wconf 87' lang='lat' dir='ltr'><strong>pecunia</strong></span> <span class='ocrx_word' id='word_1_422' title='bbox 539 4582 594 4628; x_wconf 91' lang='lat' dir='ltr'><strong>et</strong></span> <span class='ocrx_word' id='word_1_423' title='bbox 629 4583 902 4647; x_wconf 80' lang='lat' dir='ltr'><strong>transacto</strong></span> <span class='ocrx_word' id='word_1_424' title='bbox 937 4592 1079 4633; x_wconf 88' lang='lat' dir='ltr'><strong>anno</strong></span> <span class='ocrx_word' id='word_1_425' title='bbox 1127 4580 1342 4642; x_wconf 85' lang='lat' dir='ltr'><strong>occulte</strong></span> <span class='ocrx_word' id='word_1_426' title='bbox 1362 4580 1514 4647; x_wconf 83' lang='lat' dir='ltr'><strong>quasi</strong></span> <span class='ocrx_word' id='word_1_427' title='bbox 1566 4579 1675 4647; x_wconf 90' lang='lat' dir='ltr'><strong>fur,</strong></span> 
     </span>
    </p>
   </div>
   <div class='ocr_carea' id='block_1_63' title="bbox 142 4640 1679 4745">
    <p class='ocr_par' dir='ltr' id='par_1_63' title="bbox 142 4640 1679 4745">
     <span class='ocr_line' id='line_1_63' title="bbox 142 4640 1679 4745; baseline 0.014 -39"><span class='ocrx_word' id='word_1_428' title='bbox 142 4640 416 4745; x_wconf 57' lang='lat' dir='ltr'><strong>Bomattiant</strong></span> <span class='ocrx_word' id='word_1_429' title='bbox 435 4667 612 4744; x_wconf 61' lang='lat' dir='ltr'><strong>venit,</strong></span> <span class='ocrx_word' id='word_1_430' title='bbox 639 4668 819 4738; x_wconf 90' lang='lat' dir='ltr'><strong>ibique</strong></span> <span class='ocrx_word' id='word_1_431' title='bbox 843 4668 972 4734; x_wconf 49' lang='lat' dir='ltr'><strong>data,</strong></span> <span class='ocrx_word' id='word_1_432' title='bbox 992 4687 1182 4743; x_wconf 88' lang='lat' dir='ltr'><strong>magna</strong></span> <span class='ocrx_word' id='word_1_433' title='bbox 1212 4674 1437 4744; x_wconf 90' lang='lat' dir='ltr'><strong>pecunia</strong></span> <span class='ocrx_word' id='word_1_434' title='bbox 1463 4673 1679 4745; x_wconf 88' lang='lat' dir='ltr'><strong>collegit</strong></span> 
     </span>
    </p>
   </div>
   <div class='ocr_carea' id='block_1_64' title="bbox 142 4742 1675 4835">
    <p class='ocr_par' dir='ltr' id='par_1_64' title="bbox 142 4742 1675 4835">
     <span class='ocr_line' id='line_1_64' title="bbox 142 4742 1675 4835; baseline 0.016 -38"><span class='ocrx_word' id='word_1_435' title='bbox 142 4742 491 4835; x_wconf 77' lang='lat' dir='ltr'><strong>multitudinem</strong></span> <span class='ocrx_word' id='word_1_436' title='bbox 545 4742 788 4832; x_wconf 86' lang='lat' dir='ltr'><strong>equitum</strong></span> <span class='ocrx_word' id='word_1_437' title='bbox 845 4742 1225 4830; x_wconf 83' lang='lat' dir='ltr'><strong>adjuvantibus</strong></span> <span class='ocrx_word' id='word_1_438' title='bbox 1283 4742 1675 4835; x_wconf 36' lang='lat' dir='ltr'><strong>capitaneis&#39;el</strong></span> 
     </span>
    </p>
   </div>
   <div class='ocr_carea' id='block_1_65' title="bbox 142 4832 1676 4930">
    <p class='ocr_par' dir='ltr' id='par_1_65' title="bbox 142 4832 1676 4930">
     <span class='ocr_line' id='line_1_65' title="bbox 142 4832 1676 4930; baseline 0.01 -33"><span class='ocrx_word' id='word_1_439' title='bbox 142 4832 419 4930; x_wconf 61' lang='lat' dir='ltr'><strong>‘lllibusdam</strong></span> <span class='ocrx_word' id='word_1_440' title='bbox 449 4851 720 4921; x_wconf 78' lang='lat' dir='ltr'><strong>pestiferis</strong></span> <span class='ocrx_word' id='word_1_441' title='bbox 740 4851 1001 4909; x_wconf 78' lang='lat' dir='ltr'><strong>Romanis</strong></span> <span class='ocrx_word' id='word_1_442' title='bbox 1033 4864 1191 4910; x_wconf 91' lang='lat' dir='ltr'><strong>noctu</strong></span> <span class='ocrx_word' id='word_1_443' title='bbox 1219 4832 1492 4911; x_wconf 80' lang='lat' dir='ltr'><strong>civitatem</strong></span> <span class='ocrx_word' id='word_1_444' title='bbox 1537 4856 1676 4911; x_wconf 83' lang='lat' dir='ltr'><strong>Leo-</strong></span> 
     </span>
    </p>
   </div>
   <div class='ocr_carea' id='block_1_66' title="bbox 144 4931 1670 5010">
    <p class='ocr_par' dir='ltr' id='par_1_66' title="bbox 144 4931 1670 5010">
     <span class='ocr_line' id='line_1_66' title="bbox 144 4931 1670 5010; baseline 0.014 -31"><span class='ocrx_word' id='word_1_445' title='bbox 144 4931 321 4985; x_wconf 69' lang='lat' dir='ltr'><strong>lllanam</strong></span> <span class='ocrx_word' id='word_1_446' title='bbox 358 4936 593 5007; x_wconf 87' lang='lat' dir='ltr'><strong>intravit,</strong></span> <span class='ocrx_word' id='word_1_447' title='bbox 617 4950 672 4998; x_wconf 90' lang='lat' dir='ltr'><strong>et</strong></span> <span class='ocrx_word' id='word_1_448' title='bbox 699 4942 985 4998; x_wconf 90' lang='lat' dir='ltr'><strong>ecclesiam</strong></span> <span class='ocrx_word' id='word_1_449' title='bbox 1021 4944 1085 4999; x_wconf 91' lang='lat' dir='ltr'><strong>S.</strong></span> <span class='ocrx_word' id='word_1_450' title='bbox 1121 4943 1268 4999; x_wconf 90' lang='lat' dir='ltr'><strong>Petri</strong></span> <span class='ocrx_word' id='word_1_451' title='bbox 1301 4945 1525 5010; x_wconf 85' lang='lat' dir='ltr'><strong>invadit,</strong></span> <span class='ocrx_word' id='word_1_452' title='bbox 1556 4964 1670 4999; x_wconf 76' lang='lat' dir='ltr'><strong>ma-</strong></span> 
     </span>
    </p>
   </div>
   <div class='ocr_carea' id='block_1_67' title="bbox 143 5022 1673 5107">
    <p class='ocr_par' dir='ltr' id='par_1_67' title="bbox 143 5022 1673 5107">
     <span class='ocr_line' id='line_1_67' title="bbox 143 5022 1673 5107; baseline 0.005 -21"><span class='ocrx_word' id='word_1_453' title='bbox 143 5023 289 5086; x_wconf 61' lang='lat' dir='ltr'><strong>Wlllc</strong></span> <span class='ocrx_word' id='word_1_454' title='bbox 315 5022 451 5089; x_wconf 85' lang='lat' dir='ltr'><strong>facto</strong></span> <span class='ocrx_word' id='word_1_455' title='bbox 475 5040 651 5087; x_wconf 88' lang='lat' dir='ltr'><strong>tantus</strong></span> <span class='ocrx_word' id='word_1_456' title='bbox 683 5042 860 5088; x_wconf 91' lang='lat' dir='ltr'><strong>terror</strong></span> <span class='ocrx_word' id='word_1_457' title='bbox 889 5033 1103 5107; x_wconf 66' lang='lat' dir='ltr'><strong>caelitus</strong></span> <span class='ocrx_word' id='word_1_458' title='bbox 1132 5034 1349 5098; x_wconf 84' lang='lat' dir='ltr'><strong>milites,</strong></span> <span class='ocrx_word' id='word_1_459' title='bbox 1376 5037 1466 5105; x_wconf 90' lang='lat' dir='ltr'><strong>qui</strong></span> <span class='ocrx_word' id='word_1_460' title='bbox 1491 5051 1673 5093; x_wconf 82' lang='lat' dir='ltr'><strong>secum</strong></span> 
     </span>
    </p>
   </div>
   <div class='ocr_carea' id='block_1_68' title="bbox 146 5109 1676 5197">
    <p class='ocr_par' dir='ltr' id='par_1_68' title="bbox 146 5109 1676 5197">
     <span class='ocr_line' id='line_1_68' title="bbox 146 5109 1676 5197; baseline 0.011 -34"><span class='ocrx_word' id='word_1_461' title='bbox 146 5109 384 5197; x_wconf 59' lang='lat' dir='ltr'><strong>Yetlcrant,</strong></span> <span class='ocrx_word' id='word_1_462' title='bbox 408 5116 628 5187; x_wconf 90' lang='lat' dir='ltr'><strong>invadit,</strong></span> <span class='ocrx_word' id='word_1_463' title='bbox 652 5130 713 5177; x_wconf 93' lang='lat' dir='ltr'><strong>ut</strong></span> <span class='ocrx_word' id='word_1_464' title='bbox 736 5136 928 5178; x_wconf 89' lang='lat' dir='ltr'><strong>omnes</strong></span> <span class='ocrx_word' id='word_1_465' title='bbox 961 5122 1180 5197; x_wconf 85' lang='lat' dir='ltr'><strong>nemine</strong></span> <span class='ocrx_word' id='word_1_466' title='bbox 1206 5133 1432 5195; x_wconf 87' lang='lat' dir='ltr'><strong>cogente</strong></span> <span class='ocrx_word' id='word_1_467' title='bbox 1460 5125 1577 5180; x_wconf 92' lang='lat' dir='ltr'><strong>solo</strong></span> <span class='ocrx_word' id='word_1_468' title='bbox 1610 5140 1676 5180; x_wconf 90' lang='lat' dir='ltr'><strong>eo</strong></span> 
     </span>
    </p>
   </div>
   <div class='ocr_carea' id='block_1_69' title="bbox 148 5194 1677 5293">
    <p class='ocr_par' dir='ltr' id='par_1_69' title="bbox 148 5194 1677 5293">
     <span class='ocr_line' id='line_1_69' title="bbox 148 5194 1677 5293; baseline 0.014 -35"><span class='ocrx_word' id='word_1_469' title='bbox 148 5194 300 5293; x_wconf 48' lang='grc' dir='ltr'><strong>Ἰξιῖίειο</strong></span> <span class='ocrx_word' id='word_1_470' title='bbox 339 5208 388 5264; x_wconf 92' lang='lat' dir='ltr'><strong>in</strong></span> <span class='ocrx_word' id='word_1_471' title='bbox 429 5216 678 5283; x_wconf 88' lang='lat' dir='ltr'><strong>ecclesia,</strong></span> <span class='ocrx_word' id='word_1_472' title='bbox 730 5218 911 5288; x_wconf 86' lang='lat' dir='ltr'><strong>fugam</strong></span> <span class='ocrx_word' id='word_1_473' title='bbox 938 5219 1259 5288; x_wconf 84' lang='lat' dir='ltr'><strong>arriperent,</strong></span> <span class='ocrx_word' id='word_1_474' title='bbox 1294 5222 1408 5293; x_wconf 90' lang='lat' dir='ltr'><strong>qtti,</strong></span> <span class='ocrx_word' id='word_1_475' title='bbox 1451 5223 1677 5280; x_wconf 87' lang='lat' dir='ltr'><strong>consilio</strong></span> 
     </span>
    </p>
   </div>
   <div class='ocr_carea' id='block_1_70' title="bbox 149 5278 1677 5379">
    <p class='ocr_par' dir='ltr' id='par_1_70' title="bbox 149 5278 1677 5379">
     <span class='ocr_line' id='line_1_70' title="bbox 149 5278 1677 5379; baseline 0.019 -35"><span class='ocrx_word' id='word_1_476' title='bbox 149 5278 297 5379; x_wconf 41' lang='lat' dir='ltr'><strong>(‘lencii</strong></span> <span class='ocrx_word' id='word_1_477' title='bbox 338 5303 602 5374; x_wconf 79' lang='lat' dir='ltr'><strong>cujus-lam</strong></span> <span class='ocrx_word' id='word_1_478' title='bbox 649 5311 891 5379; x_wconf 86' lang='lat' dir='ltr'><strong>pestiferi</strong></span> <span class='ocrx_word' id='word_1_479' title='bbox 940 5310 1452 5379; x_wconf 86' lang='lat' dir='ltr'><strong>Romani,castrum</strong></span> <span class='ocrx_word' id='word_1_480' title='bbox 1491 5316 1677 5373; x_wconf 83' lang='lat' dir='ltr'><strong>Sancti</strong></span> 
     </span>
    </p>
   </div>
   <div class='ocr_carea' id='block_1_71' title="bbox 148 5370 1673 5475">
    <p class='ocr_par' dir='ltr' id='par_1_71' title="bbox 148 5370 1673 5475">
     <span class='ocr_line' id='line_1_71' title="bbox 148 5370 1673 5475; baseline 0.015 -36"><span class='ocrx_word' id='word_1_481' title='bbox 148 5370 302 5475; x_wconf 39' lang='lat' dir='ltr'><strong>tinge&quot;</strong></span> <span class='ocrx_word' id='word_1_482' title='bbox 330 5390 557 5462; x_wconf 88' lang='lat' dir='ltr'><strong>Intravit,</strong></span> <span class='ocrx_word' id='word_1_483' title='bbox 589 5370 769 5471; x_wconf 81' lang='lat' dir='ltr'><strong>ibique</strong></span> <span class='ocrx_word' id='word_1_484' title='bbox 794 5417 854 5458; x_wconf 92' lang='lat' dir='ltr'><strong>se</strong></span> <span class='ocrx_word' id='word_1_485' title='bbox 891 5387 1094 5458; x_wconf 86' lang='lat' dir='ltr'><strong>tutatus</strong></span> <span class='ocrx_word' id='word_1_486' title='bbox 1121 5416 1228 5458; x_wconf 91' lang='lat' dir='ltr'><strong>est.</strong></span> <span class='ocrx_word' id='word_1_487' title='bbox 1262 5404 1360 5458; x_wconf 89' lang='lat' dir='ltr'><strong>Cui</strong></span> <span class='ocrx_word' id='word_1_488' title='bbox 1398 5405 1451 5460; x_wconf 93' lang='lat' dir='ltr'><strong>in</strong></span> <span class='ocrx_word' id='word_1_489' title='bbox 1483 5406 1673 5462; x_wconf 84' lang='lat' dir='ltr'><strong>eodem</strong></span> 
     </span>
    </p>
   </div>
   <div class='ocr_carea' id='block_1_72' title="bbox 152 5472 1676 5564">
    <p class='ocr_par' dir='ltr' id='par_1_72' title="bbox 152 5472 1676 5564">
     <span class='ocr_line' id='line_1_72' title="bbox 152 5472 1676 5564; baseline 0.019 -41"><span class='ocrx_word' id='word_1_490' title='bbox 152 5472 297 5564; x_wconf 45' lang='grc' dir='ltr'><strong>ρδθυο</strong></span> <span class='ocrx_word' id='word_1_491' title='bbox 321 5493 408 5548; x_wconf 89' lang='lat' dir='ltr'><strong>per</strong></span> <span class='ocrx_word' id='word_1_492' title='bbox 433 5486 564 5559; x_wconf 91' lang='lat' dir='ltr'><strong>duos</strong></span> <span class='ocrx_word' id='word_1_493' title='bbox 599 5472 769 5547; x_wconf 87' lang='lat' dir='ltr'><strong>annos</strong></span> <span class='ocrx_word' id='word_1_494' title='bbox 797 5492 1018 5549; x_wconf 86' lang='lat' dir='ltr'><strong>obsesso</strong></span> <span class='ocrx_word' id='word_1_495' title='bbox 1039 5504 1162 5564; x_wconf 92' lang='lat' dir='ltr'><strong>post</strong></span> <span class='ocrx_word' id='word_1_496' title='bbox 1191 5493 1392 5549; x_wconf 90' lang='lat' dir='ltr'><strong>multas</strong></span> <span class='ocrx_word' id='word_1_497' title='bbox 1417 5504 1473 5550; x_wconf 91' lang='lat' dir='ltr'><strong>et</strong></span> <span class='ocrx_word' id='word_1_498' title='bbox 1495 5497 1676 5552; x_wconf 88' lang='lat' dir='ltr'><strong>varias</strong></span> 
     </span>
    </p>
   </div>
   <div class='ocr_carea' id='block_1_73' title="bbox 153 5557 1671 5656">
    <p class='ocr_par' dir='ltr' id='par_1_73' title="bbox 153 5557 1671 5656">
     <span class='ocr_line' id='line_1_73' title="bbox 153 5557 1671 5656; baseline 0.016 -34"><span class='ocrx_word' id='word_1_499' title='bbox 153 5557 459 5646; x_wconf 56' lang='lat' dir='ltr'><strong>LTillttmitates,</strong></span> <span class='ocrx_word' id='word_1_500' title='bbox 500 5597 634 5652; x_wconf 90' lang='lat' dir='ltr'><strong>quas</strong></span> <span class='ocrx_word' id='word_1_501' title='bbox 664 5583 797 5649; x_wconf 88' lang='lat' dir='ltr'><strong>inibi</strong></span> <span class='ocrx_word' id='word_1_502' title='bbox 818 5600 1006 5656; x_wconf 91' lang='lat' dir='ltr'><strong>passus</strong></span> <span class='ocrx_word' id='word_1_503' title='bbox 1027 5594 1134 5651; x_wconf 88' lang='lat' dir='ltr'><strong>est,</strong></span> <span class='ocrx_word' id='word_1_504' title='bbox 1163 5602 1270 5641; x_wconf 92' lang='lat' dir='ltr'><strong>non</strong></span> <span class='ocrx_word' id='word_1_505' title='bbox 1309 5596 1435 5642; x_wconf 89' lang='lat' dir='ltr'><strong>ante</strong></span> <span class='ocrx_word' id='word_1_506' title='bbox 1484 5589 1671 5647; x_wconf 88' lang='lat' dir='ltr'><strong>datum</strong></span> 
     </span>
    </p>
   </div>
   <div class='ocr_carea' id='block_1_74' title="bbox 156 5657 1671 5755">
    <p class='ocr_par' dir='ltr' id='par_1_74' title="bbox 156 5657 1671 5755">
     <span class='ocr_line' id='line_1_74' title="bbox 156 5657 1671 5755; baseline 0.017 -42"><span class='ocrx_word' id='word_1_507' title='bbox 156 5657 280 5755; x_wconf 64' lang='lat' dir='ltr'><strong>ei</strong></span> <span class='ocrx_word' id='word_1_508' title='bbox 307 5662 417 5725; x_wconf 87' lang='lat' dir='ltr'><strong>inde</strong></span> <span class='ocrx_word' id='word_1_509' title='bbox 439 5677 603 5745; x_wconf 80' lang='lat' dir='ltr'><strong>exire,</strong></span> <span class='ocrx_word' id='word_1_510' title='bbox 658 5693 820 5746; x_wconf 89' lang='lat' dir='ltr'><strong>quam</strong></span> <span class='ocrx_word' id='word_1_511' title='bbox 852 5677 921 5734; x_wconf 90' lang='lat' dir='ltr'><strong>ab</strong></span> <span class='ocrx_word' id='word_1_512' title='bbox 962 5679 1151 5734; x_wconf 90' lang='lat' dir='ltr'><strong>eodem</strong></span> <span class='ocrx_word' id='word_1_513' title='bbox 1179 5677 1383 5735; x_wconf 87' lang='lat' dir='ltr'><strong>Ceucio</strong></span> <span class='ocrx_word' id='word_1_514' title='bbox 1414 5683 1671 5739; x_wconf 89' lang='lat' dir='ltr'><strong>trecentis</strong></span> 
     </span>
    </p>
   </div>
   <div class='ocr_carea' id='block_1_75' title="bbox 158 5731 1672 5842">
    <p class='ocr_par' dir='ltr' id='par_1_75' title="bbox 158 5731 1672 5842">
     <span class='ocr_line' id='line_1_75' title="bbox 158 5731 1672 5842; baseline 0.019 -38"><span class='ocrx_word' id='word_1_515' title='bbox 158 5731 277 5811; x_wconf 51' lang='lat' dir='ltr'><strong>libris</strong></span> <span class='ocrx_word' id='word_1_516' title='bbox 302 5767 481 5829; x_wconf 72' lang='lat' dir='ltr'><strong>argenti</strong></span> <span class='ocrx_word' id='word_1_517' title='bbox 510 5785 565 5825; x_wconf 72' lang='lat' dir='ltr'><strong>se</strong></span> <span class='ocrx_word' id='word_1_518' title='bbox 594 5771 953 5842; x_wconf 70' lang='lat' dir='ltr'><strong>comparavit,</strong></span> <span class='ocrx_word' id='word_1_519' title='bbox 983 5788 1198 5841; x_wconf 89' lang='lat' dir='ltr'><strong>unoque</strong></span> <span class='ocrx_word' id='word_1_520' title='bbox 1244 5772 1498 5831; x_wconf 88' lang='lat' dir='ltr'><strong>clicntulu</strong></span> <span class='ocrx_word' id='word_1_521' title='bbox 1544 5791 1672 5832; x_wconf 85' lang='lat' dir='ltr'><strong>cou-</strong></span> 
     </span>
    </p>
   </div>
   <div class='ocr_carea' id='block_1_76' title="bbox 1794 1906 3383 1979">
    <p class='ocr_par' dir='ltr' id='par_1_76' title="bbox 1794 1906 3383 1979">
     <span class='ocr_line' id='line_1_76' title="bbox 1794 1906 3383 1979; baseline 0.001 -16"><span class='ocrx_word' id='word_1_522' title='bbox 1794 1906 2077 1963; x_wconf 85' lang='lat' dir='ltr'><strong>Annonem</strong></span> <span class='ocrx_word' id='word_1_523' title='bbox 2107 1906 2485 1965; x_wconf 87' lang='lat' dir='ltr'><strong>Coloniensem</strong></span> <span class='ocrx_word' id='word_1_524' title='bbox 2525 1906 2993 1978; x_wconf 85' lang='lat' dir='ltr'><strong>archiepiscopum</strong></span> <span class='ocrx_word' id='word_1_525' title='bbox 3024 1908 3168 1979; x_wconf 87' lang='lat' dir='ltr'><strong>regis</strong></span> <span class='ocrx_word' id='word_1_526' title='bbox 3209 1917 3265 1965; x_wconf 89' lang='lat' dir='ltr'><strong>et</strong></span> <span class='ocrx_word' id='word_1_527' title='bbox 3294 1922 3383 1964; x_wconf 85' lang='lat' dir='ltr'><strong>re-</strong></span> 
     </span>
    </p>
   </div>
   <div class='ocr_carea' id='block_1_77' title="bbox 1795 1998 3379 2073">
    <p class='ocr_par' dir='ltr' id='par_1_77' title="bbox 1795 1998 3379 2073">
     <span class='ocr_line' id='line_1_77' title="bbox 1795 1998 3379 2073; baseline 0.002 -19"><span class='ocrx_word' id='word_1_528' title='bbox 1795 2000 1934 2073; x_wconf 76' lang='lat' dir='ltr'><strong>gina:</strong></span> <span class='ocrx_word' id='word_1_529' title='bbox 1973 2008 2156 2056; x_wconf 91' lang='lat' dir='ltr'><strong>tenere</strong></span> <span class='ocrx_word' id='word_1_530' title='bbox 2185 1998 2568 2071; x_wconf 82' lang='lat' dir='ltr'><strong>gubernacula,</strong></span> <span class='ocrx_word' id='word_1_531' title='bbox 2594 1999 3030 2069; x_wconf 88' lang='lat' dir='ltr'><strong>deponentesque</strong></span> <span class='ocrx_word' id='word_1_532' title='bbox 3056 1998 3379 2057; x_wconf 84' lang='lat' dir='ltr'><strong>Guibertum</strong></span> 
     </span>
    </p>
   </div>
   <div class='ocr_carea' id='block_1_78' title="bbox 1794 2087 3383 2161">
    <p class='ocr_par' dir='ltr' id='par_1_78' title="bbox 1794 2087 3383 2161">
     <span class='ocr_line' id='line_1_78' title="bbox 1794 2087 3383 2161; baseline 0.003 -17"><span class='ocrx_word' id='word_1_533' title='bbox 1794 2088 1962 2144; x_wconf 89' lang='lat' dir='ltr'><strong>Italici</strong></span> <span class='ocrx_word' id='word_1_534' title='bbox 2014 2089 2162 2160; x_wconf 89' lang='lat' dir='ltr'><strong>regni</strong></span> <span class='ocrx_word' id='word_1_535' title='bbox 2214 2087 2538 2161; x_wconf 84' lang='lat' dir='ltr'><strong>Gregorium</strong></span> <span class='ocrx_word' id='word_1_536' title='bbox 2587 2087 2982 2145; x_wconf 83' lang='lat' dir='ltr'><strong>Vercellensem</strong></span> <span class='ocrx_word' id='word_1_537' title='bbox 3046 2090 3383 2149; x_wconf 86' lang='lat' dir='ltr'><strong>constituero</strong></span> 
     </span>
    </p>
   </div>
   <div class='ocr_carea' id='block_1_79' title="bbox 1794 2180 2201 2239">
    <p class='ocr_par' dir='ltr' id='par_1_79' title="bbox 1794 2180 2201 2239">
     <span class='ocr_line' id='line_1_79' title="bbox 1794 2180 2201 2239; baseline -0.007 0"><span class='ocrx_word' id='word_1_538' title='bbox 1794 2180 2201 2239; x_wconf 88' lang='lat' dir='ltr'><strong>cancellarium.</strong></span> 
     </span>
    </p>
   </div>
   <div class='ocr_carea' id='block_1_80' title="bbox 1863 2273 3381 2347">
    <p class='ocr_par' dir='ltr' id='par_1_80' title="bbox 1863 2273 3381 2347">
     <span class='ocr_line' id='line_1_80' title="bbox 1863 2273 3381 2347; baseline 0.003 -18"><span class='ocrx_word' id='word_1_539' title='bbox 1863 2273 2129 2330; x_wconf 62' lang='lat' dir='ltr'><strong>Prmfatus</strong></span> <span class='ocrx_word' id='word_1_540' title='bbox 2154 2289 2285 2330; x_wconf 91' lang='lat' dir='ltr'><strong>vero</strong></span> <span class='ocrx_word' id='word_1_541' title='bbox 2329 2288 2472 2329; x_wconf 89' lang='lat' dir='ltr'><strong>anno</strong></span> <span class='ocrx_word' id='word_1_542' title='bbox 2519 2274 2595 2330; x_wconf 88' lang='lat' dir='ltr'><strong>nil</strong></span> <span class='ocrx_word' id='word_1_543' title='bbox 2626 2274 2818 2332; x_wconf 88' lang='lat' dir='ltr'><strong>melius</strong></span> <span class='ocrx_word' id='word_1_544' title='bbox 2841 2276 3087 2347; x_wconf 86' lang='lat' dir='ltr'><strong>cogitans</strong></span> <span class='ocrx_word' id='word_1_545' title='bbox 3111 2292 3274 2347; x_wconf 88' lang='lat' dir='ltr'><strong>quam</strong></span> <span class='ocrx_word' id='word_1_546' title='bbox 3320 2286 3381 2333; x_wconf 93' lang='lat' dir='ltr'><strong>ut</strong></span> 
     </span>
    </p>
   </div>
   <div class='ocr_carea' id='block_1_81' title="bbox 1794 2365 3378 2437">
    <p class='ocr_par' dir='ltr' id='par_1_81' title="bbox 1794 2365 3378 2437">
     <span class='ocr_line' id='line_1_81' title="bbox 1794 2365 3378 2437; baseline 0.001 -15"><span class='ocrx_word' id='word_1_547' title='bbox 1794 2382 2017 2437; x_wconf 83' lang='lat' dir='ltr'><strong>regnum</strong></span> <span class='ocrx_word' id='word_1_548' title='bbox 2044 2365 2349 2421; x_wconf 89' lang='lat' dir='ltr'><strong>sacerdotio</strong></span> <span class='ocrx_word' id='word_1_549' title='bbox 2375 2365 2623 2422; x_wconf 88' lang='lat' dir='ltr'><strong>uuiretur</strong></span> <span class='ocrx_word' id='word_1_550' title='bbox 2646 2365 2854 2422; x_wconf 86' lang='lat' dir='ltr'><strong>Italiam</strong></span> <span class='ocrx_word' id='word_1_551' title='bbox 2887 2368 3108 2423; x_wconf 86' lang='lat' dir='ltr'><strong>veniens</strong></span> <span class='ocrx_word' id='word_1_552' title='bbox 3150 2367 3378 2423; x_wconf 78' lang='lat' dir='ltr'><strong>Romam</strong></span> 
     </span>
    </p>
   </div>
   <div class='ocr_carea' id='block_1_82' title="bbox 1792 2458 3378 2531">
    <p class='ocr_par' dir='ltr' id='par_1_82' title="bbox 1792 2458 3378 2531">
     <span class='ocr_line' id='line_1_82' title="bbox 1792 2458 3378 2531; baseline 0.002 -19"><span class='ocrx_word' id='word_1_553' title='bbox 1792 2458 1987 2523; x_wconf 87' lang='lat' dir='ltr'><strong>tendit,</strong></span> <span class='ocrx_word' id='word_1_554' title='bbox 2020 2472 2323 2528; x_wconf 90' lang='lat' dir='ltr'><strong>papamque</strong></span> <span class='ocrx_word' id='word_1_555' title='bbox 2353 2458 2633 2523; x_wconf 89' lang='lat' dir='ltr'><strong>convenit,</strong></span> <span class='ocrx_word' id='word_1_556' title='bbox 2659 2473 2760 2513; x_wconf 90' lang='lat' dir='ltr'><strong>cur</strong></span> <span class='ocrx_word' id='word_1_557' title='bbox 2789 2460 2994 2529; x_wconf 85' lang='lat' dir='ltr'><strong>absque</strong></span> <span class='ocrx_word' id='word_1_558' title='bbox 3027 2458 3184 2528; x_wconf 86' lang='lat' dir='ltr'><strong>jussu</strong></span> <span class='ocrx_word' id='word_1_559' title='bbox 3234 2459 3378 2531; x_wconf 88' lang='lat' dir='ltr'><strong>regis</strong></span> 
     </span>
    </p>
   </div>
   <div class='ocr_carea' id='block_1_83' title="bbox 1790 2548 3377 2618">
    <p class='ocr_par' dir='ltr' id='par_1_83' title="bbox 1790 2548 3377 2618">
     <span class='ocr_line' id='line_1_83' title="bbox 1790 2548 3377 2618; baseline 0.001 -14"><span class='ocrx_word' id='word_1_560' title='bbox 1790 2548 2096 2604; x_wconf 87' lang='lat' dir='ltr'><strong>Romanum</strong></span> <span class='ocrx_word' id='word_1_561' title='bbox 2125 2549 2371 2618; x_wconf 90' lang='lat' dir='ltr'><strong>accipere</strong></span> <span class='ocrx_word' id='word_1_562' title='bbox 2395 2564 2559 2605; x_wconf 91' lang='lat' dir='ltr'><strong>ausus</strong></span> <span class='ocrx_word' id='word_1_563' title='bbox 2584 2549 2655 2604; x_wconf 90' lang='lat' dir='ltr'><strong>sit</strong></span> <span class='ocrx_word' id='word_1_564' title='bbox 2694 2549 3089 2618; x_wconf 87' lang='lat' dir='ltr'><strong>pontiﬁcatum.</strong></span> <span class='ocrx_word' id='word_1_565' title='bbox 3139 2550 3225 2605; x_wconf 91' lang='lat' dir='ltr'><strong>cui</strong></span> <span class='ocrx_word' id='word_1_566' title='bbox 3254 2566 3377 2606; x_wconf 91' lang='lat' dir='ltr'><strong>cum</strong></span> 
     </span>
    </p>
   </div>
   <div class='ocr_carea' id='block_1_84' title="bbox 1789 2638 3377 2699">
    <p class='ocr_par' dir='ltr' id='par_1_84' title="bbox 1789 2638 3377 2699">
     <span class='ocr_line' id='line_1_84' title="bbox 1789 2638 3377 2699; baseline 0.003 -5"><span class='ocrx_word' id='word_1_567' title='bbox 1789 2640 1902 2694; x_wconf 86' lang='lat' dir='ltr'><strong>Deo</strong></span> <span class='ocrx_word' id='word_1_568' title='bbox 1932 2640 2181 2695; x_wconf 86' lang='lat' dir='ltr'><strong>amabilis</strong></span> <span class='ocrx_word' id='word_1_569' title='bbox 2209 2638 2606 2695; x_wconf 75' lang='lat' dir='ltr'><strong>Hildebrandus</strong></span> <span class='ocrx_word' id='word_1_570' title='bbox 2634 2639 2863 2695; x_wconf 84' lang='lat' dir='ltr'><strong>dixisset</strong></span> <span class='ocrx_word' id='word_1_571' title='bbox 2894 2640 2948 2695; x_wconf 86' lang='lat' dir='ltr'><strong>in</strong></span> <span class='ocrx_word' id='word_1_572' title='bbox 2978 2640 3241 2697; x_wconf 88' lang='lat' dir='ltr'><strong>electione</strong></span> <span class='ocrx_word' id='word_1_573' title='bbox 3267 2641 3377 2699; x_wconf 84' lang='lat' dir='ltr'><strong>Ro-</strong></span> 
     </span>
    </p>
   </div>
   <div class='ocr_carea' id='block_1_85' title="bbox 1789 2732 3377 2803">
    <p class='ocr_par' dir='ltr' id='par_1_85' title="bbox 1789 2732 3377 2803">
     <span class='ocr_line' id='line_1_85' title="bbox 1789 2732 3377 2803; baseline 0.002 -16"><span class='ocrx_word' id='word_1_574' title='bbox 1789 2747 2077 2787; x_wconf 88' lang='lat' dir='ltr'><strong>manorum</strong></span> <span class='ocrx_word' id='word_1_575' title='bbox 2124 2732 2439 2803; x_wconf 85' lang='lat' dir='ltr'><strong>pontiﬁcum</strong></span> <span class='ocrx_word' id='word_1_576' title='bbox 2470 2733 2766 2788; x_wconf 88' lang='lat' dir='ltr'><strong>secundum</strong></span> <span class='ocrx_word' id='word_1_577' title='bbox 2814 2734 3032 2790; x_wconf 86' lang='lat' dir='ltr'><strong>decreta</strong></span> <span class='ocrx_word' id='word_1_578' title='bbox 3063 2744 3377 2791; x_wconf 88' lang='lat' dir='ltr'><strong>sanctorum</strong></span> 
     </span>
    </p>
   </div>
   <div class='ocr_carea' id='block_1_86' title="bbox 1788 2825 3373 2900">
    <p class='ocr_par' dir='ltr' id='par_1_86' title="bbox 1788 2825 3373 2900">
     <span class='ocr_line' id='line_1_86' title="bbox 1788 2825 3373 2900; baseline 0.004 -20"><span class='ocrx_word' id='word_1_579' title='bbox 1788 2825 2010 2880; x_wconf 78' lang='lat' dir='ltr'><strong>Patrum</strong></span> <span class='ocrx_word' id='word_1_580' title='bbox 2042 2825 2115 2880; x_wconf 92' lang='lat' dir='ltr'><strong>nil</strong></span> <span class='ocrx_word' id='word_1_581' title='bbox 2146 2826 2362 2896; x_wconf 84' lang='lat' dir='ltr'><strong>regibus</strong></span> <span class='ocrx_word' id='word_1_582' title='bbox 2388 2841 2510 2882; x_wconf 84' lang='lat' dir='ltr'><strong>esse</strong></span> <span class='ocrx_word' id='word_1_583' title='bbox 2535 2842 2875 2894; x_wconf 88' lang='lat' dir='ltr'><strong>concessum,</strong></span> <span class='ocrx_word' id='word_1_584' title='bbox 2921 2836 2976 2882; x_wconf 90' lang='lat' dir='ltr'><strong>et</strong></span> <span class='ocrx_word' id='word_1_585' title='bbox 3016 2828 3106 2883; x_wconf 89' lang='lat' dir='ltr'><strong>ille</strong></span> <span class='ocrx_word' id='word_1_586' title='bbox 3148 2844 3373 2900; x_wconf 49' lang='lat' dir='ltr'><strong>respon.</strong></span> 
     </span>
    </p>
   </div>
   <div class='ocr_carea' id='block_1_87' title="bbox 1786 2918 3372 2992">
    <p class='ocr_par' dir='ltr' id='par_1_87' title="bbox 1786 2918 3372 2992">
     <span class='ocr_line' id='line_1_87' title="bbox 1786 2918 3372 2992; baseline 0.003 -18"><span class='ocrx_word' id='word_1_587' title='bbox 1786 2918 1958 2974; x_wconf 89' lang='lat' dir='ltr'><strong>disset</strong></span> <span class='ocrx_word' id='word_1_588' title='bbox 1988 2933 2051 2973; x_wconf 86' lang='lat' dir='ltr'><strong>ex</strong></span> <span class='ocrx_word' id='word_1_589' title='bbox 2086 2918 2397 2988; x_wconf 89' lang='lat' dir='ltr'><strong>patritiatus</strong></span> <span class='ocrx_word' id='word_1_590' title='bbox 2434 2919 2537 2973; x_wconf 92' lang='lat' dir='ltr'><strong>hoc</strong></span> <span class='ocrx_word' id='word_1_591' title='bbox 2580 2918 2745 2975; x_wconf 89' lang='lat' dir='ltr'><strong>licere</strong></span> <span class='ocrx_word' id='word_1_592' title='bbox 2774 2920 2875 2975; x_wconf 90' lang='lat' dir='ltr'><strong>sibi</strong></span> <span class='ocrx_word' id='word_1_593' title='bbox 2906 2919 3194 2992; x_wconf 83' lang='lat' dir='ltr'><strong>dignitate,</strong></span> <span class='ocrx_word' id='word_1_594' title='bbox 3247 2939 3372 2978; x_wconf 86' lang='lat' dir='ltr'><strong>mox</strong></span> 
     </span>
    </p>
   </div>
   <div class='ocr_carea' id='block_1_88' title="bbox 1787 3009 3378 3085">
    <p class='ocr_par' dir='ltr' id='par_1_88' title="bbox 1787 3009 3378 3085">
     <span class='ocr_line' id='line_1_88' title="bbox 1787 3009 3378 3085; baseline 0.002 -21"><span class='ocrx_word' id='word_1_595' title='bbox 1787 3009 2112 3065; x_wconf 88' lang='lat' dir='ltr'><strong>venerabilis</strong></span> <span class='ocrx_word' id='word_1_596' title='bbox 2136 3009 2552 3065; x_wconf 86' lang='lat' dir='ltr'><strong>archidiaconus</strong></span> <span class='ocrx_word' id='word_1_597' title='bbox 2597 3011 2696 3066; x_wconf 89' lang='lat' dir='ltr'><strong>has</strong></span> <span class='ocrx_word' id='word_1_598' title='bbox 2725 3011 3009 3082; x_wconf 84' lang='lat' dir='ltr'><strong>synodales</strong></span> <span class='ocrx_word' id='word_1_599' title='bbox 3037 3014 3234 3083; x_wconf 88' lang='lat' dir='ltr'><strong>objecit</strong></span> <span class='ocrx_word' id='word_1_600' title='bbox 3280 3030 3378 3085; x_wconf 89' lang='lat' dir='ltr'><strong>po-</strong></span> 
     </span>
    </p>
   </div>
   <div class='ocr_carea' id='block_1_89' title="bbox 1788 3104 3367 3178">
    <p class='ocr_par' dir='ltr' id='par_1_89' title="bbox 1788 3104 3367 3178">
     <span class='ocr_line' id='line_1_89' title="bbox 1788 3104 3367 3178; baseline 0.003 -20"><span class='ocrx_word' id='word_1_601' title='bbox 1788 3104 2030 3171; x_wconf 87' lang='lat' dir='ltr'><strong>sitiones,</strong></span> <span class='ocrx_word' id='word_1_602' title='bbox 2064 3121 2129 3160; x_wconf 81' lang='lat' dir='ltr'><strong>ex</strong></span> <span class='ocrx_word' id='word_1_603' title='bbox 2173 3105 2426 3177; x_wconf 84' lang='lat' dir='ltr'><strong>Symachi</strong></span> <span class='ocrx_word' id='word_1_604' title='bbox 2458 3106 2682 3178; x_wconf 88' lang='lat' dir='ltr'><strong>synodo,</strong></span> <span class='ocrx_word' id='word_1_605' title='bbox 2718 3106 2770 3161; x_wconf 92' lang='lat' dir='ltr'><strong>in</strong></span> <span class='ocrx_word' id='word_1_606' title='bbox 2805 3120 2910 3176; x_wconf 88' lang='lat' dir='ltr'><strong>qtta</strong></span> <span class='ocrx_word' id='word_1_607' title='bbox 2959 3106 3257 3163; x_wconf 79' lang='lat' dir='ltr'><strong>interfuere</strong></span> <span class='ocrx_word' id='word_1_608' title='bbox 3299 3123 3367 3164; x_wconf 84' lang='lat' dir='ltr'><strong>et.</strong></span> 
     </span>
    </p>
   </div>
   <div class='ocr_carea' id='block_1_90' title="bbox 1787 3197 3373 3272">
    <p class='ocr_par' dir='ltr' id='par_1_90' title="bbox 1787 3197 3373 3272">
     <span class='ocr_line' id='line_1_90' title="bbox 1787 3197 3373 3272; baseline 0.002 -20"><span class='ocrx_word' id='word_1_609' title='bbox 1787 3197 2022 3268; x_wconf 91' lang='lat' dir='ltr'><strong>episcopi</strong></span> <span class='ocrx_word' id='word_1_610' title='bbox 2051 3217 2065 3253; x_wconf 91' lang='lat'><strong>:</strong></span> <span class='ocrx_word' id='word_1_611' title='bbox 2093 3197 2416 3253; x_wconf 83' lang='lat' dir='ltr'><strong>Laurentius</strong></span> <span class='ocrx_word' id='word_1_612' title='bbox 2446 3197 2862 3254; x_wconf 79' lang='lat' dir='ltr'><strong>Mediolanensis</strong></span> <span class='ocrx_word' id='word_1_613' title='bbox 2884 3199 3173 3272; x_wconf 87' lang='lat' dir='ltr'><strong>cpiscopus</strong></span> <span class='ocrx_word' id='word_1_614' title='bbox 3198 3200 3333 3255; x_wconf 80' lang='lat' dir='ltr'><strong>dixit</strong></span> <span class='ocrx_word' id='word_1_615' title='bbox 3357 3218 3373 3255; x_wconf 87' lang='lat'><strong>:</strong></span> 
     </span>
    </p>
   </div>
   <div class='ocr_carea' id='block_1_91' title="bbox 1788 3279 3376 3360">
    <p class='ocr_par' dir='ltr' id='par_1_91' title="bbox 1788 3279 3376 3360">
     <span class='ocr_line' id='line_1_91' title="bbox 1788 3279 3376 3360; baseline 0.003 -17"><span class='ocrx_word' id='word_1_616' title='bbox 1788 3305 1895 3344; x_wconf 90' lang='lat' dir='ltr'><strong>non</strong></span> <span class='ocrx_word' id='word_1_617' title='bbox 1951 3290 2151 3360; x_wconf 85' lang='lat' dir='ltr'><strong>placuit</strong></span> <span class='ocrx_word' id='word_1_618' title='bbox 2208 3290 2348 3346; x_wconf 90' lang='lat' dir='ltr'><strong>laico</strong></span> <span class='ocrx_word' id='word_1_619' title='bbox 2373 3279 2729 3346; x_wconf 80' lang='lat' dir='ltr'><strong>statuendum</strong></span> <span class='ocrx_word' id='word_1_620' title='bbox 2777 3291 2831 3346; x_wconf 93' lang='lat' dir='ltr'><strong>in</strong></span> <span class='ocrx_word' id='word_1_621' title='bbox 2884 3290 3125 3349; x_wconf 86' lang='lat' dir='ltr'><strong>Ecclesia</strong></span> <span class='ocrx_word' id='word_1_622' title='bbox 3176 3292 3376 3348; x_wconf 86' lang='lat' dir='ltr'><strong>habere</strong></span> 
     </span>
    </p>
   </div>
   <div class='ocr_carea' id='block_1_92' title="bbox 1786 3383 3376 3454">
    <p class='ocr_par' dir='ltr' id='par_1_92' title="bbox 1786 3383 3376 3454">
     <span class='ocr_line' id='line_1_92' title="bbox 1786 3383 3376 3454; baseline 0.004 -18"><span class='ocrx_word' id='word_1_623' title='bbox 1786 3383 2019 3453; x_wconf 84' lang='lat' dir='ltr'><strong>aliquam</strong></span> <span class='ocrx_word' id='word_1_624' title='bbox 2050 3392 2399 3454; x_wconf 88' lang='lat' dir='ltr'><strong>potestatem,</strong></span> <span class='ocrx_word' id='word_1_625' title='bbox 2422 3384 2510 3439; x_wconf 89' lang='lat' dir='ltr'><strong>cui</strong></span> <span class='ocrx_word' id='word_1_626' title='bbox 2540 3383 2902 3453; x_wconf 85' lang='lat' dir='ltr'><strong>subsequendi</strong></span> <span class='ocrx_word' id='word_1_627' title='bbox 2935 3392 3154 3440; x_wconf 86' lang='lat' dir='ltr'><strong>maneat</strong></span> <span class='ocrx_word' id='word_1_628' title='bbox 3187 3398 3376 3443; x_wconf 85' lang='lat' dir='ltr'><strong>neces-</strong></span> 
     </span>
    </p>
   </div>
   <div class='ocr_carea' id='block_1_93' title="bbox 1786 3473 2732 3544">
    <p class='ocr_par' dir='ltr' id='par_1_93' title="bbox 1786 3473 2732 3544">
     <span class='ocr_line' id='line_1_93' title="bbox 1786 3473 2732 3544; baseline -0.003 -13"><span class='ocrx_word' id='word_1_629' title='bbox 1786 3476 1918 3531; x_wconf 87' lang='lat' dir='ltr'><strong>sitas</strong></span> <span class='ocrx_word' id='word_1_630' title='bbox 1943 3491 2046 3529; x_wconf 88' lang='lat' dir='ltr'><strong>ttou</strong></span> <span class='ocrx_word' id='word_1_631' title='bbox 2079 3476 2377 3531; x_wconf 89' lang='lat' dir='ltr'><strong>auctoritas</strong></span> <span class='ocrx_word' id='word_1_632' title='bbox 2412 3473 2732 3544; x_wconf 83' lang='lat' dir='ltr'><strong>imperandi.</strong></span> 
     </span>
    </p>
   </div>
   <div class='ocr_carea' id='block_1_94' title="bbox 1855 3567 3369 3639">
    <p class='ocr_par' dir='ltr' id='par_1_94' title="bbox 1855 3567 3369 3639">
     <span class='ocr_line' id='line_1_94' title="bbox 1855 3567 3369 3639; baseline 0 -16"><span class='ocrx_word' id='word_1_633' title='bbox 1855 3568 2097 3623; x_wconf 84' lang='lat' dir='ltr'><strong>Eulalius</strong></span> <span class='ocrx_word' id='word_1_634' title='bbox 2135 3570 2422 3639; x_wconf 89' lang='lat' dir='ltr'><strong>episcopus</strong></span> <span class='ocrx_word' id='word_1_635' title='bbox 2470 3567 2830 3639; x_wconf 57' lang='lat' dir='ltr'><strong>Syracusanae</strong></span> <span class='ocrx_word' id='word_1_636' title='bbox 2881 3567 3139 3625; x_wconf 58' lang='lat' dir='ltr'><strong>Ecclesia:</strong></span> <span class='ocrx_word' id='word_1_637' title='bbox 3194 3568 3369 3635; x_wconf 86' lang='lat' dir='ltr'><strong>dixit;</strong></span> 
     </span>
    </p>
   </div>
   <div class='ocr_carea' id='block_1_95' title="bbox 1784 3658 3370 3731">
    <p class='ocr_par' dir='ltr' id='par_1_95' title="bbox 1784 3658 3370 3731">
     <span class='ocr_line' id='line_1_95' title="bbox 1784 3658 3370 3731; baseline 0.003 -20"><span class='ocrx_word' id='word_1_638' title='bbox 1784 3658 2193 3730; x_wconf 84' lang='lat' dir='ltr'><strong>laici,quatuvis</strong></span> <span class='ocrx_word' id='word_1_639' title='bbox 2215 3659 2448 3731; x_wconf 84' lang='lat' dir='ltr'><strong>religiosi</strong></span> <span class='ocrx_word' id='word_1_640' title='bbox 2477 3660 2622 3714; x_wconf 89' lang='lat' dir='ltr'><strong>nulla</strong></span> <span class='ocrx_word' id='word_1_641' title='bbox 2658 3660 2725 3715; x_wconf 81' lang='lat' dir='ltr'><strong>de</strong></span> <span class='ocrx_word' id='word_1_642' title='bbox 2750 3658 3138 3715; x_wconf 82' lang='lat' dir='ltr'><strong>ecclesiasticis</strong></span> <span class='ocrx_word' id='word_1_643' title='bbox 3166 3660 3370 3731; x_wconf 87' lang='lat' dir='ltr'><strong>aliquid</strong></span> 
     </span>
    </p>
   </div>
   <div class='ocr_carea' id='block_1_96' title="bbox 1785 3748 3369 3821">
    <p class='ocr_par' dir='ltr' id='par_1_96' title="bbox 1785 3748 3369 3821">
     <span class='ocr_line' id='line_1_96' title="bbox 1785 3748 3369 3821; baseline 0.003 -18"><span class='ocrx_word' id='word_1_644' title='bbox 1785 3748 2100 3818; x_wconf 89' lang='lat' dir='ltr'><strong>disponendi</strong></span> <span class='ocrx_word' id='word_1_645' title='bbox 2133 3750 2326 3821; x_wconf 87' lang='lat' dir='ltr'><strong>legitur</strong></span> <span class='ocrx_word' id='word_1_646' title='bbox 2357 3766 2593 3820; x_wconf 86' lang='lat' dir='ltr'><strong>unquam</strong></span> <span class='ocrx_word' id='word_1_647' title='bbox 2623 3752 2886 3808; x_wconf 83' lang='lat' dir='ltr'><strong>attributa</strong></span> <span class='ocrx_word' id='word_1_648' title='bbox 2918 3752 3173 3807; x_wconf 89' lang='lat' dir='ltr'><strong>facultas.</strong></span> <span class='ocrx_word' id='word_1_649' title='bbox 3203 3753 3369 3808; x_wconf 80' lang='lat' dir='ltr'><strong>Cum-</strong></span> 
     </span>
    </p>
   </div>
   <div class='ocr_carea' id='block_1_97' title="bbox 1784 3839 3372 3911">
    <p class='ocr_par' dir='ltr' id='par_1_97' title="bbox 1784 3839 3372 3911">
     <span class='ocr_line' id='line_1_97' title="bbox 1784 3839 3372 3911; baseline 0.004 -20"><span class='ocrx_word' id='word_1_650' title='bbox 1784 3853 1889 3908; x_wconf 89' lang='lat' dir='ltr'><strong>que</strong></span> <span class='ocrx_word' id='word_1_651' title='bbox 1920 3839 2009 3893; x_wconf 92' lang='lat' dir='ltr'><strong>ille</strong></span> <span class='ocrx_word' id='word_1_652' title='bbox 2036 3839 2250 3894; x_wconf 85' lang='lat' dir='ltr'><strong>decreta</strong></span> <span class='ocrx_word' id='word_1_653' title='bbox 2280 3856 2430 3911; x_wconf 83' lang='lat' dir='ltr'><strong>papae</strong></span> <span class='ocrx_word' id='word_1_654' title='bbox 2457 3839 2660 3895; x_wconf 84' lang='lat' dir='ltr'><strong>Nicolai</strong></span> <span class='ocrx_word' id='word_1_655' title='bbox 2688 3839 2977 3909; x_wconf 88' lang='lat' dir='ltr'><strong>objeeisset</strong></span> <span class='ocrx_word' id='word_1_656' title='bbox 3019 3841 3178 3911; x_wconf 88' lang='lat' dir='ltr'><strong>eique</strong></span> <span class='ocrx_word' id='word_1_657' title='bbox 3222 3841 3372 3897; x_wconf 81' lang='lat' dir='ltr'><strong>citis-</strong></span> 
     </span>
    </p>
   </div>
   <div class='ocr_carea' id='block_1_98' title="bbox 1748 3930 3372 4004">
    <p class='ocr_par' dir='ltr' id='par_1_98' title="bbox 1748 3930 3372 4004">
     <span class='ocr_line' id='line_1_98' title="bbox 1748 3930 3372 4004; baseline 0.001 -18"><span class='ocrx_word' id='word_1_658' title='bbox 1748 3930 1919 3986; x_wconf 73' lang='lat' dir='ltr'><strong>—sime</strong></span> <span class='ocrx_word' id='word_1_659' title='bbox 1952 3944 2050 4001; x_wconf 88' lang='lat' dir='ltr'><strong>per</strong></span> <span class='ocrx_word' id='word_1_660' title='bbox 2080 3930 2358 3987; x_wconf 87' lang='lat' dir='ltr'><strong>decretum</strong></span> <span class='ocrx_word' id='word_1_661' title='bbox 2403 3930 2646 4000; x_wconf 86' lang='lat' dir='ltr'><strong>ejusdem</strong></span> <span class='ocrx_word' id='word_1_662' title='bbox 2696 3947 2847 4003; x_wconf 86' lang='lat' dir='ltr'><strong>papae</strong></span> <span class='ocrx_word' id='word_1_663' title='bbox 2892 3931 3121 3999; x_wconf 85' lang='lat' dir='ltr'><strong>Nicolai,</strong></span> <span class='ocrx_word' id='word_1_664' title='bbox 3164 3932 3218 3987; x_wconf 89' lang='lat' dir='ltr'><strong>in</strong></span> <span class='ocrx_word' id='word_1_665' title='bbox 3262 3948 3372 4004; x_wconf 89' lang='lat' dir='ltr'><strong>quo</strong></span> 
     </span>
    </p>
   </div>
   <div class='ocr_carea' id='block_1_99' title="bbox 1784 4024 3370 4095">
    <p class='ocr_par' dir='ltr' id='par_1_99' title="bbox 1784 4024 3370 4095">
     <span class='ocr_line' id='line_1_99' title="bbox 1784 4024 3370 4095; baseline 0.002 -17"><span class='ocrx_word' id='word_1_666' title='bbox 1784 4038 1910 4078; x_wconf 80' lang='lat' dir='ltr'><strong>cxrv</strong></span> <span class='ocrx_word' id='word_1_667' title='bbox 1959 4024 2195 4094; x_wconf 88' lang='lat' dir='ltr'><strong>episcopi</strong></span> <span class='ocrx_word' id='word_1_668' title='bbox 2253 4024 2647 4095; x_wconf 87' lang='lat' dir='ltr'><strong>subscripsere,</strong></span> <span class='ocrx_word' id='word_1_669' title='bbox 2678 4026 2958 4080; x_wconf 90' lang='lat' dir='ltr'><strong>obviatum</strong></span> <span class='ocrx_word' id='word_1_670' title='bbox 3022 4024 3233 4091; x_wconf 86' lang='lat' dir='ltr'><strong>fuisset,</strong></span> <span class='ocrx_word' id='word_1_671' title='bbox 3280 4040 3370 4081; x_wconf 88' lang='lat' dir='ltr'><strong>ro-</strong></span> 
     </span>
    </p>
   </div>
   <div class='ocr_carea' id='block_1_100' title="bbox 1783 4114 3366 4187">
    <p class='ocr_par' dir='ltr' id='par_1_100' title="bbox 1783 4114 3366 4187">
     <span class='ocr_line' id='line_1_100' title="bbox 1783 4114 3366 4187; baseline 0.003 -20"><span class='ocrx_word' id='word_1_672' title='bbox 1783 4116 1927 4183; x_wconf 86' lang='lat' dir='ltr'><strong>gavit</strong></span> <span class='ocrx_word' id='word_1_673' title='bbox 1973 4114 2229 4184; x_wconf 83' lang='lat' dir='ltr'><strong>praefatus</strong></span> <span class='ocrx_word' id='word_1_674' title='bbox 2260 4115 2699 4186; x_wconf 84' lang='lat' dir='ltr'><strong>archiepiscopus</strong></span> <span class='ocrx_word' id='word_1_675' title='bbox 2725 4116 3003 4172; x_wconf 88' lang='lat' dir='ltr'><strong>dominum</strong></span> <span class='ocrx_word' id='word_1_676' title='bbox 3029 4131 3247 4187; x_wconf 88' lang='lat' dir='ltr'><strong>papam,</strong></span> <span class='ocrx_word' id='word_1_677' title='bbox 3302 4126 3366 4172; x_wconf 81' lang='grc' dir='ltr'><strong>ιιι</strong></span> 
     </span>
    </p>
   </div>
   <div class='ocr_carea' id='block_1_101' title="bbox 1783 4204 3370 4281">
    <p class='ocr_par' dir='ltr' id='par_1_101' title="bbox 1783 4204 3370 4281">
     <span class='ocr_line' id='line_1_101' title="bbox 1783 4204 3370 4281; baseline 0.003 -23"><span class='ocrx_word' id='word_1_678' title='bbox 1783 4204 2097 4275; x_wconf 66' lang='lat' dir='ltr'><strong>dignaretur</strong></span> <span class='ocrx_word' id='word_1_679' title='bbox 2121 4208 2383 4276; x_wconf 84' lang='lat' dir='ltr'><strong>synodum</strong></span> <span class='ocrx_word' id='word_1_680' title='bbox 2420 4221 2754 4277; x_wconf 89' lang='lat' dir='ltr'><strong>congregare</strong></span> <span class='ocrx_word' id='word_1_681' title='bbox 2784 4217 2841 4281; x_wconf 82' lang='lat' dir='ltr'><strong>et</strong></span> <span class='ocrx_word' id='word_1_682' title='bbox 2882 4209 3146 4262; x_wconf 90' lang='lat' dir='ltr'><strong>rationem</strong></span> <span class='ocrx_word' id='word_1_683' title='bbox 3191 4208 3257 4261; x_wconf 91' lang='lat' dir='ltr'><strong>de</strong></span> <span class='ocrx_word' id='word_1_684' title='bbox 3308 4223 3370 4263; x_wconf 90' lang='lat' dir='ltr'><strong>se</strong></span> 
     </span>
    </p>
   </div>
   <div class='ocr_carea' id='block_1_102' title="bbox 1785 4294 3369 4361">
    <p class='ocr_par' dir='ltr' id='par_1_102' title="bbox 1785 4294 3369 4361">
     <span class='ocr_line' id='line_1_102' title="bbox 1785 4294 3369 4361; baseline 0.001 -12"><span class='ocrx_word' id='word_1_685' title='bbox 1785 4294 2031 4349; x_wconf 86' lang='lat' dir='ltr'><strong>reddere.</strong></span> <span class='ocrx_word' id='word_1_686' title='bbox 2064 4294 2215 4361; x_wconf 86' lang='lat' dir='ltr'><strong>Quod</strong></span> <span class='ocrx_word' id='word_1_687' title='bbox 2246 4306 2304 4348; x_wconf 88' lang='lat' dir='ltr'><strong>ttt</strong></span> <span class='ocrx_word' id='word_1_688' title='bbox 2351 4295 2438 4349; x_wconf 90' lang='lat' dir='ltr'><strong>ille</strong></span> <span class='ocrx_word' id='word_1_689' title='bbox 2476 4295 2702 4361; x_wconf 90' lang='lat' dir='ltr'><strong>audivit,</strong></span> <span class='ocrx_word' id='word_1_690' title='bbox 2752 4295 2878 4349; x_wconf 91' lang='lat' dir='ltr'><strong>licet</strong></span> <span class='ocrx_word' id='word_1_691' title='bbox 2919 4310 2950 4348; x_wconf 89' lang='lat' dir='ltr'><strong>a</strong></span> <span class='ocrx_word' id='word_1_692' title='bbox 3001 4295 3369 4351; x_wconf 82' lang='lat' dir='ltr'><strong>Romanorum</strong></span> 
     </span>
    </p>
   </div>
   <div class='ocr_carea' id='block_1_103' title="bbox 1782 4384 3368 4459">
    <p class='ocr_par' dir='ltr' id='par_1_103' title="bbox 1782 4384 3368 4459">
     <span class='ocr_line' id='line_1_103' title="bbox 1782 4384 3368 4459; baseline 0.002 -19"><span class='ocrx_word' id='word_1_693' title='bbox 1782 4384 2104 4455; x_wconf 87' lang='lat' dir='ltr'><strong>pontiﬁcum</strong></span> <span class='ocrx_word' id='word_1_694' title='bbox 2136 4387 2239 4442; x_wconf 90' lang='lat' dir='ltr'><strong>hoc</strong></span> <span class='ocrx_word' id='word_1_695' title='bbox 2267 4394 2412 4441; x_wconf 88' lang='lat' dir='ltr'><strong>esset</strong></span> <span class='ocrx_word' id='word_1_696' title='bbox 2460 4388 2694 4440; x_wconf 89' lang='lat' dir='ltr'><strong>alienum</strong></span> <span class='ocrx_word' id='word_1_697' title='bbox 2720 4387 3006 4457; x_wconf 85' lang='lat' dir='ltr'><strong>dignitate,</strong></span> <span class='ocrx_word' id='word_1_698' title='bbox 3036 4396 3213 4442; x_wconf 89' lang='lat' dir='ltr'><strong>tamen</strong></span> <span class='ocrx_word' id='word_1_699' title='bbox 3241 4389 3368 4459; x_wconf 90' lang='lat' dir='ltr'><strong>quia</strong></span> 
     </span>
    </p>
   </div>
   <div class='ocr_carea' id='block_1_104' title="bbox 1784 4477 3369 4551">
    <p class='ocr_par' dir='ltr' id='par_1_104' title="bbox 1784 4477 3369 4551">
     <span class='ocr_line' id='line_1_104' title="bbox 1784 4477 3369 4551; baseline 0.003 -20"><span class='ocrx_word' id='word_1_700' title='bbox 1784 4477 2080 4533; x_wconf 89' lang='lat' dir='ltr'><strong>necessitas</strong></span> <span class='ocrx_word' id='word_1_701' title='bbox 2118 4477 2365 4549; x_wconf 87' lang='lat' dir='ltr'><strong>urgebat,</strong></span> <span class='ocrx_word' id='word_1_702' title='bbox 2403 4477 2586 4533; x_wconf 88' lang='lat' dir='ltr'><strong>facere</strong></span> <span class='ocrx_word' id='word_1_703' title='bbox 2623 4478 2892 4547; x_wconf 89' lang='lat' dir='ltr'><strong>promisit,</strong></span> <span class='ocrx_word' id='word_1_704' title='bbox 2940 4494 3174 4550; x_wconf 85' lang='lat' dir='ltr'><strong>moxque</strong></span> <span class='ocrx_word' id='word_1_705' title='bbox 3224 4481 3369 4551; x_wconf 89' lang='lat' dir='ltr'><strong>apud</strong></span> 
     </span>
    </p>
   </div>
   <div class='ocr_carea' id='block_1_105' title="bbox 1782 4568 3370 4643">
    <p class='ocr_par' dir='ltr' id='par_1_105' title="bbox 1782 4568 3370 4643">
     <span class='ocr_line' id='line_1_105' title="bbox 1782 4568 3370 4643; baseline 0.003 -20"><span class='ocrx_word' id='word_1_706' title='bbox 1782 4568 2057 4623; x_wconf 85' lang='lat' dir='ltr'><strong>Mantuam</strong></span> <span class='ocrx_word' id='word_1_707' title='bbox 2110 4569 2399 4640; x_wconf 88' lang='lat' dir='ltr'><strong>synodum</strong></span> <span class='ocrx_word' id='word_1_708' title='bbox 2430 4579 2820 4637; x_wconf 88' lang='lat' dir='ltr'><strong>evocaverunt,</strong></span> <span class='ocrx_word' id='word_1_709' title='bbox 2871 4572 2923 4627; x_wconf 90' lang='lat' dir='ltr'><strong>in</strong></span> <span class='ocrx_word' id='word_1_710' title='bbox 2975 4587 3080 4643; x_wconf 91' lang='lat' dir='ltr'><strong>qua</strong></span> <span class='ocrx_word' id='word_1_711' title='bbox 3133 4572 3370 4628; x_wconf 84' lang='lat' dir='ltr'><strong>Cadolus</strong></span> 
     </span>
    </p>
   </div>
   <div class='ocr_carea' id='block_1_106' title="bbox 1779 4658 3363 4734">
    <p class='ocr_par' dir='ltr' id='par_1_106' title="bbox 1779 4658 3363 4734">
     <span class='ocr_line' id='line_1_106' title="bbox 1779 4658 3363 4734; baseline 0.004 -19"><span class='ocrx_word' id='word_1_712' title='bbox 1779 4675 1902 4716; x_wconf 91' lang='lat' dir='ltr'><strong>cum</strong></span> <span class='ocrx_word' id='word_1_713' title='bbox 1952 4658 2435 4731; x_wconf 84' lang='lat' dir='ltr'><strong>Longobardorum</strong></span> <span class='ocrx_word' id='word_1_714' title='bbox 2484 4663 2757 4734; x_wconf 89' lang='lat' dir='ltr'><strong>episcopis</strong></span> <span class='ocrx_word' id='word_1_715' title='bbox 2806 4676 2990 4734; x_wconf 86' lang='lat' dir='ltr'><strong>posset</strong></span> <span class='ocrx_word' id='word_1_716' title='bbox 3039 4666 3363 4733; x_wconf 86' lang='lat' dir='ltr'><strong>convenire;</strong></span> 
     </span>
    </p>
   </div>
   <div class='ocr_carea' id='block_1_107' title="bbox 1778 4752 3364 4826">
    <p class='ocr_par' dir='ltr' id='par_1_107' title="bbox 1778 4752 3364 4826">
     <span class='ocr_line' id='line_1_107' title="bbox 1778 4752 3364 4826; baseline 0.004 -19"><span class='ocrx_word' id='word_1_717' title='bbox 1778 4753 1871 4807; x_wconf 68' lang='lat' dir='ltr'><strong>sed</strong></span> <span class='ocrx_word' id='word_1_718' title='bbox 1897 4752 2374 4826; x_wconf 78' lang='lat' dir='ltr'><strong>Langobardorum</strong></span> <span class='ocrx_word' id='word_1_719' title='bbox 2401 4756 2639 4826; x_wconf 91' lang='lat' dir='ltr'><strong>episcopi</strong></span> <span class='ocrx_word' id='word_1_720' title='bbox 2670 4771 2775 4811; x_wconf 91' lang='lat' dir='ltr'><strong>una</strong></span> <span class='ocrx_word' id='word_1_721' title='bbox 2798 4773 2922 4813; x_wconf 90' lang='lat' dir='ltr'><strong>cum</strong></span> <span class='ocrx_word' id='word_1_722' title='bbox 2948 4772 3136 4814; x_wconf 88' lang='lat' dir='ltr'><strong>eorum</strong></span> <span class='ocrx_word' id='word_1_723' title='bbox 3166 4768 3364 4814; x_wconf 81' lang='lat' dir='ltr'><strong>metro-</strong></span> 
     </span>
    </p>
   </div>
   <div class='ocr_carea' id='block_1_108' title="bbox 1779 4846 3359 4921">
    <p class='ocr_par' dir='ltr' id='par_1_108' title="bbox 1779 4846 3359 4921">
     <span class='ocr_line' id='line_1_108' title="bbox 1779 4846 3359 4921; baseline 0.003 -20"><span class='ocrx_word' id='word_1_724' title='bbox 1779 4846 2020 4917; x_wconf 89' lang='lat' dir='ltr'><strong>politano</strong></span> <span class='ocrx_word' id='word_1_725' title='bbox 2041 4862 2233 4902; x_wconf 89' lang='lat' dir='ltr'><strong>omnes</strong></span> <span class='ocrx_word' id='word_1_726' title='bbox 2265 4847 2354 4902; x_wconf 91' lang='lat' dir='ltr'><strong>illo</strong></span> <span class='ocrx_word' id='word_1_727' title='bbox 2396 4863 2701 4904; x_wconf 83' lang='lat' dir='ltr'><strong>convenere</strong></span> <span class='ocrx_word' id='word_1_728' title='bbox 2732 4858 2931 4919; x_wconf 65' lang='lat' dir='ltr'><strong>praeter</strong></span> <span class='ocrx_word' id='word_1_729' title='bbox 2955 4849 3236 4913; x_wconf 89' lang='lat' dir='ltr'><strong>Cadolurn,</strong></span> <span class='ocrx_word' id='word_1_730' title='bbox 3267 4852 3359 4921; x_wconf 88' lang='lat' dir='ltr'><strong>qui</strong></span> 
     </span>
    </p>
   </div>
   <div class='ocr_carea' id='block_1_109' title="bbox 1779 4937 3366 4997">
    <p class='ocr_par' dir='ltr' id='par_1_109' title="bbox 1779 4937 3366 4997">
     <span class='ocr_line' id='line_1_109' title="bbox 1779 4937 3366 4997; baseline 0.003 -6"><span class='ocrx_word' id='word_1_731' title='bbox 1779 4937 2111 4993; x_wconf 87' lang='lat' dir='ltr'><strong>conscientia</strong></span> <span class='ocrx_word' id='word_1_732' title='bbox 2140 4949 2430 4993; x_wconf 88' lang='lat' dir='ltr'><strong>accusante</strong></span> <span class='ocrx_word' id='word_1_733' title='bbox 2443 4939 2630 4994; x_wconf 87' lang='lat' dir='ltr'><strong>venire</strong></span> <span class='ocrx_word' id='word_1_734' title='bbox 2655 4940 2856 4995; x_wconf 89' lang='lat' dir='ltr'><strong>timuit.</strong></span> <span class='ocrx_word' id='word_1_735' title='bbox 2880 4940 3217 4997; x_wconf 83' lang='lat' dir='ltr'><strong>Venerabilis</strong></span> <span class='ocrx_word' id='word_1_736' title='bbox 3236 4956 3366 4995; x_wconf 87' lang='lat' dir='ltr'><strong>vero</strong></span> 
     </span>
    </p>
   </div>
   <div class='ocr_carea' id='block_1_110' title="bbox 1778 5029 3363 5100">
    <p class='ocr_par' dir='ltr' id='par_1_110' title="bbox 1778 5029 3363 5100">
     <span class='ocr_line' id='line_1_110' title="bbox 1778 5029 3363 5100; baseline 0.003 -19"><span class='ocrx_word' id='word_1_737' title='bbox 1778 5045 1913 5100; x_wconf 86' lang='lat' dir='ltr'><strong>papa</strong></span> <span class='ocrx_word' id='word_1_738' title='bbox 1945 5030 2170 5086; x_wconf 90' lang='lat' dir='ltr'><strong>veniens</strong></span> <span class='ocrx_word' id='word_1_739' title='bbox 2196 5029 2469 5085; x_wconf 83' lang='lat' dir='ltr'><strong>Mantuam</strong></span> <span class='ocrx_word' id='word_1_740' title='bbox 2496 5029 2860 5086; x_wconf 81' lang='lat' dir='ltr'><strong>et&#39;rationem</strong></span> <span class='ocrx_word' id='word_1_741' title='bbox 2908 5030 2977 5087; x_wconf 89' lang='lat' dir='ltr'><strong>de</strong></span> <span class='ocrx_word' id='word_1_742' title='bbox 3027 5045 3087 5086; x_wconf 86' lang='lat' dir='ltr'><strong>se</strong></span> <span class='ocrx_word' id='word_1_743' title='bbox 3132 5030 3363 5086; x_wconf 88' lang='lat' dir='ltr'><strong>reddens</strong></span> 
     </span>
    </p>
   </div>
   <div class='ocr_carea' id='block_1_111' title="bbox 1777 5121 3364 5179">
    <p class='ocr_par' dir='ltr' id='par_1_111' title="bbox 1777 5121 3364 5179">
     <span class='ocr_line' id='line_1_111' title="bbox 1777 5121 3364 5179; baseline 0 -2"><span class='ocrx_word' id='word_1_744' title='bbox 1777 5123 2040 5178; x_wconf 91' lang='lat' dir='ltr'><strong>citissime</strong></span> <span class='ocrx_word' id='word_1_745' title='bbox 2067 5137 2259 5178; x_wconf 89' lang='lat' dir='ltr'><strong>omnes</strong></span> <span class='ocrx_word' id='word_1_746' title='bbox 2303 5124 2555 5179; x_wconf 85' lang='lat' dir='ltr'><strong>inimicos</strong></span> <span class='ocrx_word' id='word_1_747' title='bbox 2603 5124 2733 5179; x_wconf 91' lang='lat' dir='ltr'><strong>fecit</strong></span> <span class='ocrx_word' id='word_1_748' title='bbox 2780 5123 3006 5178; x_wconf 90' lang='lat' dir='ltr'><strong>amicos.</strong></span> <span class='ocrx_word' id='word_1_749' title='bbox 3052 5121 3189 5175; x_wconf 81' lang='lat' dir='ltr'><strong>Nam</strong></span> <span class='ocrx_word' id='word_1_750' title='bbox 3236 5137 3364 5177; x_wconf 87' lang='lat' dir='ltr'><strong>mox</strong></span> 
     </span>
    </p>
   </div>
   <div class='ocr_carea' id='block_1_112' title="bbox 1776 5214 3363 5287">
    <p class='ocr_par' dir='ltr' id='par_1_112' title="bbox 1776 5214 3363 5287">
     <span class='ocr_line' id='line_1_112' title="bbox 1776 5214 3363 5287; baseline 0.001 -18"><span class='ocrx_word' id='word_1_751' title='bbox 1776 5229 1966 5269; x_wconf 85' lang='lat' dir='ltr'><strong>omnes</strong></span> <span class='ocrx_word' id='word_1_752' title='bbox 2016 5214 2356 5285; x_wconf 89' lang='lat' dir='ltr'><strong>Longobardi</strong></span> <span class='ocrx_word' id='word_1_753' title='bbox 2398 5216 2636 5287; x_wconf 81' lang='lat' dir='ltr'><strong>episcopi</strong></span> <span class='ocrx_word' id='word_1_754' title='bbox 2689 5216 2914 5287; x_wconf 90' lang='lat' dir='ltr'><strong>pedibus</strong></span> <span class='ocrx_word' id='word_1_755' title='bbox 2954 5215 3070 5272; x_wconf 89' lang='lat' dir='ltr'><strong>suis</strong></span> <span class='ocrx_word' id='word_1_756' title='bbox 3124 5214 3363 5271; x_wconf 89' lang='lat' dir='ltr'><strong>advoluti</strong></span> 
     </span>
    </p>
   </div>
   <div class='ocr_carea' id='block_1_113' title="bbox 1778 5305 3362 5380">
    <p class='ocr_par' dir='ltr' id='par_1_113' title="bbox 1778 5305 3362 5380">
     <span class='ocr_line' id='line_1_113' title="bbox 1778 5305 3362 5380; baseline 0.003 -20"><span class='ocrx_word' id='word_1_757' title='bbox 1778 5321 1900 5360; x_wconf 89' lang='lat' dir='ltr'><strong>reus</strong></span> <span class='ocrx_word' id='word_1_758' title='bbox 1928 5320 1988 5361; x_wconf 92' lang='lat' dir='ltr'><strong>se</strong></span> <span class='ocrx_word' id='word_1_759' title='bbox 2011 5320 2132 5361; x_wconf 90' lang='lat' dir='ltr'><strong>esse</strong></span> <span class='ocrx_word' id='word_1_760' title='bbox 2151 5305 2387 5362; x_wconf 88' lang='lat' dir='ltr'><strong>confessi</strong></span> <span class='ocrx_word' id='word_1_761' title='bbox 2417 5308 2632 5361; x_wconf 83' lang='lat' dir='ltr'><strong>veniam</strong></span> <span class='ocrx_word' id='word_1_762' title='bbox 2664 5308 2870 5376; x_wconf 89' lang='lat' dir='ltr'><strong>petiere</strong></span> <span class='ocrx_word' id='word_1_763' title='bbox 2892 5316 2949 5362; x_wconf 89' lang='lat' dir='ltr'><strong>et</strong></span> <span class='ocrx_word' id='word_1_764' title='bbox 2979 5308 3362 5380; x_wconf 79' lang='lat' dir='ltr'><strong>impetravere.</strong></span> 
     </span>
    </p>
   </div>
   <div class='ocr_carea' id='block_1_114' title="bbox 1780 5396 3366 5468">
    <p class='ocr_par' dir='ltr' id='par_1_114' title="bbox 1780 5396 3366 5468">
     <span class='ocr_line' id='line_1_114' title="bbox 1780 5396 3366 5468; baseline 0.004 -19"><span class='ocrx_word' id='word_1_765' title='bbox 1780 5396 1981 5466; x_wconf 90' lang='lat' dir='ltr'><strong>Sicque</strong></span> <span class='ocrx_word' id='word_1_766' title='bbox 2003 5412 2168 5467; x_wconf 88' lang='lat' dir='ltr'><strong>regno</strong></span> <span class='ocrx_word' id='word_1_767' title='bbox 2203 5405 2261 5453; x_wconf 89' lang='lat' dir='ltr'><strong>et</strong></span> <span class='ocrx_word' id='word_1_768' title='bbox 2293 5398 2597 5453; x_wconf 86' lang='lat' dir='ltr'><strong>sacerdotio</strong></span> <span class='ocrx_word' id='word_1_769' title='bbox 2626 5397 2780 5452; x_wconf 90' lang='lat' dir='ltr'><strong>unito</strong></span> <span class='ocrx_word' id='word_1_770' title='bbox 2815 5411 2951 5468; x_wconf 86' lang='lat' dir='ltr'><strong>papa</strong></span> <span class='ocrx_word' id='word_1_771' title='bbox 2986 5413 3111 5453; x_wconf 89' lang='lat' dir='ltr'><strong>cum</strong></span> <span class='ocrx_word' id='word_1_772' title='bbox 3154 5398 3366 5455; x_wconf 82' lang='lat' dir='ltr'><strong>honore</strong></span> 
     </span>
    </p>
   </div>
   <div class='ocr_carea' id='block_1_115' title="bbox 1778 5489 3362 5560">
    <p class='ocr_par' dir='ltr' id='par_1_115' title="bbox 1778 5489 3362 5560">
     <span class='ocr_line' id='line_1_115' title="bbox 1778 5489 3362 5560; baseline 0 -15"><span class='ocrx_word' id='word_1_773' title='bbox 1778 5489 2003 5545; x_wconf 84' lang='lat' dir='ltr'><strong>Romam</strong></span> <span class='ocrx_word' id='word_1_774' title='bbox 2030 5490 2313 5556; x_wconf 89' lang='lat' dir='ltr'><strong>remeavit,</strong></span> <span class='ocrx_word' id='word_1_775' title='bbox 2343 5492 2543 5559; x_wconf 91' lang='lat' dir='ltr'><strong>quique</strong></span> <span class='ocrx_word' id='word_1_776' title='bbox 2568 5503 2700 5543; x_wconf 87' lang='lat' dir='ltr'><strong>vero</strong></span> <span class='ocrx_word' id='word_1_777' title='bbox 2724 5489 2964 5560; x_wconf 81' lang='lat' dir='ltr'><strong>episcopi</strong></span> <span class='ocrx_word' id='word_1_778' title='bbox 3004 5505 3130 5547; x_wconf 87' lang='lat' dir='ltr'><strong>cum</strong></span> <span class='ocrx_word' id='word_1_779' title='bbox 3167 5489 3362 5547; x_wconf 81' lang='lat' dir='ltr'><strong>alacri-</strong></span> 
     </span>
    </p>
   </div>
   <div class='ocr_carea' id='block_1_116' title="bbox 1775 5568 3346 5654">
    <p class='ocr_par' dir='ltr' id='par_1_116' title="bbox 1775 5568 3346 5654">
     <span class='ocr_line' id='line_1_116' title="bbox 1775 5568 3346 5654; baseline -0.001 -16"><span class='ocrx_word' id='word_1_780' title='bbox 1775 5568 1888 5639; x_wconf 86' lang='lat' dir='ltr'><strong>tate</strong></span> <span class='ocrx_word' id='word_1_781' title='bbox 1911 5585 2200 5640; x_wconf 90' lang='lat' dir='ltr'><strong>tenderunt</strong></span> <span class='ocrx_word' id='word_1_782' title='bbox 2235 5583 2303 5637; x_wconf 89' lang='lat' dir='ltr'><strong>ad</strong></span> <span class='ocrx_word' id='word_1_783' title='bbox 2329 5582 2566 5654; x_wconf 90' lang='lat' dir='ltr'><strong>propria.</strong></span> <span class='ocrx_word' id='word_1_784' title='bbox 2589 5581 2725 5637; x_wconf 85' lang='lat' dir='ltr'><strong>Huic</strong></span> <span class='ocrx_word' id='word_1_785' title='bbox 2748 5590 2898 5639; x_wconf 89' lang='lat' dir='ltr'><strong>tanto</strong></span> <span class='ocrx_word' id='word_1_786' title='bbox 2919 5583 3162 5640; x_wconf 76' lang='lat' dir='ltr'><strong>consilio</strong></span> <span class='ocrx_word' id='word_1_787' title='bbox 3191 5584 3346 5640; x_wconf 88' lang='lat' dir='ltr'><strong>inter-</strong></span> 
     </span>
    </p>
   </div>
   <div class='ocr_carea' id='block_1_117' title="bbox 1780 5674 3357 5748">
    <p class='ocr_par' dir='ltr' id='par_1_117' title="bbox 1780 5674 3357 5748">
     <span class='ocr_line' id='line_1_117' title="bbox 1780 5674 3357 5748; baseline -0.001 -18"><span class='ocrx_word' id='word_1_788' title='bbox 1780 5677 1930 5734; x_wconf 78' lang='lat' dir='ltr'><strong>fuere</strong></span> <span class='ocrx_word' id='word_1_789' title='bbox 1962 5678 2072 5734; x_wconf 91' lang='lat' dir='ltr'><strong>dux</strong></span> <span class='ocrx_word' id='word_1_790' title='bbox 2101 5674 2413 5735; x_wconf 83' lang='lat' dir='ltr'><strong>Gotefridus</strong></span> <span class='ocrx_word' id='word_1_791' title='bbox 2432 5683 2486 5731; x_wconf 93' lang='lat' dir='ltr'><strong>ct</strong></span> <span class='ocrx_word' id='word_1_792' title='bbox 2500 5674 2631 5733; x_wconf 87' lang='lat' dir='ltr'><strong>Otto</strong></span> <span class='ocrx_word' id='word_1_793' title='bbox 2659 5676 2807 5733; x_wconf 78' lang='lat' dir='ltr'><strong>Saxo</strong></span> <span class='ocrx_word' id='word_1_794' title='bbox 2828 5677 2935 5733; x_wconf 88' lang='lat' dir='ltr'><strong>dux</strong></span> <span class='ocrx_word' id='word_1_795' title='bbox 2967 5675 3357 5748; x_wconf 85' lang='lat' dir='ltr'><strong>Bajoariorum.</strong></span> 
     </span>
    </p>
   </div>
   <div class='ocr_carea' id='block_1_118' title="bbox 1854 5769 3338 5845">
    <p class='ocr_par' dir='ltr' id='par_1_118' title="bbox 1854 5769 3338 5845">
     <span class='ocr_line' id='line_1_118' title="bbox 1854 5769 3338 5845; baseline 0.002 -19"><span class='ocrx_word' id='word_1_796' title='bbox 1854 5771 1948 5827; x_wconf 83' lang='lat' dir='ltr'><strong>llis</strong></span> <span class='ocrx_word' id='word_1_797' title='bbox 1980 5772 2052 5828; x_wconf 91' lang='lat' dir='ltr'><strong>ita</strong></span> <span class='ocrx_word' id='word_1_798' title='bbox 2081 5769 2375 5827; x_wconf 87' lang='lat' dir='ltr'><strong>transactis</strong></span> <span class='ocrx_word' id='word_1_799' title='bbox 2398 5785 2494 5828; x_wconf 87' lang='lat' dir='ltr'><strong>rex</strong></span> <span class='ocrx_word' id='word_1_800' title='bbox 2524 5770 2728 5843; x_wconf 86' lang='lat' dir='ltr'><strong>accepit</strong></span> <span class='ocrx_word' id='word_1_801' title='bbox 2761 5772 3043 5845; x_wconf 65' lang='lat' dir='ltr'><strong>coniugem</strong></span> <span class='ocrx_word' id='word_1_802' title='bbox 3082 5772 3191 5828; x_wconf 81' lang='lat' dir='ltr'><strong>Deo</strong></span> <span class='ocrx_word' id='word_1_803' title='bbox 3227 5770 3338 5829; x_wconf 76' lang='lat' dir='ltr'><strong>dite</strong></span> 
     </span>
    </p>
   </div>
  </div>
