3852 6308
108 359 194 416 855
1274 349 1474 404 LIBER
1512 350 1603 405 AD
1634 349 1919 407 AMICUM.
1961 349 2091 404 LIB.
2130 348 2217 403 Vl.
3242 351 3349 409 85;}
3428 338 3433 342 ’

106 470 463 531 humanitatem
493 466 835 523 ostendentes
863 467 1128 537 prmeipue
1154 467 1456 521 reverentia
1504 468 1657 520 ordi-
1694 460 1733 526 Α
1767 466 1928 517 multa
1959 475 2015 517 et
2064 464 2173 518 Deo
2220 462 2468 516 atiiabilia
2501 462 2719 517 servitia
2770 463 2910 518 beati
2950 461 3096 518 Petri
3148 466 3348 522 meruit

108 560 283 619 natoris
305 559 443 630 ejus,
477 556 615 613 beati
642 556 852 610 scilicet
883 572 1033 626 papa:
1062 556 1282 613 Leonis.

160 653 351 706 Interea
400 647 659 719 praefatus
700 646 875 701 Guido
924 646 1362 716 archiepiscopus
1405 646 1660 703 Mediolaé

107 758 209 797 num
242 740 459 795 veniens
490 739 808 809 ptenitentia
850 736 1065 805 ductus,
1092 737 1350 807 depositis
1376 740 1661 809 pontiﬁca-

104 833 219 887 lihus
235 831 496 900 insigniis,
513 830 724 900 privato
736 830 951 883 vivebat
975 844 1153 884 scema
1162 838 1234 884 te.
1250 829 1404 898 Quod
1419 831 1659 886 videntes

105 922 431 978 Fxclesiarum
462 921 795 984 venditores,
835 920 900 974 de
930 918 1126 988 quibus
1147 934 1308 989 supra
1328 919 1655 974 mentionem

105 1016 318 1078 fecimus,
356 1011 598 1067 animum
632 1013 747 1084 ejus
778 1013 948 1068 levem
978 1012 1042 1066 ad
1088 1011 1412 1067 deteriorem
1444 1021 1653 1081 partem

105 1107 328 1163 citissime
362 1106 665 1171 inflectunt,
696 1105 924 1159 mortale
960 1105 1009 1159 ei
1059 1104 1249 1161 dantes
1284 1107 1567 1163 consilium
1600 1113 1657 1159 ut

103 1201 434 1266 ep'scopatum
463 1196 678 1250 cuidam
706 1194 1223 1259 Getefrido,clerico
1250 1198 1415 1253 nobili
1439 1200 1653 1266 quidem

105 1292 323 1363 progenie
348 1300 468 1346 orto
491 1300 548 1345 et
578 1292 712 1345 satis
734 1286 1119 1345 facimdissimo
1139 1300 1195 1345 et
1219 1291 1286 1345 ad
1313 1307 1473 1347 omne
1503 1292 1654 1348 nefas

104 1399 261 1451 prono,
276 1385 555 1449 venderet,
586 1392 640 1437 et
686 1398 807 1439 sese
845 1385 911 1439 ad
941 1399 1121 1439 arcem
1146 1384 1652 1452 transferret.Qnod

103 1485 144 1528 et
172 1476 447 1530 sine-mora
477 1474 678 1529 factum
714 1484 821 1530 est.
1220 1517 1224 1523 .

160 1565 396 1621 Pnefatus
422 1580 557 1620 vero
582 1565 913 1621 Gotefridus‘
938 1567 1165 1623 consilio
1215 1567 1649 1642 Simoniacortun

104 1670 145 1712 et
166 1658 623 1714 Mediolanensinm
656 1661 1060 1729 capitaneorum
1089 1670 1143 1718 et
1170 1662 1649 1733 Longohardorum

104 1751 637 1819 episcoporum,Alpes
666 1753 903 1817 transiit,
934 1769 1112 1825 regem
1135 1755 1651 1825 adiit,animumque

1761 556 1866 612 dici
1896 556 2026 611 filia.

1763 664 1769 670 ’
1830 648 1968 702 Cum
1995 649 2111 701 luce
2134 647 2204 701 ita
2237 659 2295 699 se
2318 646 2603 711 haberent,
2627 662 2656 700 a
2675 646 2784 701 Deo
2810 656 3087 716 protectus
3111 648 3347 705 llerlim-

1762 739 1951 793 baldus
1997 738 2184 792 volens
2230 736 2685 791 Mediolanensem
2750 737 3044 794 Ecclesiam
3087 756 3117 795 a
3163 740 3345 796 Sito-

1760 832 1912 884 niaca
1936 830 2168 885 liberare
2191 828 2475 893 servitute,
2504 829 2732 883 consilio
2761 845 2913 898 papae
2953 838 3009 887 et
3054 831 3164 886 Deo
3189 848 3343 887 ama-

1758 918 2328 983 bilisllildebrandi,in
2358 918 2446 972 die
2477 930 2665 973 sancto
2695 919 3024 988 Epiphaniae,
3043 921 3347 991 adjuvanti-

1757 1013 1861 1068 bus
1908 1010 2180 1082 religiosis
2231 1011 2447 1065 clericis
2485 1027 2587 1065 non
2637 1011 2809 1066 solum
2856 1011 3345 1069 Mediolanensibus

1757 1105 1850 1158 sed
1873 1112 1927 1158 et
1965 1102 2422 1158 Cremonensibus
2450 1112 2505 1157 et
2543 1102 2871 1158 Placentinis
2914 1104 3212 1160 secundum
3251 1104 3349 1160 de-

1756 1204 1903 1251 creta
1927 1204 2240 1250 sanctorum
2265 1194 2488 1249 Patrum
2515 1210 2612 1263 per
2637 1195 2956 1251 electionem
2989 1197 3120 1253 cleri
3145 1198 3345 1254 habere

1757 1285 2071 1341 deliberavit
2110 1285 2432 1355 episcopum
2475 1285 2752 1352 Ottonem,
2792 1287 3036 1357 ejusdem
3091 1287 3345 1344 Ecclesia:

1753 1376 2209 1440 clericum,nobili
2242 1378 2458 1445 quidem
2472 1394 2690 1449 genere,
2718 1380 2810 1435 sed
2838 1381 3154 1436 nobiliorem
3172 1382 3343 1437 mori-

1755 1469 1873 1534 bus,
1904 1484 1932 1520 a
1952 1467 2204 1536 religioso
2231 1468 2377 1523 clero
2417 1469 2649 1524 electum
2694 1482 2749 1526 et
2789 1487 2818 1524 a
2849 1471 3117 1525 catholico
3147 1472 3344 1541 populo

1752 1559 2050 1615 laudatum.
2085 1560 2236 1627 Quod
2267 1569 2584 1617 veternosus
2605 1577 2827 1630 serpens
2861 1579 2964 1617 non
2988 1566 3158 1631 aequis
3186 1580 3344 1633 aspe.

1752 1652 1832 1707 xit
1869 1652 2071 1717 oculis;
2108 1668 2234 1707 nam
2263 1655 2524 1723 quosdam
2555 1670 2664 1708 sua:
2692 1654 2826 1709 artis
2855 1654 3004 1710 viros
3034 1656 3257 1721 invenit,
3289 1665 3343 1719 et

1750 1758 1850 1813 per
1877 1759 1971 1799 eos
1999 1744 2317 1799 seditionem
2346 1760 2566 1799 movens
2596 1744 2647 1798 in
2696 1744 2912 1814 populo,
2942 1746 3114 1815 ipsum
3147 1762 3176 1809 a
3232 1746 3341 1813 Deo

104 1843 217 1909 regis
240 1850 415 1913 utpOte
442 1842 806 1900 adolescentis
834 1843 1085 1900 facillime
1114 1858 1340 1902 venatus
1377 1858 1478 1904 est.
1508 1849 1642 1903 Nam

1753 1844 2054 1904 protectum
2084 1834 2525 1891 llerlimbaldum,
2557 1850 2677 1889 cum
2710 1835 2884 1891 electo
2911 1834 3022 1903 jam
3046 1836 3098 1891 in
3142 1836 3342 1906 palatio

102 1944 144 1986 et
170 1932 416 1987 Paleream
435 1935 787 2005 promittebat
812 1952 871 1991 se
888 1938 1314 2004 destructurum,
1340 1948 1392 1994 et
1415 1939 1647 1995 llerlim-

101 2025 285 2080 baldum'
305 2026 484 2081 vivum
515 2037 805 2098 capturum
834 2039 889 2085 et
916 2031 1058 2086 ultra
1099 2041 1307 2087 montes
1331 2034 1643 2099 missurum,

102 2118 135 2171 si
158 2118 198 2172 ei
232 2132 320 2187 per
357 2119 736 2174 investituram
770 2120 1224 2176 Mediolanensem
1257 2124 1495 2178 traderet
1531 2124 1649 2192 epi-

100 2217 355 2281 scopulum.
398 2211 573 2281 Hujus
598 2212 677 2267 rei
719 2214 892 2284 gratia
923 2222 979 2268 et
1024 2214 1357 2282 aliquantula
1417 2216 1644 2284 pecunia

101 2302 215 2364 data,
241 2302 632 2373 investitnram,
659 2317 823 2373 quam
860 2305 1103 2374 petebat,
1151 2305 1502 2374 accepit,.sed
1532 2306 1645 2375 cpia

100 2404 332 2465 scopatutn
356 2413 462 2453 non
493 2396 756 2451 obtinuit.
787 2395 922 2450 Nam
940 2413 967 2449 a
986 2396 1096 2449 Deo
1116 2405 1393 2466 protectus
1410 2396 1646 2451 Herlim-

102 2486 271 2555 hahlus,
303 2496 357 2542 ut
372 2488 582 2542 audivit
605 2488 721 2558 ejus
735 2495 1375 2558 conatum-congregans
1398 2487 1644 2542 multitu-

103 2578 248 2634 dinem
276 2580 365 2635 Dei
396 2580 697 2644 exercitus,
729 2581 908 2635 omnia
948 2589 1125 2636 castra
1175 2581 1240 2635 ad
1286 2580 1375 2646 jus
1406 2581 1644 2651 episcopi

104 2670 377 2734 pertinentia
407 2672 479 2727 ab
506 2672 629 2742 ejus
679 2671 950 2727 subtraxit
975 2672 1223 2731 .ditioue.
1262 2671 1469 2735 Dehinc
1503 2673 1643 2742 apud

102 2760 428 2819 Castellionem
457 2770 619 2821 suum
648 2764 1051 2818 hereditarium
1069 2774 1307 2818 castrum
1328 2780 1428 2834 per
1450 2765 1646 2820 multos

104 2852 192 2907 «lies
238 2870 347 2910 etim
390 2857 630 2920 obsedit,
668 2856 965 2925 quodcum
1019 2857 1362 2911 obsideretur
1404 2868 1463 2913 et
1507 2872 1646 2929 pene

103 2947 191 3015 capi
209 2960 355 3015 posse
370 2949 670 3014 videretur,
701 2949 992 3003 Simoniaei
1016 2959 1066 3002 et
1090 2950 1436 3005 eonenbinati
1459 2950 1644 3006 clerici

103 3047 228 3093 noctu
248 3040 417 3111 ignem
444 3043 500 3097 in
536 3043 711 3097 media
755 3041 1142 3099 Mediolanensi
1174 3043 1391 3097 civitate
1448 3040 1646 3110 injeceo

110 3142 227 3197 runt,
249 3142 454 3190 auctore
481 3134 722 3205 quodam
759 3134 978 3194 clerico.
1012 3132 1166 3202 cujus
1195 3149 1391 3189 nomen
1418 3134 1644 3188 investi—

1749 1928 2073 1983 rcsidentem
2104 1928 2272 1982 armis
2328 1928 2688 1991 circumdant,
2746 1928 3005 1997 palatium
3059 1928 3338 1993 invadunt,

1748 2029 1939 2075 cuncta
1975 2019 2257 2090 diripiunt,
2298 2019 2471 2090 ipsum
2508 2020 2737 2077 electum
2768 2020 3040 2091 plagatum
3073 2037 3241 2091 usque
3272 2022 3340 2076 ad

1747 2110 1921 2165 altare
1969 2109 2028 2164 S.
2066 2109 2250 2164 Maria:
2283 2119 2514 2165 tractum
2562 2108 2750 2177 jurare
2782 2111 3150 2181 compellunt,
3190 2128 3335 2165 nun-

1748 2215 1908 2269 quam
1946 2215 2004 2254 se
2030 2200 2263 2269 amplius
2285 2201 2352 2256 de
2394 2201 2585 2257 eodem
2631 2200 2944 2271 episcopatu
2973 2203 3335 2257 intromissu-

1749 2306 1888 2344 rnm.
1924 2289 2139 2355 Dehinc,
2162 2305 2286 2345 eum
2333 2291 2546 2346 cuidam
2575 2290 2776 2346 clerico
2813 2290 3053 2359 ejusdem
3098 2293 3341 2355 ecclesia:

1747 2396 1919 2452 usque
1970 2397 2129 2437 mane
2184 2384 2596 2439 custodiendum
2662 2384 2953 2440 tradidere.
3011 2385 3341 2441 Manevero

1748 2474 1908 2540 facto,
1931 2492 1961 2529 a
1993 2477 2101 2531 Deo
2122 2486 2401 2545 protectus
2428 2475 2821 2533 Herlimbaldus
2844 2478 3214 2534 ad'ecclesiam
3241 2479 3342 2539 imv-

1747 2568 2075 2636 perterritus
2118 2568 2297 2633 venit;
2349 2568 2491 2638 quod
2547 2576 2607 2622 ut
2662 2569 2913 2623 viderunt
2974 2567 3340 2623 Ecclesiarum

1746 2661 2068 2717 venditores
2113 2670 2169 2715 et
2215 2661 2607 2717 fornicatorum
2654 2662 3016 2721 sacerdotum
3053 2661 3341 2730 propinqui

1747 2751 1982 2807 clamare
2005 2762 2307 2821 cmpernnt,
2327 2753 2574 2822 belloque
2600 2754 2912 2818 connnisso,
2934 2769 3034 2822 per
3053 2754 3148 2810 Dei
3178 2754 3342 2808 mise-

1746 2843 2040 2897 ricordiam
2070 2843 2161 2898 Dei
2191 2844 2347 2899 miles
2370 2844 2603 2914 palmam
2630 2845 2892 2901 citissime
2922 2846 3174 2902 obtinuit.
3204 2845 3338 2901 Nam

1744 2949 1939 2991 omnes
1986 2934 2079 2990 Dei
2113 2936 2361 2992 inimicus
2414 2938 2601 3007 procul
2654 2954 2685 2993 a
2738 2938 2959 2994 civitate
2996 2938 3339 3010 fugaverunt.

1746 3028 2108 3098 omnibusque
2127 3043 2227 3097 per
2251 3029 2344 3084 Dei
2378 3030 2625 3086 inimicos
2659 3030 2822 3087 rebus
2852 3031 3098 3093 ecclesia:
3148 3032 3341 3087 ablatis

1748 3117 1804 3172 in
1834 3118 2057 3188 duplum
2084 3120 2351 3177 restitutis
2393 3120 2683 3177 ecclesiam
2714 3130 2771 3176 et
2799 3121 3058 3191 palatium
3085 3122 3339 3189 obtinuit,

104 3188 293 3283 manu.
318 3188 517 3279 “1,3,1;
536 3188 731 3279 πεοιοτί
764 3188 1035 3293 τειίηφίο,
1065 3188 1164 3295 βτο
1185 3232 1338 3279 ρει·ιο
1367 3224 1548 3279 sciens
1590 3233 1646 3279 ει
1673 3188 1715 3246 C
1752 3209 2036 3281 potuitque
2063 3212 2252 3267 eodem
2284 3213 2370 3267 die
2399 3214 2605 3269 electus
2649 3214 2860 3269 Domini
2898 3216 3015 3269 sine
3053 3214 3159 3270 ulla
3208 3230 3339 3270 con-

105 3308 419 3371 indubitanter
440 3315 720 3371 affirmans
745 3324 1022 3373 auctorem
1052 3316 1185 3369 tanti
1214 3314 1397 3387 flagitii
1421 3316 1642 3385 dignum

104 3414 185 3455 non
211 3418 314 3461 esse
344 3408 669 3462 sacerdotio.
713 3406 851 3474 Quid
884 3407 1084 3476 plura?
1121 3408 1262 3477 ignis
1297 3408 1441 3462 aedes
1467 3408 1642 3463 corri-

103 3492 223 3559 piens
269 3496 631 3569 gloriosasqne
677 3498 937 3555 basilicas
1004 3499 1285 3554 beatorum
1355 3499 1644 3554 devastans

104 3591 372 3658 martyrum,
405 3590 470 3644 ad
521 3588 775 3643 ultimum
804 3589 1153 3643 medietatem
1202 3588 1443 3643 civitatis
1469 3588 1644 3645 victor

105 3680 403 3747 consumpsit.
435 3681 594 3749 Quod
624 3680 714 3736 ubi
738 3680 1249 3746 Mediolanensibus,
1277 3681 1369 3751 qui
1414 3680 1555 3738 forte
1575 3683 1641 3737 ad

105 3763 383 3825 obsidionem
410 3772 665 3836 aderant,
682 3772 990 3827 nuntiatum
1018 3772 1234 3837 fuisset,
1270 3780 1449 3828 terror
1468 3773 1642 3827 maxi~

104 3860 408 3927 masinvasit,
455 3864 759 3934 relictoque
816 3863 1215 3930 Herlimbaldo,
1264 3880 1389 3920 cum
1446 3865 1636 3935 paucis

106 3946 236 4005 Datim
256 3954 582 4021 timentibus,
609 3957 792 4013 statim
816 3958 1032 4013 domum
1061 3958 1292 4013 rediere.
1330 3958 1438 4013 Sed
1485 3958 1637 4014 miles

108 4039 273 4098 Domini
297 4046 640 4115 fortissimus,
655 4048 801 4102 velut
820 4047 986 4104 Judas
1004 4047 1343 4105 Illacbabarus
1356 4047 1441 4121 (II
1456 4047 1634 4103 Much.

102 4140 181 4198 ιιι,
206 4136 283 4208 ιε)
312 4142 452 4195 stetit
482 4142 884 4212 imperterritus
907 4141 1297 4210 obsidionequc
1319 4140 1531 4195 firmata
1565 4140 1635 4193 ibi

106 4233 303 4281 sanctum
330 4229 531 4286 Pascha
562 4231 874 4286 celebravit.
894 4230 1192 4286 Transacta
1232 4246 1359 4286 vero
1396 4230 1633 4301 paschali

108 4310 368 4385 festivitate,
400 4321 661 4393 praefatus
688 4323 1011 4379 Godefridus
1036 4325 1240 4397 habens
1274 4340 1459 4380 secum
1486 4323 1622 4379 mul-

102 4402 342 4464 titudinem
396 4413 640 4482 equitum
688 4422 745 4468 et
805 4413 1044 4483 peditum
1093 4428 1216 4469 eum
1267 4412 1633 4478 llerlimbaldo

1750 3303 2074 3359 tradictione
2107 3304 2487 3369 inlhronizari,
2518 3306 2570 3363 ni
2600 3305 2929 3381 sacramenti
2947 3305 3220 3360 vinculum
3241 3307 3339 3360 ob-

1744 3394 1999 3450 stitisset.
2040 3394 2211 3464 Hujus
2257 3395 2333 3450 rei
2377 3397 2549 3465 gratia
2606 3396 2896 3450 mittuntur
2950 3396 3184 3467 religiosi
3235 3397 3339 3451 viri

1744 3482 1998 3548 Romam,
2032 3484 2123 3553 qui
2159 3486 2273 3539 lnuc
2310 3500 2468 3555 papa:
2496 3486 2833 3548 intimarent,
2858 3486 3001 3556 quod
3034 3495 3093 3540 ut
3132 3488 3340 3541 audivit

1745 3574 2071 3630 venerabilis
2098 3577 2447 3643 Alexander,
2476 3588 2531 3633 et
2569 3587 2973 3633 sacramentum
3016 3585 3205 3633 contra
3247 3576 3339 3646 jus

1742 3666 2170 3723 e.elesiasticum
2204 3667 2403 3723 factum
2433 3668 2570 3723 dixit
2610 3684 2713 3723 non
2749 3668 3067 3735 tenendum,
3094 3679 3151 3736 et
3184 3686 3338 3724 com-

1738 3760 1891 3815 muni
1925 3761 2145 3817 decreto
2196 3769 2306 3815 tam
2356 3762 2737 3832 episcoporum
2786 3764 3144 3823 eardinalium
3170 3780 3333 3835 quam

1742 3854 2088 3908 sacerdotum
2118 3862 2172 3908 et
2231 3853 2518 3911 levitarum
2550 3870 2674 3911 cum
2707 3855 2832 3927 jure
2877 3856 3334 3914 Mediolanensem

1739 3944 1971 4000 electum
2012 3942 2298 4013 judicavit.
2330 3940 2580 4016 Moxque
2611 3946 2824 4003 litteras
2872 3963 3003 4006 snas
3030 3948 3098 4003 ad
3152 3966 3332 4020 regem

1740 4037 1911 4102 misit,
1944 4037 1998 4092 in
2035 4037 2559 4107 quibusadmonuit
2594 4055 2717 4095 eum
2756 4049 2810 4094 ιιι
2835 4040 3025 4107 lilium,
3058 4050 3118 4097 ut
3150 4044 3334 4099 odium

1736 4138 2021 4183 servorum
2053 4128 2172 4194 Dei,
2197 4128 2340 4198 quod
2366 4130 2925 4199 anitnoconceperat,
2957 4146 2987 4185 a
3020 4146 3077 4187 se
3102 4132 3335 4202 projice-

1734 4229 1845 4283 rct,
1886 4230 1943 4274 et
1984 4219 2284 4274 Ecclesiam
2327 4219 2809 4275 Mediolancnsinm
2834 4221 3129 4281 secundum
3161 4221 3331 4281 Deum

1740 4312 1942 4366 habere
1985 4310 2329 4379 permitteret
2356 4312 2689 4381 episcopum.
2714 4310 2868 4375 Quod
2896 4320 2955 4369 ut
2980 4326 3073 4369 rex
3104 4313 3330 4378 audivit,

1732 4416 1862 4457 mox
1878 4416 1946 4456 ex
1967 4401 2135 4455 latere
2160 4415 2260 4457 suo
2289 4414 2419 4457 suos
2443 4400 2589 4457 misit
2613 4417 2643 4455 a
2667 4401 2916 4467 secretis,
2937 4402 3028 4473 qui
3054 4402 3332 4459 venientes

108 4500 333 4567 pugnavit,
364 4511 416 4559 et
447 4513 597 4575 terga
627 4504 819 4571 vertit;
856 4506 1044 4576 sicque
1074 4520 1172 4574 per
1200 4506 1292 4560 Dei
1320 4506 1633 4561 misericor-
1668 4536 1712 4590 Β
1740 4493 2171 4590 Ῐλοιξιέοδίξτάξθπξ
2199 4491 2447 4553 Νονπίιε
2493 4494 2596 4590 Silii
2638 4494 3236 4590 C“"lf"_“p°0n5li'“““b
3274 4504 3331 4552 ει

100 4584 220 4643 ιιίιιιιι
245 4593 511 4663 milesDei,
536 4598 872 4653 incruentam
903 4599 1185 4670 poSsidens
1213 4600 1498 4655 victoriam
1531 4598 1636 4663 Me-

111 4674 331 4737 diolanum
361 4687 638 4744 remeavit.
1178 4761 1184 4765 ν

161 4767 327 4832 Elidem
372 4794 585 4852 quoque
630 4789 874 4853 tempore
901 4780 1260 4839 Nortbmanni
1286 4781 1633 4850 Campaniam

102 4855 337 4933 invadunt,
369 4873 506 4941 quod
528 4887 766 4929 cernens
794 4874 907 4930 Deo
943 4874 1191 4929 amabilis
1241 4873 1636 4928 Ilihlebrandus

108 4952 316 5013 continuo
346 4964 682 5035 magniﬁcum
706 4965 900 5021 ducem
929 4963 1267 5021 Gotel‘ridum
1290 4967 1343 5020 in
1372 4966 1633 5020 auxilium

109 5038 152 5093 S.
166 5043 287 5104 Petri
310 5067 512 5113 evocat.
544 5058 717 5113 Forte
731 5058 877 5113 enim
908 5058 996 5115 bis
1016 5058 1207 5114 diebus
1230 5058 1491 5131 praefatus
1523 5058 1635 5113 dux

109 5142 285 5193 Venerat
304 5140 521 5210 Italiam,
545 5148 752 5204 ducens
789 5163 974 5203 secum
1005 5147 1517 5215 excellentissimam
1543 5163 1635 5219 co-

112 5222 325 5311 tuitissam
354 5234 687 5307 Matbildam,
730 5239 913 5311 inclyti
947 5240 1101 5295 ducis
1130 5240 1391 5295 Bonifacii
1443 5239 1632 5301 filiam.

111 5309 146 5364 '5
165 5331 460 5396 congregans
484 5332 791 5389 universam
807 5332 1085 5388 exercitus
1106 5333 1187 5389 sui
1209 5331 1630 5405 multitudinem,

109 5415 370 5501 fumosum
409 5434 461 5476 et
489 5424 820 5480 nobilissima
851 5424 1109 5480 Matbilda
1135 5425 1364 5499 Romam
1390 5426 1631 5495 veniens,

113 5488 457 5573 Not‘lbmannos
485 5527 514 5566 a
540 5514 835 5584 Campania
889 5516 1095 5586 absque
1138 5494 1277 5571 bello
1304 5515 1538 5585 expulit,
1578 5488 1634 5570 et

111 5594 204 5641 eam
252 5592 484 5659 Romana;
543 5607 776 5669 reddidit
830 5609 1042 5664 ditioni.
1107 5609 1175 5663 Et
1227 5609 1331 5664 boe
1395 5609 1631 5679 primum

113 5681 342 5770 aemilium
363 5696 807 5753 excellentissima
839 5698 1103 5756 Bonifacii
1148 5701 1254 5755 lilia
1307 5701 1468 5756 beato
1499 5715 1633 5770 apo-

116 5767 322 5830 stolorum
348 5784 561 5857 principi
610 5789 841 5857 obtulit,
876 5806 995 5861 qure
1041 5809 1144 5848 non
1188 5792 1354 5848 multo
1390 5801 1504 5864 post
1534 5767 1633 5862 per

1732 4584 2070 4642 multitudini
2088 4584 2463 4655 episeopormn
2475 4584 2719 4641 collectae
2740 4586 2815 4641 ibi
2831 4586 2957 4642 dato
2975 4600 3330 4643 sacramento

1737 4678 2065 4735 confirmant
2092 4678 2195 4733 hoc
2221 4693 2343 4733 esse
2397 4678 2557 4749 regiae
2578 4678 2896 4744 voluntatis,
2928 4689 2989 4733 ut
3018 4679 3331 4740 Gotefridus

1737 4782 2170 4828 consecraretur.
2204 4773 2359 4841 Quod
2384 4775 2666 4830 audientes
2685 4773 3030 4847 Longobardi
3063 4779 3327 4849 episcopi».

1737 4866 1865 4923 licet
1895 4867 1962 4922 ab
2006 4867 2248 4922 Ecclesia
2278 4876 2462 4923 essent
2489 4870 2967 4936 exconnnunicati,
2999 4886 3122 4927 eum
3154 4871 3326 4939 liben»

1738 4970 1820 5017 ter
1859 4976 1963 5016 non
1994 4972 2365 5027 sacraverant,
2400 4962 2494 5018 sed
2520 4976 2962 5021 exsecravernnt.
3002 4966 3168 5023 Forte
3200 4968 3329 5023 huic

1728 5052 2095 5109 essecrutioni
2119 5068 2186 5107 ex
2212 5052 2597 5111 Mediolanensi
2616 5055 3108 5127 Ecclesiaqnidam
3140 5057 3325 5115 clerici

1722 5144 2054 5209 interfuere,
2084 5161 2151 5200 ex
2179 5161 2409 5215 quorum
2439 5164 2668 5205 numero
2690 5147 2793 5204 fuit
2824 5147 3127 5214 Tedaldus,
3148 5150 3326 5219 quieo

1724 5237 1951 5293 .vivente
1980 5238 2230 5293 eumdem
2262 5238 2458 5293 invasit
2488 5241 2880 5310 episcopatum.
2929 5239 3083 5307 Quod
3128 5251 3188 5294 ιιι
3224 5258 3326 5296 an-

1735 5331 1868 5385 divit
1897 5331 2222 5386 venerabilis
2245 5331 2396 5398 Otto,
2420 5330 2835 5389 Mediolanensis
2863 5333 3093 5405 electus,
3125 5334 3193 5389 ad
3218 5335 3326 5389 Ito-

1735 5437 1952 5476 manam
1988 5437 2047 5477 se
2084 5422 2313 5479 contulit
2345 5423 2552 5491 sedem,
2584 5423 2672 5479 ubi
2720 5436 2911 5483 omnes
2939 5425 3325 5482 ecclesiasticae

1734 5527 1911 5566 causa:
1937 5512 2318 5568 terminantur.

1805 5602 1958 5674 Hugo
2007 5620 2135 5661 vero
2188 5606 2472 5672 candidus,
2516 5606 2581 5662 de
2630 5622 2739 5678 quo
2794 5622 2954 5679 supra
3013 5608 3317 5690 retulimus,

1733 5695 2065 5754 Gallicanam
2111 5713 2141 5752 a
2173 5698 2394 5753 domino
2441 5713 2581 5769 papa
2604 5694 2923 5781 impetravit
2970 5702 3318 5783 legationem,

1734 5792 1823 5847 ubi
1872 5793 2038 5849 multa
2087 5801 2276 5848 contra
2314 5790 2404 5861 jus
2440 5801 2496 5849 et
2524 5792 2607 5849 fas
2631 5804 2884 5865 operatus
2910 5803 3013 5862 est,
3046 5798 3188 5866 quod
3218 5792 3319 5873 Sno
