3848 6292
487 326 600 389 835

1643 298 2005 360 BONlZONlS
2027 295 2441 354 PLACEN'l‘iNl
2478 294 2780 353 EPISCOPI
3616 262 3701 362 ξω

482 443 676 499 ordine
715 447 901 511 postea
942 427 1274 488 narrabitur.
1299 422 1505 481 Eodem
1547 428 1787 511 tempore
1804 413 2066 511 Cadolus,
2097 414 2142 476 Λ
2172 412 2405 469 ecclesia
2433 410 2492 468 S.
2520 411 2819 469 Salvatoris
2841 413 3086 480 humata,
3117 426 3243 469 eum
3262 411 3406 469 circa
3418 413 3702 483 sepulturam

484 506 795 591 Parmensis
824 527 1133 600 episcopus,
1161 532 1391 589 corpore
1443 521 1494 569 et
1551 510 1732 565 anima
1786 506 2073 562 defunctus

482 636 591 691 est,
637 631 693 679 et
740 636 847 677 non
895 614 1066 673 multo
1113 619 1238 685 post
1288 609 1579 664 Ravennas
1607 602 1893 674 episcopus
1925 612 2074 663 mor-

485 715 734 773 tuu’est.

492 836 499 840 -
556 807 769 863 Interea
816 797 1130 859 Parmensis
1163 793 1480 856 Guihertus,
1517 788 1583 843 de
1616 798 1726 856 quo
1759 796 1921 854 supra
1960 795 2074 837 me-

485 898 719 953 moriam
758 894 1011 957 fecimus,
1050 890 1401 945 Parmensem
1455 877 1778 935 mirabiliter
1802 873 2077 931 ambiebat

484 991 879 1062 episcopatum.
934 983 1069 1039 Nam
1107 979 1298 1036 adiens
1348 989 1534 1045 regem
1586 968 1777 1027 multis
1823 966 2076 1039 precibus

487 1082 931 1150 muneribusque,
954 1074 1298 1147 satagehatut
1322 1067 1427 1125 sibi
1454 1069 1679 1122 daretur
1705 1062 2073 1132 episcopatus;

489 1175 635 1249 quod
660 1188 785 1230 cum
818 1173 1110 1241 impetrare
1158 1179 1265 1221 non
1293 1158 1577 1224 valuisset,
1604 1164 1662 1213 et
1688 1151 1940 1209 omnibus
1968 1160 2076 1205 tam

487 1242 807 1340 propinquis
865 1262 979 1317 suis
1032 1272 1195 1329 quam
1253 1250 1564 1313 extraneis,
1619 1256 1728 1302 tam
1780 1242 2078 1311 majoribus

488 1333 652 1432 qua-tn
680 1333 1003 1417 minoribus,
1032 1360 1142 1406 tam
1181 1344 1399 1402 clericis
1442 1354 1605 1412 quam
1658 1335 1813 1392 laieis
1857 1333 2080 1389 omnino

488 1426 988 1512 contradicentibus
1012 1443 1080 1500 ad
1114 1438 1517 1513 imperatricem
1554 1448 1614 1489 se
1634 1429 1887 1487 contulit.
1918 1426 2081 1482 Forte

489 1565 553 1604 ea
578 1547 649 1603 ibi
682 1546 868 1601 aderat
897 1542 985 1597 his
1008 1539 1221 1601 diebus,
1247 1547 1422 1604 eaque
1451 1526 1847 1585 interveniente
1869 1520 2082 1576 Raven-

490 1647 674 1695 natem
710 1633 912 1705 accepit
939 1631 1325 1702 episcopatum.
1364 1617 1675 1677 Parmensis
1702 1629 1833 1671 vero
1861 1612 2079 1669 cuidam

496 1730 796 1795 Evcrardo,
825 1722 1133 1783 Coloniensi
1160 1720 1381 1784 clerico,
1411 1715 1663 1771 traditur.

565 1823 827 1879 Pratlatus
853 1833 986 1875 vero
1026 1815 1319 1873 Guibertus
1365 1808 1592 1865 veniens
1649 1799 2085 1873 Longobardiam

498 1916 808 1971 RaVennam
842 1907 1066 1965 intravit
1108 1901 1453 1961 multitudine
1483 1896 1635 1969 gravi
1662 1904 1717 1950 et
1763 1896 1817 1949 in
1867 1905 2088 1960 magno,

498 2018 559 2063 nt
582 2006 665 2063 sui
697 2004 862 2059 moris
884 2010 985 2068 est,
1016 2005 1317 2072 potentatu.
1349 1993 1415 2047 Et
1441 2006 1548 2046 non
1576 1995 1700 2060 post
1733 1985 1934 2042 multos
1972 1983 2090 2038 dies

499 2100 552 2154 in
579 2093 1019 2166 Quadragesimte
1058 2089 1249 2146 diebus
1274 2085 1503 2140 Romam
1531 2079 1679 2136 venit
1711 2090 1876 2132 causa
1898 2087 2091 2131 conse-

497 2164 783 2253 crationis,
816 2164 1031 2256 synodo
1071 2181 1184 2252 jam
1226 2175 1524 2240 celebrata,
1571 2172 1624 2227 in
1670 2184 1777 2240 qua
1826 2175 1883 2223 et
1932 2164 2090 2237 [Iugo

497 2279 761 2338 candidus
782 2292 812 2331 a
841 2270 1291 2331 Cluniacensibus
1322 2263 1607 2323 monachis
1629 2271 1685 2318 et
1710 2276 1741 2314 a
1764 2257 2089 2330 quibusdam

499 2369 766 2442 religiosis
792 2365 1062 2440 episcopis
1105 2362 1319 2436 publice
1355 2362 1422 2416 de
1462 2356 1703 2415 Simouia
1736 2352 2001 2423 arguitur,
2034 2359 2090 2406 et

496 2462 553 2518 in
603 2474 708 2531 qua
746 2466 957 2513 hortatu
991 2455 1125 2529 [lucc
1157 2470 1254 2509 eoa:
1291 2466 1460 2508 eram
1496 2448 1650 2504 alteri
1703 2446 1993 2502 substiluta
2034 2443 2089 2497 in

499 2552 647 2625 cod.~|
680 2550 1043 2623 imperatricis
1066 2546 1329 2620 quosdam
1362 2544 1505 2615 regis
1543 2540 1883 2597 consiliarios
1908 2536 2092 2593 volen-

501 2653 584 2701 tes
628 2624 751 2699 eum
777 2641 845 2697 ab
874 2639 1081 2695 unitate
1118 2634 1373 2693 Ecclesia:
1416 2644 1695 2703 separare,
1742 2627 1958 2698 publice
1988 2624 2094 2679 Do-

501 2734 683 2789 minus
712 2744 848 2802 papa
878 2724 1395 2784 excommunicavit.
1430 2720 1538 2777 Sed
1564 2718 1677 2790 jam
1706 2718 1776 2773 ad
1815 2714 2091 2771 narratio-

502 2842 626 2882 nem
672 2824 978 2879 redeamus.
1038 2817 1306 2874 Praefatus
1353 2828 1485 2871 vero
1528 2810 1826 2868 Guibertus
1869 2805 2095 2862 veniens

504 2918 731 2973 Romam
761 2915 970 2971 habens
997 2925 1184 2968 secum
1213 2905 1556 2980 Dionysium,
1586 2900 1960 2958 Placentinum
1981 2896 2099 2968 epi-

504 3029 749 3084 scopum,
781 3019 908 3065 ante
938 3007 1138 3064 multos
1165 3020 1338 3061 annos
1368 3003 1437 3059 ab
1481 3000 1673 3057 eodem
1704 3012 1841 3071 papa
1882 2994 2098 3065 deposi-

508 3117 646 3172 tum,
697 3104 856 3159 ovina
897 3100 1151 3158 simulata
1203 3098 1426 3154 indutus
1472 3091 1843 3164 simplicitate,
1898 3087 2094 3143 multos

507 3199 720 3271 decepit
747 3208 801 3255 et
820 3196 1091 3269 praecipue
1114 3193 1224 3249 Deo
1245 3190 1534 3247 amabilem
1566 3183 2013 3242 Hildebrandum.
2045 3180 2098 3236 Is

507 3307 630 3348 cum
661 3304 803 3361 szepe
836 3301 1064 3344 numero
1112 3297 1307 3356 papam
1356 3288 1620 3351 rogasset,
1655 3286 1715 3332 ut
1769 3276 1820 3331 ei
1876 3287 2099 3329 manum

506 3385 830 3456 imponeret,
845 3391 899 3436 et
912 3380 1003 3436 ille
1021 3377 1187 3433 nollet
1203 3374 1572 3446 acquiescere,
1586 3370 1777 3442 spiritu
1802 3366 2101 3439 prophetia:

507 3479 699 3549 plenus
729 3474 906 3531 fertur
951 3470 1193 3526 dixisse:
1228 3467 1341 3538 Ego
1387 3464 1606 3535 quidem
1646 3462 1757 3532 jam
1787 3457 1999 3514 delibor
2046 3464 2105 3510 et

511 3548 722 3638 tempus
743 3560 1090 3621 resolutionis
1114 3574 1249 3615 mea:
1290 3558 1477 3621 instat,
1508 3563 1563 3610 tu
1593 3568 1721 3608 vero
1750 3550 1867 3620 ejus
1901 3548 2103 3605 senties

512 3657 892 3713 acerbitatem.
942 3652 1098 3721 Quod
1152 3658 1208 3705 et
1263 3656 1491 3704 eventus
1540 3655 1729 3716 postea
1782 3638 2101 3697 declaravit.

514 3749 654 3816 Quid
685 3746 839 3817 plura
865 3747 888 3799 τ
918 3742 1343 3800 Consecratioue
1368 3752 1497 3793 vero
1536 3738 1644 3791 rite
1674 3734 1969 3797 celebrata,
2011 3745 2105 3786 sa-

516 3847 799 3896 cramento
828 3851 887 3891 se
914 3833 1178 3904 obligavit
1201 3845 1260 3887 se
1286 3829 1499 3885 ﬁdelem
1527 3842 1650 3883 esse
1684 3839 1837 3896 papa:
1864 3822 2102 3878 Alexan-

518 3932 620 3987 dro
642 3929 867 3998 ejusque
893 3921 1323 3985 successoribus,
1365 3918 1458 3990 qui
1506 3933 1603 3989 per
1631 3917 1883 3973 meliores
1922 3921 2108 3970 essent

518 4021 677 4079 electi
694 4014 1019 4081 cardinales,
1048 4011 1196 4070 nullo
1210 4010 1370 4067 modo
1396 4009 1779 4079 imperatorem
1794 4019 1895 4062 nec
1922 4019 2107 4077 regem

521 4114 811 4173 nominans
849 4106 934 4163 Vel
976 4102 1281 4178 patritium,
1330 4100 1475 4172 quod
1526 4106 1928 4155 sacramentum
1971 4095 2109 4152 bene

519 4203 885 4264 conservavit.
906 4198 1059 4255 Nam
1093 4193 1390 4252 venerabili
1420 4190 1728 4248 Alexandro
1769 4189 2029 4246 defuncto
2054 4196 2111 4244 et

520 4292 816 4352 venerabili
889 4285 1256 4347 Hildebrando
1326 4298 1424 4354 per
1474 4280 1729 4337 meliores
1806 4276 2113 4335 cardinales

521 4390 697 4445 electo
708 4384 995 4457 religiosus
1008 4378 1446 4450 archiepiscopus
1462 4373 1700 4431 debitam
1716 4370 2111 4444 subjectionem

524 4581 698 4639 ret,et
727 4573 780 4625 in
794 4567 981 4624 eadem
1009 4561 1217 4634 synodo
1237 4575 1333 4633 per
1354 4559 1698 4631 privilegium
1714 4571 1826 4611 suae
1853 4553 2114 4610 Ecclesia:

526 4666 763 4721 dextera
790 4660 840 4716 ei
867 4658 1101 4720 sederet,
1138 4662 1195 4710 et
1223 4667 1331 4708 non
1376 4658 1590 4709 extorta
1638 4647 1983 4705 confessione
2014 4645 2111 4701 sed

525 4765 824 4828 spontanee
865 4766 991 4807 eum
1015 4748 1193 4805 modis
1217 4747 1471 4823 omnibus
1496 4759 1694 4817 papam
1746 4743 2111 4814 proﬁteretur.

528 4846 638 4903 Sed
672 4844 787 4915 jam
817 4841 896 4898 rei
922 4840 1171 4897 ordinem
1201 4851 1601 4910 prosequamur
1620 4852 1638 4889 :
1661 4833 1915 4890 Paschali
1952 4834 2116 4903 igitur

527 4940 799 5026 celebrata
830 4937 1125 4993 festivitate
1142 4949 1268 4990 cum
1295 4948 1325 4987 a
1351 4932 1511 4987 beato
1545 4944 1684 5000 papa
1731 4937 1791 4984 et
1819 4925 2115 4981 venerabili

529 5024 912 5090 archidiacono
952 5028 1228 5086 licentiam
1275 5027 1549 5084 remeandi
1592 5025 1911 5081 Ravennam
1967 5035 2121 5077 acce-

529 5128 716 5199 pisset,
750 5135 1043 5195 antequam
1064 5123 1314 5180 eamdem
1345 5124 1533 5175 urbem
1571 5119 1851 5181 intrasset,
1889 5115 1939 5169 ei
1974 5130 2121 5169 mors

529 5235 680 5292 papa:
713 5219 959 5274 nuntiata
982 5225 1089 5280 est,
1117 5229 1240 5269 nam
1279 5214 1331 5267 in
1362 5209 1527 5267 natali
1555 5207 1618 5265 S.
1647 5206 1867 5278 Georgii
1898 5205 1960 5261 Β.
1986 5205 2120 5261 Ale-

528 5314 736 5373 lauder
760 5310 1015 5383 spiritum
1042 5308 1182 5364 ctelo
1204 5303 1461 5361 reddidit.

996 5400 1226 5471 Explici!
1279 5397 1410 5452 liber
1455 5403 1651 5453 sextus,

885 5513 1134 5573 INCIPIT
1164 5511 1367 5568 LIBER
1397 5504 1762 5566 SEPTIMUS.

601 5611 802 5669 Eodem
846 5611 1030 5680 itaque
1083 5607 1171 5662 die
1226 5600 1435 5674 prrel'ati
1485 5598 1759 5670 pontiﬁcis
1788 5611 2017 5668 corpore
2067 5613 2121 5654 in

2175 505 2293 577 ejus
2318 505 2644 561 venerabilis
2669 505 3068 562 Hildebraudus
3090 506 3703 576 essetoccupatus,facms

2174 610 2261 657 cst
2288 600 2356 655 de
2385 609 2607 671 repente
2628 613 2927 655 concursus
2943 598 3268 654 clericorum
3289 599 3516 653 virorum
3540 613 3594 654 ac
3610 616 3709 655 mn-

2176 691 2369 748 lierum
2414 690 2767 746 clamantium
2801 705 2817 745 :
2860 688 3260 744 Hildebrandus
3306 687 3709 759 episcopus.Qno

2176 786 2361 840 audito
2380 782 2708 840 venerabilis
2733 781 3151 838 archidiaconus
3176 781 3412 852 expavit,
3425 788 3477 836 et
3498 781 3711 839 velociter

2176 876 2364 932 volens
2390 873 2644 946 populum
2673 872 2891 944 placare
2917 872 3199 928 concurrit
3237 870 3306 925 ad
3351 869 3711 941 pulpitum,sed

2177 983 2310 1024 eum
2348 967 2499 1040 [Iugo
2522 965 2787 1023 candidus
2822 964 3104 1035 praevenit,
3146 971 3202 1019 et
3243 961 3493 1033 populum
3512 963 3581 1018 sic
3601 964 3709 1019 alto-

2178 1071 2337 1119 cutus
2383 1060 2636 1117 estzViri
2681 1057 2905 1115 fratres!
2966 1073 3063 1114 vos
3125 1056 3281 1113 scitis
3332 1055 3456 1126 quia
3489 1071 3518 1109 a
3560 1057 3714 1114 diebus

2179 1154 2383 1212 domini
2417 1154 2619 1210 Leonis
2642 1141 2793 1225 papa:
2817 1152 2910 1208 hic
2934 1159 3021 1208 est
3049 1149 3463 1212 llildehrandus,
3507 1148 3587 1218 qui
3611 1164 3714 1205 san-

2179 1256 2322 1301 ctam
2372 1243 2675 1300 Romanam
2720 1241 3024 1298 Ecelesiam
3078 1238 3341 1297 exaltavit
3391 1247 3444 1294 et
3487 1239 3717 1295 civitatem

2182 1335 2342 1391 istam
2387 1333 2658 1390 liberavit.
2712 1332 3056 1403 Quapropter
3102 1330 3231 1401 quia
3280 1329 3349 1384 ad
3394 1328 3717 1398 pontiﬁcatum

2182 1426 2486 1483 Romanum
2515 1435 2692 1494 neque
2733 1422 3014 1479 meliorem
3044 1436 3225 1491 neque
3265 1419 3449 1484 talem,
3481 1420 3564 1488 qui
3587 1419 3719 1490 eliga-

2185 1529 2290 1605 tur,
2327 1518 2528 1575 habere
2555 1530 2864 1587 possumus,
2913 1513 3165 1585 eligimus
3193 1512 3342 1568 hunc
3370 1510 3424 1566 in
3451 1520 3615 1565 nostra
3648 1524 3721 1564 ec-

2184 1604 2350 1668 clesia
2374 1610 2703 1674 ordinatum,
2752 1608 2930 1664 virum
2969 1606 3123 1661 vobis
3178 1604 3445 1673 nobisque
3493 1612 3650 1657 notum
3677 1612 3723 1657 et

2184 1704 2282 1775 per
2312 1703 2491 1758 omnia
2539 1702 2847 1773 probatum.
2895 1699 3145 1770 Cumque
3188 1694 3493 1753 cardinales
3532 1694 3723 1765 episcopi

2189 1797 2607 1866 sacerdotesque
2636 1803 2691 1850 et
2721 1794 2898 1849 levita:
2945 1802 3000 1849 et
3025 1790 3306 1861 sequentis
3354 1788 3552 1844 ordinis
3576 1786 3723 1843 clerici

2189 1894 2645 1959 conclamassent,
2676 1902 2737 1947 ut
2764 1904 2882 1947 mos
2910 1897 2995 1944 est
3024 1904 3037 1942 :
3074 1884 3388 1955 Gregorium
3412 1870 3525 1939 ῙῙῙ).
3544 1877 3639 1940 εξ.
3670 1880 3724 1935 Ρ.

2187 1974 2321 2058 ἷῖεῖι.
2355 1987 2450 2059 (ita
2479 1984 2622 2054 cod.)
2654 1980 2914 2039 continuo
2943 1993 2972 2032 a
3008 1974 3206 2047 populo
3246 1973 3504 2038 trahitur,
3539 1973 3729 2042 rapitur-

2190 2100 2315 2155 que,
2356 2093 2412 2139 et
2446 2080 2515 2136 ad
2543 2075 2757 2134 vincula
2808 2073 2954 2131 beati
3002 2071 3064 2127 P.
3113 2085 3221 2127 non
3254 2067 3325 2124 ad
3380 2065 3726 2122 Brixianorinm

2190 2180 2392 2236 invitus
2423 2173 2845 2230 inthronizatur.
2873 2166 2978 2237 Qui
2995 2163 3243 2235 sequenti
3275 2162 3363 2218 die
3379 2174 3557 2216 secum
3588 2168 3730 2214 mente

2189 2279 2533 2344 pertractans
2550 2265 2617 2320 ad
2638 2271 2899 2335 quantum
2930 2256 3230 2337 perieulum
3261 2254 3585 2320 devenisset,
3604 2249 3733 2320 cmpit

2190 2334 2422 2419 aestuare
2442 2366 2500 2413 et
2527 2363 2757 2412 Incestus
2781 2365 2934 2416 esse;
2967 2358 3146 2404 tamen
3166 2334 3414 2402 collectis
3442 2340 3558 2396 ﬁdei
3580 2350 3627 2395 et
3643 2339 3732 2409 spei

2192 2455 2418 2522 viribus,
2448 2449 2579 2523 quid
2605 2446 2948 2519 potissimum
2979 2442 3205 2506 faceret,
3228 2454 3337 2494 non
3378 2435 3522 2491 aliud
3549 2434 3732 2497 invenit,

2193 2561 2357 2619 quam
2386 2552 2447 2598 ut
2478 2541 2593 2614 regi
2640 2553 2798 2595 suam
2850 2534 3163 2591 notiﬁcaret
3211 2529 3553 2593 electionem,
3591 2533 3635 2580 et
3662 2538 3735 2594 per

2193 2654 2318 2694 eum
2347 2637 2392 2692 si
2416 2644 2620 2707 posset,
2647 2632 2750 2688 sibi
2778 2628 2970 2700 papale
2986 2625 3302 2698 impositum
3328 2636 3472 2677 onus
3491 2619 3732 2676 devitant.

2193 2730 2328 2787 Nam
2353 2726 2534 2784 missis
2559 2724 2629 2780 ad
2647 2738 2771 2779 eum
2793 2721 3053 2777 continuo
3075 2717 3276 2773 litteris
3296 2723 3355 2770 et
3376 2721 3597 2769 mortem
3618 2723 3736 2779 papae

2195 2819 2595 2884 uotiﬁcavit,et
2618 2829 2774 2871 suam
2798 2812 2848 2867 ei
2872 2810 3194 2866 electionem
3224 2803 3580 2870 denuntiavit,
3604 2802 3737 2856 inter-

2197 2916 2546 2983 minatusque
2597 2909 2642 2965 si
2678 2907 2796 2979 ejus
2836 2903 3090 2961 electioni
3140 2914 3427 2956 assensum
3474 2892 3739 2968 praibuisset

2197 3022 2476 3080 nunquam
2508 3004 2626 3075 ejus
2653 2999 2952 3072 nequitiam
2981 2996 3256 3067 patienter
3283 3000 3632 3063 portaturum.
3658 2984 3741 3039 Sed

2198 3079 2358 3174 longe
2385 3100 2545 3155 aliter
2564 3096 2747 3153 evenit
2776 3108 2939 3164 quam
2986 3094 3327 3161 speraverat.
3348 3082 3487 3139 Nam
3512 3097 3599 3138 rex
3632 3079 3743 3134 illico

2200 3167 2350 3250 misit
2405 3188 2729 3259 Gregorium
2779 3181 3181 3239 Vercellensem
3235 3177 3572 3247 episcopum,
3610 3167 3745 3226 ltalici

2203 3284 2355 3356 regni
2380 3278 2787 3345 cancellarium,
2817 3274 2911 3346 qui
2933 3272 3052 3342 ejus
3078 3268 3405 3326 electionem
3447 3265 3684 3327 ﬁrmaret,
3705 3267 3745 3311 et
3846 3265 3848 3325 ξ

2201 3344 2320 3449 ejus
2354 3375 2645 3431 interesset
2676 3344 3100 3424 consecrationi.
3126 3357 3284 3428 Quod
3328 3365 3385 3412 et
3442 3354 3628 3410 factum
3666 3357 3746 3404 est.

2203 3441 2340 3522 Nam
2364 3466 2419 3521 in
2436 3462 2644 3535 jejunio
2666 3459 3020 3516 Pentecostes
3045 3450 3305 3509 sacerdos
3332 3446 3623 3507 ordinatur,
3649 3441 3745 3496 etin

2204 3558 2387 3616 natale
2417 3530 2784 3627 apostolorum
2809 3550 2879 3605 ad
2912 3548 3082 3603 altare
3101 3540 3423 3601 earumdem
3452 3553 3483 3592 a
3511 3532 3747 3593 cardinali-
3846 3530 3848 3611 ξ

2205 3652 2307 3708 bus
2339 3647 2636 3706 secundum
2689 3642 2970 3711 antiquum
3010 3649 3217 3692 morem
3268 3631 3557 3703 episcopus
3596 3636 3749 3680 conse-

2207 3753 2414 3801 cratur.
2472 3738 2641 3809 Cujus
2701 3729 3099 3792 consecrationi
3170 3724 3421 3783 interfuit
3483 3717 3750 3791 imperatus

2208 3848 2317 3889 una
2336 3847 2460 3888 cum
2490 3807 2949 3886 excellentissima
2990 3818 3241 3876 Beatrice
3289 3816 3430 3871 duce
3471 3823 3588 3868 tunc
3607 3807 3749 3865 vidua.

2207 3926 2347 3983 Nam
2394 3930 2522 3981 ante
2569 3934 2772 3994 paucos
2825 3917 2943 3974 dies
2989 3911 3310 3987 magniﬁcus
3349 3910 3456 3966 dux
3494 3901 3751 3964 Gotelriduv

2208 4017 2440 4074 obierat.

2286 4109 2624 4169 Venerabilis
2658 4120 2789 4164 vero
2820 4102 3068 4177 pontifex
3098 4114 3226 4158 mox
3271 4107 3333 4154 ut
3366 4110 3553 4154 curam
3596 4098 3754 4148 sancta

2210 4205 2472 4263 Romanae
2505 4200 2761 4258 Ecclesia:
2791 4196 3054 4267 suscepit,
3099 4193 3178 4251 nil
3208 4184 3409 4249 melius
3456 4203 3576 4246 esse
3598 4184 3755 4242 delibc'

2211 4300 2375 4367 ravit,
2408 4312 2570 4369 quam
2604 4296 2659 4352 in
2690 4291 2994 4366 primordio
3037 4303 3221 4361 regem
3255 4285 3574 4348 admonere,
3600 4276 3757 4347 utepi-

1754 4374 2111 4469 μιξὶθοιίοηθίξί
2213 4400 2473 4464 scopatus
2519 4403 2627 4444 non
2673 4384 2970 4447 venderet,
3022 4392 3251 4448 seseque
3311 4374 3612 4444 subjectum
3669 4381 3756 4423 esse
3846 4400 3848 4415 ι

523 4482 580 4537 in
609 4487 816 4534 tantum
845 4475 894 4529 ei
922 4471 1173 4537 contulit,
1205 4477 1266 4525 ut
1293 4477 1517 4523 vocatus
1540 4464 1608 4521 ad
1653 4464 1920 4537 synodum
1962 4460 2113 4516 veui-
2140 4482 2192 4544 ι)
2218 4460 2423 4544 sau'cm
2452 4482 2714 4536 Romam
2745 4474 3005 4532 Ecclesia,
3034 4474 3481 4541 recognosceret.
3514 4465 3639 4519 Nam
3663 4475 3756 4516 ωη,
3846 4494 3848 4499 ,

2222 4578 2376 4635 tinuo
2410 4573 2572 4645 hujus
2598 4578 2802 4627 sanctae
2841 4563 3126 4637 legationis
3172 4560 3484 4617 ministram
3524 4555 3645 4613 fecit
3674 4563 3759 4608 esse
3846 4558 3848 4595 ἰ

2222 4669 2513 4744 gloriosam
2571 4660 2975 4734 imperatricem
3030 4656 3273 4728 ejusdem
3332 4652 3483 4724 regis
3545 4658 3759 4705 matrem.
3846 4672 3848 4739 ἰ

2222 4740 2513 4819 habentem
2556 4770 2738 4812 secum
2780 4752 2834 4807 in
2884 4750 3146 4806 comitatu
3175 4743 3517 4802 venerabiles
3532 4740 3762 4813 episcopos
3846 4742 3848 4819 ί

2224 4852 2516 4912 Girardum
2545 4848 2852 4906 Ostiensem
2877 4844 2992 4916 (ιε)
3034 4851 3090 4897 et
3126 4841 3392 4898 libertum
3422 4830 3763 4891 Prmnestinnm

2225 4954 2285 5002 et
2313 4940 2635 4998 Raiualdum
2661 4937 2990 4999 Cumanum,
3015 4948 3135 5005 qua!
3154 4931 3321 5002 Alpes
3345 4927 3620 4983 transiens
3640 4918 3764 4975 fdiutl

2223 5037 2277 5093 in
2309 5037 2556 5108 partibus
2599 5029 2863 5102 Bajoaria:
2904 5028 3130 5084 invenit.
3175 5024 3317 5092 Quid
3357 5021 3557 5093 plura!
3600 5010 3765 5084 Legllit

2224 5104 2487 5189 Romanis
2510 5145 2539 5183 a
2572 5144 2701 5201 rege
2731 5124 3033 5183 honoriﬁce
3050 5118 3491 5189 susceptis,cnm
3508 5104 3769 5183 permultos

2227 5225 2345 5281 dies
2371 5199 2679 5280 sermonem
2719 5215 3076 5275 correctionis
3106 5213 3175 5268 ab
3198 5212 3281 5268 eis
3305 5206 3555 5279 quotidie
3582 5199 3768 5258 audiret.
3846 5199 3848 5281 ξ

2229 5321 2297 5377 ad
2336 5318 2587 5375 ultimum
2608 5330 2741 5371 vero
2769 5327 2896 5370 suos
2925 5308 3244 5369 farniliares,
3288 5318 3428 5375 quos
3458 5307 3585 5356 ante
3625 5294 3771 5350 beam

2228 5412 2805 5472 excommunicaverat
2831 5404 3157 5467 Alexander,
3174 5417 3204 5456 a
3231 5414 3334 5455 suo
3360 5383 3771 5469 prohibuitcoﬂo-

2227 5507 2376 5577 quio.
2412 5503 2617 5559 Dehinc
2644 5509 2868 5572 rogatus
2898 5506 2957 5552 ut
2994 5492 3262 5566 synodum
3293 5487 3583 5547 mediaret,
3612 5478 3773 5577 epist?

2229 5562 2328 5670 pos
2356 5596 2495 5652 facie
2518 5603 2675 5650 tenus
2701 5562 3072 5662 congregavit,
3102 5590 3289 5640 mente
3324 5582 3655 5637 detractans,
3689 5562 3774 5621 nul-

604 5746 716 5817 με)
753 5746 805 5817 Is
830 5741 1065 5817 celebris
1114 5738 1207 5794 illo
1256 5752 1372 5817 aevo
1409 5734 1686 5792 Gerardns
1725 5734 1790 5790 ad
1826 5747 2119 5803 purpuram
2164 5733 2382 5793 tan-lem
2410 5738 2651 5798 evectus,
2682 5728 2817 5784 civis
2842 5721 3256 5797 Ratisponensis
3287 5720 3435 5778 ﬁlius
3479 5716 3610 5781 fuit,
3640 5713 3727 5767 sin

532 5815 717 5889 gelare
752 5815 1009 5886 Bajorum
1041 5816 1444 5891 ornamentum.
