3852 6308
104 325 196 380 837

1218 327 1419 395 LIBER
1456 330 1549 386 AD
1582 331 1869 388 AMICUM.
1897 358 1965 371 -—-
1998 329 2125 386 LIB.
2178 329 2285 385 νη.

3241 328 3347 393 838

108 442 205 495 lunt
247 439 475 495 omnino
500 435 783 492 concilium
817 437 871 492 in
894 451 994 492 suo
1021 452 1186 507 regno
1207 438 1496 503 celebrari,
1527 442 1671 509 quod
1701 443 1742 498 A
1774 445 2032 495 taturum.
2088 438 2183 494 llis
2216 450 2270 492 et
2320 436 2518 493 talibus
2568 436 2809 493 subdolis
2853 436 3346 503 machinationibus

109 534 173 588 rei
197 530 532 600 subsequens
558 528 929 597 comprobavit
970 537 1217 583 eventus.
1250 527 1383 583 Nam
1432 545 1529 598 per
1561 528 1663 583 Le-

108 637 294 676 ntarum
334 619 687 675 Bremensem
733 619 1065 689 episcopum,
1089 619 1262 673 virum
1293 618 1668 689 eloquentissi-

106 727 232 767 mum
260 720 315 766 et
335 709 652 767 liberalibus
674 709 865 764 studiis
890 710 1134 779 adprime
1159 711 1451 775 eruditum,
1485 711 1667 765 conri—

104 805 217 858 lium
257 802 622 871 interruptum
653 809 755 856 est.
808 801 857 856 ls
907 802 1053 865 enim
1085 802 1299 857 dicebat
1334 817 1398 858 ex
1430 803 1667 873 antiquis

104 893 375 965 privilegiis
419 891 735 961 Moguntina
775 905 1092 947 concessum
1138 907 1259 948 esse
1305 894 1557 964 episcopo
1610 894 1663 947 in

90 982 384 1038 Germania
413 982 665 1050 partibus
703 981 877 1036 vicem
914 982 1118 1037 habere
1164 982 1396 1037 Romani
1449 983 1664 1054 pontifi-

100 1074 191 1137 cis;
218 1072 449 1141 ideoque
481 1087 584 1126 non
615 1071 775 1126 licere
800 1070 1063 1127 Romanis
1090 1072 1279 1157 legath
1309 1073 1575 1144 synodum
1607 1074 1659 1128 in

100 1164 197 1232 ejus
226 1162 497 1232 legatione
529 1161 828 1227 celebrare,
871 1176 977 1216 non
1010 1163 1143 1217 bene
1168 1164 1497 1234 recogitans,
1533 1162 1663 1218 illud

100 1255 235 1324 primi
258 1253 464 1311 Leonis
496 1253 790 1324 capitulum
825 1252 1210 1310 Thessalonico
1250 1257 1503 1328 episc0po
1533 1257 1664 1312 mis-

91 1362 219 1414 sum,
249 1347 301 1401 in
331 1361 442 1416 quo
491 1346 566 1400 ita
613 1345 845 1416 legitur:
897 1348 976 1401 sic
1006 1348 1150 1401 enim
1180 1349 1472 1404 committit
1526 1364 1663 1419 papa

98 1436 818 1507 omnibus,archicpiseopus
860 1438 1004 1493 vices
1044 1453 1191 1505 suas,
1251 1448 1308 1494 ut
1357 1440 1411 1495 in
1455 1450 1662 1511 partem

101 1530 193 1581 sint
216 1529 387 1584 vocati
418 1528 807 1584 sollicitudinis
833 1544 939 1584 non
972 1529 1024 1584 in
1080 1531 1466 1600 plenitudinem
1515 1542 1664 1602 pote-

98 1624 249 1679 statis.
272 1623 412 1690 Quid
437 1624 595 1694 plura
619 1625 643 1678 τ
671 1623 841 1694 Hujus
863 1625 939 1679 rei
992 1626 1167 1695 gratia
1196 1610 1457 1681 Lemarus
1484 1628 1662 1685 archi-

99 1716 353 1786 episcopus
411 1731 443 1769 a
508 1715 701 1786 legatis
779 1715 1039 1770 Romanis
1105 1716 1423 1771 sacerdotali
1484 1716 1661 1772 oflieio

1770 530 2010 583 animum
2060 543 2210 599 papa:
2258 528 2390 582 nihil
2429 526 2556 582 mali
2594 529 2969 599 suspicantem
3019 529 3341 599 decipiebat.

1766 620 1990 675 Animus
2009 635 2137 674 vero
2149 619 2267 686 ejus
2288 619 2436 673 velut
2463 617 2593 673 fera:
2610 619 2797 674 bellua:
2813 619 2948 674 iram
2971 637 3186 693 gerens,
3214 623 3348 677 nihil

1767 710 1910 765 aliud
1933 727 2093 780 quam
2126 711 2266 780 quod
2289 719 2408 780 post
2433 710 2507 764 rei
2532 710 2917 766 demonstravit
2943 722 3169 769 eventus
3198 714 3348 785 cogi-

1768 801 1935 855 tabat.
1977 800 2112 855 Nam
2142 816 2238 870 per
2285 815 2475 855 omnes
2514 800 2629 855 fere
2672 802 3164 870 quadragesimales
3207 806 3344 871 dies,

1766 892 1959 960 quibus
1986 880 2116 946 inibi
2146 899 2385 948 moratus
2407 900 2506 956 est,
2538 893 2764 948 Romam
2780 896 3042 951 orationis
3061 898 3346 953 occasione

1765 983 2032 1037 circuiens
2065 997 2308 1053 quosque
2356 982 2643 1053 pestiferos
2691 983 2934 1039 invenire
2976 994 3210 1055 poterat,
3259 986 3345 1041 vel

1766 1089 1956 1144 papam
1994 1084 2215 1143 prepter
2251 1073 2519 1141 justitiam
2564 1075 2811 1131 odientes
2840 1074 3072 1155 faciebat
3120 1078 3345 1144 amicos,

1764 1168 1997 1237 dataque
2046 1169 2271 1237 pecunia
2316 1180 2661 1233 sacramento
2692 1168 2983 1236 vinciebat,
3029 1170 3171 1225 inter
3212 1186 3347 1240 quos

1764 1266 1819 1311 et
1852 1257 2109 1313 Cenciqu
2162 1259 2397 1328 praefecti
2455 1259 2713 1330 Stephani
2756 1259 2951 1324 filium,
2981 1275 3138 1331 quem
3184 1278 3347 1333 supra

1767 1349 2096 1418 temporibus
2125 1365 2276 1420 papae
2305 1348 2595 1404 Alexandri
2644 1366 2766 1405 cum
2796 1350 2997 1407 Cadolo
3038 1350 3204 1409 fuisse
3237 1369 3350 1410 me-

1766 1440 2122 1495 moravimus.

1834 1530 1883 1587 ls
1911 1530 2168 1586 defuncto
2194 1540 2348 1603 patre
2389 1532 2721 1602 temporibus
2744 1534 3029 1589 Alexandri
3055 1521 3182 1590 cum
3209 1552 3346 1607 prae-

1764 1619 2028 1676 fecturam
2063 1620 2226 1677 vellet
2256 1622 2501 1693 adipisci,
2551 1624 2619 1679 ab
2649 1625 2900 1679 omnibus
2932 1625 3189 1680 Romanis
3219 1644 3346 1697 pro-

1765 1719 1885 1780 pter
1912 1710 2248 1768 feroeitatetn
2281 1715 2447 1769 animi
2487 1716 2796 1785 repudiatus
2835 1727 2938 1783 est,
2968 1714 3379 1789 communique

98 1820 362 1874 suspensus
386 1812 496 1860 est.
542 1805 747 1859 Dehinc
774 1805 1004 1861 concilio
1038 1806 1141 1861 hac
1168 1808 1462 1878 sagacitate
1489 1808 1659 1862 iuter-
1694 1797 1736 1852 Β
1761 1805 1987 1860 consilio
2030 1806 2260 1861 traditur
2288 1807 2607 1878 praefectura
2650 1808 2803 1864 alteri
2840 1810 3038 1865 Cencio
3066 1812 3344 1881 cujusdam

101 1903 253 1961 rupto,
281 1908 403 1948 cum
452 1909 548 1950 rex
578 1893 784 1959 omnia,
830 1910 947 1963 qua:
975 1892 1204 1948 Romani
1235 1894 1391 1965 legati
1418 1897 1657 1965 postula-

99 1992 219 2047 runt,
249 1997 305 2038 se
328 1982 567 2038 libenter
595 1981 776 2039 facere
825 1984 1188 2054 promisisset,
1230 1985 1441 2055 magnis
1473 2002 1660 2041 mune-

100 2073 223 2128 ribus
247 2072 427 2129 donati
462 2072 695 2128 Romam
740 2089 862 2128 cum
917 2075 1124 2130 honore
1171 2085 1501 2143 remearunt,
1531 2093 1658 2147 por-

100 2174 248 2220 tantes
270 2180 453 2221 secum
477 2164 693 2235 prmfati
726 2166 870 2236 regis
889 2164 1118 2231 litteras,
1145 2168 1341 2237 quibus
1362 2170 1657 2224 venerabﬂi

98 2270 223 2327 papa:
248 2256 515 2329 Gregorio
533 2257 784 2312 omnibus
818 2257 991 2313 modis
1018 2257 1251 2313 debitam
1267 2259 1658 2329 subjectioaem

98 2351 387 2418 spondebat.
407 2349 545 2406 Post
570 2365 771 2420 paucos
795 2365 923 2406 vero
944 2350 1056 2405 dies
1066 2350 1284 2422 quidam
1300 2349 1396 2406 Hei
1411 2368 1656 2419 manuus,

101 2436 540 2513 Babenbergensis
568 2440 1119 2512 episcopus,Romam
1148 2458 1307 2498 causa
1333 2443 1657 2515 suscipiendi

98 2536 219 2602 pallii
233 2538 501 2601 veniebat,
515 2552 673 2607 quem
689 2536 884 2592 litterae
899 2538 1040 2608 regis
1065 2538 1448 2609 anticipavere,
1463 2539 1661 2609 quibus

102 2647 225 2702 papa:
250 2632 617 2704 significatum
637 2641 719 2687 est
756 2647 833 2700 se,
863 2631 1219 2701 quorumdam
1249 2631 1658 2703 malignantium

103 2723 260 2779 fraude
280 2724 589 2795 deceptum,
622 2724 698 2780 illi
727 2739 825 2795 pro
846 2723 1069 2794 pecunia
1098 2725 1467 2795 episcopatum
1498 2726 1663 2780 tradi-

104 2812 392 2881 disse.Quod
415 2815 780 2884 utquzesitum
811 2823 894 2870 est
917 2822 972 2869 et
992 2814 1066 2868 ita
1100 2814 1375 2869 inventum
1399 2816 1657 2887 praefatus

106 2901 410 2962 llerrtiartittts
429 2906 507 2960 ab
533 2904 845 2974 episcopatu
892 2904 1166 2975 depositus
1202 2914 1305 2968 est,
1340 2915 1394 2960 et
1432 2906 1569 2962 alius
1600 2909 1651 2962 in

107 2990 202 3047 loco
247 2995 356 3063 ejus
390 3004 670 3065 praecepto
699 2992 898 3049 domini
932 3009 1084 3065 papa:
1124 2994 1523 3052 inthronizatus
1553 3008 1656 3059 est,

136 3085 177 3138 ni
218 3095 389 3147 postea
443 3086 519 3142 ab
556 3086 743 3141 eodem
785 3101 919 3147 papa
954 3085 1101 3147 pallii
1143 3086 1402 3147 dignitate
1431 3089 1659 3147 donatus

106 3100 177 3152 qm
218 3100 389 3156 ροειεει
443 3100 519 3142 SD
556 3100 743 3141 εοσεηι
785 3101 919 3158 papa
954 3100 1101 3157 pall”
1143 3100 1402 3157 dignitate
1431 3100 1659 3147 donatus
1707 3142 1728 3161 η
1763 3100 2242 3137 concumnatorntu
2276 3100 2617 3138 saceraowm
2660 3100 2751 3135 Illll
2790 3100 2843 3137 ει
2886 3100 3201 3152 propmqur;
3251 3100 3345 3137 εεο

106 3184 185 3237 cst,
213 3176 345 3245 quod
370 3187 426 3233 et
480 3175 673 3232 itidem
720 3175 787 3231 de
834 3174 1233 3236 Constantiensi
1282 3177 1536 3246 episcopo
1573 3180 1658 3235 fa-
1686 3149 1729 3201 ί⁴
1760 3183 1814 3229 ει
1840 3175 2167 3230 venerabilis
2192 3174 2432 3246 pontifex
2459 3175 2509 3229 in
2541 3174 2809 3245 principio
2843 3174 3205 3230 ordinationis
3236 3187 3347 3228 suae

105 3184 185 3237 cst,
213 3176 345 3245 quod
370 3187 426 3233 et
480 3175 673 3232 itidem
720 3175 787 3231 de
834 3174 1233 3236 Constantiens'i
1282 3177 1536 3251 episcopo
1573 3180 1658 3235 fa-

94 3272 220 3331 Actum
244 3274 338 3321 est.

160 3356 276 3412 Dum
301 3360 412 3415 haec
440 3359 522 3414 ita
550 3366 873 3431 gererentur
906 3356 1332 3415 Mediolanenses
1382 3359 1656 3431 capitanei

105 3445 423 3504 Ecclesi'arnm
457 3449 794 3514 venditores,
825 3447 892 3503 de
917 3448 1114 3518 quibus
1146 3464 1309 3521 supra
1350 3450 1656 3516 retulimus,

106 3539 388 3612 colloquium
419 3558 551 3599 cum
592 3556 720 3614 rege
769 3540 993 3609 faciunt,
1045 3542 1394 3613 animumque
1434 3541 1552 3610 ejus
1592 3544 1657 3598 ad

106 3620 389 3689 deteriorem
430 3644 651 3706 partem
679 3631 930 3698 ﬂectunt;
982 3648 1107 3687 nam
1136 3632 1185 3687 ei
1232 3634 1576 3704 promitttmt,
1604 3643 1657 3688 et

117 3719 362 3781 Pataream
388 3712 771 3782 destructuros
802 3735 858 3782 et
905 3724 1324 3781 llcrlimbaldum
1358 3728 1653 3783 occisuros.

117 3811 242 3879 Quod
266 3833 355 3873 rex
396 3819 635 3874 libenter
665 3820 889 3886 audivit,
947 3828 1002 3875 et
1050 3822 1352 3879 voluntarie
1395 3823 1656 3895 quidquid

104 3905 336 3969 petierunt
382 3911 655 3981 promisit.

162 3997 348 4056 Interea
391 4003 722 4059 venerabilis
754 4002 1049 4077 Gregorius
1078 4004 1211 4060 nihil
1248 4005 1373 4061 mali
1420 4010 1487 4063 de
1532 4024 1656 4080 rege

107 4091 348 4160 suspicans
394 4096 662 4166 synodum
708 4096 1077 4169 congregavit,
1127 4097 1179 4152 in
1209 4114 1314 4167 qua
1362 4097 1657 4155 Guibertus

109 4179 359 4242 Ravenuas
378 4188 669 4257 episcopus
694 4187 857 4254 sedit,
871 4197 925 4242 et
948 4188 1355 4243 innumerabilis
1369 4188 1655 4247 multitudo

107 4274 443 4347 episcoporum
480 4295 547 4334 ex
599 4280 895 4350 provinciis
922 4281 1151 4336 diversis
1200 4291 1544 4354 congregata,
1599 4283 1653 4337 in

107 4377 192 4431 qua
216 4368 328 4422 dum
356 4370 635 4442 negotium
667 4370 1099 4425 Placentinorum
1123 4380 1180 4425 et
1206 4370 1653 4426 Cremonensium

1760 1892 1981 1949 Joannis
2025 1894 2261 1976 praefecti
2321 1896 2464 1963 filio,
2508 1898 2598 1967 qui
2632 1899 2880 1967 quamvis
2913 1901 3130 1955 nomine
3180 1902 3346 1972 arqui-

1760 1989 1900 2052 voci,
1932 1997 2111 2044 tamen
2159 1989 2315 2059 longe
2356 2001 2512 2045 erant
2551 1991 2747 2046 diversi
2801 1993 3073 2061 moribus;
3131 1994 3185 2049 in
3243 1995 3346 2052 hoc

1760 2080 2001 2135 onmium
2032 2080 2301 2136 malorqu
2348 2084 2554 2151 species
2592 2083 2645 2137 in
2696 2084 2868 2139 altero
2908 2085 3192 2143 bonorum.
3247 2087 3347 2144 ilic

1762 2175 2093 2243 compatrcm
2122 2188 2278 2228 suum
2326 2174 2529 2246 absque
2572 2176 2717 2229 omni
2759 2191 2923 2231 causa
2972 2174 3261 2244 interfecit,
3294 2190 3349 2234 et

1760 2260 1978 2316 domum
2007 2261 2125 2331 ejus
2153 2262 2394 2319 funditus
2437 2265 2737 2331 destruxit;
2782 2266 2921 2319 idem
2971 2276 3025 2321 et
3071 2268 3342 2324 latronum

1760 2351 2030 2422 particeps
2070 2362 2122 2408 et
2162 2354 2474 2424 praedonum
2506 2354 2739 2426 adjutor,
2782 2372 2879 2428 per
2907 2358 3072 2413 multa
3119 2368 3171 2414 et
3198 2362 3343 2415 varia

1762 2445 2050 2509 adulteria,
2084 2460 2204 2515 qua:
2230 2448 2582 2518 perpetravit,
2614 2448 2694 2503 vel
2740 2458 3109 2519 perpetrantes
3142 2460 3347 2507 tutatus

1761 2544 1863 2600 est,
1895 2536 2122 2591 Romam
2147 2552 2211 2591 ex
2245 2536 2415 2592 libera
2446 2537 2571 2592 fecit
2601 2538 2873 2593 ancillam.
2904 2537 3039 2593 Nam
3083 2540 3135 2594 in
3160 2538 3346 2595 Sancti

1760 2623 1906 2679 Petri
1964 2634 2126 2695 ponte
2178 2626 2369 2680 turrim
2432 2628 2583 2685 mirae
2639 2627 3023 2698 magnitudinis
3072 2629 3347 2687 :edificans

1761 2728 1950 2770 omnes
1978 2724 2314 2770 transeuntes
2356 2715 2589 2770 reddidit
2630 2709 2961 2771 tributarios.
2992 2716 3143 2772 Hunc
3180 2719 3342 2773 talem

1761 2812 1814 2858 et
1847 2814 1952 2859 tam
1986 2804 2299 2875 pestiferum
2322 2806 2601 2875 conjunxit
2625 2806 2725 2861 sibi
2755 2805 3342 2877 prmfatnsGuibertus,

1762 2906 1817 2952 ct
1850 2914 1950 2968 per
1971 2914 2093 2954 eum
2121 2915 2179 2956 se
2204 2900 2434 2955 armavit
2465 2909 2652 2955 contra
2692 2910 2959 2955 sunctum.
2991 2895 3159 2954 Erant
3203 2916 3345 2971 prm-

1764 2996 1910 3043 tcrea
1945 2988 2132 3045 Roma:
2160 2990 2310 3045 multi
2342 2990 2677 3060 pestilentes,
2699 2989 2965 3061 justitiam
2995 2990 3260 3056 odientes,
3288 2998 3346 3044 ut

1763 3081 2242 3137 concubinatorunt
2276 3082 2617 3138 sacerdotum
2660 3081 2752 3135 ﬁlii
2790 3089 2843 3137 et
2886 3081 3201 3152 propinqui;
3251 3078 3345 3137 sed

1758 3266 2010 3322 omnibus
2054 3265 2312 3321 Romanis
2360 3265 2575 3321 clericis
2624 3266 2770 3322 dedit
2818 3268 3114 3341 cptionem,
3161 3273 3346 3321 utaut

1760 3359 2020 3415 canonice
2055 3359 2189 3414 nihil
2234 3360 2510 3430 proprium
2558 3357 2897 3428 possidentes
2930 3352 3220 3414 Secundum
3260 3372 3346 3414 re-

1756 3449 1936 3520 gulam
1968 3458 2279 3503 sanctorum
2307 3450 2573 3514 viverent,
2597 3457 2689 3502 aut
2718 3450 2918 3505 relictis
2940 3449 3346 3506 bouisccclesia:

1758 3540 1985 3596 scorsim
2012 3540 2154 3595 domi
2185 3548 2498 3604 manerent;
2531 3555 2759 3609 quorum
2788 3540 2938 3594 multi
2969 3551 3093 3595 ante
3133 3541 3345 3611 elegere

1758 3630 1952 3702 privati
1981 3630 2162 3686 vivere
2192 3646 2352 3701 quam
2398 3630 2770 3700 suavejngum
2796 3629 3008 3685 Domini
3041 3631 3212 3697 ferre;
3251 3631 3342 3701 qui

1759 3723 2080 3778 mirabiliter
2106 3738 2257 3794 papa:
2284 3730 2439 3777 erant
2472 3720 2669 3776 infensi
2700 3731 2753 3776 et
2785 3738 2891 3777 non
2923 3722 3094 3777 solum
3144 3723 3207 3790 ii,
3249 3723 3343 3778 sed

1757 3826 1813 3871 et
1841 3831 2027 3871 eorum
2056 3815 2366 3888 prepinqui.

1756 3908 1759 3913 λ
1831 3909 1957 3963 Erat
1984 3917 2243 3979 praeterea
2283 3906 2467 3961 Romae
2494 3908 2715 3978 antiqua
2743 3915 2796 3962 et
2836 3907 3069 3979 pessima
3120 3922 3348 3963 consuc-

1760 4001 1908 4067 tudo,
1955 4016 2115 4071 quam
2152 3999 2343 4055 beatus
2383 4015 2522 4071 papa
2564 4015 2664 4055 suo
2704 4009 2944 4070 tempore
2987 3997 3230 4054 funditus
3274 3998 3344 4053 ab

1756 4099 1943 4154 eadem
1959 4098 2198 4154 Ecclesia
2217 4097 2555 4169 exstirpat-it.
2572 4096 2703 4152 Nam
2733 4096 2785 4152 in
2808 4096 2952 4153 beati
2979 4086 3343 4167 apostolorum

1754 4190 2017 4259 principis
2066 4189 2295 4244 ecclesia
2347 4196 2499 4243 erant
2555 4188 2832 4259 sexaginta
2888 4197 2940 4243 et
2999 4201 3065 4241 eo
3112 4186 3342 4256 amplius

1760 4281 2110 4337 mansionarii
2140 4280 2263 4335 laici
2295 4280 2567 4352 conjugati
2608 4289 2662 4334 et
2707 4279 2950 4350 plerique
2976 4276 3340 4338 concubiuati,

1757 4373 1848 4443 qui
1896 4372 2122 4428 eandem
2159 4372 2444 4429 ecclesiam
2477 4386 2573 4441 per
2599 4371 2746 4426 vices
2792 4385 2917 4425 suas
2957 4369 3042 4424 die
3071 4377 3344 4438 noctuque

111 4460 414 4533 tractaretur,
444 4458 704 4531 przefatus
728 4458 1018 4515 Guibertus
1059 4458 1456 4515 Cremonenses
1492 4462 1655 4516 mira-
1682 4494 1732 4554 ι)
1758 4464 2158 4529 custodiebant,
2182 4478 2411 4533 quorum
2440 4469 2708 4532 potestate
2738 4462 2938 4527 omnia,
2990 4469 3187 4531 praeter
3229 4474 3344 4514 ma-

109 4542 255 4619 biliter
280 4549 760 4621 infamavit,quem
786 4566 884 4622 per
912 4550 1187 4607 Dodonem
1212 4552 1656 4622 egregiazindolis
1682 4542 1725 4554 ν
1753 4556 1868 4626 jus,
1898 4564 2054 4611 erant
2084 4554 2295 4615 altaria,
2328 4570 2447 4625 qum
2475 4552 2812 4609 orationibus
2862 4552 3101 4624 quotidie
3143 4553 3343 4608 vende-

105 4632 318 4701 juvenem
356 4643 601 4714 ejusdem
649 4642 929 4699 Cremonae
970 4642 1149 4699 civem
1207 4642 1414 4713 liquido
1457 4644 1659 4703 claruit

108 4735 204 4779 esse
226 4732 522 4786 mentitum.
552 4730 685 4786 Nam
722 4732 767 4787 is
797 4733 849 4787 in
891 4732 1067 4788 media
1117 4734 1323 4804 synodo
1350 4740 1404 4789 et
1430 4734 1655 4791 Cremo-

110 4828 273 4872 neuses
294 4820 525 4877 absolvit
556 4821 624 4877 ab
666 4821 911 4891 infamia,
953 4831 1009 4879 et
1042 4823 1217 4893 ipsum
1254 4824 1463 4879 notavit
1514 4823 1658 4880 infa-

110 4904 213 4961 mia.
243 4908 372 4977 Quid
404 4913 607 4983 plura?
654 4914 739 4968 bis
781 4921 838 4968 et
876 4913 997 4967 aliis
1026 4915 1258 4985 negotiis
1295 4915 1498 4970 sedatis
1541 4915 1655 4971 Ro-

113 4991 267 5054 bertus
291 5018 407 5057 cum
437 5001 820 5058 Northmanuis
851 5006 1352 5061 excommunicatur
1379 5007 1432 5061 in
1464 5007 1653 5061 eodem

109 5089 301 5152 synodo.
324 5092 419 5148 Cui
451 5096 660 5166 synodo
705 5094 951 5149 interfuit
980 5097 1434 5152 excellentissima
1481 5098 1654 5152 comi-

112 5174 216 5232 tissa
245 5180 308 5236 Μ.
337 5183 654 5259 [Mathildis]
676 5199 732 5242 et
766 5188 879 5242 Azo
903 5188 1170 5255 marchio,
1203 5199 1259 5245 et
1279 5188 1521 5246 Gisult‘us
1556 5190 1651 5246 Sa-

110 5261 384 5331 lernetanns
415 5278 679 5349 princeps.
714 5278 957 5334 Concilio
1012 5280 1178 5351 igitur
1227 5282 1328 5337 rite
1379 5281 1651 5338 celebrato

114 5369 212 5412 cum
237 5364 457 5439 episcopi
488 5370 554 5423 ad
582 5371 797 5441 propria
831 5380 1160 5439 remearent,
1198 5372 1489 5429 Gnibertus
1530 5388 1651 5429 cum

113 5453 332 5513 pontiﬁce
357 5457 541 5516 Romae
569 5465 847 5519 remansit.
1222 5468 1223 5471 “

172 5539 257 5599 “lc
276 5561 418 5619 papa:
447 5553 791 5621 promittebat
815 5570 874 5611 se
900 5564 1087 5610 contra
1115 5554 1516 5611 Nortbmannos
1544 5570 1653 5611 ma-

118 5641 254 5695 Sﬁam
275 5638 654 5708 expeditionem
688 5644 956 5701 facturum
986 5655 1041 5702 et
1066 5657 1255 5703 contra
1285 5644 1488 5699 Balneo
1511 5647 1652 5713 regis

117 5726 299 5785 comitis
319 5746 374 5789 se
404 5746 520 5805 post
539 5739 736 5810 pascha
766 5755 892 5796 cum
925 5739 1112 5797 eodem
1163 5755 1299 5810 papa
1336 5746 1511 5794 castra
1539 5752 1652 5793 me-

1758 4646 1908 4701 bant.
1934 4645 1997 4701 lli
2028 4644 2420 4711 omnes,barba
2449 4645 2613 4699 rasati
2638 4654 2692 4699 et
2720 4645 2910 4700 mitras
2941 4644 2993 4699 in
3018 4644 3196 4715 capite
3221 4658 3349 4713 por-

1771 4747 1969 4803 tantes,
2015 4738 2328 4794 sacerdotes
2358 4746 2413 4793 et
2437 4738 2741 4794 cardinales
2790 4753 2849 4792 se
2903 4751 3023 4793 esse
3074 4737 3345 4800 dicebant,

1760 4829 1951 4899 sicque
1977 4841 2224 4887 oratores
2248 4831 2588 4902 decipiebant
2631 4839 2684 4886 et
2724 4831 2994 4901 praecipue
3037 4829 3346 4901 Longobar-

1757 4922 1950 4976 dorum
2004 4923 2263 4978 rusticam
2323 4922 2745 4989 multitudinem,
2792 4922 2884 4991 qui
2922 4936 3016 4976 eos
3062 4921 3347 4975 credentes

1756 5014 2085 5079 sacerdotes,
2139 5029 2198 5069 se
2240 5028 2427 5068 eorum
2480 5012 2935 5067 commendabant
2986 5009 3342 5064 orationibus.

1756 5104 1821 5160 lli
1860 5106 2196 5175 intempesta:
2252 5104 2431 5159 noctis
2482 5103 2697 5158 silentio
2744 5100 3003 5156 custodire
3056 5099 3343 5153 occasione

1755 5198 1904 5251 varia
1942 5195 2225 5253 latrocinia
2254 5205 2309 5250 et
2354 5194 2529 5265 turpia
2576 5205 2759 5263 stupra
2802 5188 3152 5246 exercebant.
3198 5186 3344 5253 Quos

1755 5289 1945 5343 beatus
1975 5304 2110 5360 papa
2135 5303 2255 5343 eum
2287 5302 2478 5357 magna
2505 5284 2819 5341 difﬁcultate
2856 5281 2925 5336 ab
2949 5278 3179 5335 ecclesia
3214 5290 3341 5346 apo-

1752 5382 2015 5436 stolorum
2044 5380 2306 5451 principis
2335 5378 2563 5454 expulit,
2606 5387 2661 5432 et
2686 5391 2805 5430 eam
2854 5371 3122 5441 religiosis
3161 5384 3343 5424 sacer-

1754 5473 1973 5528 dotibus
2001 5471 2276 5527 commisit
2306 5469 2735 5527 custodiendam.
2779 5465 2891 5520 llos
2917 5464 3051 5519 tales
3081 5462 3340 5534 prazfatus

1753 5564 2045 5621 Guibertus
2075 5563 2175 5619 sibi
2224 5560 2354 5617 fecit
2392 5560 2615 5624 amicos,
2642 5553 2968 5612 venerabilis
2995 5564 3177 5610 autem
3206 5553 3341 5609 Gre.

1753 5658 1938 5729 gorius
1986 5655 2275 5712 ecclesiam
2325 5652 2383 5707 S.
2433 5649 2579 5705 Petri
2616 5646 2777 5718 jussit
2819 5645 3128 5702 oratoribus
3161 5641 3339 5699 claudi

1756 5766 1924 5820 usque
1949 5752 2015 5804 ad
2050 5758 2258 5820 tempus
2287 5742 2623 5809 matutinale,
2654 5756 2775 5798 nam
2800 5737 3336 5811 antepervigiliarum
