3852 6308
552 336 655 392 859

1638 328 1994 387 BONlZONlS
2050 329 2461 388 PLACENTINI
2498 330 2802 391 EPISCOPI
3670 348 3747 411 διο

538 450 795 506 excubias
842 449 1004 503 multa
1055 448 1128 505 ibi
1166 448 1365 503 ﬂebant
1397 447 1685 503 homicidia
1731 455 1785 502 et
1816 449 1918 503 hac
1966 463 2128 504 occa-
2160 452 2205 509 Α
2239 447 2542 512 tiam,mihi
2564 449 3053 505 verosuaderenon
3071 449 3273 521 poteris
3298 442 3745 519 matranorum“.

537 541 687 600 sione
728 542 889 596 mttlta
950 541 1089 595 furta
1135 550 1189 597 et
1236 540 1523 595 adulteria.
1580 540 1709 594 Erat
1764 548 2027 611 przeterea
2076 541 2127 594 in

537 626 726 689 eadem
760 634 989 689 ecclesia
1023 634 1123 688 alia
1158 634 1391 705 pessima
1420 634 1771 697 consuetudo,
1794 648 1955 704 quam
1988 633 2127 687 idem

537 716 867 785 venérabilis
899 742 1031 799 papa
1057 724 1327 780 sfunditus
1350 725 1689 794 exstirpavit.

606 817 857 884 Quotidie
889 829 1177 888 antequam
1218 817 1332 869 dies
1358 814 1711 879 illucescerel,
1743 823 1794 870 el
1812 815 2129 885 plerumque

536 924 827 981 antequam
855 926 1050 965 aurora
1077 926 1292 964 cursum
1325 925 1480 963 suum
1513 908 1797 978 inciperet,
1823 908 2128 963 cardinales

536 1000 781 1054 avaritia:
818 1010 1028 1073 qua-stu
1066 994 1261 1052 missas
1288 1014 1450 1067 super
1485 997 1655 1052 altare
1703 998 1963 1067 principis
1993 1014 2125 1068 apo.

533 1092 797 1149 stolorum
830 1090 1199 1167 celebrabant,
1224 1091 1422 1161 quibus
1449 1106 1515 1144 ex
1540 1090 1862 1145 auctoritate
1893 1090 1953 1143 Β.
1980 1090 2122 1145 Petri

530 1196 587 1240 et
611 1201 705 1240 sua
736 1184 988 1238 omnibus
1019 1178 1317 1245 interdixit,
1346 1191 1403 1236 ut
1436 1198 1540 1237 non
1564 1182 1751 1237 liceret
1772 1181 1851 1237 eis
1872 1183 2126 1253 deinceps

531 1287 658 1332 ante
701 1277 891 1331 horam
931 1275 1037 1329 diei
1083 1275 1295 1329 tertiam
1326 1275 1391 1327 ad
1424 1274 1596 1329 altare
1635 1274 1696 1327 B.
1730 1273 1873 1328 Petri
1903 1274 2123 1329 missam

530 1369 843 1432 celebrare;
869 1383 988 1435 qua:
1010 1382 1095 1422 res
1114 1382 1362 1435 magnam
1384 1365 1486 1422 sibi
1514 1362 1810 1421 concitavit
1842 1367 2119 1421 invidiam.

528 1460 667 1529 Quid
697 1458 886 1529 plura?
914 1457 1173 1529 praefatus
1192 1459 1486 1514 Cuibertus
1503 1459 1671 1513 veluti
1689 1458 1917 1514 Catilina
1935 1475 2122 1515 omnes

529 1550 846 1617 sceleratos,
879 1564 1017 1616 quos
1065 1548 1258 1618 potuit,
1310 1549 1413 1604 sibi
1470 1546 1600 1603 fecit
1647 1549 1873 1605 amicos.
1920 1547 2123 1604 Dehinc

526 1640 922 1710 propinquante.
944 1640 1181 1706 paschali
1198 1640 1511 1706 festivitate,
1548 1641 1819 1696 licentiam
1846 1642 2119 1697 remeandi

528 1730 841 1785 Ravennam
884 1747 913 1785 a
956 1730 1250 1787 venerabili
1299 1748 1435 1803 papa
1477 1733 1632 1802 petiit
1684 1742 1739 1786 et
1791 1733 2116 1802 impetravit.

2236 555 2320 594 me
2338 540 2538 595 armari
2561 540 2893 611 pontificem.
2912 541 3074 598 Nefas
3096 545 3239 598 enim
3260 554 3344 601 est
3356 548 3749 622 crederepcrtuas

2232 630 2547 690 iuim'eitias
2594 632 2680 686 vel
2731 632 2959 702 alicujus
3006 640 3167 704 poSse
3214 651 3407 707 papam
3457 641 3647 711 deponi,
3682 652 3745 715 qui

2228 722 2492 779 electione
2515 724 2643 780 cleri
2673 736 2727 781 et
2754 724 2911 781 laude
2938 727 3119 798 populi
3151 727 3530 795 Romatti,cttm
3547 738 3745 796 cathetln

2229 807 2555 877 pontificalis
2582 806 2824 873 vacaret,
2854 812 3251 870 intltronizatus
3281 816 3348 871 ad
3394 819 3555 876 altare
3580 822 3629 877 S.
3643 824 3745 881 Petri

2228 901 2295 954 ab
2332 900 2599 971 episcopis
2629 903 2995 958 cardinalibus
3040 916 3394 962 consecratus
3438 920 3557 978 est;
3607 918 3744 985 sicque

2227 1006 2349 1046 cum
2392 1006 2587 1061 magno
2614 994 2879 1049 dedecore
2910 996 3227 1065 repudiatus
3248 1000 3317 1056 ad
3357 1000 3645 1061 Guibertum
3668 1024 3743 1065 sua

2228 1086 2483 1155 nequitia:
2509 1086 2773 1143 fautorem
2801 1106 2861 1145 se
2891 1092 3143 1148 contulit.

2297 1176 2430 1231 Cum
2462 1179 2574 1234 haec
2602 1179 2675 1233 ita
2723 1192 3044 1251 gererentur
3073 1183 3499 1253 Mediolanenses
3535 1194 3740 1261 capitam

2224 1278 2277 1323 et
2301 1285 2646 1327 varvassures
2672 1272 3036 1330 Ecclesiarum
3065 1279 3378 1336 venditores
3402 1283 3467 1336 ad
3488 1283 3740 1354 colloquium

2229 1361 2371 1430 regis
2426 1373 2730 1419 remeantes
2778 1365 3081 1423 Mediolano
3122 1386 3351 1443 magnas
3388 1375 3605 1429 excitant
3640 1382 3741 1432 sedi-

2226 1458 2417 1517 tiones.
2454 1460 2889 1515 machinamenta
2918 1464 3166 1531 quaedam
3210 1466 3488 1536 ﬁngentes,
3518 1484 3621 1523 nam
3652 1473 3741 1526 sint-

2224 1550 2395 1621 plices
2411 1566 2623 1623 quoque
2639 1554 2923 1608 seditionis
2944 1556 3163 1626 ignaros
3181 1559 3284 1612 hoc
3304 1560 3458 1614 modo
3473 1561 3736 1621 alliciebaut.

2224 1642 2469 1700 dicentes
2491 1659 2549 1700 se
2577 1645 2944 1715 integritatem
2974 1649 3115 1703 beati
3140 1649 3416 1705 Ambrosii
3447 1652 3565 1707 velle
3586 1653 3735 1721 iurare.

2222 1734 2266 1789 A
2292 1736 2401 1790 Deo
2438 1752 2567 1791 vero
2601 1746 2899 1807 protectus,
2926 1740 2993 1794 de
3020 1756 3127 1810 quo
3149 1756 3316 1812 supra
3347 1745 3621 1805 retulimus.
3646 1746 3735 1800 lier-

527 1824 855 1892 promitteus
884 1840 941 1879 se
983 1834 1102 1894 post
1129 1822 1329 1895 pascha
1360 1840 1521 1895 supra
1552 1824 1746 1878 balneo
1775 1826 1917 1896 regis
1953 1825 2120 1879 comi-
2150 1841 2195 1900 Β
2226 1824 2513 1881 limbaltlus
2543 1828 2731 1883 videns
2786 1830 3224 1885 machinamenta
3298 1833 3491 1889 diaboli
3540 1834 3732 1904 paulatim

527 1926 606 1972 tes
633 1917 934 1972 exercitum
965 1918 1276 1973 ducturum.

594 2006 801 2060 luterea
840 2007 1165 2063 venerabilis
1182 2007 1475 2077 Gregorius
1503 2008 1903 2078 expeditionem
1927 2022 2114 2064 contra

524 2095 924 2152 Nottlnnanuos
966 2098 1329 2169 praeparabat,
1371 2100 1701 2169 veniensque
1726 2101 1937 2155 obviam
1995 2101 2115 2156 duci

523 2188 759 2263 Beatrici
790 2206 958 2259 usque
1007 2192 1073 2245 ad
1122 2202 1361 2245 castrum
1426 2190 1484 2246 S.
1530 2191 1754 2247 Fabiani
1786 2174 1923 2248 eam
1956 2193 2115 2248 simul

521 2298 642 2336 cum
690 2283 797 2335 lilia
833 2282 902 2338 ad
946 2284 1349 2355 expeditionem
1392 2285 1674 2348 invitabat,
1711 2300 1846 2355 quas
1876 2286 2114 2341 volentes

522 2375 606 2445 pia
640 2385 819 2430 mente
868 2391 1022 2447 papae
1071 2378 1297 2432 obedire.
1358 2389 1627 2447 prtecepto
1676 2376 2114 2449 Longobardicus

521 2481 925 2523 varvassllrum
961 2469 1223 2525 tumultus
1274 2470 1577 2539 impedivit.
1646 2469 1778 2523 Nam
1848 2472 2112 2525 seditione

520 2558 697 2612 subita
724 2569 917 2613 exorta
958 2560 1359 2630 expeditionem
1391 2562 1748 2631 dissipavere,
1797 2560 1982 2630 sicque
2033 2561 2113 2614 iu-

518 2648 661 2706 fecto
691 2652 913 2722 negotio
955 2668 1087 2721 papa
1116 2652 1343 2707 Romam
1375 2655 1638 2708 remeavit
1670 2671 1683 2705 :
1714 2652 1936 2707 Beatrix
1982 2668 2111 2709 vero

517 2756 641 2797 cum
669 2740 777 2795 filia
810 2742 881 2796 ad
925 2743 1145 2813 propria
1175 2744 1409 2798 rediere.
1459 2741 1573 2797 Non
1622 2743 1779 2815 longo
1808 2753 1927 2813 post
1972 2754 2111 2798 tem-

518 2847 649 2902 pore
702 2847 837 2903 papa
892 2834 1150 2903 languore
1208 2832 1452 2902 corporis
1502 2834 1554 2887 itt
1612 2834 1869 2887 suburbio
1924 2832 2110 2887 Romae

517 2926 695 2979 subito
714 2924 1029 2995 corripitur.
1054 2924 1279 2980 Ceusius
1302 2941 1449 2989 vero,
1482 2926 1550 2979 de
1572 2942 1679 2995 quo
1698 2940 1862 2995 supra
1901 2940 2109 2981 memo-

518 3016 778 3079 ravimus,
802 3014 1033 3069 credens
1055 3030 1177 3068 eum
1201 3015 1313 3085 jam
1340 3015 1499 3069 morti
1526 3015 1878 3078 destinatum,
1903 3013 2103 3078 odium,

516 3105 659 3176 quod
696 3113 877 3159 mente
905 3112 1253 3176 conceperat,
1287 3104 1465 3159 subito
1493 3107 1750 3161 evomuit.
1797 3102 1930 3158 Nam
1984 3104 2106 3159 fidei

2221 1932 2494 1982 crescere,
2528 1919 2795 1993 :estuabat
2836 1934 3013 1990 neque
3054 1922 3401 1991 potissimum
3439 1924 3554 1992 quid
3592 1925 3735 1980 laceret

2218 2009 2361 2063 aliud
2393 2010 2721 2075 inveniebat,
2750 2012 2852 2067 uisi
2877 2021 2936 2066 ut
2961 2028 3018 2068 se
3047 2024 3104 2068 et
3133 2014 3226 2068 Dei
3257 2017 3506 2084 populum
3535 2016 3729 2071 volentem

2216 2096 2315 2170 pro
2354 2098 2563 2168 justitia
2592 2102 2854 2157 dimicare
2880 2103 3023 2158 velut
3067 2104 3400 2161 fortissimus
3428 2104 3580 2162 Judas
3614 2109 3730 2160 anuis

2218 2191 2531 2249 defensarct
2563 2192 2647 2265 (II
2668 2193 2843 2248 Maeli.
2861 2211 2981 2259 xui,
3002 2196 3113 2267 M).
3144 2197 3287 2265 Quid
3311 2198 3495 2267 plura?
3513 2199 3731 2253 Crescebat

2216 2283 2459 2353 quotidie
2489 2298 2747 2340 numerus
2764 2286 3084 2353 infidelium,
3110 2288 3250 2343 etde
3272 2289 3361 2344 die
3383 2291 3435 2344 in
3456 2290 3578 2345 diem
3601 2306 3731 2344 nume-

2215 2388 2308 2429 rus
2325 2376 2672 2431 minuebatur
2689 2377 3087 2433 Paterinorum.
3106 2380 3313 2435 Eodem
3340 2397 3537 2452 quoque
3554 2391 3727 2449 tempmc

2215 2466 2637 2525 Mediolanensis
2667 2469 2861 2525 civitas
2892 2480 2999 2526 tota
3033 2472 3289 2527 incendio
3323 2482 3667 2531 concrematur.
3692 2474 3725 2525 in

2213 2564 2320 2629 Qua
2366 2558 2549 2614 multa:
2602 2561 2880 2618 mirabiles
2924 2561 3166 2617 ecclesiae
3213 2574 3269 2618 et
3316 2565 3562 2634 pratcipne
3607 2576 3726 2616 alter

2214 2649 2445 2704 ecclesia
2495 2650 2614 2706 solo
2669 2660 2841 2721 tenus
2877 2652 3215 2719 destruitur;
3281 2670 3402 2725 quae
3452 2670 3530 2709 res
3571 2653 3726 2707 inionio

2211 2740 2435 2797 humani
2459 2743 2675 2814 generis
2696 2744 2764 2799 ad
2793 2744 3183 2801 decertandum
3208 2746 3437 2802 contulit
3462 2761 3611 2800 arma:
3636 2759 3720 2796 nato

2212 2847 2403 2889 omnes
2429 2834 2546 2890 sive
2591 2834 2750 2890 amici
2792 2836 2911 2891 sive
2947 2836 3150 2891 inimici
3183 2838 3343 2908 quasi
3370 2853 3473 2893 una
3511 2849 3617 2893 voce
3645 2835 3723 2889 cl:-

2214 2923 2439 2997 mabant
2467 2924 2569 2979 hoc
2602 2936 3025 2995 essepeccatum
3052 2926 3453 2982 Paterinorum.

2282 3015 2413 3072 Post
2441 3016 2650 3074 Pascha
2680 3033 2813 3075 vero
2853 3018 3148 3089 derepente
3193 3028 3513 3091 congregato
3549 3015 3720 3074 exercilu

2282 3062 2305 3071 -
2330 3062 2413 3072 ν--
2443 3062 2650 3074 --.ηκ-
2691 3062 2811 3075 .....,
2854 3062 3148 3089 ...ηνννηη
3194 3062 3510 3091 νωτηυω
3550 3062 3720 3074 ν.-.---η

2210 3116 2267 3162 et
2319 3108 2665 3164 multitudine
2718 3108 3130 3178 conjunctorum
3178 3108 3577 3166 llerlimbaldum
3631 3106 3719 3161 nihil
3820 3062 3821 3137 ι

516 3195 839 3252 commissor
860 3193 965 3250 illis
993 3196 1185 3251 diebus
1215 3194 1391 3251 fuerat
1415 3195 1695 3267 cujusdam
1726 3191 1917 3250 Cencii
1958 3195 2101 3249 seili-
2131 3214 2177 3276 ρ
2211 3199 2341 3255 mali
2370 3202 2738 3271 suspicantem
2763 3203 3299 3274 invadunt,eumque
3320 3203 3509 3258 bellare
3532 3208 3720 3268 templati-

515 3296 602 3343 cet
648 3286 874 3343 Gerardi
925 3286 1139 3342 comitis
1187 3287 1307 3354 filii,
1360 3286 1450 3357 qui
1503 3287 1676 3341 beatis
1735 3285 2100 3357 apostolorum

515 3376 857 3449 principibus
888 3386 1093 3431 curtem
1126 3391 1288 3431 unam
1307 3384 1629 3432 testamento
1656 3375 1965 3448 legaverat;
1995 3366 2105 3432 Deo

511 3486 646 3524 vero
679 3469 899 3525 odibilis
931 3466 1019 3524 ille
1063 3468 1296 3525 credens
1347 3485 1543 3541 papam
1566 3468 1681 3538 jam
1715 3478 1988 3525 mortuum
2021 3466 2106 3523 vel

509 3564 621 3632 jam
650 3564 810 3618 morti
849 3563 1157 3634 proximum
1184 3564 1459 3635 sacrilegii
1485 3562 1722 3618 simulet
1751 3561 1971 3633 perjurii
2000 3561 2109 3616 cri-

514 3671 637 3711 men
669 3657 956 3711 incurrens
994 3665 1379 3712 testamentum
1421 3653 1736 3720 falsaverat,
1784 3664 2106 3722 curtemque

514 3752 630 3806 suis
671 3751 965 3822 applicavit
995 3751 1203 3816 usibus,
1233 3750 1483 3806 ducentis
1529 3750 1682 3806 libris
1710 3749 1848 3804 datis
1896 3757 2104 3802 tantmn

512 3843 879 3915 apostolorum
907 3844 988 3914 pri
997 3843 1262 3914 ueipibus.
1285 3843 1497 3899 Interea
1513 3842 1925 3900 convalescente
1942 3856 2103 3912 papa,

518 3951 687 4007 super
716 3936 820 3991 hoc
867 3936 1036 4007 carpit
1061 3936 1325 4007 exagitari
1383 3937 1680 4007 negotium.
1727 3933 1865 4003 Quid
1910 3934 2109 4006 plura?

512 4028 758 4085 Pessime
783 4027 963 4101 egisse
989 4028 1353 4094 convincitur,
1384 4028 1637 4100 datisque
1676 4026 1953 4084 obsidibus
1982 4043 2107 4083 cur-

511 4128 624 4175 tem
655 4120 956 4177 secundum
981 4118 1217 4175 defuncti
1239 4119 1569 4175 voluntatem
1590 4118 1957 4190 apostolorum
1986 4118 2110 4173 red-

511 4211 648 4267 didit
690 4210 1061 4282 principibus;
1090 4209 1183 4265 sed
1228 4210 1344 4280 ejus
1373 4208 1526 4265 furor
1555 4224 1660 4264 non
1691 4208 1916 4280 quievit.
1969 4206 2105 4262 Nam

510 4301 753 4374 ejusdem
799 4301 1043 4373 pestiferi
1072 4299 1300 4356 consilio
1351 4298 1506 4372 ﬂugo
1549 4300 1836 4365 candidus,
1881 4299 1948 4354 de
1998 4312 2106 4367 quo

511 4411 674 4466 supra
700 4395 1145 4461 memoravimus,
1175 4393 1412 4449 secundo
1440 4393 1508 4448 ad
1542 4392 1871 4464 apostasiam
1913 4404 2106 4446 versus

513 4498 616 4544 est.
643 4486 739 4541 Hic
763 4487 1011 4555 Apuliam
1037 4487 1262 4542 tendens
1288 4485 1584 4541 Robertum
1614 4494 1671 4541 et
1692 4485 2104 4540 Nortbmannos

2212 3303 2321 3348 tem
2351 3293 2405 3348 in
2432 3294 2610 3349 media
2639 3294 2819 3365 platea
2844 3295 3199 3362 interficiunt,
3217 3298 3719 3367 aliosquepersequur

2210 3392 2299 3439 tur
2322 3394 2379 3441 et
2407 3384 2808 3456 deprmdantur,
2850 3400 3084 3457 eumque
3134 3387 3487 3458 ignominiose
3531 3386 3716 3441 nudatum

2209 3474 2362 3530 obliti
2392 3476 2608 3548 generis
2629 3475 2747 3545 ejus
2775 3485 2828 3531 et
2858 3477 3141 3549 dignitatis
3159 3481 3230 3533 ad
3256 3481 3576 3551 ignominiam
3601 3476 3713 3531 totius

2209 3567 2637 3625 Christianitatis
2674 3585 2770 3642 per
2814 3580 2982 3625 totum
3029 3573 3171 3627 diem
3221 3570 3716 3643 relinquuutiultnttu-

2210 3668 2345 3716 tum.
2370 3660 2541 3718 Nocte
2568 3676 2698 3718 vero
2722 3678 2751 3717 a
2787 3663 3051 3734 religiosis
3084 3664 3219 3720 viris
3240 3665 3383 3736 apud
3412 3665 3466 3718 S.
3486 3658 3713 3730 Dionysium
3816 3692 3817 3747 ι

2210 3768 2332 3808 cum
2357 3754 2560 3809 honore
2580 3754 2823 3825 sepultus
2844 3763 2944 3810 est.
2972 3755 3055 3809 Ad
3086 3754 3245 3823 cujus
3281 3753 3559 3825 sepulcrum
3580 3761 3711 3813 magn:

2209 3842 2481 3898 mirabilia
2515 3858 2687 3913 usque
2714 3845 2878 3900 hodie
2908 3857 3170 3915 operatur
3193 3848 3359 3901 Deus.
3384 3841 3602 3914 Sequenti
3624 3852 3711 3890 rem

2210 3936 2297 3990 die
2317 3937 2607 4006 quemdam
2624 3937 2964 4001 sacerdotem
2990 3938 3212 3993 nomine
3231 3931 3709 4009 Liprandutuaurilns

2210 4028 2595 4082 mntilaverunt
2625 4037 2680 4083 et
2708 4043 2843 4085 naso
2868 4027 3015 4100 (49);
3047 4029 3359 4099 quicunque
3392 4041 3510 4082 vero
3530 4022 3709 4093 οσηὲπη·

2216 4115 2352 4171 tioni
2369 4130 2472 4171 non
2494 4126 3017 4184 consenser‘unt,mtt
3030 4117 3529 4183 occidebantur,aut
3552 4114 3606 4167 lat
3617 4108 3711 4163 εἰθ-

2210 4206 2355 4262 tibus
2381 4206 2740 4269 uulabantur,
2768 4222 2998 4279 quorum
3041 4206 3198 4263 multi
3231 4208 3537 4265 Cremonam
3557 4200 3708 4256 venien-

2211 4304 2315 4363 tes,
2372 4295 2924 4353 bonorilicentissime
2967 4313 2997 4351 a
3040 4296 3306 4354 fratribus
3363 4305 3478 4378 sapt
3515 4286 3703 4357 ευςανυι
3812 4286 3813 4359 l

2207 4398 2266 4441 ut
2286 4396 2468 4441 autem
2497 4387 2738 4442 auditmn
2781 4396 2867 4441 est
2894 4387 2962 4443 de
2990 4398 3167 4443 morte
3193 4385 3527 4443 Herlimbaldi
3555 4388 3705 4437 conso-

2208 4479 2318 4534 lum
2343 4478 2550 4546 Romze,
2586 4480 2680 4535 sed
2720 4481 2985 4557 usquead
3017 4481 3395 4537 Britannicum
3422 4491 3552 4534 mare
3578 4484 3704 4530 on!!!

514 4579 716 4635 dudum
770 4593 800 4634 a
858 4593 995 4649 papa
1047 4578 1549 4633 excommunicatos
1612 4588 1801 4633 contra
1855 4585 2101 4633 sanctam
2136 4601 2182 4661 υ
2209 4570 2458 4627 catholici
2491 4580 2617 4627 sunt
2642 4572 2973 4638 contristati,
2999 4571 3301 4645 flentesque
3326 4562 3703 4661 dieebautzoﬁj

514 4670 813 4724 Romanam
872 4671 1169 4725 Ecclesiam
1224 4669 1548 4724 mirabiliter
1594 4670 1852 4724 excitavit
1900 4689 1911 4723 :
1975 4685 2099 4724 nam

515 4761 730 4818 dicebat
776 4775 871 4817 eos
914 4759 1049 4815 f..lso
1085 4762 1586 4815 excommunicatos
1626 4772 1675 4815 et
1729 4777 1945 4833 papam,
1989 4778 2096 4817 non

514 4852 811 4907 secundum
844 4853 1061 4906 decreta
1116 4860 1429 4905 sanctorum
1485 4850 1707 4904 Patrum
1760 4851 2093 4922 pontificem,

513 4945 611 5003 sed
647 4954 849 5000 sanetae
880 4944 1136 4998 Romanae
1163 4941 1415 4998 Ecclesia:
1462 4943 1795 5008 invasorem,
1841 4944 2099 5013 adjicieus

512 5053 572 5094 se
600 5052 722 5093 cum
755 5037 869 5092 suis
913 5034 1219 5092 fautoribus
1259 5035 1498 5089 Roberto
1541 5051 1797 5090 coronam
1844 5036 2100 5106 imperia-

511 5134 617 5190 lem
670 5133 949 5199 daturum,
989 5130 1034 5186 si
1083 5145 1207 5186 eum
1266 5128 1483 5186 militari
1541 5146 1700 5184 tnanu
1752 5131 1819 5185 ab
1871 5129 2099 5186 ecclesia

512 5228 755 5299 pelleret.
1474 5216 1477 5217 ν

583 5319 736 5387 Quod
770 5333 895 5375 cum
923 5316 1165 5387 quotidie
1221 5315 1398 5388 palam
1448 5326 1503 5371 et
1555 5314 1803 5371 clanculo
1847 5316 1901 5370 in
1949 5324 2101 5371 curte

510 5412 900 5489 prtel‘atidueis
930 5411 1267 5474 mussitaret,
1295 5411 1434 5465 hanc
1456 5425 1485 5463 a
1516 5409 1939 5480 prudentissimo
1964 5409 2100 5464 duce

514 5506 724 5575 accepit
745 5504 1178 5575 responsionem,
1189 5504 1315 5572 quia
1331 5502 1425 5556 tibi
1441 5516 1661 5557 necesse
1674 5510 1778 5567 est,
1798 5502 1843 5555 si
1859 5499 2031 5572 placet
2046 5502 2099 5556 in

514 5611 648 5653 auro
669 5599 752 5654 vel
773 5606 997 5669 argento
1014 5595 1097 5651 vel
1122 5596 1172 5650 iu
1192 5594 1743 5666 aliquaaliapecuuia
1761 5593 1839 5647 vel
1857 5595 1909 5647 in
1939 5609 2104 5663 equo-

518 5707 637 5746 rum
672 5702 724 5745 et
750 5691 1019 5746 mulorum
1055 5689 1411 5759 adjumcutoa
1434 5702 1520 5743 me
1540 5688 1754 5757 suscipe
1786 5687 2104 5742 munificen-

2213 4667 2373 4720 modo
2409 4664 2608 4720 cecidit
2644 4672 2853 4734 potens,
2901 4665 2992 4733 qui
3032 4667 3308 4737 pttgnabat
3339 4664 3520 4720 bellum
3561 4648 3702 4714 Duillii

2210 4753 2262 4824 (I
2292 4754 2470 4809 Much.
2502 4771 2579 4818 Ix,
2611 4754 2725 4821 2|).

2280 4847 2494 4902 interea
2539 4846 2835 4919 Gregorius
2880 4862 3016 4917 papa
3051 4846 3493 4919 quadregesitnali
3538 4846 3703 4908 temp!"

2209 4941 2475 5010 synodum
2504 4940 2875 5011 congregavit,
2901 4940 2953 4994 iu
2980 4955 3087 5008 quo
3109 4939 3401 4995 Guibertus
3424 4928 3701 4993 vocatum

2209 5033 2395 5087 venire
2430 5030 2691 5087 noluisset
2734 5032 2804 5086 ob
2856 5031 3079 5101 perjurii
3128 5031 3334 5087 crimen
3377 5032 3443 5086 ab
3481 5017 3694 5098 epiOtllli‘li

2207 5124 2383 5181 oliicio
2412 5141 2707 5196 suSpensus
2735 5133 2837 5180 est.
2890 5123 2956 5178 Et
3004 5123 3157 5196 Hugo
3197 5123 3450 5178 candidus
3487 5113 3701 5175 secundi"

2203 5218 2450 5289 Apostoli
2480 5224 2805 5288 praeceptum
2828 5215 3087 5271 dicentis:
3127 5234 3147 5267 ι
3173 5215 3480 5271 llaereticum
3503 5205 3700 5265 hominem

2209 5321 2333 5382 post
2400 5311 2634 5382 primam
2694 5319 2748 5363 ct
2814 5309 3111 5363 secundam
3167 5308 3540 5377 correptionem
3582 5292 3703 5351 deti"

2210 5406 2437 5479 (Tit.ttt,
2468 5405 2614 5475 10),»
2644 5406 2711 5459 ab
2740 5403 2982 5459 Ecclesia
3009 5411 3266 5475 perpetuo
3285 5404 3615 5472 sequestram
3633 5394 3701 5439 αι

2208 5500 2374 5556 Forte
2420 5500 2504 5553 his
2534 5498 2723 5552 diebus
2771 5495 2881 5549 Deo
2910 5495 3127 5549 odibilis
3166 5495 3252 5548 ille
3276 5492 3514 5551 Ceucius,
3561 5482 3702 5543 ΜΝ

2210 5607 2372 5662 supra
2428 5588 2733 5653 retulimus,
2782 5603 2811 5641 a
2851 5587 3108 5657 prmfecto
3160 5586 3304 5641 urbis
3355 5584 3518 5637 Rouce
3566 5576 3702 5662 εδιξωε

2212 5656 2516 5747 tenebatur,
2547 5680 2638 5753 qui
2672 5656 2968 5734 secundum
3009 5677 3280 5732 Romanas
3324 5675 3459 5745 leges
3493 5656 3701 5745 ωρίωᾱ·

590 5804 701 5878 (t9)
738 5803 937 5859 Eodem
965 5799 1156 5856 mortis
1185 5815 1383 5875 genere
1407 5815 1514 5870 quo
1532 5798 1928 5855 llerlimbaldus
1959 5800 2161 5858 interiit
2187 5803 2350 5860 etiam
2383 5798 2574 5871 paucis
2596 5796 2753 5852 anuis
2776 5806 2894 5867 post
2922 5803 3112 5849 auctor
3137 5801 3336 5849 uoster.
3801 5774 3803 5887 Α
