3848 6292
580 356 690 412 883

1693 360 2056 419 BONIZONIS
2085 360 2487 417 PLACENTINI
2515 360 2815 417 EPISCOPI

3695 370 3783 427 8H

577 481 805 526 turnmtu
822 470 1083 543 svnouum
1108 486 1230 528 cum
1256 472 1536 529 alacritate
1557 473 1867 531 celebravit.
1894 477 2150 548 Sequenti
2181 478 2225 535 Α
2255 476 2452 531 tionem
2469 479 2715 545 accipere
2728 485 2783 531 et
2804 483 2893 529 aut
2912 484 3222 544 provectum
3245 477 3419 532 facere
3439 486 3523 532 aut
3542 479 3780 551 perﬁcere,

573 574 702 615 vero
749 563 837 617 die
888 563 1078 618 littera:
1128 564 1197 619 ab
1239 564 1667 621 Ultramontanis
1715 568 1979 639 episcopis
2009 585 2158 641 papa:

572 654 764 707 delata:
779 664 921 720 sunt,
945 656 1140 723 quibus
1157 671 1214 710 se
1239 669 1494 725 peccasse
1514 664 1566 710 et
1582 672 1796 713 errasse
1820 660 2155 716 conﬁteban-

574 755 679 809 tur,
705 747 1026 815 veniamque
1044 746 1407 816 impetrabant
1421 749 1794 817 promittentes
1817 764 1885 805 se,
1904 749 2157 819 deinceps

570 850 756 909 utpote
778 839 926 894 Patri
966 840 1325 895 obedientiam
1357 840 1705 910 przebituros;
1740 842 1831 897 sed
1862 857 1984 897 cum
2022 851 2159 896 tem-

564 943 667 997 pus
692 930 937 995 instaret,
971 945 1077 999 quo
1099 931 1335 1002 synodus
1360 930 1492 985 solvi
1514 929 1807 995 debuisset,
1836 930 2155 986 venerabilis

566 1020 882 1090 Gregorius,
931 1024 1019 1091 qui
1069 1037 1165 1092 pro
1202 1021 1392 1076 ovibus
1428 1021 1539 1076 suis
1567 1022 1701 1077 mori
1745 1033 1965 1093 paratus
2011 1032 2150 1089 erat,

566 1113 802 1168 dedecus
827 1112 882 1167 S.
909 1114 1168 1168 Romanae
1198 1113 1460 1169 Ecclesia:
1491 1113 1695 1169 illatum
1722 1130 1829 1169 non
1852 1123 1934 1170 est
1963 1130 2154 1185 passus

566 1204 824 1265 inultum;
856 1206 949 1259 sed
978 1204 1205 1260 consilio
1230 1205 1473 1260 omnium
1515 1205 1893 1275 episcoporum
1925 1220 2153 1261 numero

562 1311 654 1361 cv,
703 1312 902 1366 regem,
941 1312 1030 1366 qui
1079 1310 1137 1351 se
1182 1312 1249 1350 ex
1289 1296 1480 1351 ovibus
1505 1295 1705 1351 Christi
1736 1311 1841 1351 non
1877 1297 2148 1367 cognovit,

562 1387 973 1457 principemque
1018 1386 1175 1455 hujus
1216 1388 1470 1442 inauditae
1499 1388 1809 1443 rebellionis
1844 1402 2152 1443 excommu-

563 1479 784 1542 nicavit,
812 1488 867 1532 ct
897 1495 925 1532 a
958 1494 1124 1549 regno
1170 1479 1263 1534 Dei
1287 1479 1549 1550 judicavit
1580 1479 1841 1544 alienum,
1872 1479 2015 1549 quod
2050 1494 2150 1535 nec

562 1580 767 1619 novum
793 1567 1008 1636 quidem
1053 1566 1151 1621 fuit
1181 1581 1281 1622 nec
1328 1566 1771 1636 reprehensibiie.
1830 1566 2146 1638 Reprehen-

559 1654 718 1709 sibile
749 1671 855 1710 non
887 1672 899 1706 :
934 1656 1058 1725 quia
1105 1655 1304 1723 regulis
1330 1663 1641 1711 sanctorum
1685 1655 1908 1711 Patrum
1955 1657 2147 1725 praeci-

559 1749 832 1817 pientibus
862 1748 1083 1803 factum.
1118 1748 1176 1801 ln
1202 1748 1624 1804 Chalcedonensi
1641 1748 1783 1803 enim
1811 1749 2059 1815 concilio,
2091 1749 2144 1804 in

2259 582 2364 621 non
2395 576 2572 620 tamen
2599 567 2859 620 audacter
2886 566 3209 622 sententiam
3255 568 3434 622 dicere
3470 579 3639 623 contra
3660 587 3783 631 sm.

2258 674 2404 713 mum
2436 658 2667 714 senioris
2703 657 2888 713 Roma:
2925 659 3255 727 pontiﬁcem.
3287 659 3422 714 Ecce
3449 661 3658 729 qualiter
3679 666 3781 721 imi-

2259 756 2465 804 tatores
2503 748 2630 803 Foci
2675 758 2730 804 et
2776 750 3016 806 Dioscori
3056 766 3152 821 pro
3185 751 3302 821 sola
3353 751 3561 806 infamia
3589 752 3780 811 Romani

2257 838 2529 905 pontiﬁcis
2566 839 2792 894 audistis
2841 840 3173 894 damnandos
3212 849 3267 894 et
3297 849 3537 910 potentes
3560 857 3779 915 quosque.

2257 936 2525 985 tentantes
2581 930 2779 999 pellere
2828 932 3059 987 senioris
3116 931 3306 987 Romae
3359 948 3545 1003 papam
3602 950 3629 988 a
3676 937 3784 992 sede

2255 1020 2479 1075 audistis
2507 1020 2956 1076 anathemizatos.
2978 1020 3093 1078 Non
3138 1032 3223 1078 est
3248 1038 3379 1095 ergo
3409 1006 3783 1093 rewebensibde

2256 1123 2435 1178 regem
2469 1118 2765 1164 tentantem
2796 1125 2988 1179 papam
3018 1125 3049 1164 a
3076 1110 3205 1166 sede
3234 1113 3351 1166 sine
3374 1110 3571 1180 judicio
3594 1113 3781 1183 pellere,

2252 1202 2746 1269 excommunicare,
2767 1204 2908 1273 quod
2935 1214 3245 1259 sanctorum
3270 1203 3487 1258 Patrum
3514 1205 3689 1273 regulis
3713 1217 3784 1261 est

2252 1293 2585 1348 roboratum.
2642 1292 2957 1348 inusitatum
3006 1308 3135 1350 vero
3182 1309 3290 1349 non
3337 1308 3369 1347 c
3402 1300 3445 1358 t,
3482 1294 3597 1361 quia
3620 1296 3785 1350 multos

2250 1381 2478 1453 legimus
2506 1372 2781 1439 Romanos
2829 1384 3116 1454 pontiﬁces
3154 1399 3255 1454 pro
3307 1384 3598 1439 minoribus
3634 1386 3785 1441 causis

2250 1488 2356 1529 non
2385 1473 2556 1529 solum
2583 1475 3100 1537 excommunieasse,
3133 1474 3227 1530 sed
3257 1475 3422 1529 etiam
3460 1488 3490 1528 a
3527 1490 3675 1544 regno
3708 1475 3785 1529 de.

2248 1566 2514 1636 posuisse.
2538 1566 2691 1634 Quod
2713 1566 2907 1622 melius
2928 1567 3134 1637 patebit
3164 1557 3413 1637 exeruplo
3440 1584 3455 1621 :
3485 1566 3786 1622 innocentius

2245 1674 2382 1729 papa
2408 1659 2699 1714 Arcadium
2732 1652 3111 1730 imperatorem
3141 1658 3429 1714 Theodosii
3458 1658 3621 1730 Magni
3644 1658 3782 1715 ﬁlium

2247 1766 2345 1821 pro
2355 1766 2420 1807 eo
2431 1751 2574 1819 quod
2596 1750 2821 1805 Joannis
2840 1750 3208 1821 Chrysostomi
3224 1749 3544 1821 depositioni
3561 1749 3782 1814 interfuit,

561 1854 668 1909 quo
706 1841 945 1895 sexcenti
990 1838 1355 1894 interfuerunt
1402 1840 1678 1909 episcopi,
1729 1840 1802 1894 ita
1849 1839 2044 1911 legitur
2078 1841 2145 1897 de
2177 1822 2220 1876 Β
2248 1845 2373 1913 quia
2405 1842 2737 1913 Theophilus
2763 1841 3163 1897 Alexandrinus
3190 1856 3294 1895 una
3322 1856 3446 1895 cum
3490 1840 3605 1895 aliis
3634 1841 3784 1895 orien-

558 1930 821 1986 llioscoro
851 1931 1221 1987 Alexandrino
1257 1949 1270 1985 :
1303 1932 1575 2001 quomodo
1602 1932 1869 1986 secundus
1891 1946 2146 1989 excessus

557 2022 791 2090 prierem
808 2022 1091 2091 iniquitate
1107 2021 1260 2077 valde
1277 2021 1621 2076 transcendit.
1636 2021 1817 2077 Prtesu
1827 2023 1985 2093 mpsit
1999 2024 2143 2079 enim

559 2113 1173 2167 excommunicationem
1200 2113 1406 2167 dictare
1436 2114 1695 2168 adversus
1739 2113 2142 2170 sanctissimum

552 2217 744 2271 papam
784 2202 1039 2267 Leonem,
1074 2204 1391 2258 Aua'holius
1429 2206 1715 2273 episcopus
1756 2205 2141 2263 Constantino-

553 2292 828 2362 politanus
853 2295 987 2349 dixit
1008 2310 1022 2348 :
1042 2295 1269 2364 Propter
1289 2294 1447 2350 ﬁdem
1472 2311 1579 2350 non
1609 2305 1691 2351 est
1711 2300 1995 2354 damnatus
2021 2301 2146 2355 Dio-

553 2401 767 2451 scarus,
808 2387 908 2442 sed
961 2387 1085 2455 quia
1137 2387 1750 2444 exccmmunicationem
1774 2389 2142 2447 fecitdomino

550 2477 955 2549 archiepiscopo
970 2476 1409 2548 Leoni.Nunquid
1427 2478 1495 2534 ibi
1518 2479 1712 2551 legitur
1730 2480 2137 2550 inquisitionem

548 2570 752 2625 Pactam
801 2570 1006 2637 fuisse,
1051 2580 1232 2625 utrum
1278 2569 1423 2639 justc
1471 2587 1540 2625 an
1598 2571 1793 2641 injuste
1848 2573 2138 2632 Dioscorus

550 2662 719 2730 ipsam
744 2662 1354 2717 exeommuuicationern
1374 2662 1661 2718 dictasset?
1684 2678 1788 2717 non
1821 2663 1978 2732 plane
2004 2679 2017 2718 :
2043 2666 2137 2721 sed

547 2754 752 2825 absque
796 2755 943 2809 omni
999 2754 1371 2809 controversia
1416 2755 1470 2810 bi
1516 2755 1568 2809 in
1624 2771 1689 2811 eo
1738 2756 1948 2810 multati
1989 2766 2133 2824 sunt,

546 2846 672 2913 quia
704 2860 826 2900 cum
858 2855 1000 2900 esset
1027 2845 1256 2901 inferior
1284 2846 1548 2916 potiorem
1569 2847 2135 2917 quibuslibetconatus

546 2940 631 2989 est
657 2936 925 2993 lacessere
983 2937 1217 3007 injuriis.
1251 2936 1403 3003 Quod
1440 2952 1570 2993 vero
1606 2939 1658 2993 in
1707 2949 1895 2995 octava
1928 2940 2134 3011 synodo

548 3028 718 3081 sancti
738 3026 927 3083 Patres
950 3043 1110 3098 super
1135 3029 1238 3083 hoc
1270 3028 1483 3099 negotio
1510 3029 1802 3085 deliuivere
1828 3032 2092 3087 advertite
2115 3050 2129 3085 :

546 3116 884 3171 Dominicum
927 3133 1252 3182 sermonem,
1294 3133 1454 3189 quem
1478 3118 1731 3176 Cbrisms
1760 3122 1961 3177 sanctis
2005 3138 2132 3191 apo-
2160 3160 2205 3221 Ο

547 3208 703 3263 stolis
730 3218 783 3262 et
812 3210 1088 3279 discipulis
1112 3211 1225 3265 suis
1248 3210 1383 3265 dixit
1412 3229 1423 3263 :
1456 3211 1581 3281 quia
1614 3230 1631 3262 ι
1666 3212 1755 3281 qui
1790 3229 1884 3268 vos
1918 3214 2131 3285 recipit,

546 3314 633 3353 me
660 3300 853 3370 recipit
894 3300 1106 3372 (Matth.
1157 3318 1213 3366 x,
1261 3301 1387 3371 40);
1432 3320 1451 3353 ι
1494 3310 1548 3356 et
1586 3321 1604 3353 ι
1643 3304 1732 3372 qui
1776 3319 1868 3358 vos
1905 3306 2133 3373 spernit,

543 3407 631 3445 tne
651 3392 856 3462 spernit
888 3391 1039 3462 (Luc.
1066 3408 1121 3453 χ.
1161 3391 1251 3458 16,
1284 3410 1303 3444 ι
1345 3402 1399 3445 et
1425 3393 1516 3461 qui
1554 3402 1675 3461 post
1714 3408 1810 3448 eos
1836 3394 2133 3449 secundum

542 3485 690 3554 ipsos
717 3483 842 3539 facti
872 3474 997 3539 sunt
1022 3485 1221 3538 summi
1252 3484 1537 3554 pontiﬁces
1566 3493 1620 3537 et
1669 3495 1947 3553 pastorum
1978 3487 2127 3555 prin-

543 3562 691 3645 cipes
742 3577 792 3628 in
845 3575 1078 3630 Ecclesia
1115 3575 1381 3630 catholica
1434 3573 1640 3630 dictum
1693 3591 1813 3631 esse
1854 3578 2137 3633 credentes

543 3664 1169 3721 deliuivimusuemiuem
1194 3679 1414 3734 prorsus
1442 3665 1627 3720 mundi
1653 3676 1929 3736 potentum
1950 3682 2137 3736 quem-

549 3775 714 3829 quam
747 3773 957 3823 eorum,
989 3758 1080 3826 qui
1130 3758 1584 3827 patriarchalibus
1616 3752 1837 3813 sedibus
1871 3767 2131 3828 prtesunt,

558 3849 886 3901 inhonorare
923 3854 1016 3900 aut
1053 3860 1271 3901 movere
1314 3861 1344 3899 a
1391 3845 1612 3916 proprio
1664 3846 1861 3921 throno
1902 3856 2134 3911 tentare,

544 3939 639 3995 sed
667 3938 813 3994 omni
842 3938 1046 3993 honore
1074 3945 1126 3992 et
1156 3936 1459 3992 reverentia
1487 3936 1679 4013 dignos
1699 3936 1969 4007 judicare,
1997 3953 2136 4007 prte-

542 4029 701 4099 cipue
732 4028 952 4097 quidem
979 4027 1384 4081 sanctissimum
1411 4039 1607 4097 papam
1636 4027 1867 4081 senioris
1910 4027 2093 4082 Romte
2117 4043 2133 4089 ;

542 4120 739 4174 dehinc
754 4117 1232 4174 veroAlexaudria!
1250 4132 1315 4172 ac
1333 4117 1633 4173 Antiochia:
1655 4131 1752 4173 seu
1773 4116 2138 4189 Jerosolymo-

541 4226 695 4277 rum,
735 4210 990 4279 deinceps
1015 4206 1559 4277 Constantinopoleos
1596 4207 1990 4277 patriareham;
2043 4207 2135 4263 sed

539 4317 641 4357 nec
660 4302 970 4371 quicunque
986 4299 1518 4369 circumscriptiones
1531 4307 1716 4354 contra
1736 4300 2134 4355 sanctissimum

537 4406 735 4461 papam
767 4391 999 4447 senioris
1028 4390 1215 4444 Romae
1248 4404 1312 4445 ac
1333 4390 1498 4445 verba
1529 4390 1856 4459 complicare
1880 4390 1962 4445 vel
1986 4405 2136 4446 com—

538 4494 740 4551 ponere
754 4482 852 4535 sub
875 4481 1159 4535 occasione
1181 4480 1336 4548 quasi
1359 4478 1753 4535 diﬂ'amatorutn
1771 4482 2127 4550 quorumdam
2160 4492 2209 4553 ι)
2237 4482 2577 4537 saecularium
2608 4496 2963 4552 personarum
3009 4483 3151 4539 hanc
3185 4484 3590 4540 constitutionis
3611 4490 3759 4537 nostra

538 4569 847 4634 criminum,
901 4568 1046 4637 quod
1096 4577 1151 4623 et
1208 4583 1381 4636 nuper
1430 4566 1625 4623 Focius
1681 4577 1736 4623 et
1786 4569 1955 4625 multo
2001 4580 2129 4625 ante

540 4660 831 4713 Dioscorus
859 4658 1123 4713 fecerunt.
1169 4658 1427 4727 Quisquis
1463 4667 1643 4713 autem
1685 4667 1833 4713 tanta
1864 4658 2127 4725 iactantia

544 4760 644 4804 aut
688 4750 911 4804 audacia
943 4765 1072 4804 usus
1126 4749 1311 4815 fuerit,
1360 4758 1419 4804 ut
1464 4750 1761 4805 secundum
1809 4751 2022 4806 Folium
2073 4762 2128 4808 et

538 4844 858 4898 Dioscorum
924 4842 1257 4911 in;scriptis
1313 4850 1369 4895 et
1431 4841 1549 4897 sine
1614 4841 1837 4910 scriptis
1902 4843 2128 4913 injurias

536 4937 799 5002 quasdam
828 4941 1013 4987 contra
1051 4934 1229 4987 sedem
1277 4932 1420 4986 Petri
1453 4932 1715 5004 principis
1756 4934 2122 5003 apostolorum

536 5034 774 5090 moveat,
804 5024 1063 5094 aequalem
1109 5034 1163 5079 et
1201 5023 1450 5078 eamdem
1474 5039 1636 5092 quam
1679 5023 1754 5078 illi
1793 5026 2122 5081 condemna-

536 5116 738 5170 tionem
763 5115 1011 5185 accipiat.
1067 5114 1122 5168 Si
1176 5129 1303 5168 vero
1341 5114 1463 5183 quis
1501 5114 1681 5184 aliqua
1713 5117 1808 5171 Dei
1860 5126 2124 5185 potestate

536 5213 722 5261 truens
747 5217 801 5260 et
842 5217 1034 5276 potens
1061 5194 1261 5276 pedere
1307 5206 1652 5275 temptaverit
1685 5206 1968 5275 praefatum
1993 5224 2124 5277 apo-

536 5298 742 5353 stolicaz
770 5298 1043 5353 cathedrae
1071 5311 1281 5367 papam,
1316 5304 1410 5349 aut
1433 5296 1655 5351 aliorum
1688 5300 2121 5367 patriarcharum

534 5403 860 5459 quemquam
883 5389 1167 5443 anathema
1185 5387 1275 5441 sit.
1296 5386 1465 5440 Porro
1487 5387 1531 5441 si
1554 5390 2122 5458 syumlusuniVersalis

534 5480 703 5536 fuerit
730 5484 1050 5551 congregata
1079 5488 1133 5535 et
1167 5480 1310 5535 facta
1345 5478 1532 5545 fuerit,
1576 5490 1631 5535 et
1668 5483 1735 5537 de
1778 5494 1965 5538 saneta
2010 5483 2120 5539 Ro-

538 5578 835 5623 manorum
869 5569 1114 5624 Ecclesia
1157 5570 1361 5639 qumvis
1424 5570 1748 5639 ambiguitas
1792 5581 1846 5626 et
1906 5582 2121 5629 contro-

537 5662 740 5725 versia,
775 5670 990 5730 oportet
1043 5662 1426 5718 venerabiliter
1475 5672 1530 5717 ct
1597 5678 1720 5717 eum
1780 5665 2117 5720 convenienti

541 5749 843 5805 reverentia
871 5751 936 5805 de
965 5751 1235 5820 proposita
1265 5752 1562 5821 quaestione
1578 5752 1852 5835 sciscitari
1881 5762 1933 5807 et
1976 5754 2117 5809 solu-

2222 5754 2597 5809 municaverit.
2650 5755 2717 5808 At
2771 5755 2893 5824 quis
2944 5756 3048 5815 nisi
3112 5767 3295 5815 mente
3357 5770 3537 5831 captus
3586 5757 3697 5826 ignor

2249 1932 2443 1989 talibus
2467 1932 2791 2001 patriarchis
2821 1946 2945 1987 cum
2982 1946 3249 1987 consensu
3293 1930 3521 1985 aliorum
3555 1930 3784 2000 episcopo-

2245 2037 2392 2090 rum,
2407 2021 2524 2077 sine
2544 2037 2766 2078 assensu
2785 2030 2964 2077 tamen
2987 2021 3215 2077 Romani
3239 2020 3510 2092 pontiﬁcis
3534 2021 3786 2077 dictaverat

2245 2114 2793 2181 excommunicatum,
2816 2128 3115 2183 eorumque
3142 2112 3535 2183 depositionem
3569 2113 3783 2167 cassavit.

2245 2202 2749 2259 Revereudissimus
2794 2217 2927 2257 vero
2973 2203 3270 2273 imperator
3317 2217 3444 2257 mox
3505 2210 3564 2256 ut
3616 2202 3783 2255 factum

2243 2296 2517 2365 cognovit,
2542 2308 2646 2349 non
2676 2293 2891 2349 rebellis
2915 2294 3146 2361 exstitit,
3184 2293 3284 2348 sed
3313 2293 3524 2347 veniam
3554 2291 3784 2347 humiliter

2240 2384 2395 2455 petiit
2440 2392 2495 2438 et
2544 2383 2872 2452 impetravit.
2921 2382 3315 2437 Constantinus
3363 2397 3503 2452 papa
3552 2380 3781 2436 Justinqu

2244 2475 2648 2545 imperatorem,
2669 2472 2956 2528 Justiniani
2981 2473 3148 2527 lilium
3172 2481 3393 2542 propter
3423 2487 3529 2526 non
3546 2472 3781 2526 decentem

2240 2566 2539 2638 legatorum
2586 2580 2810 2621 suorum
2855 2564 3255 2634 susceptionem
3311 2563 3778 2623 excommunicavit,

2240 2660 2332 2730 qui
2375 2667 2561 2728 postea
2594 2658 2647 2711 in
2680 2656 3296 2726 Constantinopolitanae
3338 2656 3490 2710 urbis
3536 2654 3781 2725 plateape‘

2239 2748 2396 2803 dibus
2422 2747 2539 2816 ejus
2567 2762 2690 2801 cum
2727 2760 2896 2816 regno
2927 2755 3234 2815 prostratus
3269 2745 3457 2800 tandiu
3496 2746 3687 2799 veniam
3710 2759 3779 2812 pe-

2239 2836 2346 2900 tiit,
2390 2836 2562 2892 donec
2591 2837 2913 2906 impetravit.
2952 2835 3056 2891 Sed
3088 2836 3777 2906 etAnastasiuspapaAtba-

2236 2927 2447 2981 nasium
2491 2926 2870 2997 imperatorem
2900 2926 3416 2991 excommunicavit,
3458 2929 3546 2996 qui
3575 2934 3781 2995 proterve

2236 3016 2460 3086 loquens
2508 3017 2573 3071 de
2623 3031 2785 3087 papa,
2811 3016 2863 3070 in
2897 3017 3011 3086 ipso
3047 3015 3246 3087 palatio
3279 3016 3502 3072 fulmine
3541 3028 3779 3086 percussus

2237 3111 2460 3166 interiit.
3462 3176 3465 3177 ν

2309 3202 2524 3258 Tertius
2545 3217 2674 3258 vero
2701 3201 2993 3274 Gregorius
3015 3218 3151 3273 papa
3175 3219 3284 3259 non
3318 3218 3493 3259 sonum
3523 3209 3769 3272 Imperato-

2237 3310 2349 3351 rem
2383 3295 2616 3350 Leonem
2645 3295 3162 3359 excommunicavit,
3193 3294 3289 3349 sed
3309 3303 3365 3349 et
3395 3308 3557 3365 regno
3572 3291 3770 3363 privavit.

2238 3386 2545 3455 Stephanus
2568 3400 2698 3439 vero
2726 3401 2862 3455 papa
2898 3384 3155 3440 Karolum
3184 3385 3399 3456 Pippini
3435 3385 3574 3454 regis
3596 3382 3772 3437 fratrem

2238 3495 2268 3532 a
2297 3492 2461 3547 regno
2487 3477 2754 3546 deposuit,
2785 3485 2839 3531 et
2879 3476 3163 3545 Pippinum
3209 3476 3263 3530 in
3295 3476 3417 3531 loco
3465 3473 3579 3543 ejus
3617 3471 3771 3528 consti-
3810 3504 3811 3507 η

2180 3588 2185 3595 ’
2239 3572 2359 3637 ιυίι,
2390 3580 2444 3627 et
2470 3570 2763 3641 Gregorius
2788 3570 2976 3625 doctor
3004 3569 3283 3625 Romanus
3309 3584 3449 3639 papa
3478 3570 3618 3624 omni
3637 3566 3768 3634 digui-
3806 3640 3807 3645 η

2238 3671 2349 3718 tate
2396 3662 2668 3732 privavit,
2727 3662 3037 3731 quicunque
3094 3661 3365 3731 privilegii
3433 3661 3517 3716 sui
3572 3660 3766 3730 paginam

2236 3751 2541 3807 violaverit.
2575 3750 2667 3806 Sic
2694 3751 2839 3806 enim
2885 3750 2937 3804 in
2985 3753 3222 3820 quodam
3254 3749 3656 3820 suoprivilegio
3675 3747 3769 3801 sub-
3802 3782 3803 3787 η

2237 3845 2520 3915 scripsisse
2544 3842 2842 3898 invenitur:
2863 3842 3191 3907 Caesonius,
3210 3841 3487 3898 Ssanont
3509 3841 3767 3912 presbytero
3800 3854 3801 3859 η

2236 3945 2292 3991 et
2319 3935 2500 3991 abbati
2518 3933 2849 3989 Xenodociiii
2879 3933 3213 3990 Francorum
3251 3935 3396 3989 inter
3429 3943 3618 3990 caetera
3647 3950 3659 3985 ε
3685 3933 3763 3983 hac
3795 3984 3797 4001 η

2238 4028 2402 4096 igitur
2424 4025 2623 4089 omnia,
2650 4040 2772 4095 quze
2802 4024 2962 4094 hujus
2992 4024 3249 4096 pracepti
3295 4025 3605 4093 decretique
3640 4019 3767 4096 nostri

2238 4122 2430 4189 pagina
2458 4127 2724 4182 continet,
2773 4128 2882 4172 tam
2932 4116 3027 4172 tibi
3066 4131 3228 4188 quam
3261 4119 3500 4184 cunctis,
3543 4133 3623 4187 qui
3651 4117 3691 4169 iu

2238 4209 2429 4281 ordine
2454 4223 2561 4279 quo
2585 4223 2646 4264 es
2688 4208 2915 4279 locoque
2949 4209 3332 4271 successerint,
3356 4208 3446 4264 vel
3489 4209 3569 4264 eis
3587 4222 3720 4278 quoru

2240 4300 2502 4354 interesse
2534 4300 2789 4371 potuerit,
2840 4298 2894 4353 in
2925 4309 3242 4369 perpetuum
3274 4301 3549 4355 servanda
3580 4297 3761 4355 decernis

2240 4404 2380 4444 mus.
2397 4387 2590 4460 Siquis
2618 4403 2748 4445 vero
2778 4403 2984 4459 regum,
3010 4390 3386 4457 sacerdotum,
3406 4392 3763 4462 judicumatque

3716 4014 3795 4172 ﬂ

3708 4408 3763 4443 lli!

3708 4492 3759 4533 f3

3708 4408 3785 4720 Α

3682 4720 3775 4900 id

3640 4937 3714 4991 mi

3690 5442 3755 5709 i

3700 5709 3747 6261 1

2230 4573 2483 4644 paginam
2534 4589 2868 4643 cognoscens
2907 4585 3094 4630 contra
3134 4591 3257 4631 eam
3293 4577 3490 4633 venire
3516 4574 3753 4635 tentarem,

2231 4665 2516 4735 potestatis
2554 4665 2883 4735 honorisque
2911 4666 2994 4720 sui
3023 4668 3288 4738 dignitate
3313 4676 3532 4733 careat,
3563 4680 3705 4731 reumq

2230 4756 2415 4811 divino
2463 4756 2670 4827 judicio
2735 4758 2971 4813 existere
3023 4760 3091 4814 de
3153 4769 3477 4829 perpetrata
3539 4759 3711 4829 iniquita

2228 4857 2537 4918 cognoscat.
2591 4849 2658 4903 Et
2705 4850 2835 4918 quid
2884 4850 3058 4906 dicam
3119 4851 3186 4906 de
3244 4851 3476 4908 Nicoiao
3522 4854 3600 4922 qui
3657 4848 3679 4902 d

2231 4936 2585 5005 imperatores
2608 4952 2714 4991 uno
2724 4938 3022 5009 eodemque
3038 4949 3278 5009 tempore
3288 4937 3714 4996 excommunicavi

2227 5028 2543 5083 orientalem
2583 5028 2791 5084 scilicet
2820 5039 2875 5083 et
2907 5028 3228 5085 Michaeiem
3278 5042 3512 5101 prepter
3553 5029 3744 5102 lgnatiuu

2226 5119 2889 5189 Constantinopolitanum
2931 5122 3246 5192 episcOpum
3290 5124 3415 5178 sine
3440 5123 3623 5194 judicio

2224 5223 2253 5261 a
2297 5210 2424 5263 sede
2460 5207 3241 5277 puisum,occidentalemvero
3259 5214 3488 5269 nomine
3507 5208 3681 5269 Lothari

2224 5306 2444 5367 propter
2469 5296 2790 5363 Gualdradte
2816 5314 2927 5353 sua:
2961 5300 3168 5369 pellicis
3190 5303 3534 5359 societatem.

2295 5387 2433 5454 Quid
2464 5388 2641 5443 dicam
2687 5389 2753 5444 de
2800 5390 3061 5445 Romanis
3109 5394 3491 5463 pontiﬁcibus,
3535 5406 3636 5449 cum

2221 5480 2438 5536 brosius
2481 5481 2894 5539 Medioiauensis
2945 5484 3256 5556 epise0pus,
3309 5486 3487 5542 lilium
3534 5482 3690 5540 Ecclesi

2224 5571 2517 5626 Maximum
2572 5583 2859 5643 tyrannum
2911 5580 3512 5645 exeoutmunieaverit,
3560 5574 3694 5632 Τιλοού

2225 5665 2475 5733 siumque
2502 5665 2881 5735 imperatorem
2910 5668 2977 5723 ab
3020 5667 3264 5724 Ecclesia
3285 5671 3562 5741 expulsum
3582 5679 3691 5720 exeo!
