3852 6308
118 321 202 380 ΗΞ

1172 321 1363 379 LIBER
1402 322 1494 379 AD
1528 322 1899 381 AMICUM.—~
1923 323 2048 380 LIB.
2091 324 2218 381 VIII.

3231 332 3337 388 846

120 442 291 512 regiam
317 444 624 509 potestatem
655 436 951 507 subjectam
974 451 1095 493 esse
1124 440 1492 509 pontiﬁcibus.
1518 440 1651 507 Quis
1678 456 1724 512 Α
1756 454 1879 495 cum
1921 438 2232 495 dilIicultate
2274 440 2483 495 itmerts
2512 451 2805 513 augustam
2840 444 3114 511 tendebat,
3147 446 3337 518 hyems

120 536 236 588 enim
256 529 430 586 credat
458 544 516 584 se
551 543 579 581 a
610 528 838 583 Romani
864 531 1135 599 pontiﬁcis
1166 529 1497 597 subjectione
1531 545 1653 586 esse

120 626 335 687 alienum,
360 621 457 676 nisi
486 620 840 688 quipeccatis
878 621 990 675 suis
1023 623 1361 691 exigentibus
1388 621 1440 675 in
1472 621 1651 677 ovium

117 712 219 777 Iesu
262 726 478 783 munero
522 713 879 766 nonvmeruit
925 714 1223 768 numerari.
1275 711 1380 769 Sed
1414 713 1525 782 jam
1575 712 1652 769 rei

117 805 323 863 (rdinem
349 817 753 874 prosequamur.

532 893 759 964 Explim't
778 894 908 950 liber
928 897 1195 955 septimus.

426 1049 672 1107 INCIPIT
707 1050 909 1107 LIBER
950 1050 1283 1111 OCTAVUS.

174 1164 359 1219 Intrrea
390 1174 673 1235 postquam
702 1162 769 1222 de
792 1167 971 1221 hanno
999 1168 1140 1236 regis
1168 1166 1234 1219 ad
1272 1180 1431 1220 aures
1468 1180 1657 1235 perso-

116 1258 211 1312 nuit
232 1258 384 1327 vulgi,
410 1260 703 1314 universus
718 1268 906 1314 noster
935 1259 1211 1314 Romanus
1236 1257 1382 1313 orbis
1416 1258 1654 1324 tremuit,

114 1359 155 1402 et
177 1351 364 1402 dirersc
391 1349 505 1404 Itali
546 1360 711 1419 atque
742 1348 1139 1405 Ultramontani
1170 1364 1330 1416 super
1354 1348 1441 1402 his
1471 1348 1657 1402 decre-

115 1455 235 1494 vere.
263 1440 389 1494 Nam
414 1440 533 1494 Itali
566 1449 685 1509 post
724 1441 926 1511 pascha
955 1440 1096 1511 apud
1126 1440 1345 1510 Papiam
1368 1440 1657 1496 concilium

114 1530 352 1586 celebrant
407 1532 866 1603 malignantium,
929 1533 981 1586 in
1039 1547 1146 1602 quo
1205 1547 1395 1587 omnes
1456 1532 1661 1600 pariter

116 1624 418 1693 Langobardi
469 1624 707 1694 episcOpi
754 1633 809 1678 et
858 1625 1081 1681 abbates
1130 1635 1353 1681 auctore
1399 1623 1660 1681 Guiberto

116 1718 348 1773 imitantes
372 1716 595 1771 Focium
625 1726 678 1772 et
703 1717 1661 1781 Dioscorum,excommunicaverunt

1755 531 1899 585 enim
1927 532 2247 602 gravissima
2277 539 2404 587 tunc
2429 532 2727 605 ingruebat.
2754 536 2868 590 Rex
2891 551 3020 591 vero
3048 537 3338 608 derepente

1755 625 1908 695 parvi
1959 625 2201 695 pendens
2254 634 2672 691 sacramentum,
2721 627 2927 682 Italiam
2969 629 3208 689 intravit.
3272 629 3339 682 Et

1756 722 1903 782 sunt,
1935 714 2026 785 qui
2064 714 2251 769 dicunt
2289 729 2411 769 eum
2449 717 2755 786 pontificem
2788 717 3064 772 incautum
3103 718 3341 788 voluisse

1756 820 1969 876 capere,
1994 806 2137 877 quod
2166 807 2297 862 satis
2325 806 2539 861 videtur
2565 808 2879 863 verisimile.
2897 808 3032 863 Nam
3049 808 3340 877 Gregorius

1760 898 2116 954 Vercelleusis
2142 899 2425 969 episc0pus
2452 898 2567 967 ejus
2592 915 2720 955 vero
2752 901 3129 965 caneellarius,
3158 900 3246 955 cui
3282 909 3344 951 ut

1755 1004 1952 1059 papam
1998 991 2220 1044 duceret
2262 990 2403 1044 ultra
2439 1000 2649 1045 montes
2702 1006 2730 1043 a
2785 990 3119 1061 principibus
3168 988 3344 1044 fuerat

1759 1068 2110 1151 imperatum,
2156 1091 2440 1152 postquam
2488 1082 2757 1152 Apennini
2794 1082 3088 1137 transierat
3128 1078 3342 1150 jugum,

1759 1172 1965 1225 audivit
1990 1187 2112 1227 eum
2137 1172 2189 1226 in
2206 1171 2533 1228 Vercellcnsi
2551 1173 2764 1228 occulte
2790 1173 3073 1227 devenisse
3096 1171 3339 1231 civitate,

1759 1260 1903 1334 quod
1933 1264 2059 1318 dttm
2086 1278 2235 1333 papze
2272 1264 2596 1326 nuntiasset,
2645 1280 2768 1319 mox
2813 1263 3106 1319 Canusium
3136 1261 3345 1317 tutissi-

1759 1371 1908 1411 mum
1934 1355 2401 1412 excellentissima:
2424 1356 2697 1413 Mathildis
2719 1365 2958 1412 castrum
2984 1356 3232 1410 intravit.

1789 1451 1798 1456 ’
1829 1448 2042 1504 Interea
2075 1463 2167 1503 rex
2198 1449 2389 1504 videns
2416 1465 2514 1504 sua
2554 1450 2992 1505 machinamenta
3042 1447 3347 1520 prepalata,

1761 1542 1908 1597 omni
1958 1551 2120 1613 prout
2158 1542 2445 1598 videbatur
2479 1543 2722 1612 deposita
2770 1542 3005 1605 feritate,
3040 1540 3351 1596 columbina

1764 1633 1986 1690 indutus
2014 1635 2363 1705 simplicitate
2392 1635 2683 1691 Canusium
2716 1636 2871 1701 adiit,
2906 1643 2957 1690 et
3005 1650 3102 1704 per
3143 1633 3352 1703 aliquot

1765 1724 1884 1780 dies
1911 1740 2075 1795 super
2102 1727 2255 1783 nives
2279 1736 2334 1782 et
2354 1726 2553 1796 glacies
2584 1728 2939 1783 discalceatus
2970 1726 3196 1797 pedibus
3226 1739 3353 1794 per-

114 1812 349 1865 domiuum
407 1827 605 1881 papam
665 1811 895 1865 senioris
950 1810 1157 1875 Romae,
1194 1812 1336 1879 quod
1385 1827 1413 1864 a
1463 1812 1662 1868 saeculo
1693 1798 1737 1853 Β
1762 1816 1962 1872 durans
1979 1834 2168 1874 omnes
2189 1820 2369 1874 minus
2390 1820 2659 1889 sapientes
2684 1819 2913 1890 decepit,
2931 1828 3030 1873 eta
3054 1816 3353 1873 venerabili

112 1912 286 1958 nonest
309 1904 649 1967 auditum,ut
670 1911 750 1958 tot
772 1917 881 1957 uno
911 1912 1151 1974 tempore
1167 1902 1422 1957 inimicus
1437 1904 1657 1959 humani

112 1995 291 2064 generis
341 2004 766 2064 mente-captos
817 2005 1002 2049 contra
1055 2006 1299 2051 sanctam
1354 1996 1658 2051 Romanam

111 2084 365 2140 Eeclesiam
393 2093 667 2140 armasset
695 2085 997 2154 episcopos.
1047 2086 1181 2139 Dum
1235 2086 1352 2141 hmc
1402 2088 1457 2141 in
1509 2085 1658 2141 Italia

112 2185 386 2243 gererentur
412 2176 636 2231 diabolo
666 2177 929 2231 suadente
959 2176 1359 2233 Ultramontani
1393 2179 1662 2250 principes

112 2267 293 2321 insimul
313 2269 666 2333 conveniunt,
712 2278 767 2323 et
796 2268 997 2323 salubri
1027 2269 1259 2323 concilio
1286 2278 1469 2339 partes
1493 2270 1662 2325 alter-

112 2370 236 2414 utras
254 2362 397 2430 quasi
428 2362 482 2416 in
517 2361 720 2431 judicio
761 2362 1118 2423 constituunt,
1141 2362 1223 2417 vel
1255 2364 1541 2433 perspicue
1582 2363 1663 2420 eis

114 2450 466 2517 innotesceret,
516 2464 769 2508 utrumne
814 2469 952 2524 papa
994 2468 1175 2523 regem
1213 2464 1395 2525 posset
1448 2470 1666 2510 excom-

112 2540 351 2594 n'umicarc.
378 2557 477 2596 nec
510 2543 612 2596 ne?
650 2534 734 2597 vel
779 2552 959 2597 utrum
985 2544 1130 2611 justc
1163 2545 1664 2601 excommunicatus

112 2642 224 2685 esse!
247 2632 326 2687 vel
353 2635 498 2689 non?
531 2633 725 2704 Legem
749 2635 891 2689 enim
916 2650 1066 2689 suam
1087 2636 1341 2691 nolebant
1364 2635 1663 2701 destruere,

115 2726 214 2791 quia
242 2728 602 2798 perscriptum
627 2739 727 2790 est,
760 2737 819 2782 ut
841 2728 883 2783 si
910 2730 1031 2798 quis
1055 2740 1179 2785 ante
1208 2745 1406 2785 annum
1442 2739 1494 2784 et
1524 2731 1662 2785 diem

114 2816 166 2869 ah
214 2820 771 2875 cxcommunicatione
824 2838 929 2876 non
992 2822 1155 2877 fuerit
1210 2823 1452 2884 solutus,
1519 2824 1663 2877 omni

114 2906 265 2963 careat
289 2912 574 2982 dignitatis
594 2900 829 2968 honore.
880 2915 1291 2970 Pru‘cntissimi
1335 2915 1497 2984 igitur
1525 2908 1690 2970 illius'

116 3002 236 3071 regni
292 3004 576 3074 episcopi,
640 3007 860 3060 abbates
915 3016 967 3060 et
1038 3007 1217 3061 clerici
1268 3008 1667 3063 communicato

116 3094 305 3148 consilio
362 3097 667 3151 secundum
724 3107 1032 3152 sanctorum
1081 3097 1296 3152 decreta
1343 3097 1561 3152 Patrum
1614 3107 1669 3154 et

116 3183 342 3254 majorum
375 3190 631 3259 exempla
676 3191 965 3246 decrevere
1010 3205 1191 3261 regem
1244 3206 1273 3244 a
1323 3206 1458 3261 papa
1508 3206 1667 3259 posse

114 3279 591 3343 cxcommunieari,
646 3281 739 3334 sed
790 3281 1082 3335 secundum
1136 3279 1262 3335 Foci
1319 3280 1373 3334 et
1421 3280 1666 3336 Dioscuri

117 3365 434 3425 imitationem
457 3371 613 3439 juste
642 3375 1191 3428 excommunicationi.
1223 3371 1359 3441 Quid
1386 3375 1570 3443 plura?
1594 3375 1669 3430 nil

116 3455 277 3511 melius
290 3462 585 3514 secundum
611 3469 821 3532 tempus
843 3463 1670 3520 invenientesdatosacramento

118 3544 391 3615 ﬁrmavere,
416 3553 651 3608 ducibus
680 3553 1003 3622 scquaCibus
1032 3555 1298 3610 Ruodulfo
1328 3563 1383 3609 et
1410 3555 1670 3610 G’uelfone

119 3638 251 3707 atque
272 3640 633 3698 Theodorico.
670 3642 802 3699 Nam
849 3644 1160 3700 Gotel‘ridus
1205 3644 1672 3701 excellentissima:

117 3723 355 3790 IIathiHis
381 3736 584 3806 conjux
627 3742 751 3792 ante
791 3753 990 3807 paucos
1019 3737 1135 3793 dies
1181 3736 1412 3797 obicrat,
1441 3738 1671 3806 aliisque

117 3822 235 3879 illius
255 3830 396 3898 regni
434 3828 785 3899 pontiﬁcibus
820 3828 1126 3893 ﬁrmavere,
1156 3840 1215 3883 ut
1259 3830 1302 3884 si
1342 3845 1436 3885 rex
1481 3844 1668 3884 eorum

118 3912 249 3968 vellet
295 3919 644 3987 acquiescere
712 3917 940 3973 consilio
1005 3934 1197 3989 papam
1253 3919 1392 3974 ultra
1459 3929 1673 3975 montes

117 3997 219 4055 ante
241 4007 358 4060 anni
382 4006 648 4062 circulum
680 4007 963 4075 ducerent,
994 4010 1083 4078 qui
1110 4025 1233 4064 eum
1283 4012 1486 4081 absque
1532 4010 1675 4067 malo

119 4087 303 4158 ingenio
357 4110 386 4147 a
443 4096 664 4151 vinculo
701 4098 1279 4155 excommunicatiouis
1334 4099 1670 4164 absolveret,

119 4182 376 4255 I"‘gemque
431 4196 693 4258 cogentes
739 4189 866 4243 dato
920 4202 1260 4247 sacramento
1313 4193 1534 4262 proprio
1580 4208 1675 4248 ore

115 4264 421 4342 iuraverunt,
453 4293 613 4348 papze
638 4280 908 4348 privatum
952 4294 1011 4335 se
1036 4291 1354 4350 exspectare
1387 4280 1674 4349 judicium.

118 4358 246 4426 Quod
274 4380 391 4421 cum
422 4368 629 4422 factum
661 4367 874 4431 fuisset,
900 4384 1089 4425 omnes
1124 4370 1316 4425 iterum
1348 4371 1678 4425 unanimiter

116 4448 357 4533 iuravere,
382 4467 443 4511 ut
474 4458 521 4513 si
560 4473 649 4511 rex
698 4466 1103 4513 sacramentum
1148 4459 1331 4512 datum
1383 4459 1676 4514 observare
1716 4490 1759 4544 υ

120 4530 367 4605 νέ-Ιιιίεερι.
387 4546 789 4617 expeditionem
813 4561 936 4601 cum
965 4561 1030 4601 co
1058 4545 1295 4601 facturos
1320 4547 1372 4600 in
1396 4546 1606 4600 Italiam
1630 4556 1685 4601 et

122 4633 355 4705 imperiali
371 4639 637 4710 dignitate
652 4639 943 4694 sublimato
970 4638 1372 4694 Nortlunaonos
1397 4655 1686 4709 aggressu-

124 4737 220 4793 ros,
253 4738 303 4784 et
327 4729 582 4800 Apuliam
609 4739 664 4785 et
693 4729 999 4785 Calabriam
1029 4730 1096 4785 ab
1145 4729 1357 4783 illorum
1402 4729 1680 4783 dominatu

122 4814 439 4877 liberaturos.
475 4821 630 4889 Quod
660 4822 702 4877 si
724 4822 961 4891 peccatis
981 4821 1093 4876 suis
1123 4820 1465 4890 exigentibus
1489 4835 1682 4875 sacra-

123 4921 336 4968 mentum
369 4916 556 4969 datum
593 4914 808 4968 irritum
838 4913 1078 4975 fecisset,
1101 4926 1377 4983 nunquam
1405 4926 1530 4967 eum
1561 4925 1685 4965 am-

121 4998 242 5067 plius
262 5019 358 5073 pro
387 5003 619 5058 Domino
645 5018 820 5074 neque
847 5017 942 5072 pro
962 5018 1087 5073 rege
1109 5004 1476 5070 suscepturos.

154 5091 380 5149 'lnterea
412 5096 888 5151 mittuntRomam
936 5097 1326 5152 Treverensem
1372 5096 1686 5166 episcopum

125 5190 172 5234 ιιι
198 5200 379 5253 papam
415 5187 553 5240 ultra
606 5196 819 5242 montes
868 5187 1008 5256 apud
1054 5188 1353 5257 Augustam
1408 5186 1689 5251 ducerent,

128 5277 205 5329 sezl
236 5270 506 5347 quomodo
535 5282 675 5351 apud
702 5280 1031 5337 Placentiam
1061 5280 1178 5352 ejus
1193 5281 1485 5337 calliditate
1505 5290 1694 5351 captus

128 5363 295 5435 fuerit,
332 5370 396 5426 et
450 5389 557 5427 non
598 5382 723 5428 ante
772 5371 1030 5428 liberatus
1084 5388 1247 5442 quam
1294 5372 1375 5427 eis
1421 5373 1613 5429 litterae
1661 5389 1692 5428 a

132 5447 273 5525 Spira
302 5460 619 5519 Placentino
650 5463 925 5535 episcopo,
971 5472 1030 5517 ut
1058 5463 1443 5527 dimitteretur,
1472 5463 1694 5531 perlatae

132 5534 381 5614 fuissent,
458 5562 674 5623 propter
739 5534 1130 5625 longitudinem
1206 5551 1445 5605 historia:
1512 5550 1694 5605 dicere

136 5644 441 5696 intermitto.

195 5727 395 5788 Inter-ea
426 5736 747 5793 venerabilis
774 5736 1064 5809 Gregorius
1099 5733 1249 5806 pacis
1280 5732 1453 5806 gratia
1485 5746 1695 5790 summa

1762 1907 2047 1976 Gregorio,
2099 1909 2349 1979 quamvis
2397 1911 2515 1979 ejus
2574 1925 2681 1964 non
2737 1910 3023 1980 ignorante
3063 1908 3351 1971 versutias,

1763 1995 2156 2051 absolutionem
2210 2013 2376 2067 quam
2425 1999 2683 2067 petebat,
2738 1998 2942 2051 invenit
3009 2004 3355 2052 sacramento

1764 2084 2046 2141 Dominico
2090 2088 2391 2142 mediatore
2444 2088 2497 2142 in
2555 2089 2671 2157 ipsa
2718 2089 3007 2143 missarum
3039 2085 3357 2141 celebritate

1765 2178 2070 2233 hocmodo.
2102 2177 2239 2234 Nam
2273 2179 2469 2234 divina:
2494 2194 2694 2234 mensze
2716 2178 3022 2233 astantibus
3064 2176 3357 2245 episcopis,

1764 2267 2069 2333 abbatibus,
2104 2270 2407 2340 religiosis,
2464 2270 2676 2325 clericis
2714 2285 2778 2323 ac
2822 2268 3000 2334 laicis,
3042 2268 3144 2324 hoc
3190 2268 3354 2322 modo

1766 2360 1895 2415 fecit
1936 2375 2055 2415 esse
2104 2362 2443 2432 participem,
2492 2371 2551 2415 ut
2593 2362 2635 2415 si
2685 2376 2741 2416 se
2788 2370 2969 2415 mente
3020 2368 3079 2413 ut
3128 2373 3359 2428 corpore

1766 2451 2431 2518 fecissethumiliatum,et
2452 2454 2495 2509 si
2522 2454 2720 2523 sejure
2742 2453 2991 2508 crederet
3019 2451 3353 2521 pontiﬁcem,

1767 2558 1932 2613 seque
1964 2558 2092 2599 vero
2116 2544 2645 2599 excommunicatum
2675 2543 2975 2599 secundum
2996 2540 3358 2595 imitationem

1768 2636 1930 2690 Phoci
1961 2645 2015 2691 et
2049 2637 2290 2691 Dioscuri
2322 2646 2373 2691 et
2403 2651 2501 2707 per
2521 2637 2625 2691 hoc
2658 2635 2906 2690 crederet
2947 2646 3105 2702 posse
3150 2630 3359 2685 absolvi

1768 2736 2189 2791 sacramentum,
2230 2736 2291 2781 ttt
2323 2727 2554 2798 amplius
2597 2726 2673 2780 illi
2706 2725 2859 2780 ﬁeret
2902 2726 2958 2778 iu
2989 2721 3241 2786 salutem,
3275 2723 3357 2777 sin

1768 2835 1898 2874 vero
1928 2820 2105 2882 a‘iter,
2139 2830 2196 2875 ut
2221 2819 2371 2875 Iuda:
2402 2834 2497 2889 per
2535 2818 2798 2874 bucellam
2843 2818 3070 2873 intraret
3099 2816 3151 2870 in
3183 2815 3358 2885 ipsum

1773 2911 2177 2979 Satanas.Quid
2209 2913 2401 2983 plura?
2428 2910 2698 2967 celebrata
2727 2912 3016 2965 missarum
3040 2906 3359 2965 celebritate

1771 3002 2073 3058 convivium
2086 3018 2371 3058 commune
2385 3004 2709 3058 habuerunt.
2727 3002 2930 3056 Dehinc
2942 3001 2988 3056 ei
3001 2998 3363 3067 omnibusque

1774 3095 1843 3147 ab
1863 3092 2425 3148 excommunicatione
2465 3094 2656 3148 solutis
2686 3101 3013 3163 prrrccptum
3044 3098 3147 3157 est,
3177 3099 3238 3143 ut
3281 3087 3352 3142 ab

1773 3185 2363 3240 excommunicatorum
2392 3200 2451 3239 se
2475 3194 2732 3239 caverent
2758 3183 3049 3237 consortio.
3068 3181 3205 3236 Sunt
3233 3194 3361 3234 vero

1773 3274 2144 3343 nonnulli,qui
2172 3275 2356 3327 dicunt
2379 3288 2502 3326 eum
2521 3274 2686 3326 vitam
2715 3282 2771 3324 ct
2800 3273 3102 3325 membrum
3129 3279 3359 3324 ctsuum

1775 3364 2036 3416 honorem
2064 3360 2470 3432 papaejurasse.
2507 3359 2621 3431 Ego
2642 3375 2772 3415 vero
2813 3361 2880 3414 de
2925 3360 3109 3429 ignoto
3135 3359 3361 3414 omnino

1775 3451 1909 3504 ttiltil
1937 3449 2164 3504 afﬁrmo.

1845 3539 2054 3594 Interea
2104 3554 2219 3604 rex,
2270 3546 2555 3609 postquam
2590 3553 2617 3592 a
2674 3539 2855 3593 hanno
2910 3534 3189 3591 absolutus
3237 3533 3360 3601 fuit,

1776 3630 1909 3683 satis
1949 3629 2003 3683 in
2046 3628 2185 3684 facie
2220 3631 2446 3684 devotus
2473 3637 2527 3683 et
2565 3628 2821 3684 obediens
2861 3627 3157 3698 apparebat
3188 3639 3356 3695 papae,

1777 3734 1902 3777 nam
1928 3721 1993 3775 ab
2024 3720 2267 3776 omnium
2296 3719 2673 3789 episcoporum
2691 3733 2748 3773 se
2761 3719 3037 3774 consortio
3054 3725 3361 3786 sequestra-

1775 3812 1890 3878 bat,
1926 3821 2182 3881 reputans
2202 3826 2296 3867 eos
2322 3809 2839 3871 excommunicatos,
2869 3809 3117 3864 noctibus
3164 3819 3354 3861 eorum

1777 3898 1999 3961 nefariis
2031 3904 2387 3973 acquiesccns
2410 3902 2673 3968 consiliis,
2700 3901 2829 3955 illud
2867 3910 3047 3956 mente
3070 3899 3359 3963 tractabat,

1778 3997 1921 4068 quod
1954 4006 2138 4068 postea
2166 3996 2243 4050 rei
2267 3995 2589 4050 monstravit
2616 4001 2863 4056 eventus,
2898 3992 3083 4061 sicque
3130 3989 3365 4043 faetebat

1776 4104 1874 4158 per
1915 4103 2075 4143 omne
2124 4097 2356 4157 tempus,
2388 4102 2495 4155 quo
2539 4085 2832 4139 Placentia:
2884 4082 3201 4136 demoratus
3253 4086 3361 4140 est,

1780 4178 2019 4232 maxime
2043 4188 2290 4231 metuens
2313 4174 2654 4243 praesentiam
2684 4173 2872 4226 matris
2920 4186 3030 4225 sua:
3075 4168 3367 4238 religiosis-

1776 4268 1931 4324 sima:
1960 4268 2338 4337 imperatricis,
2370 4281 2490 4334 qua:
2516 4264 2654 4318 forte
2684 4264 2756 4318 ibi
2788 4262 2995 4316 aderat.
3288 4322 3291 4325 δ

1854 4356 1959 4413 Per
1988 4358 2130 4413 idem
2162 4365 2374 4426 tempus
2422 4355 2531 4409 Deo
2584 4352 2803 4409 odibilis
2843 4350 3099 4414 Ceucius,
3149 4349 3215 4403 de
3260 4361 3371 4419 quo

1785 4466 1947 4520 supra
1975 4449 2421 4513 memoravimus,
2454 4446 2518 4499 ad
2562 4459 2685 4499 eum
2717 4442 2883 4508 venit,
2936 4457 3097 4511 quem
3156 4439 3366 4501 diebus,

1793 4550 1979 4610 utpote
2024 4537 2554 4593 excommunicatum
2600 4533 2909 4613 recusabat,
2947 4531 3195 4588 noctibus
3240 4547 3373 4586 vero

1796 4640 1963 4683 totum
2010 4643 2070 4681 se
2117 4627 2234 4697 ejus
2281 4625 2553 4696 pestiferis
2588 4622 3109 4688 donabatconsiliis,
3142 4636 3375 4692 cumque

1792 4706 2002 4774 videret
2027 4734 2221 4789 papam
2259 4716 2403 4771 nullo
2434 4717 2593 4769 modo
2624 4730 2654 4769 a
2701 4715 2939 4771 Canusio
2988 4725 3169 4786 castro
3214 4727 3376 4783 posse

1794 4810 2066 4874 divellere,
2105 4808 2326 4876 Papiam
2355 4807 2561 4872 tendit;
2600 4806 2668 4860 ibi
2721 4807 2833 4861 Deo
2879 4806 3096 4861 odibilis
3143 4804 3377 4858 Ceucius

1794 4888 1977 4956 amara
2022 4910 2198 4956 morte
2231 4892 2483 4965 mortuus
2523 4909 2628 4965 est,
2668 4900 2822 4969 cujus
2870 4898 3035 4952 funus
3085 4897 3376 4953 Guibertus

1796 4974 1920 5048 cum
1943 4992 2062 5047 aliis
2085 4992 2568 5047 excommunicatis
2592 4990 2823 5045 mirabili
2854 5004 3046 5058 pompa
3062 4986 3373 5041 celebravit.-

1824 5070 2000 5139 lCum
2058 5084 2173 5137 haec
2227 5084 2281 5137 in
2343 5083 2491 5143 Italia
2545 5090 2909 5150 gererentur,
2976 5076 3378 5132 Ultramontani

1794 5172 2067 5246 principes
2095 5174 2234 5243 apud
2283 5171 2492 5226 Forkeu
2522 5171 2871 5233 conveniunt,
2921 5176 2977 5220 et
3031 5166 3152 5219 sibi.
3188 5166 3380 5219 ducem

1797 5267 2085 5322 Rudollum
2129 5280 2308 5335 regem
2337 5264 2695 5328 constituunt,
2727 5262 2901 5315 virum
2952 5260 3132 5329 magni
3168 5258 3384 5312 consilii

1797 5365 1853 5411 et
1908 5356 2073 5409 armis
2131 5353 2587 5408 strenuissimum.
2643 5351 2799 5417 Quod
2856 5349 3074 5405 factum
3132 5364 3385 5419 maguum

1798 5448 2007 5503 cladem
2037 5446 2219 5501 intulit
2250 5446 2499 5501 Romano
2529 5444 2671 5497 orbi.
2705 5443 2918 5497 Interea
2956 5457 3050 5495 rex
3092 5440 3272 5519 Papiae
3296 5440 3390 5495 de-

1800 5524 1951 5609 gens,
1977 5538 2066 5592 ubi
2107 5536 2315 5591 audivit
2346 5537 2413 5590 de
2456 5533 2722 5603 electione
2772 5531 3007 5595 Rudolﬁ,
3064 5530 3391 5587 mirabiliter

1800 5639 2103 5688 conuuotus
2148 5637 2252 5693 est,
2308 5628 2403 5682 sed
2455 5624 2579 5695 quia
2634 5625 2795 5678 homo
2842 5623 3019 5692 magni
3062 5620 3285 5685 consilii
3329 5626 3382 5671 et

1802 5726 2122 5783 mirabiliter
2168 5736 2332 5794 sagax
2389 5727 2573 5786 esset,
2624 5713 2879 5772 simulata
2934 5711 3250 5770 humilitate
3294 5721 3393 5781 per
