  <div class='ocr_page' id='page_1' title='image "/cluster/home/n/w/nwhite01/storage/ocr_20150623/150/hvd.32044015473788/427.png"; bbox 0 0 3848 6292; ppageno 0'>
   <div class='ocr_carea' id='block_1_1' title="bbox 490 318 595 377">
    <p class='ocr_par' dir='ltr' id='par_1_1' title="bbox 490 318 595 377">
     <span class='ocr_line' id='line_1_1' title="bbox 490 318 595 377; baseline -0.048 0"><span class='ocrx_word' id='word_1_1' title='bbox 490 318 595 377; x_wconf 68' lang='grc'><strong>817</strong></span> 
     </span>
    </p>
   </div>
   <div class='ocr_carea' id='block_1_2' title="bbox 1549 320 3692 405">
    <p class='ocr_par' dir='ltr' id='par_1_2' title="bbox 1549 320 3692 405">
     <span class='ocr_line' id='line_1_2' title="bbox 1549 320 3692 405; baseline 0.012 -28"><span class='ocrx_word' id='word_1_2' title='bbox 1549 320 1913 381; x_wconf 81' lang='lat' dir='ltr'><strong>BONIZONIS</strong></span> <span class='ocrx_word' id='word_1_3' title='bbox 1948 321 2355 382; x_wconf 75' lang='lat' dir='ltr'><strong>PLACENTINI</strong></span> <span class='ocrx_word' id='word_1_4' title='bbox 2394 328 2700 386; x_wconf 81' lang='lat' dir='ltr'><strong>EPISCOPI</strong></span> <span class='ocrx_word' id='word_1_5' title='bbox 3610 346 3692 405; x_wconf 71' lang='grc' dir='ltr'><strong>δίε</strong></span> 
     </span>
    </p>
   </div>
   <div class='ocr_carea' id='block_1_3' title="bbox 486 429 3693 520">
    <p class='ocr_par' dir='ltr' id='par_1_3' title="bbox 486 429 3693 520">
     <span class='ocr_line' id='line_1_3' title="bbox 486 429 3693 520; baseline 0.006 -34"><span class='ocrx_word' id='word_1_6' title='bbox 486 432 706 486; x_wconf 88' lang='lat' dir='ltr'><strong>nuntios</strong></span> <span class='ocrx_word' id='word_1_7' title='bbox 739 444 930 520; x_wconf 81' lang='lat' dir='ltr'><strong>papam</strong></span> <span class='ocrx_word' id='word_1_8' title='bbox 968 429 1193 520; x_wconf 82' lang='lat' dir='ltr'><strong>rogavit,</strong></span> <span class='ocrx_word' id='word_1_9' title='bbox 1225 439 1283 483; x_wconf 92' lang='lat' dir='ltr'><strong>ut</strong></span> <span class='ocrx_word' id='word_1_10' title='bbox 1310 431 1597 487; x_wconf 84' lang='lat' dir='ltr'><strong>Rndolfnm</strong></span> <span class='ocrx_word' id='word_1_11' title='bbox 1626 435 2065 490; x_wconf 87' lang='lat' dir='ltr'><strong>excommuniea-</strong></span> <span class='ocrx_word' id='word_1_12' title='bbox 2092 439 2139 495; x_wconf 84' lang='grc' dir='ltr'><strong>Λ</strong></span> <span class='ocrx_word' id='word_1_13' title='bbox 2172 434 2377 505; x_wconf 80' lang='lat' dir='ltr'><strong>absque</strong></span> <span class='ocrx_word' id='word_1_14' title='bbox 2429 440 2718 494; x_wconf 90' lang='lat' dir='ltr'><strong>vocatione</strong></span> <span class='ocrx_word' id='word_1_15' title='bbox 2769 436 2966 496; x_wconf 85' lang='lat' dir='ltr'><strong>vellent</strong></span> <span class='ocrx_word' id='word_1_16' title='bbox 3019 442 3488 511; x_wconf 84' lang='lat' dir='ltr'><strong>excommunicare</strong></span> <span class='ocrx_word' id='word_1_17' title='bbox 3509 486 3524 512; x_wconf 92' lang='lat'><strong>,</strong></span> <span class='ocrx_word' id='word_1_18' title='bbox 3582 459 3693 520; x_wconf 79' lang='lat' dir='ltr'><strong>quod</strong></span> 
     </span>
    </p>
   </div>
   <div class='ocr_carea' id='block_1_4' title="bbox 486 518 2063 593">
    <p class='ocr_par' dir='ltr' id='par_1_4' title="bbox 486 518 2063 593">
     <span class='ocr_line' id='line_1_4' title="bbox 486 518 2063 593; baseline 0.003 -18"><span class='ocrx_word' id='word_1_19' title='bbox 486 529 589 586; x_wconf 91' lang='lat' dir='ltr'><strong>ret,</strong></span> <span class='ocrx_word' id='word_1_20' title='bbox 609 519 751 589; x_wconf 88' lang='lat' dir='ltr'><strong>quod</strong></span> <span class='ocrx_word' id='word_1_21' title='bbox 774 534 910 590; x_wconf 89' lang='lat' dir='ltr'><strong>papa</strong></span> <span class='ocrx_word' id='word_1_22' title='bbox 941 534 998 574; x_wconf 88' lang='lat' dir='ltr'><strong>se</strong></span> <span class='ocrx_word' id='word_1_23' title='bbox 1029 518 1294 574; x_wconf 87' lang='lat' dir='ltr'><strong>facturum</strong></span> <span class='ocrx_word' id='word_1_24' title='bbox 1320 521 1460 577; x_wconf 86' lang='lat' dir='ltr'><strong>illico</strong></span> <span class='ocrx_word' id='word_1_25' title='bbox 1475 524 1742 593; x_wconf 91' lang='lat' dir='ltr'><strong>promisit,</strong></span> <span class='ocrx_word' id='word_1_26' title='bbox 1777 526 1820 579; x_wconf 92' lang='lat' dir='ltr'><strong>si</strong></span> <span class='ocrx_word' id='word_1_27' title='bbox 1841 533 2063 580; x_wconf 88' lang='lat' dir='ltr'><strong>vocatus</strong></span> 
     </span>
    </p>
   </div>
   <div class='ocr_carea' id='block_1_5' title="bbox 484 609 2061 684">
    <p class='ocr_par' dir='ltr' id='par_1_5' title="bbox 484 609 2061 684">
     <span class='ocr_line' id='line_1_5' title="bbox 484 609 2061 684; baseline 0.005 -19"><span class='ocrx_word' id='word_1_28' title='bbox 484 610 753 665; x_wconf 88' lang='lat' dir='ltr'><strong>rationem</strong></span> <span class='ocrx_word' id='word_1_29' title='bbox 782 610 944 680; x_wconf 83' lang='lat' dir='ltr'><strong>hujus</strong></span> <span class='ocrx_word' id='word_1_30' title='bbox 983 609 1112 665; x_wconf 85' lang='lat' dir='ltr'><strong>facti</strong></span> <span class='ocrx_word' id='word_1_31' title='bbox 1147 611 1375 667; x_wconf 75' lang='lat' dir='ltr'><strong>reddere</strong></span> <span class='ocrx_word' id='word_1_32' title='bbox 1409 628 1513 668; x_wconf 91' lang='lat' dir='ltr'><strong>non</strong></span> <span class='ocrx_word' id='word_1_33' title='bbox 1544 623 1746 684; x_wconf 93' lang='lat' dir='ltr'><strong>posset,</strong></span> <span class='ocrx_word' id='word_1_34' title='bbox 1777 632 1884 671; x_wconf 92' lang='lat' dir='ltr'><strong>non</strong></span> <span class='ocrx_word' id='word_1_35' title='bbox 1914 618 2061 673; x_wconf 90' lang='lat' dir='ltr'><strong>enim</strong></span> 
     </span>
    </p>
   </div>
   <div class='ocr_carea' id='block_1_6' title="bbox 483 700 2059 771">
    <p class='ocr_par' dir='ltr' id='par_1_6' title="bbox 483 700 2059 771">
     <span class='ocr_line' id='line_1_6' title="bbox 483 700 2059 771; baseline 0.006 -16"><span class='ocrx_word' id='word_1_36' title='bbox 483 700 803 755; x_wconf 85' lang='lat' dir='ltr'><strong>canonicum</strong></span> <span class='ocrx_word' id='word_1_37' title='bbox 848 701 1154 767; x_wconf 73' lang='lat' dir='ltr'><strong>videbatur,</strong></span> <span class='ocrx_word' id='word_1_38' title='bbox 1197 702 1243 757; x_wconf 87' lang='lat' dir='ltr'><strong>si</strong></span> <span class='ocrx_word' id='word_1_39' title='bbox 1300 712 1425 759; x_wconf 83' lang='lat' dir='ltr'><strong>ante</strong></span> <span class='ocrx_word' id='word_1_40' title='bbox 1472 709 2059 771; x_wconf 86' lang='lat' dir='ltr'><strong>excommunicaretur,</strong></span> 
     </span>
    </p>
   </div>
   <div class='ocr_carea' id='block_1_7' title="bbox 481 791 2065 858">
    <p class='ocr_par' dir='ltr' id='par_1_7' title="bbox 481 791 2065 858">
     <span class='ocr_line' id='line_1_7' title="bbox 481 791 2065 858; baseline 0.004 -14"><span class='ocrx_word' id='word_1_41' title='bbox 481 805 643 858; x_wconf 88' lang='lat' dir='ltr'><strong>quam</strong></span> <span class='ocrx_word' id='word_1_42' title='bbox 658 791 991 855; x_wconf 75' lang='lat' dir='ltr'><strong>vinceretur,</strong></span> <span class='ocrx_word' id='word_1_43' title='bbox 1018 792 1112 846; x_wconf 85' lang='lat' dir='ltr'><strong>sed</strong></span> <span class='ocrx_word' id='word_1_44' title='bbox 1137 807 1232 848; x_wconf 93' lang='lat' dir='ltr'><strong>rex</strong></span> <span class='ocrx_word' id='word_1_45' title='bbox 1265 801 1448 849; x_wconf 81' lang='lat' dir='ltr'><strong>mente</strong></span> <span class='ocrx_word' id='word_1_46' title='bbox 1476 793 1769 851; x_wconf 73' lang='lat' dir='ltr'><strong>effrenatus</strong></span> <span class='ocrx_word' id='word_1_47' title='bbox 1808 796 2065 852; x_wconf 79' lang='lat' dir='ltr'><strong>velociter</strong></span> 
     </span>
    </p>
   </div>
   <div class='ocr_carea' id='block_1_8' title="bbox 480 883 2065 957">
    <p class='ocr_par' dir='ltr' id='par_1_8' title="bbox 480 883 2065 957">
     <span class='ocr_line' id='line_1_8' title="bbox 480 883 2065 957; baseline 0.005 -22"><span class='ocrx_word' id='word_1_48' title='bbox 480 890 696 937; x_wconf 79' lang='lat' dir='ltr'><strong>montes</strong></span> <span class='ocrx_word' id='word_1_49' title='bbox 728 883 964 948; x_wconf 78' lang='lat' dir='ltr'><strong>transiit,</strong></span> <span class='ocrx_word' id='word_1_50' title='bbox 995 891 1049 937; x_wconf 90' lang='lat' dir='ltr'><strong>et</strong></span> <span class='ocrx_word' id='word_1_51' title='bbox 1081 883 1309 954; x_wconf 83' lang='lat' dir='ltr'><strong>impigre</strong></span> <span class='ocrx_word' id='word_1_52' title='bbox 1332 885 1637 956; x_wconf 89' lang='lat' dir='ltr'><strong>Bajoariam</strong></span> <span class='ocrx_word' id='word_1_53' title='bbox 1665 887 2065 957; x_wconf 85' lang='lat' dir='ltr'><strong>Franciamque</strong></span> 
     </span>
    </p>
   </div>
   <div class='ocr_carea' id='block_1_9' title="bbox 483 969 2066 1045">
    <p class='ocr_par' dir='ltr' id='par_1_9' title="bbox 483 969 2066 1045">
     <span class='ocr_line' id='line_1_9' title="bbox 483 969 2066 1045; baseline 0.007 -25"><span class='ocrx_word' id='word_1_54' title='bbox 483 969 716 1038; x_wconf 79' lang='lat' dir='ltr'><strong>recepit.</strong></span> <span class='ocrx_word' id='word_1_55' title='bbox 764 969 871 1026; x_wconf 89' lang='lat' dir='ltr'><strong>Sed</strong></span> <span class='ocrx_word' id='word_1_56' title='bbox 913 972 1043 1042; x_wconf 91' lang='lat' dir='ltr'><strong>quid</strong></span> <span class='ocrx_word' id='word_1_57' title='bbox 1088 972 1289 1043; x_wconf 86' lang='lat' dir='ltr'><strong>plura?</strong></span> <span class='ocrx_word' id='word_1_58' title='bbox 1337 973 1490 1029; x_wconf 73' lang='lat' dir='ltr'><strong>[laud</strong></span> <span class='ocrx_word' id='word_1_59' title='bbox 1538 975 1757 1045; x_wconf 88' lang='lat' dir='ltr'><strong>segnior</strong></span> <span class='ocrx_word' id='word_1_60' title='bbox 1800 976 2066 1033; x_wconf 71' lang='lat' dir='ltr'><strong>lludolfus</strong></span> 
     </span>
    </p>
   </div>
   <div class='ocr_carea' id='block_1_10' title="bbox 480 1060 2065 1137">
    <p class='ocr_par' dir='ltr' id='par_1_10' title="bbox 480 1060 2065 1137">
     <span class='ocr_line' id='line_1_10' title="bbox 480 1060 2065 1137; baseline 0.005 -23"><span class='ocrx_word' id='word_1_61' title='bbox 480 1060 773 1117; x_wconf 82' lang='lat' dir='ltr'><strong>Franciam</strong></span> <span class='ocrx_word' id='word_1_62' title='bbox 809 1062 1034 1131; x_wconf 85' lang='lat' dir='ltr'><strong>invadit,</strong></span> <span class='ocrx_word' id='word_1_63' title='bbox 1076 1064 1382 1134; x_wconf 81' lang='lat' dir='ltr'><strong>bellumque</strong></span> <span class='ocrx_word' id='word_1_64' title='bbox 1420 1067 1777 1121; x_wconf 86' lang='lat' dir='ltr'><strong>committitur</strong></span> <span class='ocrx_word' id='word_1_65' title='bbox 1815 1067 2065 1137; x_wconf 80' lang='lat' dir='ltr'><strong>gravissi-</strong></span> 
     </span>
    </p>
   </div>
   <div class='ocr_carea' id='block_1_11' title="bbox 481 1154 2065 1229">
    <p class='ocr_par' dir='ltr' id='par_1_11' title="bbox 481 1154 2065 1229">
     <span class='ocr_line' id='line_1_11' title="bbox 481 1154 2065 1229; baseline 0.004 -22"><span class='ocrx_word' id='word_1_66' title='bbox 481 1168 634 1207; x_wconf 88' lang='lat' dir='ltr'><strong>mum</strong></span> <span class='ocrx_word' id='word_1_67' title='bbox 668 1160 723 1207; x_wconf 90' lang='lat' dir='ltr'><strong>et</strong></span> <span class='ocrx_word' id='word_1_68' title='bbox 767 1154 936 1209; x_wconf 88' lang='lat' dir='ltr'><strong>multa</strong></span> <span class='ocrx_word' id='word_1_69' title='bbox 978 1156 1145 1213; x_wconf 82' lang='lat' dir='ltr'><strong>millia</strong></span> <span class='ocrx_word' id='word_1_70' title='bbox 1199 1157 1481 1212; x_wconf 82' lang='lat' dir='ltr'><strong>hominum</strong></span> <span class='ocrx_word' id='word_1_71' title='bbox 1530 1172 1599 1212; x_wconf 81' lang='lat' dir='ltr'><strong>ex</strong></span> <span class='ocrx_word' id='word_1_72' title='bbox 1639 1166 1870 1228; x_wconf 90' lang='lat' dir='ltr'><strong>utraque</strong></span> <span class='ocrx_word' id='word_1_73' title='bbox 1909 1168 2065 1229; x_wconf 90' lang='lat' dir='ltr'><strong>parte</strong></span> 
     </span>
    </p>
   </div>
   <div class='ocr_carea' id='block_1_12' title="bbox 481 1247 2064 1320">
    <p class='ocr_par' dir='ltr' id='par_1_12' title="bbox 481 1247 2064 1320">
     <span class='ocr_line' id='line_1_12' title="bbox 481 1247 2064 1320; baseline 0.004 -20"><span class='ocrx_word' id='word_1_74' title='bbox 481 1247 836 1310; x_wconf 79' lang='lat' dir='ltr'><strong>reciderunt;</strong></span> <span class='ocrx_word' id='word_1_75' title='bbox 892 1256 1048 1317; x_wconf 90' lang='lat' dir='ltr'><strong>sunt,</strong></span> <span class='ocrx_word' id='word_1_76' title='bbox 1102 1248 1194 1318; x_wconf 89' lang='lat' dir='ltr'><strong>qui</strong></span> <span class='ocrx_word' id='word_1_77' title='bbox 1247 1249 1438 1304; x_wconf 85' lang='lat' dir='ltr'><strong>dicunt</strong></span> <span class='ocrx_word' id='word_1_78' title='bbox 1492 1249 1650 1320; x_wconf 81' lang='lat' dir='ltr'><strong>hujus</strong></span> <span class='ocrx_word' id='word_1_79' title='bbox 1704 1250 1872 1320; x_wconf 71' lang='lat' dir='ltr'><strong>praelii</strong></span> <span class='ocrx_word' id='word_1_80' title='bbox 1925 1249 2064 1306; x_wconf 82' lang='lat' dir='ltr'><strong>Hen-</strong></span> 
     </span>
    </p>
   </div>
   <div class='ocr_carea' id='block_1_13' title="bbox 484 1338 2062 1410">
    <p class='ocr_par' dir='ltr' id='par_1_13' title="bbox 484 1338 2062 1410">
     <span class='ocr_line' id='line_1_13' title="bbox 484 1338 2062 1410; baseline 0.002 -18"><span class='ocrx_word' id='word_1_81' title='bbox 484 1338 655 1393; x_wconf 85' lang='lat' dir='ltr'><strong>ticum</strong></span> <span class='ocrx_word' id='word_1_82' title='bbox 685 1340 851 1393; x_wconf 85' lang='lat' dir='ltr'><strong>tuisse</strong></span> <span class='ocrx_word' id='word_1_83' title='bbox 880 1339 1162 1404; x_wconf 85' lang='lat' dir='ltr'><strong>victorem,</strong></span> <span class='ocrx_word' id='word_1_84' title='bbox 1200 1338 1545 1410; x_wconf 86' lang='lat' dir='ltr'><strong>quamplurcs</strong></span> <span class='ocrx_word' id='word_1_85' title='bbox 1594 1347 1775 1394; x_wconf 90' lang='lat' dir='ltr'><strong>autem</strong></span> <span class='ocrx_word' id='word_1_86' title='bbox 1829 1339 2062 1409; x_wconf 84' lang='lat' dir='ltr'><strong>palmam</strong></span> 
     </span>
    </p>
   </div>
   <div class='ocr_carea' id='block_1_14' title="bbox 482 1428 2064 1503">
    <p class='ocr_par' dir='ltr' id='par_1_14' title="bbox 482 1428 2064 1503">
     <span class='ocr_line' id='line_1_14' title="bbox 482 1428 2064 1503; baseline 0.002 -19"><span class='ocrx_word' id='word_1_87' title='bbox 482 1428 644 1497; x_wconf 82' lang='lat' dir='ltr'><strong>hujus</strong></span> <span class='ocrx_word' id='word_1_88' title='bbox 684 1428 915 1487; x_wconf 84' lang='lat' dir='ltr'><strong>Rudolfo</strong></span> <span class='ocrx_word' id='word_1_89' title='bbox 946 1430 1054 1501; x_wconf 90' lang='lat' dir='ltr'><strong>regi</strong></span> <span class='ocrx_word' id='word_1_90' title='bbox 1080 1432 1359 1487; x_wconf 81' lang='lat' dir='ltr'><strong>ascribunt</strong></span> <span class='ocrx_word' id='word_1_91' title='bbox 1402 1431 1740 1500; x_wconf 82' lang='lat' dir='ltr'><strong>certaminis,</strong></span> <span class='ocrx_word' id='word_1_92' title='bbox 1789 1432 1884 1488; x_wconf 91' lang='lat' dir='ltr'><strong>sed</strong></span> <span class='ocrx_word' id='word_1_93' title='bbox 1915 1433 2064 1503; x_wconf 89' lang='lat' dir='ltr'><strong>quis-</strong></span> 
     </span>
    </p>
   </div>
   <div class='ocr_carea' id='block_1_15' title="bbox 480 1519 2065 1595">
    <p class='ocr_par' dir='ltr' id='par_1_15' title="bbox 480 1519 2065 1595">
     <span class='ocr_line' id='line_1_15' title="bbox 480 1519 2065 1595; baseline 0.003 -21"><span class='ocrx_word' id='word_1_94' title='bbox 480 1521 606 1590; x_wconf 86' lang='lat' dir='ltr'><strong>quis</strong></span> <span class='ocrx_word' id='word_1_95' title='bbox 626 1519 912 1576; x_wconf 80' lang='lat' dir='ltr'><strong>victoriam</strong></span> <span class='ocrx_word' id='word_1_96' title='bbox 940 1522 1377 1578; x_wconf 86' lang='lat' dir='ltr'><strong>cruentissimam</strong></span> <span class='ocrx_word' id='word_1_97' title='bbox 1418 1533 1597 1578; x_wconf 88' lang='lat' dir='ltr'><strong>tamen</strong></span> <span class='ocrx_word' id='word_1_98' title='bbox 1619 1522 1857 1595; x_wconf 88' lang='lat' dir='ltr'><strong>possedit</strong></span> <span class='ocrx_word' id='word_1_99' title='bbox 1893 1524 2065 1579; x_wconf 87' lang='lat' dir='ltr'><strong>victo—</strong></span> 
     </span>
    </p>
   </div>
   <div class='ocr_carea' id='block_1_16' title="bbox 481 1613 639 1665">
    <p class='ocr_par' dir='ltr' id='par_1_16' title="bbox 481 1613 639 1665">
     <span class='ocr_line' id='line_1_16' title="bbox 481 1613 639 1665; baseline 0.013 -2"><span class='ocrx_word' id='word_1_100' title='bbox 481 1613 639 1665; x_wconf 85' lang='lat' dir='ltr'><strong>riam.</strong></span> 
     </span>
    </p>
   </div>
   <div class='ocr_carea' id='block_1_17' title="bbox 552 1704 2063 1779">
    <p class='ocr_par' dir='ltr' id='par_1_17' title="bbox 552 1704 2063 1779">
     <span class='ocr_line' id='line_1_17' title="bbox 552 1704 2063 1779; baseline 0.003 -20"><span class='ocrx_word' id='word_1_101' title='bbox 552 1704 762 1762; x_wconf 85' lang='lat' dir='ltr'><strong>Interea</strong></span> <span class='ocrx_word' id='word_1_102' title='bbox 789 1706 974 1763; x_wconf 86' lang='lat' dir='ltr'><strong>Romae</strong></span> <span class='ocrx_word' id='word_1_103' title='bbox 997 1722 1158 1779; x_wconf 90' lang='lat' dir='ltr'><strong>grave</strong></span> <span class='ocrx_word' id='word_1_104' title='bbox 1181 1708 1379 1764; x_wconf 91' lang='lat' dir='ltr'><strong>malum</strong></span> <span class='ocrx_word' id='word_1_105' title='bbox 1395 1716 1448 1763; x_wconf 93' lang='lat' dir='ltr'><strong>et</strong></span> <span class='ocrx_word' id='word_1_106' title='bbox 1477 1708 1893 1777; x_wconf 88' lang='lat' dir='ltr'><strong>irrecupcrabile</strong></span> <span class='ocrx_word' id='word_1_107' title='bbox 1911 1710 2063 1765; x_wconf 89' lang='lat' dir='ltr'><strong>dam-</strong></span> 
     </span>
    </p>
   </div>
   <div class='ocr_carea' id='block_1_18' title="bbox 481 1797 2066 1870">
    <p class='ocr_par' dir='ltr' id='par_1_18' title="bbox 481 1797 2066 1870">
     <span class='ocr_line' id='line_1_18' title="bbox 481 1797 2066 1870; baseline 0.003 -20"><span class='ocrx_word' id='word_1_108' title='bbox 481 1811 610 1850; x_wconf 90' lang='lat' dir='ltr'><strong>num</strong></span> <span class='ocrx_word' id='word_1_109' title='bbox 643 1798 709 1852; x_wconf 91' lang='lat' dir='ltr'><strong>dc</strong></span> <span class='ocrx_word' id='word_1_110' title='bbox 734 1807 953 1867; x_wconf 87' lang='lat' dir='ltr'><strong>repente</strong></span> <span class='ocrx_word' id='word_1_111' title='bbox 981 1809 1229 1855; x_wconf 83' lang='lat' dir='ltr'><strong>exortum</strong></span> <span class='ocrx_word' id='word_1_112' title='bbox 1255 1809 1357 1855; x_wconf 91' lang='lat' dir='ltr'><strong>est.</strong></span> <span class='ocrx_word' id='word_1_113' title='bbox 1383 1797 1514 1853; x_wconf 88' lang='lat' dir='ltr'><strong>Nam</strong></span> <span class='ocrx_word' id='word_1_114' title='bbox 1532 1798 1762 1855; x_wconf 88' lang='lat' dir='ltr'><strong>Cencius</strong></span> <span class='ocrx_word' id='word_1_115' title='bbox 1780 1798 2066 1870; x_wconf 65' lang='lat' dir='ltr'><strong>praefectus</strong></span> 
     </span>
    </p>
   </div>
   <div class='ocr_carea' id='block_1_19' title="bbox 479 1890 2067 1961">
    <p class='ocr_par' dir='ltr' id='par_1_19' title="bbox 479 1890 2067 1961">
     <span class='ocr_line' id='line_1_19' title="bbox 479 1890 2067 1961; baseline 0.002 -19"><span class='ocrx_word' id='word_1_116' title='bbox 479 1890 568 1944; x_wconf 86' lang='lat' dir='ltr'><strong>vir</strong></span> <span class='ocrx_word' id='word_1_117' title='bbox 612 1890 1097 1946; x_wconf 86' lang='lat' dir='ltr'><strong>christianissimus</strong></span> <span class='ocrx_word' id='word_1_118' title='bbox 1140 1906 1237 1961; x_wconf 88' lang='lat' dir='ltr'><strong>per</strong></span> <span class='ocrx_word' id='word_1_119' title='bbox 1272 1891 1522 1946; x_wconf 88' lang='lat' dir='ltr'><strong>insidiam</strong></span> <span class='ocrx_word' id='word_1_120' title='bbox 1572 1890 1833 1961; x_wconf 84' lang='lat' dir='ltr'><strong>Stephani</strong></span> <span class='ocrx_word' id='word_1_121' title='bbox 1882 1890 2067 1945; x_wconf 78' lang='lat' dir='ltr'><strong>fratris</strong></span> 
     </span>
    </p>
   </div>
   <div class='ocr_carea' id='block_1_20' title="bbox 480 1981 2065 2052">
    <p class='ocr_par' dir='ltr' id='par_1_20' title="bbox 480 1981 2065 2052">
     <span class='ocr_line' id='line_1_20' title="bbox 480 1981 2065 2052; baseline 0.001 -16"><span class='ocrx_word' id='word_1_122' title='bbox 480 1981 692 2048; x_wconf 84' lang='lat' dir='ltr'><strong>Cencii,</strong></span> <span class='ocrx_word' id='word_1_123' title='bbox 728 1984 836 2037; x_wconf 91' lang='lat' dir='ltr'><strong>Deo</strong></span> <span class='ocrx_word' id='word_1_124' title='bbox 867 1983 1101 2047; x_wconf 91' lang='lat' dir='ltr'><strong>odibilis,</strong></span> <span class='ocrx_word' id='word_1_125' title='bbox 1156 1983 1223 2037; x_wconf 89' lang='lat' dir='ltr'><strong>de</strong></span> <span class='ocrx_word' id='word_1_126' title='bbox 1268 1997 1377 2052; x_wconf 88' lang='lat' dir='ltr'><strong>quo</strong></span> <span class='ocrx_word' id='word_1_127' title='bbox 1424 1997 1585 2051; x_wconf 88' lang='lat' dir='ltr'><strong>supra</strong></span> <span class='ocrx_word' id='word_1_128' title='bbox 1621 1982 2065 2048; x_wconf 82' lang='lat' dir='ltr'><strong>memoravimus,</strong></span> 
     </span>
    </p>
   </div>
   <div class='ocr_carea' id='block_1_21' title="bbox 482 2071 2065 2143">
    <p class='ocr_par' dir='ltr' id='par_1_21' title="bbox 482 2071 2065 2143">
     <span class='ocr_line' id='line_1_21' title="bbox 482 2071 2065 2143; baseline 0 -17"><span class='ocrx_word' id='word_1_129' title='bbox 482 2072 698 2128; x_wconf 87' lang='lat' dir='ltr'><strong>cccisus</strong></span> <span class='ocrx_word' id='word_1_130' title='bbox 722 2082 824 2139; x_wconf 91' lang='lat' dir='ltr'><strong>est,</strong></span> <span class='ocrx_word' id='word_1_131' title='bbox 850 2072 1002 2141; x_wconf 87' lang='lat' dir='ltr'><strong>cujus</strong></span> <span class='ocrx_word' id='word_1_132' title='bbox 1027 2089 1227 2143; x_wconf 90' lang='lat' dir='ltr'><strong>corpus</strong></span> <span class='ocrx_word' id='word_1_133' title='bbox 1254 2075 1378 2128; x_wconf 88' lang='lat' dir='ltr'><strong>dum</strong></span> <span class='ocrx_word' id='word_1_134' title='bbox 1406 2073 1589 2127; x_wconf 82' lang='lat' dir='ltr'><strong>Romae</strong></span> <span class='ocrx_word' id='word_1_135' title='bbox 1617 2072 1756 2141; x_wconf 87' lang='lat' dir='ltr'><strong>apud</strong></span> <span class='ocrx_word' id='word_1_136' title='bbox 1772 2071 2065 2127; x_wconf 90' lang='lat' dir='ltr'><strong>S.Petrum</strong></span> 
     </span>
    </p>
   </div>
   <div class='ocr_carea' id='block_1_22' title="bbox 478 2161 2062 2233">
    <p class='ocr_par' dir='ltr' id='par_1_22' title="bbox 478 2161 2062 2233">
     <span class='ocr_line' id='line_1_22' title="bbox 478 2161 2062 2233; baseline -0.001 -15"><span class='ocrx_word' id='word_1_137' title='bbox 478 2163 715 2220; x_wconf 82' lang='lat' dir='ltr'><strong>delatum</strong></span> <span class='ocrx_word' id='word_1_138' title='bbox 754 2164 962 2230; x_wconf 91' lang='lat' dir='ltr'><strong>fuisset,</strong></span> <span class='ocrx_word' id='word_1_139' title='bbox 998 2164 1139 2219; x_wconf 90' lang='lat' dir='ltr'><strong>Dens</strong></span> <span class='ocrx_word' id='word_1_140' title='bbox 1158 2179 1256 2233; x_wconf 91' lang='lat' dir='ltr'><strong>per</strong></span> <span class='ocrx_word' id='word_1_141' title='bbox 1281 2179 1403 2219; x_wconf 92' lang='lat' dir='ltr'><strong>eum</strong></span> <span class='ocrx_word' id='word_1_142' title='bbox 1434 2162 1601 2218; x_wconf 90' lang='lat' dir='ltr'><strong>multa</strong></span> <span class='ocrx_word' id='word_1_143' title='bbox 1628 2161 1756 2217; x_wconf 89' lang='lat' dir='ltr'><strong>fecit</strong></span> <span class='ocrx_word' id='word_1_144' title='bbox 1777 2161 2062 2217; x_wconf 89' lang='lat' dir='ltr'><strong>mirabilia.</strong></span> 
     </span>
    </p>
   </div>
   <div class='ocr_carea' id='block_1_23' title="bbox 480 2254 2067 2323">
    <p class='ocr_par' dir='ltr' id='par_1_23' title="bbox 480 2254 2067 2323">
     <span class='ocr_line' id='line_1_23' title="bbox 480 2254 2067 2323; baseline 0 -15"><span class='ocrx_word' id='word_1_145' title='bbox 480 2254 711 2310; x_wconf 86' lang='lat' dir='ltr'><strong>Romani</strong></span> <span class='ocrx_word' id='word_1_146' title='bbox 739 2270 868 2310; x_wconf 87' lang='lat' dir='ltr'><strong>vero</strong></span> <span class='ocrx_word' id='word_1_147' title='bbox 894 2256 1296 2310; x_wconf 87' lang='lat' dir='ltr'><strong>communicato</strong></span> <span class='ocrx_word' id='word_1_148' title='bbox 1333 2255 1557 2310; x_wconf 89' lang='lat' dir='ltr'><strong>consilio</strong></span> <span class='ocrx_word' id='word_1_149' title='bbox 1578 2264 1840 2319; x_wconf 90' lang='lat' dir='ltr'><strong>castrum,</strong></span> <span class='ocrx_word' id='word_1_150' title='bbox 1868 2254 1922 2308; x_wconf 91' lang='lat' dir='ltr'><strong>in</strong></span> <span class='ocrx_word' id='word_1_151' title='bbox 1959 2268 2067 2323; x_wconf 86' lang='lat' dir='ltr'><strong>quo</strong></span> 
     </span>
    </p>
   </div>
   <div class='ocr_carea' id='block_1_24' title="bbox 479 2343 2068 2415">
    <p class='ocr_par' dir='ltr' id='par_1_24' title="bbox 479 2343 2068 2415">
     <span class='ocr_line' id='line_1_24' title="bbox 479 2343 2068 2415; baseline -0.001 -14"><span class='ocrx_word' id='word_1_152' title='bbox 479 2362 539 2401; x_wconf 89' lang='lat' dir='ltr'><strong>se</strong></span> <span class='ocrx_word' id='word_1_153' title='bbox 572 2345 837 2402; x_wconf 87' lang='lat' dir='ltr'><strong>nefandus</strong></span> <span class='ocrx_word' id='word_1_154' title='bbox 868 2346 957 2400; x_wconf 92' lang='lat' dir='ltr'><strong>ille</strong></span> <span class='ocrx_word' id='word_1_155' title='bbox 982 2354 1279 2414; x_wconf 83' lang='lat' dir='ltr'><strong>receperat,</strong></span> <span class='ocrx_word' id='word_1_156' title='bbox 1312 2346 1363 2400; x_wconf 90' lang='lat' dir='ltr'><strong>vi</strong></span> <span class='ocrx_word' id='word_1_157' title='bbox 1393 2344 1872 2415; x_wconf 78' lang='lat' dir='ltr'><strong>capiunt,cjusque</strong></span> <span class='ocrx_word' id='word_1_158' title='bbox 1893 2343 2068 2415; x_wconf 85' lang='lat' dir='ltr'><strong>capite</strong></span> 
     </span>
    </p>
   </div>
   <div class='ocr_carea' id='block_1_25' title="bbox 479 2436 2068 2508">
    <p class='ocr_par' dir='ltr' id='par_1_25' title="bbox 479 2436 2068 2508">
     <span class='ocr_line' id='line_1_25' title="bbox 479 2436 2068 2508; baseline -0.003 -15"><span class='ocrx_word' id='word_1_159' title='bbox 479 2448 532 2493; x_wconf 92' lang='lat' dir='ltr'><strong>et</strong></span> <span class='ocrx_word' id='word_1_160' title='bbox 572 2440 822 2495; x_wconf 88' lang='lat' dir='ltr'><strong>manibus</strong></span> <span class='ocrx_word' id='word_1_161' title='bbox 843 2447 1152 2495; x_wconf 89' lang='lat' dir='ltr'><strong>truncatum</strong></span> <span class='ocrx_word' id='word_1_162' title='bbox 1176 2438 1411 2493; x_wconf 86' lang='lat' dir='ltr'><strong>cadaver</strong></span> <span class='ocrx_word' id='word_1_163' title='bbox 1446 2436 1663 2508; x_wconf 79' lang='lat' dir='ltr'><strong>ignibus</strong></span> <span class='ocrx_word' id='word_1_164' title='bbox 1698 2437 1939 2503; x_wconf 88' lang='lat' dir='ltr'><strong>tradunt,</strong></span> <span class='ocrx_word' id='word_1_165' title='bbox 1978 2450 2068 2490; x_wconf 86' lang='lat' dir='ltr'><strong>ca-</strong></span> 
     </span>
    </p>
   </div>
   <div class='ocr_carea' id='block_1_26' title="bbox 481 2526 2068 2599">
    <p class='ocr_par' dir='ltr' id='par_1_26' title="bbox 481 2526 2068 2599">
     <span class='ocr_line' id='line_1_26' title="bbox 481 2526 2068 2599; baseline -0.002 -15"><span class='ocrx_word' id='word_1_166' title='bbox 481 2539 576 2599; x_wconf 77' lang='lat' dir='ltr'><strong>put</strong></span> <span class='ocrx_word' id='word_1_167' title='bbox 609 2547 738 2586; x_wconf 89' lang='lat' dir='ltr'><strong>vero</strong></span> <span class='ocrx_word' id='word_1_168' title='bbox 776 2530 892 2599; x_wconf 87' lang='lat' dir='ltr'><strong>ejus</strong></span> <span class='ocrx_word' id='word_1_169' title='bbox 950 2540 1006 2588; x_wconf 93' lang='lat' dir='ltr'><strong>et</strong></span> <span class='ocrx_word' id='word_1_170' title='bbox 1032 2546 1229 2585; x_wconf 87' lang='lat' dir='ltr'><strong>manus</strong></span> <span class='ocrx_word' id='word_1_171' title='bbox 1256 2530 1311 2584; x_wconf 91' lang='lat' dir='ltr'><strong>in</strong></span> <span class='ocrx_word' id='word_1_172' title='bbox 1348 2530 1558 2585; x_wconf 90' lang='lat' dir='ltr'><strong>cortina</strong></span> <span class='ocrx_word' id='word_1_173' title='bbox 1601 2528 1745 2583; x_wconf 87' lang='lat' dir='ltr'><strong>beati</strong></span> <span class='ocrx_word' id='word_1_174' title='bbox 1778 2526 1923 2583; x_wconf 85' lang='lat' dir='ltr'><strong>Petri</strong></span> <span class='ocrx_word' id='word_1_175' title='bbox 1952 2541 2068 2583; x_wconf 86' lang='lat' dir='ltr'><strong>sus-</strong></span> 
     </span>
    </p>
   </div>
   <div class='ocr_carea' id='block_1_27' title="bbox 482 2615 2070 2691">
    <p class='ocr_par' dir='ltr' id='par_1_27' title="bbox 482 2615 2070 2691">
     <span class='ocr_line' id='line_1_27' title="bbox 482 2615 2070 2691; baseline 0 -19"><span class='ocrx_word' id='word_1_176' title='bbox 482 2621 741 2688; x_wconf 83' lang='lat' dir='ltr'><strong>pendunt.</strong></span> <span class='ocrx_word' id='word_1_177' title='bbox 768 2620 1005 2691; x_wconf 90' lang='lat' dir='ltr'><strong>reliquos</strong></span> <span class='ocrx_word' id='word_1_178' title='bbox 1037 2634 1166 2674; x_wconf 90' lang='lat' dir='ltr'><strong>vero</strong></span> <span class='ocrx_word' id='word_1_179' title='bbox 1215 2619 1349 2674; x_wconf 90' lang='lat' dir='ltr'><strong>tanti</strong></span> <span class='ocrx_word' id='word_1_180' title='bbox 1382 2618 1605 2673; x_wconf 86' lang='lat' dir='ltr'><strong>sceleris</strong></span> <span class='ocrx_word' id='word_1_181' title='bbox 1643 2615 1880 2672; x_wconf 87' lang='lat' dir='ltr'><strong>fautores</strong></span> <span class='ocrx_word' id='word_1_182' title='bbox 1907 2631 2070 2685; x_wconf 88' lang='lat' dir='ltr'><strong>quos-</strong></span> 
     </span>
    </p>
   </div>
   <div class='ocr_carea' id='block_1_28' title="bbox 482 2708 2062 2780">
    <p class='ocr_par' dir='ltr' id='par_1_28' title="bbox 482 2708 2062 2780">
     <span class='ocr_line' id='line_1_28' title="bbox 482 2708 2062 2780; baseline 0 -19"><span class='ocrx_word' id='word_1_183' title='bbox 482 2708 604 2762; x_wconf 88' lang='lat' dir='ltr'><strong>dam</strong></span> <span class='ocrx_word' id='word_1_184' title='bbox 619 2708 961 2778; x_wconf 83' lang='lat' dir='ltr'><strong>interfecere,</strong></span> <span class='ocrx_word' id='word_1_185' title='bbox 974 2709 1235 2780; x_wconf 91' lang='lat' dir='ltr'><strong>qnosdam</strong></span> <span class='ocrx_word' id='word_1_186' title='bbox 1250 2723 1381 2765; x_wconf 88' lang='lat' dir='ltr'><strong>vero</strong></span> <span class='ocrx_word' id='word_1_187' title='bbox 1397 2724 1425 2763; x_wconf 91' lang='lat' dir='ltr'><strong>a</strong></span> <span class='ocrx_word' id='word_1_188' title='bbox 1444 2708 1617 2780; x_wconf 89' lang='lat' dir='ltr'><strong>patria</strong></span> <span class='ocrx_word' id='word_1_189' title='bbox 1631 2708 2062 2763; x_wconf 87' lang='lat' dir='ltr'><strong>eliminaverunt.</strong></span> 
     </span>
    </p>
   </div>
   <div class='ocr_carea' id='block_1_29' title="bbox 552 2795 2070 2868">
    <p class='ocr_par' dir='ltr' id='par_1_29' title="bbox 552 2795 2070 2868">
     <span class='ocr_line' id='line_1_29' title="bbox 552 2795 2070 2868; baseline -0.002 -18"><span class='ocrx_word' id='word_1_190' title='bbox 552 2796 682 2851; x_wconf 85' lang='lat' dir='ltr'><strong>Post</strong></span> <span class='ocrx_word' id='word_1_191' title='bbox 708 2812 908 2866; x_wconf 90' lang='lat' dir='ltr'><strong>paucos</strong></span> <span class='ocrx_word' id='word_1_192' title='bbox 944 2813 1070 2853; x_wconf 89' lang='lat' dir='ltr'><strong>vero</strong></span> <span class='ocrx_word' id='word_1_193' title='bbox 1097 2798 1235 2864; x_wconf 89' lang='lat' dir='ltr'><strong>dies,</strong></span> <span class='ocrx_word' id='word_1_194' title='bbox 1264 2807 1549 2868; x_wconf 87' lang='lat' dir='ltr'><strong>postquam</strong></span> <span class='ocrx_word' id='word_1_195' title='bbox 1593 2795 1709 2850; x_wconf 87' lang='lat' dir='ltr'><strong>haec</strong></span> <span class='ocrx_word' id='word_1_196' title='bbox 1754 2804 1904 2865; x_wconf 88' lang='lat' dir='ltr'><strong>gesta</strong></span> <span class='ocrx_word' id='word_1_197' title='bbox 1944 2803 2070 2848; x_wconf 90' lang='lat' dir='ltr'><strong>sunt</strong></span> 
     </span>
    </p>
   </div>
   <div class='ocr_carea' id='block_1_30' title="bbox 482 2885 2070 2958">
    <p class='ocr_par' dir='ltr' id='par_1_30' title="bbox 482 2885 2070 2958">
     <span class='ocr_line' id='line_1_30' title="bbox 482 2885 2070 2958; baseline -0.002 -17"><span class='ocrx_word' id='word_1_198' title='bbox 482 2885 777 2957; x_wconf 82' lang='lat' dir='ltr'><strong>Gregorius</strong></span> <span class='ocrx_word' id='word_1_199' title='bbox 802 2888 1125 2943; x_wconf 88' lang='lat' dir='ltr'><strong>venerabilis</strong></span> <span class='ocrx_word' id='word_1_200' title='bbox 1165 2887 1409 2958; x_wconf 81' lang='lat' dir='ltr'><strong>pontifex</strong></span> <span class='ocrx_word' id='word_1_201' title='bbox 1451 2887 1680 2940; x_wconf 84' lang='lat' dir='ltr'><strong>Romam</strong></span> <span class='ocrx_word' id='word_1_202' title='bbox 1710 2899 1831 2939; x_wconf 91' lang='lat' dir='ltr'><strong>cum</strong></span> <span class='ocrx_word' id='word_1_203' title='bbox 1863 2885 2070 2939; x_wconf 88' lang='lat' dir='ltr'><strong>honore</strong></span> 
     </span>
    </p>
   </div>
   <div class='ocr_carea' id='block_1_31' title="bbox 483 2974 2068 3049">
    <p class='ocr_par' dir='ltr' id='par_1_31' title="bbox 483 2974 2068 3049">
     <span class='ocr_line' id='line_1_31' title="bbox 483 2974 2068 3049; baseline -0.001 -19"><span class='ocrx_word' id='word_1_204' title='bbox 483 2978 768 3043; x_wconf 82' lang='lat' dir='ltr'><strong>remeavit,</strong></span> <span class='ocrx_word' id='word_1_205' title='bbox 817 2992 1050 3047; x_wconf 83' lang='lat' dir='ltr'><strong>moxque</strong></span> <span class='ocrx_word' id='word_1_206' title='bbox 1102 2978 1364 3049; x_wconf 81' lang='lat' dir='ltr'><strong>synodum</strong></span> <span class='ocrx_word' id='word_1_207' title='bbox 1413 2975 1789 3046; x_wconf 81' lang='lat' dir='ltr'><strong>congregavit,</strong></span> <span class='ocrx_word' id='word_1_208' title='bbox 1854 2974 1909 3029; x_wconf 92' lang='lat' dir='ltr'><strong>in</strong></span> <span class='ocrx_word' id='word_1_209' title='bbox 1963 2988 2068 3043; x_wconf 86' lang='lat' dir='ltr'><strong>qua</strong></span> 
     </span>
    </p>
   </div>
   <div class='ocr_carea' id='block_1_32' title="bbox 486 3064 2066 3138">
    <p class='ocr_par' dir='ltr' id='par_1_32' title="bbox 486 3064 2066 3138">
     <span class='ocr_line' id='line_1_32' title="bbox 486 3064 2066 3138; baseline -0.001 -19"><span class='ocrx_word' id='word_1_210' title='bbox 486 3067 770 3121; x_wconf 78' lang='lat' dir='ltr'><strong>ainborum</strong></span> <span class='ocrx_word' id='word_1_211' title='bbox 797 3083 985 3138; x_wconf 78' lang='lat' dir='ltr'><strong>regum</strong></span> <span class='ocrx_word' id='word_1_212' title='bbox 1009 3068 1184 3121; x_wconf 91' lang='lat' dir='ltr'><strong>nuntii</strong></span> <span class='ocrx_word' id='word_1_213' title='bbox 1210 3066 1526 3129; x_wconf 87' lang='lat' dir='ltr'><strong>interfuere,</strong></span> <span class='ocrx_word' id='word_1_214' title='bbox 1544 3065 1739 3135; x_wconf 87' lang='lat' dir='ltr'><strong>quibus</strong></span> <span class='ocrx_word' id='word_1_215' title='bbox 1764 3072 1818 3119; x_wconf 88' lang='lat' dir='ltr'><strong>et</strong></span> <span class='ocrx_word' id='word_1_216' title='bbox 1846 3064 2066 3118; x_wconf 89' lang='lat' dir='ltr'><strong>B.Pctri</strong></span> 
     </span>
    </p>
   </div>
   <div class='ocr_carea' id='block_1_33' title="bbox 486 3150 2067 3225">
    <p class='ocr_par' dir='ltr' id='par_1_33' title="bbox 486 3150 2067 3225">
     <span class='ocr_line' id='line_1_33' title="bbox 486 3150 2067 3225; baseline -0.001 -18"><span class='ocrx_word' id='word_1_217' title='bbox 486 3155 811 3210; x_wconf 87' lang='lat' dir='ltr'><strong>auctoritate</strong></span> <span class='ocrx_word' id='word_1_218' title='bbox 844 3165 1173 3225; x_wconf 63' lang='lat' dir='ltr'><strong>praeceptum</strong></span> <span class='ocrx_word' id='word_1_219' title='bbox 1227 3163 1310 3210; x_wconf 88' lang='lat' dir='ltr'><strong>est</strong></span> <span class='ocrx_word' id='word_1_220' title='bbox 1355 3162 1412 3207; x_wconf 92' lang='lat' dir='ltr'><strong>ut</strong></span> <span class='ocrx_word' id='word_1_221' title='bbox 1452 3169 1558 3208; x_wconf 90' lang='lat' dir='ltr'><strong>non</strong></span> <span class='ocrx_word' id='word_1_222' title='bbox 1606 3158 1931 3223; x_wconf 85' lang='lat' dir='ltr'><strong>pugnarent,</strong></span> <span class='ocrx_word' id='word_1_223' title='bbox 1973 3150 2067 3205; x_wconf 89' lang='lat' dir='ltr'><strong>sed</strong></span> 
     </span>
    </p>
   </div>
   <div class='ocr_carea' id='block_1_34' title="bbox 486 3240 2067 3317">
    <p class='ocr_par' dir='ltr' id='par_1_34' title="bbox 486 3240 2067 3317">
     <span class='ocr_line' id='line_1_34' title="bbox 486 3240 2067 3317; baseline -0.001 -20"><span class='ocrx_word' id='word_1_224' title='bbox 486 3244 660 3317; x_wconf 88' lang='lat' dir='ltr'><strong>locum</strong></span> <span class='ocrx_word' id='word_1_225' title='bbox 696 3244 974 3316; x_wconf 88' lang='lat' dir='ltr'><strong>eligerent,</strong></span> <span class='ocrx_word' id='word_1_226' title='bbox 1001 3246 1056 3301; x_wconf 87' lang='lat' dir='ltr'><strong>in</strong></span> <span class='ocrx_word' id='word_1_227' title='bbox 1089 3260 1196 3315; x_wconf 87' lang='lat' dir='ltr'><strong>quo</strong></span> <span class='ocrx_word' id='word_1_228' title='bbox 1236 3246 1521 3300; x_wconf 84' lang='lat' dir='ltr'><strong>ambarum</strong></span> <span class='ocrx_word' id='word_1_229' title='bbox 1557 3243 1789 3312; x_wconf 86' lang='lat' dir='ltr'><strong>partium</strong></span> <span class='ocrx_word' id='word_1_230' title='bbox 1832 3240 2067 3312; x_wconf 89' lang='lat' dir='ltr'><strong>episcopi</strong></span> 
     </span>
    </p>
   </div>
   <div class='ocr_carea' id='block_1_35' title="bbox 486 3333 2068 3403">
    <p class='ocr_par' dir='ltr' id='par_1_35' title="bbox 486 3333 2068 3403">
     <span class='ocr_line' id='line_1_35' title="bbox 486 3333 2068 3403; baseline -0.003 -14"><span class='ocrx_word' id='word_1_231' title='bbox 486 3343 709 3403; x_wconf 84' lang='lat' dir='ltr'><strong>possent</strong></span> <span class='ocrx_word' id='word_1_232' title='bbox 755 3350 947 3391; x_wconf 88' lang='lat' dir='ltr'><strong>secure</strong></span> <span class='ocrx_word' id='word_1_233' title='bbox 985 3335 1296 3400; x_wconf 89' lang='lat' dir='ltr'><strong>convenire,</strong></span> <span class='ocrx_word' id='word_1_234' title='bbox 1335 3333 1596 3388; x_wconf 85' lang='lat' dir='ltr'><strong>reddituri</strong></span> <span class='ocrx_word' id='word_1_235' title='bbox 1645 3333 1909 3387; x_wconf 90' lang='lat' dir='ltr'><strong>rationem</strong></span> <span class='ocrx_word' id='word_1_236' title='bbox 1942 3341 2068 3385; x_wconf 89' lang='lat' dir='ltr'><strong>ante</strong></span> 
     </span>
    </p>
   </div>
   <div class='ocr_carea' id='block_1_36' title="bbox 485 3423 2067 3497">
    <p class='ocr_par' dir='ltr' id='par_1_36' title="bbox 485 3423 2067 3497">
     <span class='ocr_line' id='line_1_36' title="bbox 485 3423 2067 3497; baseline 0 -18"><span class='ocrx_word' id='word_1_237' title='bbox 485 3434 688 3480; x_wconf 79' lang='lat' dir='ltr'><strong>sancta:</strong></span> <span class='ocrx_word' id='word_1_238' title='bbox 734 3426 990 3482; x_wconf 72' lang='lat' dir='ltr'><strong>Ecclesia:</strong></span> <span class='ocrx_word' id='word_1_239' title='bbox 1042 3426 1267 3497; x_wconf 83' lang='lat' dir='ltr'><strong>legatos,</strong></span> <span class='ocrx_word' id='word_1_240' title='bbox 1321 3426 1464 3496; x_wconf 86' lang='lat' dir='ltr'><strong>quod</strong></span> <span class='ocrx_word' id='word_1_241' title='bbox 1514 3425 1731 3481; x_wconf 87' lang='lat' dir='ltr'><strong>salubre</strong></span> <span class='ocrx_word' id='word_1_242' title='bbox 1785 3423 2067 3479; x_wconf 88' lang='lat' dir='ltr'><strong>consilium</strong></span> 
     </span>
    </p>
   </div>
   <div class='ocr_carea' id='block_1_37' title="bbox 485 3515 2068 3588">
    <p class='ocr_par' dir='ltr' id='par_1_37' title="bbox 485 3515 2068 3588">
     <span class='ocr_line' id='line_1_37' title="bbox 485 3515 2068 3588; baseline 0.001 -20"><span class='ocrx_word' id='word_1_243' title='bbox 485 3515 699 3569; x_wconf 87' lang='lat' dir='ltr'><strong>diabolo</strong></span> <span class='ocrx_word' id='word_1_244' title='bbox 729 3516 1022 3587; x_wconf 85' lang='lat' dir='ltr'><strong>instigante</strong></span> <span class='ocrx_word' id='word_1_245' title='bbox 1048 3517 1411 3588; x_wconf 86' lang='lat' dir='ltr'><strong>interruptum</strong></span> <span class='ocrx_word' id='word_1_246' title='bbox 1467 3524 1576 3578; x_wconf 87' lang='lat' dir='ltr'><strong>est,</strong></span> <span class='ocrx_word' id='word_1_247' title='bbox 1627 3524 1681 3570; x_wconf 87' lang='lat' dir='ltr'><strong>et</strong></span> <span class='ocrx_word' id='word_1_248' title='bbox 1717 3515 1912 3570; x_wconf 88' lang='lat' dir='ltr'><strong>iterum</strong></span> <span class='ocrx_word' id='word_1_249' title='bbox 1951 3516 2068 3570; x_wconf 87' lang='lat' dir='ltr'><strong>acie</strong></span> 
     </span>
    </p>
   </div>
   <div class='ocr_carea' id='block_1_38' title="bbox 484 3603 2067 3676">
    <p class='ocr_par' dir='ltr' id='par_1_38' title="bbox 484 3603 2067 3676">
     <span class='ocr_line' id='line_1_38' title="bbox 484 3603 2067 3676; baseline 0.003 -21"><span class='ocrx_word' id='word_1_250' title='bbox 484 3612 782 3673; x_wconf 89' lang='lat' dir='ltr'><strong>pugnatum</strong></span> <span class='ocrx_word' id='word_1_251' title='bbox 811 3612 914 3671; x_wconf 88' lang='lat' dir='ltr'><strong>est,</strong></span> <span class='ocrx_word' id='word_1_252' title='bbox 967 3605 1021 3659; x_wconf 91' lang='lat' dir='ltr'><strong>in</strong></span> <span class='ocrx_word' id='word_1_253' title='bbox 1074 3620 1182 3676; x_wconf 89' lang='lat' dir='ltr'><strong>qua</strong></span> <span class='ocrx_word' id='word_1_254' title='bbox 1236 3603 1403 3659; x_wconf 90' lang='lat' dir='ltr'><strong>multa</strong></span> <span class='ocrx_word' id='word_1_255' title='bbox 1455 3603 1622 3659; x_wconf 89' lang='lat' dir='ltr'><strong>millia</strong></span> <span class='ocrx_word' id='word_1_256' title='bbox 1670 3603 1948 3659; x_wconf 86' lang='lat' dir='ltr'><strong>hominum</strong></span> <span class='ocrx_word' id='word_1_257' title='bbox 2000 3619 2067 3660; x_wconf 83' lang='lat' dir='ltr'><strong>cx</strong></span> 
     </span>
    </p>
   </div>
   <div class='ocr_carea' id='block_1_39' title="bbox 483 3693 2067 3767">
    <p class='ocr_par' dir='ltr' id='par_1_39' title="bbox 483 3693 2067 3767">
     <span class='ocr_line' id='line_1_39' title="bbox 483 3693 2067 3767; baseline 0.001 -20"><span class='ocrx_word' id='word_1_258' title='bbox 483 3702 714 3764; x_wconf 83' lang='lat' dir='ltr'><strong>utraque</strong></span> <span class='ocrx_word' id='word_1_259' title='bbox 739 3702 893 3765; x_wconf 86' lang='lat' dir='ltr'><strong>parte</strong></span> <span class='ocrx_word' id='word_1_260' title='bbox 915 3694 1180 3767; x_wconf 87' lang='lat' dir='ltr'><strong>cecidere,</strong></span> <span class='ocrx_word' id='word_1_261' title='bbox 1195 3705 1251 3751; x_wconf 90' lang='lat' dir='ltr'><strong>et</strong></span> <span class='ocrx_word' id='word_1_262' title='bbox 1270 3696 1502 3750; x_wconf 77' lang='lat' dir='ltr'><strong>maxime</strong></span> <span class='ocrx_word' id='word_1_263' title='bbox 1525 3694 1888 3749; x_wconf 91' lang='lat' dir='ltr'><strong>Boemiorum.</strong></span> <span class='ocrx_word' id='word_1_264' title='bbox 1914 3693 2067 3760; x_wconf 80' lang='lat' dir='ltr'><strong>Quod</strong></span> 
     </span>
    </p>
   </div>
   <div class='ocr_carea' id='block_1_40' title="bbox 484 3786 2064 3857">
    <p class='ocr_par' dir='ltr' id='par_1_40' title="bbox 484 3786 2064 3857">
     <span class='ocr_line' id='line_1_40' title="bbox 484 3786 2064 3857; baseline 0.001 -18"><span class='ocrx_word' id='word_1_265' title='bbox 484 3794 545 3840; x_wconf 89' lang='lat' dir='ltr'><strong>ut</strong></span> <span class='ocrx_word' id='word_1_266' title='bbox 576 3800 728 3856; x_wconf 74' lang='lat' dir='ltr'><strong>papae</strong></span> <span class='ocrx_word' id='word_1_267' title='bbox 763 3786 1066 3841; x_wconf 90' lang='lat' dir='ltr'><strong>nuntiatum</strong></span> <span class='ocrx_word' id='word_1_268' title='bbox 1111 3797 1195 3842; x_wconf 90' lang='lat' dir='ltr'><strong>est</strong></span> <span class='ocrx_word' id='word_1_269' title='bbox 1248 3787 1299 3841; x_wconf 93' lang='lat' dir='ltr'><strong>in</strong></span> <span class='ocrx_word' id='word_1_270' title='bbox 1353 3786 1597 3856; x_wconf 89' lang='lat' dir='ltr'><strong>proxima</strong></span> <span class='ocrx_word' id='word_1_271' title='bbox 1649 3786 2064 3857; x_wconf 86' lang='lat' dir='ltr'><strong>quadragesima</strong></span> 
     </span>
    </p>
   </div>
   <div class='ocr_carea' id='block_1_41' title="bbox 486 3873 2068 3946">
    <p class='ocr_par' dir='ltr' id='par_1_41' title="bbox 486 3873 2068 3946">
     <span class='ocr_line' id='line_1_41' title="bbox 486 3873 2068 3946; baseline -0.001 -16"><span class='ocrx_word' id='word_1_272' title='bbox 486 3874 634 3945; x_wconf 87' lang='lat' dir='ltr'><strong>(nam</strong></span> <span class='ocrx_word' id='word_1_273' title='bbox 669 3876 721 3929; x_wconf 92' lang='lat' dir='ltr'><strong>in</strong></span> <span class='ocrx_word' id='word_1_274' title='bbox 763 3873 1055 3931; x_wconf 89' lang='lat' dir='ltr'><strong>festivitate</strong></span> <span class='ocrx_word' id='word_1_275' title='bbox 1080 3876 1139 3931; x_wconf 89' lang='lat' dir='ltr'><strong>S.</strong></span> <span class='ocrx_word' id='word_1_276' title='bbox 1167 3876 1393 3946; x_wconf 72' lang='lat' dir='ltr'><strong>Agathe:</strong></span> <span class='ocrx_word' id='word_1_277' title='bbox 1421 3877 1522 3931; x_wconf 93' lang='lat' dir='ltr'><strong>hoc</strong></span> <span class='ocrx_word' id='word_1_278' title='bbox 1551 3875 1931 3943; x_wconf 82' lang='lat' dir='ltr'><strong>gravissimum</strong></span> <span class='ocrx_word' id='word_1_279' title='bbox 1958 3875 2068 3929; x_wconf 89' lang='lat' dir='ltr'><strong>bel-</strong></span> 
     </span>
    </p>
   </div>
   <div class='ocr_carea' id='block_1_42' title="bbox 485 3966 2066 4039">
    <p class='ocr_par' dir='ltr' id='par_1_42' title="bbox 485 3966 2066 4039">
     <span class='ocr_line' id='line_1_42' title="bbox 485 3966 2066 4039; baseline 0.002 -20"><span class='ocrx_word' id='word_1_280' title='bbox 485 3966 600 4020; x_wconf 85' lang='lat' dir='ltr'><strong>lum</strong></span> <span class='ocrx_word' id='word_1_281' title='bbox 634 3967 984 4022; x_wconf 86' lang='lat' dir='ltr'><strong>commissum</strong></span> <span class='ocrx_word' id='word_1_282' title='bbox 1028 3968 1130 4038; x_wconf 90' lang='lat' dir='ltr'><strong>est)</strong></span> <span class='ocrx_word' id='word_1_283' title='bbox 1180 3967 1441 4037; x_wconf 81' lang='lat' dir='ltr'><strong>synodum</strong></span> <span class='ocrx_word' id='word_1_284' title='bbox 1470 3967 1835 4039; x_wconf 83' lang='lat' dir='ltr'><strong>congregavit,</strong></span> <span class='ocrx_word' id='word_1_285' title='bbox 1877 3967 1930 4022; x_wconf 91' lang='lat' dir='ltr'><strong>in</strong></span> <span class='ocrx_word' id='word_1_286' title='bbox 1960 3982 2066 4037; x_wconf 89' lang='lat' dir='ltr'><strong>qua</strong></span> 
     </span>
    </p>
   </div>
   <div class='ocr_carea' id='block_1_43' title="bbox 486 4056 2068 4128">
    <p class='ocr_par' dir='ltr' id='par_1_43' title="bbox 486 4056 2068 4128">
     <span class='ocr_line' id='line_1_43' title="bbox 486 4056 2068 4128; baseline 0 -18"><span class='ocrx_word' id='word_1_287' title='bbox 486 4058 774 4111; x_wconf 85' lang='lat' dir='ltr'><strong>amborum</strong></span> <span class='ocrx_word' id='word_1_288' title='bbox 814 4072 1001 4128; x_wconf 89' lang='lat' dir='ltr'><strong>regum</strong></span> <span class='ocrx_word' id='word_1_289' title='bbox 1042 4057 1213 4112; x_wconf 90' lang='lat' dir='ltr'><strong>nuntii</strong></span> <span class='ocrx_word' id='word_1_290' title='bbox 1245 4056 1561 4125; x_wconf 86' lang='lat' dir='ltr'><strong>interfuere,</strong></span> <span class='ocrx_word' id='word_1_291' title='bbox 1590 4058 1682 4127; x_wconf 90' lang='lat' dir='ltr'><strong>qui</strong></span> <span class='ocrx_word' id='word_1_292' title='bbox 1727 4056 1947 4128; x_wconf 88' lang='lat' dir='ltr'><strong>pr0prio</strong></span> <span class='ocrx_word' id='word_1_293' title='bbox 1971 4070 2068 4111; x_wconf 91' lang='lat' dir='ltr'><strong>ore</strong></span> 
     </span>
    </p>
   </div>
   <div class='ocr_carea' id='block_1_44' title="bbox 479 4142 2065 4217">
    <p class='ocr_par' dir='ltr' id='par_1_44' title="bbox 479 4142 2065 4217">
     <span class='ocr_line' id='line_1_44' title="bbox 479 4142 2065 4217; baseline 0.001 -17"><span class='ocrx_word' id='word_1_294' title='bbox 479 4142 735 4213; x_wconf 76' lang='lat' dir='ltr'><strong>iuravere</strong></span> <span class='ocrx_word' id='word_1_295' title='bbox 781 4145 1067 4202; x_wconf 83' lang='lat' dir='ltr'><strong>c‘oncilium</strong></span> <span class='ocrx_word' id='word_1_296' title='bbox 1118 4162 1222 4202; x_wconf 93' lang='lat' dir='ltr'><strong>non</strong></span> <span class='ocrx_word' id='word_1_297' title='bbox 1268 4147 1426 4217; x_wconf 89' lang='lat' dir='ltr'><strong>culpa</strong></span> <span class='ocrx_word' id='word_1_298' title='bbox 1456 4147 1795 4202; x_wconf 90' lang='lat' dir='ltr'><strong>dominorum</strong></span> <span class='ocrx_word' id='word_1_299' title='bbox 1844 4162 2065 4203; x_wconf 88' lang='lat' dir='ltr'><strong>suorum</strong></span> 
     </span>
    </p>
   </div>
   <div class='ocr_carea' id='block_1_45' title="bbox 486 4235 2065 4308">
    <p class='ocr_par' dir='ltr' id='par_1_45' title="bbox 486 4235 2065 4308">
     <span class='ocr_line' id='line_1_45' title="bbox 486 4235 2065 4308; baseline 0.001 -18"><span class='ocrx_word' id='word_1_300' title='bbox 486 4235 886 4307; x_wconf 89' lang='lat' dir='ltr'><strong>interruptum;</strong></span> <span class='ocrx_word' id='word_1_301' title='bbox 914 4236 1008 4293; x_wconf 88' lang='lat' dir='ltr'><strong>sed</strong></span> <span class='ocrx_word' id='word_1_302' title='bbox 1053 4238 1176 4307; x_wconf 90' lang='lat' dir='ltr'><strong>quis</strong></span> <span class='ocrx_word' id='word_1_303' title='bbox 1219 4252 1407 4292; x_wconf 89' lang='lat' dir='ltr'><strong>eorum</strong></span> <span class='ocrx_word' id='word_1_304' title='bbox 1436 4237 1598 4292; x_wconf 88' lang='lat' dir='ltr'><strong>fuerit</strong></span> <span class='ocrx_word' id='word_1_305' title='bbox 1632 4236 1903 4308; x_wconf 92' lang='lat' dir='ltr'><strong>perjurus,</strong></span> <span class='ocrx_word' id='word_1_306' title='bbox 1938 4237 2065 4307; x_wconf 84' lang='lat' dir='ltr'><strong>quia</strong></span> 
     </span>
    </p>
   </div>
   <div class='ocr_carea' id='block_1_46' title="bbox 484 4326 2066 4398">
    <p class='ocr_par' dir='ltr' id='par_1_46' title="bbox 484 4326 2066 4398">
     <span class='ocr_line' id='line_1_46' title="bbox 484 4326 2066 4398; baseline -0.001 -17"><span class='ocrx_word' id='word_1_307' title='bbox 484 4341 594 4383; x_wconf 87' lang='lat' dir='ltr'><strong>non</strong></span> <span class='ocrx_word' id='word_1_308' title='bbox 616 4327 754 4382; x_wconf 87' lang='lat' dir='ltr'><strong>satis</strong></span> <span class='ocrx_word' id='word_1_309' title='bbox 780 4336 1029 4398; x_wconf 83' lang='lat' dir='ltr'><strong>apparet,</strong></span> <span class='ocrx_word' id='word_1_310' title='bbox 1069 4328 1251 4383; x_wconf 89' lang='lat' dir='ltr'><strong>dicere</strong></span> <span class='ocrx_word' id='word_1_311' title='bbox 1280 4328 1493 4383; x_wconf 89' lang='lat' dir='ltr'><strong>omitto.</strong></span> <span class='ocrx_word' id='word_1_312' title='bbox 1530 4326 1636 4382; x_wconf 87' lang='lat' dir='ltr'><strong>Sed</strong></span> <span class='ocrx_word' id='word_1_313' title='bbox 1685 4327 1814 4397; x_wconf 91' lang='lat' dir='ltr'><strong>quid</strong></span> <span class='ocrx_word' id='word_1_314' title='bbox 1869 4326 2066 4397; x_wconf 89' lang='lat' dir='ltr'><strong>plura?</strong></span> 
     </span>
    </p>
   </div>
   <div class='ocr_carea' id='block_1_47' title="bbox 2168 527 3693 612">
    <p class='ocr_par' dir='ltr' id='par_1_47' title="bbox 2168 527 3693 612">
     <span class='ocr_line' id='line_1_47' title="bbox 2168 527 3693 612; baseline 0.013 -33"><span class='ocrx_word' id='word_1_315' title='bbox 2168 527 2295 580; x_wconf 91' lang='lat' dir='ltr'><strong>dum</strong></span> <span class='ocrx_word' id='word_1_316' title='bbox 2324 528 2400 582; x_wconf 88' lang='lat' dir='ltr'><strong>illi</strong></span> <span class='ocrx_word' id='word_1_317' title='bbox 2418 528 2600 586; x_wconf 86' lang='lat' dir='ltr'><strong>facere</strong></span> <span class='ocrx_word' id='word_1_318' title='bbox 2618 530 2938 599; x_wconf 85' lang='lat' dir='ltr'><strong>noluissent,</strong></span> <span class='ocrx_word' id='word_1_319' title='bbox 2958 532 3405 592; x_wconf 89' lang='lat' dir='ltr'><strong>interdicentibus</strong></span> <span class='ocrx_word' id='word_1_320' title='bbox 3428 542 3693 612; x_wconf 77' lang='lat' dir='ltr'><strong>canunibus,</strong></span> 
     </span>
    </p>
   </div>
   <div class='ocr_carea' id='block_1_48' title="bbox 2168 617 3695 705">
    <p class='ocr_par' dir='ltr' id='par_1_48' title="bbox 2168 617 3695 705">
     <span class='ocr_line' id='line_1_48' title="bbox 2168 617 3695 705; baseline 0.013 -34"><span class='ocrx_word' id='word_1_321' title='bbox 2168 617 2368 675; x_wconf 89' lang='lat' dir='ltr'><strong>infecto</strong></span> <span class='ocrx_word' id='word_1_322' title='bbox 2398 622 2617 691; x_wconf 83' lang='lat' dir='ltr'><strong>negotio</strong></span> <span class='ocrx_word' id='word_1_323' title='bbox 2646 622 2872 678; x_wconf 90' lang='lat' dir='ltr'><strong>Romam</strong></span> <span class='ocrx_word' id='word_1_324' title='bbox 2900 624 3128 681; x_wconf 89' lang='lat' dir='ltr'><strong>rediere.</strong></span> <span class='ocrx_word' id='word_1_325' title='bbox 3160 627 3363 682; x_wconf 89' lang='lat' dir='ltr'><strong>Iterum</strong></span> <span class='ocrx_word' id='word_1_326' title='bbox 3392 638 3506 685; x_wconf 83' lang='lat' dir='ltr'><strong>actu</strong></span> <span class='ocrx_word' id='word_1_327' title='bbox 3531 648 3695 705; x_wconf 84' lang='lat' dir='ltr'><strong>pugna-</strong></span> 
     </span>
    </p>
   </div>
   <div class='ocr_carea' id='block_1_49' title="bbox 2168 712 3698 794">
    <p class='ocr_par' dir='ltr' id='par_1_49' title="bbox 2168 712 3698 794">
     <span class='ocr_line' id='line_1_49' title="bbox 2168 712 3698 794; baseline 0.014 -34"><span class='ocrx_word' id='word_1_328' title='bbox 2168 713 2280 762; x_wconf 91' lang='lat' dir='ltr'><strong>tum</strong></span> <span class='ocrx_word' id='word_1_329' title='bbox 2306 718 2410 776; x_wconf 86' lang='lat' dir='ltr'><strong>est,</strong></span> <span class='ocrx_word' id='word_1_330' title='bbox 2442 718 2496 766; x_wconf 90' lang='lat' dir='ltr'><strong>et</strong></span> <span class='ocrx_word' id='word_1_331' title='bbox 2527 712 2694 767; x_wconf 84' lang='lat' dir='ltr'><strong>multa</strong></span> <span class='ocrx_word' id='word_1_332' title='bbox 2723 713 2889 769; x_wconf 86' lang='lat' dir='ltr'><strong>millia</strong></span> <span class='ocrx_word' id='word_1_333' title='bbox 2922 714 3201 771; x_wconf 87' lang='lat' dir='ltr'><strong>hominum</strong></span> <span class='ocrx_word' id='word_1_334' title='bbox 3239 732 3308 774; x_wconf 84' lang='lat' dir='ltr'><strong>ex</strong></span> <span class='ocrx_word' id='word_1_335' title='bbox 3345 726 3559 791; x_wconf 82' lang='lat' dir='ltr'><strong>utraque</strong></span> <span class='ocrx_word' id='word_1_336' title='bbox 3576 736 3698 794; x_wconf 82' lang='lat' dir='ltr'><strong>parte</strong></span> 
     </span>
    </p>
   </div>
   <div class='ocr_carea' id='block_1_50' title="bbox 2168 796 2428 855">
    <p class='ocr_par' dir='ltr' id='par_1_50' title="bbox 2168 796 2428 855">
     <span class='ocr_line' id='line_1_50' title="bbox 2168 796 2428 855; baseline 0.008 -3"><span class='ocrx_word' id='word_1_337' title='bbox 2168 796 2428 855; x_wconf 76' lang='lat' dir='ltr'><strong>cecidere.</strong></span> 
     </span>
    </p>
   </div>
   <div class='ocr_carea' id='block_1_51' title="bbox 2632 869 3292 942">
    <p class='ocr_par' dir='ltr' id='par_1_51' title="bbox 2632 869 3292 942">
     <span class='ocr_line' id='line_1_51' title="bbox 2632 869 3292 942; baseline 0.014 -18"><span class='ocrx_word' id='word_1_338' title='bbox 2632 869 2856 942; x_wconf 64' lang='lat' dir='ltr'><strong>Expficit</strong></span> <span class='ocrx_word' id='word_1_339' title='bbox 2889 873 3019 930; x_wconf 82' lang='lat' dir='ltr'><strong>liber</strong></span> <span class='ocrx_word' id='word_1_340' title='bbox 3055 886 3292 933; x_wconf 74' lang='lat' dir='ltr'><strong>octavus.</strong></span> 
     </span>
    </p>
   </div>
   <div class='ocr_carea' id='block_1_52' title="bbox 2555 1046 3371 1111">
    <p class='ocr_par' dir='ltr' id='par_1_52' title="bbox 2555 1046 3371 1111">
     <span class='ocr_line' id='line_1_52' title="bbox 2555 1046 3371 1111; baseline 0.01 -8"><span class='ocrx_word' id='word_1_341' title='bbox 2555 1046 2804 1105; x_wconf 80' lang='lat' dir='ltr'><strong>INCIPIT</strong></span> <span class='ocrx_word' id='word_1_342' title='bbox 2856 1049 3056 1108; x_wconf 82' lang='lat' dir='ltr'><strong>LIBER</strong></span> <span class='ocrx_word' id='word_1_343' title='bbox 3114 1053 3371 1111; x_wconf 84' lang='lat' dir='ltr'><strong>NONUS.</strong></span> 
     </span>
    </p>
   </div>
   <div class='ocr_carea' id='block_1_53' title="bbox 2239 1155 3705 1236">
    <p class='ocr_par' dir='ltr' id='par_1_53' title="bbox 2239 1155 3705 1236">
     <span class='ocr_line' id='line_1_53' title="bbox 2239 1155 3705 1236; baseline 0.012 -27"><span class='ocrx_word' id='word_1_344' title='bbox 2239 1155 2445 1210; x_wconf 87' lang='lat' dir='ltr'><strong>Interea</strong></span> <span class='ocrx_word' id='word_1_345' title='bbox 2483 1172 2575 1211; x_wconf 79' lang='lat' dir='ltr'><strong>rex</strong></span> <span class='ocrx_word' id='word_1_346' title='bbox 2630 1156 2917 1227; x_wconf 80' lang='lat' dir='ltr'><strong>Henricus,</strong></span> <span class='ocrx_word' id='word_1_347' title='bbox 2974 1162 3274 1219; x_wconf 85' lang='lat' dir='ltr'><strong>deliberata</strong></span> <span class='ocrx_word' id='word_1_348' title='bbox 3324 1166 3558 1236; x_wconf 83' lang='lat' dir='ltr'><strong>consilio,</strong></span> <span class='ocrx_word' id='word_1_349' title='bbox 3587 1170 3705 1227; x_wconf 85' lang='lat' dir='ltr'><strong>misit</strong></span> 
     </span>
    </p>
   </div>
   <div class='ocr_carea' id='block_1_54' title="bbox 2169 1242 3708 1315">
    <p class='ocr_par' dir='ltr' id='par_1_54' title="bbox 2169 1242 3708 1315">
     <span class='ocr_line' id='line_1_54' title="bbox 2169 1242 3708 1315; baseline 0.012 -18"><span class='ocrx_word' id='word_1_350' title='bbox 2169 1242 2355 1299; x_wconf 85' lang='lat' dir='ltr'><strong>Romae</strong></span> <span class='ocrx_word' id='word_1_351' title='bbox 2383 1243 2588 1314; x_wconf 90' lang='lat' dir='ltr'><strong>legatos</strong></span> <span class='ocrx_word' id='word_1_352' title='bbox 2619 1245 2906 1303; x_wconf 86' lang='lat' dir='ltr'><strong>Lemarum</strong></span> <span class='ocrx_word' id='word_1_353' title='bbox 2946 1250 3158 1308; x_wconf 89' lang='lat' dir='ltr'><strong>scilicet</strong></span> <span class='ocrx_word' id='word_1_354' title='bbox 3190 1250 3530 1310; x_wconf 87' lang='lat' dir='ltr'><strong>Bremensem</strong></span> <span class='ocrx_word' id='word_1_355' title='bbox 3558 1261 3708 1315; x_wconf 81' lang='lat' dir='ltr'><strong>archi-</strong></span> 
     </span>
    </p>
   </div>
   <div class='ocr_carea' id='block_1_55' title="bbox 2170 1336 3705 1409">
    <p class='ocr_par' dir='ltr' id='par_1_55' title="bbox 2170 1336 3705 1409">
     <span class='ocr_line' id='line_1_55' title="bbox 2170 1336 3705 1409; baseline 0.008 -18"><span class='ocrx_word' id='word_1_356' title='bbox 2170 1337 2503 1407; x_wconf 89' lang='lat' dir='ltr'><strong>episcopum,</strong></span> <span class='ocrx_word' id='word_1_357' title='bbox 2550 1336 2616 1391; x_wconf 91' lang='lat' dir='ltr'><strong>de</strong></span> <span class='ocrx_word' id='word_1_358' title='bbox 2659 1352 2765 1407; x_wconf 93' lang='lat' dir='ltr'><strong>quo</strong></span> <span class='ocrx_word' id='word_1_359' title='bbox 2822 1354 2985 1409; x_wconf 84' lang='lat' dir='ltr'><strong>supra</strong></span> <span class='ocrx_word' id='word_1_360' title='bbox 3040 1341 3355 1408; x_wconf 84' lang='lat' dir='ltr'><strong>retulimus,</strong></span> <span class='ocrx_word' id='word_1_361' title='bbox 3409 1354 3464 1401; x_wconf 88' lang='lat' dir='ltr'><strong>et</strong></span> <span class='ocrx_word' id='word_1_362' title='bbox 3499 1346 3705 1405; x_wconf 80' lang='lat' dir='ltr'><strong>Pabeha-</strong></span> 
     </span>
    </p>
   </div>
   <div class='ocr_carea' id='block_1_56' title="bbox 2169 1427 3708 1507">
    <p class='ocr_par' dir='ltr' id='par_1_56' title="bbox 2169 1427 3708 1507">
     <span class='ocr_line' id='line_1_56' title="bbox 2169 1427 3708 1507; baseline 0.009 -23"><span class='ocrx_word' id='word_1_363' title='bbox 2169 1427 2400 1484; x_wconf 88' lang='lat' dir='ltr'><strong>riensem</strong></span> <span class='ocrx_word' id='word_1_364' title='bbox 2429 1428 2739 1499; x_wconf 89' lang='lat' dir='ltr'><strong>episcopum</strong></span> <span class='ocrx_word' id='word_1_365' title='bbox 2781 1439 2838 1486; x_wconf 90' lang='lat' dir='ltr'><strong>ct</strong></span> <span class='ocrx_word' id='word_1_366' title='bbox 2879 1432 3016 1489; x_wconf 91' lang='lat' dir='ltr'><strong>alios</strong></span> <span class='ocrx_word' id='word_1_367' title='bbox 3056 1434 3708 1507; x_wconf 68' lang='lat' dir='ltr'><strong>quampiuressuperbiam</strong></span> 
     </span>
    </p>
   </div>
   <div class='ocr_carea' id='block_1_57' title="bbox 2169 1518 3710 1600">
    <p class='ocr_par' dir='ltr' id='par_1_57' title="bbox 2169 1518 3710 1600">
     <span class='ocr_line' id='line_1_57' title="bbox 2169 1518 3710 1600; baseline 0.007 -27"><span class='ocrx_word' id='word_1_368' title='bbox 2169 1527 2224 1573; x_wconf 90' lang='lat' dir='ltr'><strong>et</strong></span> <span class='ocrx_word' id='word_1_369' title='bbox 2254 1518 2553 1575; x_wconf 88' lang='lat' dir='ltr'><strong>inauditam</strong></span> <span class='ocrx_word' id='word_1_370' title='bbox 2588 1529 2866 1590; x_wconf 86' lang='lat' dir='ltr'><strong>portantes</strong></span> <span class='ocrx_word' id='word_1_371' title='bbox 2890 1522 3215 1593; x_wconf 83' lang='lat' dir='ltr'><strong>legationem</strong></span> <span class='ocrx_word' id='word_1_372' title='bbox 3248 1533 3309 1579; x_wconf 92' lang='lat' dir='ltr'><strong>ut</strong></span> <span class='ocrx_word' id='word_1_373' title='bbox 3341 1525 3386 1581; x_wconf 89' lang='lat' dir='ltr'><strong>si</strong></span> <span class='ocrx_word' id='word_1_374' title='bbox 3413 1526 3567 1582; x_wconf 82' lang='lat' dir='ltr'><strong>vellet</strong></span> <span class='ocrx_word' id='word_1_375' title='bbox 3600 1545 3710 1600; x_wconf 82' lang='lat' dir='ltr'><strong>papa</strong></span> 
     </span>
    </p>
   </div>
   <div class='ocr_carea' id='block_1_58' title="bbox 2170 1605 3708 1681">
    <p class='ocr_par' dir='ltr' id='par_1_58' title="bbox 2170 1605 3708 1681">
     <span class='ocr_line' id='line_1_58' title="bbox 2170 1605 3708 1681; baseline 0.008 -19"><span class='ocrx_word' id='word_1_376' title='bbox 2170 1605 2457 1662; x_wconf 88' lang='lat' dir='ltr'><strong>Rudolfum</strong></span> <span class='ocrx_word' id='word_1_377' title='bbox 2488 1607 2691 1678; x_wconf 90' lang='lat' dir='ltr'><strong>absque</strong></span> <span class='ocrx_word' id='word_1_378' title='bbox 2714 1608 2921 1678; x_wconf 89' lang='lat' dir='ltr'><strong>judicio</strong></span> <span class='ocrx_word' id='word_1_379' title='bbox 2964 1613 3464 1681; x_wconf 85' lang='lat' dir='ltr'><strong>excommunicare,</strong></span> <span class='ocrx_word' id='word_1_380' title='bbox 3507 1615 3708 1674; x_wconf 72' lang='lat' dir='ltr'><strong>debitam</strong></span> 
     </span>
    </p>
   </div>
   <div class='ocr_carea' id='block_1_59' title="bbox 2171 1698 3713 1776">
    <p class='ocr_par' dir='ltr' id='par_1_59' title="bbox 2171 1698 3713 1776">
     <span class='ocr_line' id='line_1_59' title="bbox 2171 1698 3713 1776; baseline 0.006 -22"><span class='ocrx_word' id='word_1_381' title='bbox 2171 1698 2218 1754; x_wconf 87' lang='lat' dir='ltr'><strong>ei</strong></span> <span class='ocrx_word' id='word_1_382' title='bbox 2267 1700 2533 1769; x_wconf 75' lang='lat' dir='ltr'><strong>praeberet</strong></span> <span class='ocrx_word' id='word_1_383' title='bbox 2583 1699 2986 1771; x_wconf 90' lang='lat' dir='ltr'><strong>obedientiam,</strong></span> <span class='ocrx_word' id='word_1_384' title='bbox 3044 1702 3127 1757; x_wconf 85' lang='lat' dir='ltr'><strong>sin</strong></span> <span class='ocrx_word' id='word_1_385' title='bbox 3182 1702 3387 1759; x_wconf 88' lang='lat' dir='ltr'><strong>aliter:</strong></span> <span class='ocrx_word' id='word_1_386' title='bbox 3443 1708 3713 1776; x_wconf 86' lang='lat' dir='ltr'><strong>acquireret</strong></span> 
     </span>
    </p>
   </div>
   <div class='ocr_carea' id='block_1_60' title="bbox 2097 1778 3709 1865">
    <p class='ocr_par' dir='ltr' id='par_1_60' title="bbox 2097 1778 3709 1865">
     <span class='ocr_line' id='line_1_60' title="bbox 2097 1778 3709 1865; baseline 0.006 -19"><span class='ocrx_word' id='word_1_387' title='bbox 2097 1778 2141 1838; x_wconf 83' lang='grc' dir='ltr'><strong>Β</strong></span> <span class='ocrx_word' id='word_1_388' title='bbox 2168 1791 2270 1847; x_wconf 91' lang='lat' dir='ltr'><strong>sibi</strong></span> <span class='ocrx_word' id='word_1_389' title='bbox 2297 1807 2511 1863; x_wconf 87' lang='lat' dir='ltr'><strong>papam,</strong></span> <span class='ocrx_word' id='word_1_390' title='bbox 2552 1797 2643 1865; x_wconf 92' lang='lat' dir='ltr'><strong>qui</strong></span> <span class='ocrx_word' id='word_1_391' title='bbox 2671 1794 2874 1849; x_wconf 87' lang='lat' dir='ltr'><strong>faceret</strong></span> <span class='ocrx_word' id='word_1_392' title='bbox 2899 1794 3197 1852; x_wconf 84' lang='lat' dir='ltr'><strong>secundum</strong></span> <span class='ocrx_word' id='word_1_393' title='bbox 3231 1809 3352 1865; x_wconf 80' lang='lat' dir='ltr'><strong>ejus</strong></span> <span class='ocrx_word' id='word_1_394' title='bbox 3396 1796 3709 1855; x_wconf 82' lang='lat' dir='ltr'><strong>voluntatem.</strong></span> 
     </span>
    </p>
   </div>
   <div class='ocr_carea' id='block_1_61' title="bbox 2174 1884 3711 1957">
    <p class='ocr_par' dir='ltr' id='par_1_61' title="bbox 2174 1884 3711 1957">
     <span class='ocr_line' id='line_1_61' title="bbox 2174 1884 3711 1957; baseline 0.003 -18"><span class='ocrx_word' id='word_1_395' title='bbox 2174 1884 2519 1942; x_wconf 79' lang='lat' dir='ltr'><strong>Venerabilis</strong></span> <span class='ocrx_word' id='word_1_396' title='bbox 2560 1898 2691 1943; x_wconf 91' lang='lat' dir='ltr'><strong>vero</strong></span> <span class='ocrx_word' id='word_1_397' title='bbox 2732 1884 2997 1955; x_wconf 84' lang='lat' dir='ltr'><strong>pontifex,</strong></span> <span class='ocrx_word' id='word_1_398' title='bbox 3039 1885 3131 1956; x_wconf 89' lang='lat' dir='ltr'><strong>qui</strong></span> <span class='ocrx_word' id='word_1_399' title='bbox 3182 1901 3281 1957; x_wconf 91' lang='lat' dir='ltr'><strong>pro</strong></span> <span class='ocrx_word' id='word_1_400' title='bbox 3336 1886 3559 1943; x_wconf 80' lang='lat' dir='ltr'><strong>veritate</strong></span> <span class='ocrx_word' id='word_1_401' title='bbox 3602 1890 3711 1945; x_wconf 83' lang='lat' dir='ltr'><strong>tuon&#39;</strong></span> 
     </span>
    </p>
   </div>
   <div class='ocr_carea' id='block_1_62' title="bbox 2165 1971 3711 2043">
    <p class='ocr_par' dir='ltr' id='par_1_62' title="bbox 2165 1971 3711 2043">
     <span class='ocr_line' id='line_1_62' title="bbox 2165 1971 3711 2043; baseline 0.003 -16"><span class='ocrx_word' id='word_1_402' title='bbox 2165 1980 2391 2043; x_wconf 88' lang='lat' dir='ltr'><strong>paratus</strong></span> <span class='ocrx_word' id='word_1_403' title='bbox 2424 1982 2575 2041; x_wconf 90' lang='lat' dir='ltr'><strong>erat,</strong></span> <span class='ocrx_word' id='word_1_404' title='bbox 2624 1989 2730 2030; x_wconf 90' lang='lat' dir='ltr'><strong>nou</strong></span> <span class='ocrx_word' id='word_1_405' title='bbox 2781 1973 2957 2029; x_wconf 90' lang='lat' dir='ltr'><strong>solum</strong></span> <span class='ocrx_word' id='word_1_406' title='bbox 3015 1971 3280 2030; x_wconf 87' lang='lat' dir='ltr'><strong>rationem</strong></span> <span class='ocrx_word' id='word_1_407' title='bbox 3333 1975 3711 2043; x_wconf 66' lang='lat' dir='ltr'><strong>prmtendentein</strong></span> 
     </span>
    </p>
   </div>
   <div class='ocr_carea' id='block_1_63' title="bbox 2168 2066 3709 2138">
    <p class='ocr_par' dir='ltr' id='par_1_63' title="bbox 2168 2066 3709 2138">
     <span class='ocr_line' id='line_1_63' title="bbox 2168 2066 3709 2138; baseline 0.003 -19"><span class='ocrx_word' id='word_1_408' title='bbox 2168 2081 2275 2121; x_wconf 91' lang='lat' dir='ltr'><strong>non</strong></span> <span class='ocrx_word' id='word_1_409' title='bbox 2299 2066 2703 2133; x_wconf 89' lang='lat' dir='ltr'><strong>condemnavit,</strong></span> <span class='ocrx_word' id='word_1_410' title='bbox 2737 2067 2831 2123; x_wconf 89' lang='lat' dir='ltr'><strong>sed</strong></span> <span class='ocrx_word' id='word_1_411' title='bbox 2863 2074 2920 2122; x_wconf 88' lang='lat' dir='ltr'><strong>et</strong></span> <span class='ocrx_word' id='word_1_412' title='bbox 2952 2066 3128 2137; x_wconf 90' lang='lat' dir='ltr'><strong>ipsum</strong></span> <span class='ocrx_word' id='word_1_413' title='bbox 3179 2081 3363 2137; x_wconf 84' lang='lat' dir='ltr'><strong>regem</strong></span> <span class='ocrx_word' id='word_1_414' title='bbox 3393 2069 3611 2138; x_wconf 85' lang='lat' dir='ltr'><strong>superbe</strong></span> <span class='ocrx_word' id='word_1_415' title='bbox 3646 2068 3709 2123; x_wconf 82' lang='lat' dir='ltr'><strong>lo-</strong></span> 
     </span>
    </p>
   </div>
   <div class='ocr_carea' id='block_1_64' title="bbox 2168 2157 3712 2230">
    <p class='ocr_par' dir='ltr' id='par_1_64' title="bbox 2168 2157 3712 2230">
     <span class='ocr_line' id='line_1_64' title="bbox 2168 2157 3712 2230; baseline 0.004 -20"><span class='ocrx_word' id='word_1_416' title='bbox 2168 2166 2422 2225; x_wconf 89' lang='lat' dir='ltr'><strong>quentem</strong></span> <span class='ocrx_word' id='word_1_417' title='bbox 2482 2157 2995 2213; x_wconf 79' lang='lat' dir='ltr'><strong>excommunicavit.</strong></span> <span class='ocrx_word' id='word_1_418' title='bbox 3064 2157 3218 2224; x_wconf 84' lang='lat' dir='ltr'><strong>Quod</strong></span> <span class='ocrx_word' id='word_1_419' title='bbox 3284 2157 3490 2215; x_wconf 88' lang='lat' dir='ltr'><strong>factum</strong></span> <span class='ocrx_word' id='word_1_420' title='bbox 3551 2161 3712 2230; x_wconf 81' lang='lat' dir='ltr'><strong>populo</strong></span> 
     </span>
    </p>
   </div>
   <div class='ocr_carea' id='block_1_65' title="bbox 2168 2247 3327 2319">
    <p class='ocr_par' dir='ltr' id='par_1_65' title="bbox 2168 2247 3327 2319">
     <span class='ocr_line' id='line_1_65' title="bbox 2168 2247 3327 2319; baseline 0.003 -17"><span class='ocrx_word' id='word_1_421' title='bbox 2168 2247 2415 2303; x_wconf 90' lang='lat' dir='ltr'><strong>Romano</strong></span> <span class='ocrx_word' id='word_1_422' title='bbox 2443 2263 2694 2319; x_wconf 89' lang='lat' dir='ltr'><strong>magnam</strong></span> <span class='ocrx_word' id='word_1_423' title='bbox 2724 2247 2869 2303; x_wconf 91' lang='lat' dir='ltr'><strong>dedit</strong></span> <span class='ocrx_word' id='word_1_424' title='bbox 2897 2247 3327 2305; x_wconf 85' lang='lat' dir='ltr'><strong>fluctuationem.</strong></span> 
     </span>
    </p>
   </div>
   <div class='ocr_carea' id='block_1_66' title="bbox 2237 2336 3713 2411">
    <p class='ocr_par' dir='ltr' id='par_1_66' title="bbox 2237 2336 3713 2411">
     <span class='ocr_line' id='line_1_66' title="bbox 2237 2336 3713 2411; baseline 0.003 -18"><span class='ocrx_word' id='word_1_425' title='bbox 2237 2336 2451 2394; x_wconf 87' lang='lat' dir='ltr'><strong>Interea</strong></span> <span class='ocrx_word' id='word_1_426' title='bbox 2489 2338 2702 2410; x_wconf 67' lang='lat' dir='ltr'><strong>praefati</strong></span> <span class='ocrx_word' id='word_1_427' title='bbox 2739 2338 2884 2411; x_wconf 88' lang='lat' dir='ltr'><strong>regis</strong></span> <span class='ocrx_word' id='word_1_428' title='bbox 2918 2336 3079 2410; x_wconf 89' lang='lat' dir='ltr'><strong>legati</strong></span> <span class='ocrx_word' id='word_1_429' title='bbox 3109 2340 3365 2396; x_wconf 86' lang='lat' dir='ltr'><strong>Tusciam</strong></span> <span class='ocrx_word' id='word_1_430' title='bbox 3396 2340 3650 2397; x_wconf 77' lang='lat' dir='ltr'><strong>venientes</strong></span> <span class='ocrx_word' id='word_1_431' title='bbox 3688 2359 3713 2397; x_wconf 87' lang='lat' dir='ltr'><strong>a</strong></span> 
     </span>
    </p>
   </div>
   <div class='ocr_carea' id='block_1_67' title="bbox 2169 2427 3715 2498">
    <p class='ocr_par' dir='ltr' id='par_1_67' title="bbox 2169 2427 3715 2498">
     <span class='ocr_line' id='line_1_67' title="bbox 2169 2427 3715 2498; baseline 0.002 -14"><span class='ocrx_word' id='word_1_432' title='bbox 2169 2427 2504 2498; x_wconf 79' lang='lat' dir='ltr'><strong>subjectione</strong></span> <span class='ocrx_word' id='word_1_433' title='bbox 2571 2429 3037 2486; x_wconf 73' lang='lat' dir='ltr'><strong>excellentissiman</strong></span> <span class='ocrx_word' id='word_1_434' title='bbox 3102 2431 3407 2486; x_wconf 73' lang='lat' dir='ltr'><strong>cometissre</strong></span> <span class='ocrx_word' id='word_1_435' title='bbox 3481 2429 3715 2488; x_wconf 81' lang='lat' dir='ltr'><strong>Matbildis</strong></span> 
     </span>
    </p>
   </div>
   <div class='ocr_carea' id='block_1_68' title="bbox 2168 2519 3714 2592">
    <p class='ocr_par' dir='ltr' id='par_1_68' title="bbox 2168 2519 3714 2592">
     <span class='ocr_line' id='line_1_68' title="bbox 2168 2519 3714 2592; baseline 0.001 -16"><span class='ocrx_word' id='word_1_436' title='bbox 2168 2521 2390 2576; x_wconf 90' lang='lat' dir='ltr'><strong>omnino</strong></span> <span class='ocrx_word' id='word_1_437' title='bbox 2418 2524 2757 2591; x_wconf 90' lang='lat' dir='ltr'><strong>temptabant</strong></span> <span class='ocrx_word' id='word_1_438' title='bbox 2784 2530 3051 2585; x_wconf 88' lang='lat' dir='ltr'><strong>avertere,</strong></span> <span class='ocrx_word' id='word_1_439' title='bbox 3106 2529 3162 2576; x_wconf 89' lang='lat' dir='ltr'><strong>et</strong></span> <span class='ocrx_word' id='word_1_440' title='bbox 3205 2521 3333 2590; x_wconf 84' lang='lat' dir='ltr'><strong>quia</strong></span> <span class='ocrx_word' id='word_1_441' title='bbox 3363 2519 3513 2592; x_wconf 82' lang='lat' dir='ltr'><strong>plebs</strong></span> <span class='ocrx_word' id='word_1_442' title='bbox 3538 2536 3714 2591; x_wconf 73' lang='lat' dir='ltr'><strong>semper</strong></span> 
     </span>
    </p>
   </div>
   <div class='ocr_carea' id='block_1_69' title="bbox 2170 2608 3710 2679">
    <p class='ocr_par' dir='ltr' id='par_1_69' title="bbox 2170 2608 3710 2679">
     <span class='ocr_line' id='line_1_69' title="bbox 2170 2608 3710 2679; baseline 0 -15"><span class='ocrx_word' id='word_1_443' title='bbox 2170 2609 2361 2679; x_wconf 88' lang='lat' dir='ltr'><strong>cupida</strong></span> <span class='ocrx_word' id='word_1_444' title='bbox 2416 2624 2680 2665; x_wconf 88' lang='lat' dir='ltr'><strong>novarum</strong></span> <span class='ocrx_word' id='word_1_445' title='bbox 2732 2623 2917 2665; x_wconf 87' lang='lat' dir='ltr'><strong>rerum</strong></span> <span class='ocrx_word' id='word_1_446' title='bbox 2967 2608 3133 2663; x_wconf 85' lang='lat' dir='ltr'><strong>infida</strong></span> <span class='ocrx_word' id='word_1_447' title='bbox 3182 2609 3462 2678; x_wconf 86' lang='lat' dir='ltr'><strong>prioribus</strong></span> <span class='ocrx_word' id='word_1_448' title='bbox 3500 2610 3710 2670; x_wconf 83' lang='lat' dir='ltr'><strong>dominis.</strong></span> 
     </span>
    </p>
   </div>
   <div class='ocr_carea' id='block_1_70' title="bbox 2172 2697 3716 2770">
    <p class='ocr_par' dir='ltr' id='par_1_70' title="bbox 2172 2697 3716 2770">
     <span class='ocr_line' id='line_1_70' title="bbox 2172 2697 3716 2770; baseline 0 -17"><span class='ocrx_word' id='word_1_449' title='bbox 2172 2708 2285 2753; x_wconf 90' lang='lat' dir='ltr'><strong>tum</strong></span> <span class='ocrx_word' id='word_1_450' title='bbox 2323 2699 2451 2769; x_wconf 89' lang='lat' dir='ltr'><strong>quia</strong></span> <span class='ocrx_word' id='word_1_451' title='bbox 2473 2699 2658 2755; x_wconf 90' lang='lat' dir='ltr'><strong>eadem</strong></span> <span class='ocrx_word' id='word_1_452' title='bbox 2689 2698 2862 2770; x_wconf 88' lang='lat' dir='ltr'><strong>plebs,</strong></span> <span class='ocrx_word' id='word_1_453' title='bbox 2904 2697 3228 2754; x_wconf 86' lang='lat' dir='ltr'><strong>naturaliter</strong></span> <span class='ocrx_word' id='word_1_454' title='bbox 3261 2698 3429 2755; x_wconf 77' lang='lat' dir='ltr'><strong>infida</strong></span> <span class='ocrx_word' id='word_1_455' title='bbox 3470 2709 3567 2763; x_wconf 87' lang='lat' dir='ltr'><strong>est,</strong></span> <span class='ocrx_word' id='word_1_456' title='bbox 3600 2701 3716 2769; x_wconf 82' lang='lat' dir='ltr'><strong>quod</strong></span> 
     </span>
    </p>
   </div>
   <div class='ocr_carea' id='block_1_71' title="bbox 2170 2784 3711 2861">
    <p class='ocr_par' dir='ltr' id='par_1_71' title="bbox 2170 2784 3711 2861">
     <span class='ocr_line' id='line_1_71' title="bbox 2170 2784 3711 2861; baseline 0.001 -16"><span class='ocrx_word' id='word_1_457' title='bbox 2170 2790 2480 2856; x_wconf 90' lang='lat' dir='ltr'><strong>voluerunt,</strong></span> <span class='ocrx_word' id='word_1_458' title='bbox 2518 2789 2774 2846; x_wconf 91' lang='lat' dir='ltr'><strong>facillime</strong></span> <span class='ocrx_word' id='word_1_459' title='bbox 2810 2788 2993 2845; x_wconf 83' lang='lat' dir='ltr'><strong>facere</strong></span> <span class='ocrx_word' id='word_1_460' title='bbox 3042 2784 3354 2861; x_wconf 87' lang='lat' dir='ltr'><strong>potuerunt.</strong></span> <span class='ocrx_word' id='word_1_461' title='bbox 3403 2790 3599 2846; x_wconf 89' lang='lat' dir='ltr'><strong>Dehinc</strong></span> <span class='ocrx_word' id='word_1_462' title='bbox 3637 2806 3711 2845; x_wconf 85' lang='lat' dir='ltr'><strong>ve-</strong></span> 
     </span>
    </p>
   </div>
   <div class='ocr_carea' id='block_1_72' title="bbox 2170 2880 3716 2950">
    <p class='ocr_par' dir='ltr' id='par_1_72' title="bbox 2170 2880 3716 2950">
     <span class='ocr_line' id='line_1_72' title="bbox 2170 2880 3716 2950; baseline -0.002 -14"><span class='ocrx_word' id='word_1_463' title='bbox 2170 2882 2384 2936; x_wconf 89' lang='lat' dir='ltr'><strong>nientes</strong></span> <span class='ocrx_word' id='word_1_464' title='bbox 2434 2880 2887 2950; x_wconf 87' lang='lat' dir='ltr'><strong>Longobardiam,</strong></span> <span class='ocrx_word' id='word_1_465' title='bbox 2923 2880 3111 2936; x_wconf 89' lang='lat' dir='ltr'><strong>relicto</strong></span> <span class='ocrx_word' id='word_1_466' title='bbox 3162 2882 3483 2937; x_wconf 83' lang='lat' dir='ltr'><strong>marchione</strong></span> <span class='ocrx_word' id='word_1_467' title='bbox 3532 2880 3716 2935; x_wconf 75' lang='lat' dir='ltr'><strong>Albcrio</strong></span> 
     </span>
    </p>
   </div>
   <div class='ocr_carea' id='block_1_73' title="bbox 2170 2969 3716 3039">
    <p class='ocr_par' dir='ltr' id='par_1_73' title="bbox 2170 2969 3716 3039">
     <span class='ocr_line' id='line_1_73' title="bbox 2170 2969 3716 3039; baseline -0.001 -14"><span class='ocrx_word' id='word_1_468' title='bbox 2170 2978 2226 3025; x_wconf 91' lang='lat' dir='ltr'><strong>et</strong></span> <span class='ocrx_word' id='word_1_469' title='bbox 2254 2969 2451 3025; x_wconf 90' lang='lat' dir='ltr'><strong>comite</strong></span> <span class='ocrx_word' id='word_1_470' title='bbox 2480 2970 2692 3026; x_wconf 88' lang='lat' dir='ltr'><strong>Bosone</strong></span> <span class='ocrx_word' id='word_1_471' title='bbox 2721 2971 2771 3024; x_wconf 93' lang='lat' dir='ltr'><strong>in</strong></span> <span class='ocrx_word' id='word_1_472' title='bbox 2802 2969 3044 3039; x_wconf 89' lang='lat' dir='ltr'><strong>partibus</strong></span> <span class='ocrx_word' id='word_1_473' title='bbox 3074 2969 3305 3035; x_wconf 67' lang='lat' dir='ltr'><strong>Tusciae,</strong></span> <span class='ocrx_word' id='word_1_474' title='bbox 3342 2984 3528 3025; x_wconf 80' lang='lat' dir='ltr'><strong>omnes</strong></span> <span class='ocrx_word' id='word_1_475' title='bbox 3557 2972 3716 3038; x_wconf 67' lang='lat' dir='ltr'><strong>princi-</strong></span> 
     </span>
    </p>
   </div>
   <div class='ocr_carea' id='block_1_74' title="bbox 2171 3060 3715 3134">
    <p class='ocr_par' dir='ltr' id='par_1_74' title="bbox 2171 3060 3715 3134">
     <span class='ocr_line' id='line_1_74' title="bbox 2171 3060 3715 3134; baseline -0.004 -13"><span class='ocrx_word' id='word_1_476' title='bbox 2171 3080 2268 3134; x_wconf 89' lang='lat' dir='ltr'><strong>pes</strong></span> <span class='ocrx_word' id='word_1_477' title='bbox 2298 3063 2771 3133; x_wconf 82' lang='lat' dir='ltr'><strong>Longobardorum</strong></span> <span class='ocrx_word' id='word_1_478' title='bbox 2799 3063 2865 3118; x_wconf 90' lang='lat' dir='ltr'><strong>ad</strong></span> <span class='ocrx_word' id='word_1_479' title='bbox 2891 3061 3217 3131; x_wconf 87' lang='lat' dir='ltr'><strong>colloquium</strong></span> <span class='ocrx_word' id='word_1_480' title='bbox 3268 3060 3565 3116; x_wconf 85' lang='lat' dir='ltr'><strong>invitantes</strong></span> <span class='ocrx_word' id='word_1_481' title='bbox 3601 3064 3715 3129; x_wconf 84' lang='lat' dir='ltr'><strong>apud</strong></span> 
     </span>
    </p>
   </div>
   <div class='ocr_carea' id='block_1_75' title="bbox 2170 3151 3715 3223">
    <p class='ocr_par' dir='ltr' id='par_1_75' title="bbox 2170 3151 3715 3223">
     <span class='ocr_line' id='line_1_75' title="bbox 2170 3151 3715 3223; baseline -0.003 -14"><span class='ocrx_word' id='word_1_482' title='bbox 2170 3153 2578 3210; x_wconf 84' lang='lat' dir='ltr'><strong>Brixianorium</strong></span> <span class='ocrx_word' id='word_1_483' title='bbox 2610 3152 2784 3209; x_wconf 91' lang='lat' dir='ltr'><strong>diviso</strong></span> <span class='ocrx_word' id='word_1_484' title='bbox 2835 3166 3003 3223; x_wconf 86' lang='lat' dir='ltr'><strong>regno</strong></span> <span class='ocrx_word' id='word_1_485' title='bbox 3045 3160 3101 3209; x_wconf 89' lang='lat' dir='ltr'><strong>et</strong></span> <span class='ocrx_word' id='word_1_486' title='bbox 3147 3151 3456 3207; x_wconf 86' lang='lat' dir='ltr'><strong>sacerdotio</strong></span> <span class='ocrx_word' id='word_1_487' title='bbox 3483 3153 3548 3207; x_wconf 80' lang='lat' dir='ltr'><strong>ad</strong></span> <span class='ocrx_word' id='word_1_488' title='bbox 3569 3166 3715 3223; x_wconf 81' lang='lat' dir='ltr'><strong>rcgeu</strong></span> 
     </span>
    </p>
   </div>
   <div class='ocr_carea' id='block_1_76' title="bbox 2171 3254 2502 3303">
    <p class='ocr_par' dir='ltr' id='par_1_76' title="bbox 2171 3254 2502 3303">
     <span class='ocr_line' id='line_1_76' title="bbox 2171 3254 2502 3303; baseline -0.006 -2"><span class='ocrx_word' id='word_1_489' title='bbox 2171 3254 2502 3303; x_wconf 87' lang='lat' dir='ltr'><strong>remearunt.</strong></span> 
     </span>
    </p>
   </div>
   <div class='ocr_carea' id='block_1_77' title="bbox 2238 3324 3715 3402">
    <p class='ocr_par' dir='ltr' id='par_1_77' title="bbox 2238 3324 3715 3402">
     <span class='ocr_line' id='line_1_77' title="bbox 2238 3324 3715 3402; baseline -0.003 -12"><span class='ocrx_word' id='word_1_490' title='bbox 2238 3324 2797 3390; x_wconf 28' lang='lat' dir='ltr'><strong>Interea-venerabilis</strong></span> <span class='ocrx_word' id='word_1_491' title='bbox 2831 3332 3073 3402; x_wconf 81' lang='lat' dir='ltr'><strong>pontifex</strong></span> <span class='ocrx_word' id='word_1_492' title='bbox 3101 3341 3225 3401; x_wconf 91' lang='lat' dir='ltr'><strong>post</strong></span> <span class='ocrx_word' id='word_1_493' title='bbox 3245 3331 3595 3389; x_wconf 86' lang='lat' dir='ltr'><strong>Pentecosten</strong></span> <span class='ocrx_word' id='word_1_494' title='bbox 3617 3346 3715 3386; x_wconf 65' lang='lat' dir='ltr'><strong>cum</strong></span> 
     </span>
    </p>
   </div>
   <div class='ocr_carea' id='block_1_78' title="bbox 2170 3422 3715 3493">
    <p class='ocr_par' dir='ltr' id='par_1_78' title="bbox 2170 3422 3715 3493">
     <span class='ocr_line' id='line_1_78' title="bbox 2170 3422 3715 3493; baseline -0.003 -14"><span class='ocrx_word' id='word_1_495' title='bbox 2170 3424 2412 3480; x_wconf 85' lang='lat' dir='ltr'><strong>Ruberto</strong></span> <span class='ocrx_word' id='word_1_496' title='bbox 2441 3423 2883 3479; x_wconf 73' lang='lat' dir='ltr'><strong>Marmannorum</strong></span> <span class='ocrx_word' id='word_1_497' title='bbox 2927 3424 3065 3477; x_wconf 91' lang='lat' dir='ltr'><strong>duce</strong></span> <span class='ocrx_word' id='word_1_498' title='bbox 3104 3422 3243 3477; x_wconf 88' lang='lat' dir='ltr'><strong>citra</strong></span> <span class='ocrx_word' id='word_1_499' title='bbox 3270 3423 3543 3493; x_wconf 86' lang='lat' dir='ltr'><strong>Aquinum</strong></span> <span class='ocrx_word' id='word_1_500' title='bbox 3566 3422 3715 3476; x_wconf 84' lang='lat' dir='ltr'><strong>habuit</strong></span> 
     </span>
    </p>
   </div>
   <div class='ocr_carea' id='block_1_79' title="bbox 2172 3511 3715 3589">
    <p class='ocr_par' dir='ltr' id='par_1_79' title="bbox 2172 3511 3715 3589">
     <span class='ocr_line' id='line_1_79' title="bbox 2172 3511 3715 3589; baseline -0.004 -19"><span class='ocrx_word' id='word_1_501' title='bbox 2172 3515 2423 3589; x_wconf 80' lang='lat' dir='ltr'><strong>[subaudi</strong></span> <span class='ocrx_word' id='word_1_502' title='bbox 2466 3514 2814 3583; x_wconf 91' lang='lat' dir='ltr'><strong>colloquium,</strong></span> <span class='ocrx_word' id='word_1_503' title='bbox 2847 3511 3005 3584; x_wconf 88' lang='lat' dir='ltr'><strong>etc.],</strong></span> <span class='ocrx_word' id='word_1_504' title='bbox 3052 3527 3286 3582; x_wconf 89' lang='lat' dir='ltr'><strong>eumque</strong></span> <span class='ocrx_word' id='word_1_505' title='bbox 3339 3513 3409 3567; x_wconf 89' lang='lat' dir='ltr'><strong>ab</strong></span> <span class='ocrx_word' id='word_1_506' title='bbox 3440 3527 3715 3567; x_wconf 75' lang='lat' dir='ltr'><strong>excommu-</strong></span> 
     </span>
    </p>
   </div>
   <div class='ocr_carea' id='block_1_80' title="bbox 2169 3599 3716 3673">
    <p class='ocr_par' dir='ltr' id='par_1_80' title="bbox 2169 3599 3716 3673">
     <span class='ocr_line' id='line_1_80' title="bbox 2169 3599 3716 3673; baseline -0.005 -12"><span class='ocrx_word' id='word_1_507' title='bbox 2169 3606 2439 3661; x_wconf 86' lang='lat' dir='ltr'><strong>nicatione</strong></span> <span class='ocrx_word' id='word_1_508' title='bbox 2487 3602 2735 3666; x_wconf 88' lang='lat' dir='ltr'><strong>absolvit,</strong></span> <span class='ocrx_word' id='word_1_509' title='bbox 2772 3604 2865 3672; x_wconf 91' lang='lat' dir='ltr'><strong>qui</strong></span> <span class='ocrx_word' id='word_1_510' title='bbox 2914 3602 3031 3671; x_wconf 89' lang='lat' dir='ltr'><strong>ejus</strong></span> <span class='ocrx_word' id='word_1_511' title='bbox 3080 3602 3333 3673; x_wconf 86' lang='lat' dir='ltr'><strong>proprius</strong></span> <span class='ocrx_word' id='word_1_512' title='bbox 3380 3601 3552 3656; x_wconf 86' lang='lat' dir='ltr'><strong>factus</strong></span> <span class='ocrx_word' id='word_1_513' title='bbox 3596 3599 3716 3655; x_wconf 79' lang='lat' dir='ltr'><strong>miles</strong></span> 
     </span>
    </p>
   </div>
   <div class='ocr_carea' id='block_1_81' title="bbox 2169 3692 3717 3765">
    <p class='ocr_par' dir='ltr' id='par_1_81' title="bbox 2169 3692 3717 3765">
     <span class='ocr_line' id='line_1_81' title="bbox 2169 3692 3717 3765; baseline -0.004 -14"><span class='ocrx_word' id='word_1_514' title='bbox 2169 3711 2384 3752; x_wconf 87' lang='lat' dir='ltr'><strong>omnem</strong></span> <span class='ocrx_word' id='word_1_515' title='bbox 2421 3695 2628 3765; x_wconf 70' lang='lat' dir='ltr'><strong>Apuliae</strong></span> <span class='ocrx_word' id='word_1_516' title='bbox 2670 3702 2725 3749; x_wconf 92' lang='lat' dir='ltr'><strong>et</strong></span> <span class='ocrx_word' id='word_1_517' title='bbox 2750 3692 3014 3749; x_wconf 73' lang='lat' dir='ltr'><strong>Calabria:</strong></span> <span class='ocrx_word' id='word_1_518' title='bbox 3040 3694 3109 3749; x_wconf 87' lang='lat' dir='ltr'><strong>ab</strong></span> <span class='ocrx_word' id='word_1_519' title='bbox 3138 3708 3204 3749; x_wconf 90' lang='lat' dir='ltr'><strong>eo</strong></span> <span class='ocrx_word' id='word_1_520' title='bbox 3260 3693 3503 3763; x_wconf 88' lang='lat' dir='ltr'><strong>suscepit</strong></span> <span class='ocrx_word' id='word_1_521' title='bbox 3548 3692 3717 3763; x_wconf 83' lang='lat' dir='ltr'><strong>princi-</strong></span> 
     </span>
    </p>
   </div>
   <div class='ocr_carea' id='block_1_82' title="bbox 2168 3795 2377 3856">
    <p class='ocr_par' dir='ltr' id='par_1_82' title="bbox 2168 3795 2377 3856">
     <span class='ocr_line' id='line_1_82' title="bbox 2168 3795 2377 3856; baseline -0.005 -16"><span class='ocrx_word' id='word_1_522' title='bbox 2168 3795 2377 3856; x_wconf 90' lang='lat' dir='ltr'><strong>patum.</strong></span> 
     </span>
    </p>
   </div>
   <div class='ocr_carea' id='block_1_83' title="bbox 2240 3873 3714 3947">
    <p class='ocr_par' dir='ltr' id='par_1_83' title="bbox 2240 3873 3714 3947">
     <span class='ocr_line' id='line_1_83' title="bbox 2240 3873 3714 3947; baseline -0.003 -15"><span class='ocrx_word' id='word_1_523' title='bbox 2240 3876 2375 3932; x_wconf 89' lang='lat' dir='ltr'><strong>Cum</strong></span> <span class='ocrx_word' id='word_1_524' title='bbox 2402 3876 2518 3930; x_wconf 73' lang='lat' dir='ltr'><strong>haec</strong></span> <span class='ocrx_word' id='word_1_525' title='bbox 2547 3884 2887 3947; x_wconf 87' lang='lat' dir='ltr'><strong>gererentur,</strong></span> <span class='ocrx_word' id='word_1_526' title='bbox 2912 3873 3396 3944; x_wconf 81' lang='lat' dir='ltr'><strong>Longobardnrum</strong></span> <span class='ocrx_word' id='word_1_527' title='bbox 3433 3873 3645 3945; x_wconf 85' lang='lat' dir='ltr'><strong>episcopi</strong></span> <span class='ocrx_word' id='word_1_528' title='bbox 3674 3881 3714 3928; x_wconf 86' lang='lat' dir='ltr'><strong>et</strong></span> 
     </span>
    </p>
   </div>
   <div class='ocr_carea' id='block_1_84' title="bbox 2166 3962 3715 4038">
    <p class='ocr_par' dir='ltr' id='par_1_84' title="bbox 2166 3962 3715 4038">
     <span class='ocr_line' id='line_1_84' title="bbox 2166 3962 3715 4038; baseline -0.004 -16"><span class='ocrx_word' id='word_1_529' title='bbox 2166 3967 2585 4038; x_wconf 89' lang='lat' dir='ltr'><strong>principcsapud</strong></span> <span class='ocrx_word' id='word_1_530' title='bbox 2601 3964 3333 4020; x_wconf 77' lang='lat' dir='ltr'><strong>Brixianoriumconveniunt</strong></span> <span class='ocrx_word' id='word_1_531' title='bbox 3353 3982 3366 4030; x_wconf 86' lang='lat'>;</span> <span class='ocrx_word' id='word_1_532' title='bbox 3386 3964 3528 4018; x_wconf 77' lang='lat' dir='ltr'><strong>haud</strong></span> <span class='ocrx_word' id='word_1_533' title='bbox 3539 3962 3715 4034; x_wconf 84' lang='lat' dir='ltr'><strong>segnius</strong></span> 
     </span>
    </p>
   </div>
   <div class='ocr_carea' id='block_1_85' title="bbox 2169 4055 3716 4127">
    <p class='ocr_par' dir='ltr' id='par_1_85' title="bbox 2169 4055 3716 4127">
     <span class='ocr_line' id='line_1_85' title="bbox 2169 4055 3716 4127; baseline -0.005 -13"><span class='ocrx_word' id='word_1_534' title='bbox 2169 4059 2242 4114; x_wconf 92' lang='lat' dir='ltr'><strong>ibi</strong></span> <span class='ocrx_word' id='word_1_535' title='bbox 2273 4072 2365 4113; x_wconf 82' lang='lat' dir='ltr'><strong>rex</strong></span> <span class='ocrx_word' id='word_1_536' title='bbox 2394 4057 2633 4113; x_wconf 91' lang='lat' dir='ltr'><strong>occurrit</strong></span> <span class='ocrx_word' id='word_1_537' title='bbox 2652 4074 2774 4113; x_wconf 89' lang='lat' dir='ltr'><strong>cum</strong></span> <span class='ocrx_word' id='word_1_538' title='bbox 2807 4058 2919 4112; x_wconf 90' lang='lat' dir='ltr'><strong>suis</strong></span> <span class='ocrx_word' id='word_1_539' title='bbox 2944 4056 3211 4127; x_wconf 87' lang='lat' dir='ltr'><strong>episcopis</strong></span> <span class='ocrx_word' id='word_1_540' title='bbox 3238 4071 3303 4112; x_wconf 88' lang='lat' dir='ltr'><strong>ac</strong></span> <span class='ocrx_word' id='word_1_541' title='bbox 3328 4055 3716 4111; x_wconf 84' lang='lat' dir='ltr'><strong>Ultramontanis</strong></span> 
     </span>
    </p>
   </div>
   <div class='ocr_carea' id='block_1_86' title="bbox 2167 4146 3713 4219">
    <p class='ocr_par' dir='ltr' id='par_1_86' title="bbox 2167 4146 3713 4219">
     <span class='ocr_line' id='line_1_86' title="bbox 2167 4146 3713 4219; baseline -0.003 -15"><span class='ocrx_word' id='word_1_542' title='bbox 2167 4150 2538 4219; x_wconf 87' lang='lat' dir='ltr'><strong>principibus,</strong></span> <span class='ocrx_word' id='word_1_543' title='bbox 2607 4149 2695 4203; x_wconf 91' lang='lat' dir='ltr'><strong>ubi</strong></span> <span class='ocrx_word' id='word_1_544' title='bbox 2768 4148 3172 4204; x_wconf 88' lang='lat' dir='ltr'><strong>communicato</strong></span> <span class='ocrx_word' id='word_1_545' title='bbox 3242 4148 3483 4218; x_wconf 89' lang='lat' dir='ltr'><strong>pessimo</strong></span> <span class='ocrx_word' id='word_1_546' title='bbox 3533 4146 3713 4203; x_wconf 76' lang='lat' dir='ltr'><strong>consilio</strong></span> 
     </span>
    </p>
   </div>
   <div class='ocr_carea' id='block_1_87' title="bbox 2168 4234 3712 4312">
    <p class='ocr_par' dir='ltr' id='par_1_87' title="bbox 2168 4234 3712 4312">
     <span class='ocr_line' id='line_1_87' title="bbox 2168 4234 3712 4312; baseline -0.005 -17"><span class='ocrx_word' id='word_1_547' title='bbox 2168 4241 2384 4312; x_wconf 86' lang='lat' dir='ltr'><strong>eligitur</strong></span> <span class='ocrx_word' id='word_1_548' title='bbox 2408 4238 2703 4294; x_wconf 87' lang='lat' dir='ltr'><strong>Guibertns</strong></span> <span class='ocrx_word' id='word_1_549' title='bbox 2741 4239 2794 4292; x_wconf 94' lang='lat' dir='ltr'><strong>in</strong></span> <span class='ocrx_word' id='word_1_550' title='bbox 2842 4238 3146 4292; x_wconf 86' lang='lat' dir='ltr'><strong>Romanum</strong></span> <span class='ocrx_word' id='word_1_551' title='bbox 3177 4236 3490 4307; x_wconf 87' lang='lat' dir='ltr'><strong>pontificem</strong></span> <span class='ocrx_word' id='word_1_552' title='bbox 3518 4251 3547 4290; x_wconf 85' lang='lat' dir='ltr'><strong>a</strong></span> <span class='ocrx_word' id='word_1_553' title='bbox 3574 4234 3712 4290; x_wconf 84' lang='lat' dir='ltr'><strong>consi-</strong></span> 
     </span>
    </p>
   </div>
   <div class='ocr_carea' id='block_1_88' title="bbox 2169 4327 3709 4400">
    <p class='ocr_par' dir='ltr' id='par_1_88' title="bbox 2169 4327 3709 4400">
     <span class='ocr_line' id='line_1_88' title="bbox 2169 4327 3709 4400; baseline -0.005 -13"><span class='ocrx_word' id='word_1_554' title='bbox 2169 4333 2410 4400; x_wconf 89' lang='lat' dir='ltr'><strong>milibus,</strong></span> <span class='ocrx_word' id='word_1_555' title='bbox 2440 4331 2587 4386; x_wconf 89' lang='lat' dir='ltr'><strong>nullo</strong></span> <span class='ocrx_word' id='word_1_556' title='bbox 2617 4330 2688 4385; x_wconf 90' lang='lat' dir='ltr'><strong>ibi</strong></span> <span class='ocrx_word' id='word_1_557' title='bbox 2722 4329 2967 4384; x_wconf 90' lang='lat' dir='ltr'><strong>Romano</strong></span> <span class='ocrx_word' id='word_1_558' title='bbox 2995 4338 3209 4384; x_wconf 90' lang='lat' dir='ltr'><strong>astante</strong></span> <span class='ocrx_word' id='word_1_559' title='bbox 3246 4328 3449 4384; x_wconf 91' lang='lat' dir='ltr'><strong>clerico</strong></span> <span class='ocrx_word' id='word_1_560' title='bbox 3480 4328 3561 4383; x_wconf 90' lang='lat' dir='ltr'><strong>vel</strong></span> <span class='ocrx_word' id='word_1_561' title='bbox 3584 4327 3709 4389; x_wconf 84' lang='lat' dir='ltr'><strong>laico,</strong></span> 
     </span>
    </p>
   </div>
   <div class='ocr_carea' id='block_1_89' title="bbox 484 4415 3711 4505">
    <p class='ocr_par' dir='ltr' id='par_1_89' title="bbox 484 4415 3711 4505">
     <span class='ocr_line' id='line_1_89' title="bbox 484 4415 3711 4505; baseline -0.001 -33"><span class='ocrx_word' id='word_1_562' title='bbox 484 4416 811 4472; x_wconf 81' lang='lat' dir='ltr'><strong>venerabilis</strong></span> <span class='ocrx_word' id='word_1_563' title='bbox 831 4418 1072 4487; x_wconf 81' lang='lat' dir='ltr'><strong>pontifex</strong></span> <span class='ocrx_word' id='word_1_564' title='bbox 1087 4417 1364 4488; x_wconf 87' lang='lat' dir='ltr'><strong>religiosos</strong></span> <span class='ocrx_word' id='word_1_565' title='bbox 1389 4417 1674 4488; x_wconf 88' lang='lat' dir='ltr'><strong>episcopos</strong></span> <span class='ocrx_word' id='word_1_566' title='bbox 1693 4417 1831 4471; x_wconf 91' lang='lat' dir='ltr'><strong>ultra</strong></span> <span class='ocrx_word' id='word_1_567' title='bbox 1855 4428 2064 4471; x_wconf 89' lang='lat' dir='ltr'><strong>montes</strong></span> <span class='ocrx_word' id='word_1_568' title='bbox 2094 4445 2145 4505; x_wconf 74' lang='grc' dir='ltr'>ο</span> <span class='ocrx_word' id='word_1_569' title='bbox 2172 4423 2496 4492; x_wconf 73' lang='lat' dir='ltr'><strong>prmsidente</strong></span> <span class='ocrx_word' id='word_1_570' title='bbox 2521 4423 2777 4477; x_wconf 69' lang='lat' dir='ltr'><strong>Romana:</strong></span> <span class='ocrx_word' id='word_1_571' title='bbox 2802 4419 3078 4476; x_wconf 66' lang='lat' dir='ltr'><strong>cathedra:</strong></span> <span class='ocrx_word' id='word_1_572' title='bbox 3111 4418 3411 4473; x_wconf 86' lang='lat' dir='ltr'><strong>venerabili</strong></span> <span class='ocrx_word' id='word_1_573' title='bbox 3442 4434 3572 4489; x_wconf 87' lang='lat' dir='ltr'><strong>papa</strong></span> <span class='ocrx_word' id='word_1_574' title='bbox 3607 4415 3711 4471; x_wconf 81' lang='lat' dir='ltr'><strong>Gre-</strong></span> 
     </span>
    </p>
   </div>
   <div class='ocr_carea' id='block_1_90' title="bbox 486 4507 2067 4580">
    <p class='ocr_par' dir='ltr' id='par_1_90' title="bbox 486 4507 2067 4580">
     <span class='ocr_line' id='line_1_90' title="bbox 486 4507 2067 4580; baseline -0.002 -17"><span class='ocrx_word' id='word_1_575' title='bbox 486 4507 706 4563; x_wconf 86' lang='lat' dir='ltr'><strong>mittere</strong></span> <span class='ocrx_word' id='word_1_576' title='bbox 734 4508 1039 4571; x_wconf 88' lang='lat' dir='ltr'><strong>destinavit,</strong></span> <span class='ocrx_word' id='word_1_577' title='bbox 1068 4508 1159 4577; x_wconf 88' lang='lat' dir='ltr'><strong>qui</strong></span> <span class='ocrx_word' id='word_1_578' title='bbox 1197 4507 1413 4580; x_wconf 86' lang='lat' dir='ltr'><strong>regibus</strong></span> <span class='ocrx_word' id='word_1_579' title='bbox 1439 4508 1846 4573; x_wconf 87' lang='lat' dir='ltr'><strong>interdicerent,</strong></span> <span class='ocrx_word' id='word_1_580' title='bbox 1872 4517 1933 4560; x_wconf 94' lang='lat' dir='ltr'><strong>ut</strong></span> <span class='ocrx_word' id='word_1_581' title='bbox 1961 4522 2067 4560; x_wconf 92' lang='lat' dir='ltr'><strong>non</strong></span> 
     </span>
    </p>
   </div>
   <div class='ocr_carea' id='block_1_91' title="bbox 486 4595 2061 4668">
    <p class='ocr_par' dir='ltr' id='par_1_91' title="bbox 486 4595 2061 4668">
     <span class='ocr_line' id='line_1_91' title="bbox 486 4595 2061 4668; baseline 0 -18"><span class='ocrx_word' id='word_1_582' title='bbox 486 4607 810 4668; x_wconf 89' lang='lat' dir='ltr'><strong>pugnarent,</strong></span> <span class='ocrx_word' id='word_1_583' title='bbox 833 4604 889 4653; x_wconf 89' lang='lat' dir='ltr'><strong>et</strong></span> <span class='ocrx_word' id='word_1_584' title='bbox 913 4597 1197 4668; x_wconf 85' lang='lat' dir='ltr'><strong>episcopos</strong></span> <span class='ocrx_word' id='word_1_585' title='bbox 1235 4598 1301 4651; x_wconf 91' lang='lat' dir='ltr'><strong>ad</strong></span> <span class='ocrx_word' id='word_1_586' title='bbox 1328 4596 1619 4652; x_wconf 89' lang='lat' dir='ltr'><strong>concilium</strong></span> <span class='ocrx_word' id='word_1_587' title='bbox 1654 4606 1941 4661; x_wconf 84' lang='lat' dir='ltr'><strong>vocarent;</strong></span> <span class='ocrx_word' id='word_1_588' title='bbox 1971 4595 2061 4650; x_wconf 80' lang='lat' dir='ltr'><strong>Pe-</strong></span> 
     </span>
    </p>
   </div>
   <div class='ocr_carea' id='block_1_92' title="bbox 491 4686 2070 4759">
    <p class='ocr_par' dir='ltr' id='par_1_92' title="bbox 491 4686 2070 4759">
     <span class='ocr_line' id='line_1_92' title="bbox 491 4686 2070 4759; baseline -0.002 -18"><span class='ocrx_word' id='word_1_589' title='bbox 491 4695 635 4741; x_wconf 90' lang='lat' dir='ltr'><strong>trum</strong></span> <span class='ocrx_word' id='word_1_590' title='bbox 664 4686 873 4742; x_wconf 92' lang='lat' dir='ltr'><strong>scilicet</strong></span> <span class='ocrx_word' id='word_1_591' title='bbox 914 4688 1223 4759; x_wconf 91' lang='lat' dir='ltr'><strong>episcopum</strong></span> <span class='ocrx_word' id='word_1_592' title='bbox 1254 4688 1613 4743; x_wconf 83' lang='lat' dir='ltr'><strong>Albanensem</strong></span> <span class='ocrx_word' id='word_1_593' title='bbox 1638 4687 1815 4741; x_wconf 86' lang='lat' dir='ltr'><strong>virum</strong></span> <span class='ocrx_word' id='word_1_594' title='bbox 1854 4686 2070 4757; x_wconf 88' lang='lat' dir='ltr'><strong>religio-</strong></span> 
     </span>
    </p>
   </div>
   <div class='ocr_carea' id='block_1_93' title="bbox 490 4777 2068 4850">
    <p class='ocr_par' dir='ltr' id='par_1_93' title="bbox 490 4777 2068 4850">
     <span class='ocr_line' id='line_1_93' title="bbox 490 4777 2068 4850; baseline 0 -19"><span class='ocrx_word' id='word_1_595' title='bbox 490 4777 788 4842; x_wconf 87' lang='lat' dir='ltr'><strong>sissimum,</strong></span> <span class='ocrx_word' id='word_1_596' title='bbox 825 4778 917 4849; x_wconf 92' lang='lat' dir='ltr'><strong>qui</strong></span> <span class='ocrx_word' id='word_1_597' title='bbox 969 4786 1095 4832; x_wconf 89' lang='lat' dir='ltr'><strong>ante</strong></span> <span class='ocrx_word' id='word_1_598' title='bbox 1137 4778 1507 4850; x_wconf 88' lang='lat' dir='ltr'><strong>episcopatum</strong></span> <span class='ocrx_word' id='word_1_599' title='bbox 1542 4778 1872 4846; x_wconf 87' lang='lat' dir='ltr'><strong>temporibus</strong></span> <span class='ocrx_word' id='word_1_600' title='bbox 1914 4792 2068 4847; x_wconf 85' lang='lat' dir='ltr'><strong>papae</strong></span> 
     </span>
    </p>
   </div>
   <div class='ocr_carea' id='block_1_94' title="bbox 486 4866 2068 4940">
    <p class='ocr_par' dir='ltr' id='par_1_94' title="bbox 486 4866 2068 4940">
     <span class='ocr_line' id='line_1_94' title="bbox 486 4866 2068 4940; baseline -0.003 -16"><span class='ocrx_word' id='word_1_601' title='bbox 486 4866 777 4924; x_wconf 80' lang='lat' dir='ltr'><strong>Alexandri</strong></span> <span class='ocrx_word' id='word_1_602' title='bbox 806 4884 873 4923; x_wconf 91' lang='lat' dir='ltr'><strong>ex</strong></span> <span class='ocrx_word' id='word_1_603' title='bbox 899 4878 1166 4940; x_wconf 64' lang='lat' dir='ltr'><strong>praecepto</strong></span> <span class='ocrx_word' id='word_1_604' title='bbox 1190 4869 1401 4924; x_wconf 88' lang='lat' dir='ltr'><strong>abbatis</strong></span> <span class='ocrx_word' id='word_1_605' title='bbox 1444 4869 1527 4923; x_wconf 89' lang='lat' dir='ltr'><strong>sui</strong></span> <span class='ocrx_word' id='word_1_606' title='bbox 1571 4876 1757 4923; x_wconf 87' lang='lat' dir='ltr'><strong>contra</strong></span> <span class='ocrx_word' id='word_1_607' title='bbox 1782 4868 2068 4939; x_wconf 85' lang='lat' dir='ltr'><strong>Symnnia-</strong></span> 
     </span>
    </p>
   </div>
   <div class='ocr_carea' id='block_1_95' title="bbox 486 4955 2067 5029">
    <p class='ocr_par' dir='ltr' id='par_1_95' title="bbox 486 4955 2067 5029">
     <span class='ocr_line' id='line_1_95' title="bbox 486 4955 2067 5029; baseline -0.001 -17"><span class='ocrx_word' id='word_1_608' title='bbox 486 4970 608 5012; x_wconf 83' lang='lat' dir='ltr'><strong>eam</strong></span> <span class='ocrx_word' id='word_1_609' title='bbox 637 4970 735 5026; x_wconf 90' lang='lat' dir='ltr'><strong>per</strong></span> <span class='ocrx_word' id='word_1_610' title='bbox 758 4959 964 5012; x_wconf 85' lang='lat' dir='ltr'><strong>meuios</strong></span> <span class='ocrx_word' id='word_1_611' title='bbox 986 4957 1139 5028; x_wconf 76' lang='lat' dir='ltr'><strong>ignee</strong></span> <span class='ocrx_word' id='word_1_612' title='bbox 1172 4958 1420 5013; x_wconf 88' lang='lat' dir='ltr'><strong>transivit</strong></span> <span class='ocrx_word' id='word_1_613' title='bbox 1449 4957 1643 5013; x_wconf 63' lang='lat' dir='ltr'><strong>illaesus</strong></span> <span class='ocrx_word' id='word_1_614' title='bbox 1680 4957 1814 5029; x_wconf 79' lang='grc'><strong>(51),</strong></span> <span class='ocrx_word' id='word_1_615' title='bbox 1859 4966 1915 5011; x_wconf 91' lang='lat' dir='ltr'><strong>et</strong></span> <span class='ocrx_word' id='word_1_616' title='bbox 1959 4955 2067 5011; x_wconf 90' lang='lat' dir='ltr'><strong>Ou-</strong></span> 
     </span>
    </p>
   </div>
   <div class='ocr_carea' id='block_1_96' title="bbox 488 5046 2066 5119">
    <p class='ocr_par' dir='ltr' id='par_1_96' title="bbox 488 5046 2066 5119">
     <span class='ocr_line' id='line_1_96' title="bbox 488 5046 2066 5119; baseline 0.001 -18"><span class='ocrx_word' id='word_1_617' title='bbox 488 5046 748 5103; x_wconf 85' lang='lat' dir='ltr'><strong>dalrieum</strong></span> <span class='ocrx_word' id='word_1_618' title='bbox 802 5048 1117 5103; x_wconf 86' lang='lat' dir='ltr'><strong>Paduanum</strong></span> <span class='ocrx_word' id='word_1_619' title='bbox 1164 5049 1473 5119; x_wconf 83' lang='lat' dir='ltr'><strong>episcopum</strong></span> <span class='ocrx_word' id='word_1_620' title='bbox 1527 5050 1700 5103; x_wconf 86' lang='lat' dir='ltr'><strong>virum</strong></span> <span class='ocrx_word' id='word_1_621' title='bbox 1751 5048 1904 5103; x_wconf 88' lang='lat' dir='ltr'><strong>valde</strong></span> <span class='ocrx_word' id='word_1_622' title='bbox 1950 5048 2066 5103; x_wconf 86' lang='lat' dir='ltr'><strong>elo-</strong></span> 
     </span>
    </p>
   </div>
   <div class='ocr_carea' id='block_1_97' title="bbox 487 5135 2062 5207">
    <p class='ocr_par' dir='ltr' id='par_1_97' title="bbox 487 5135 2062 5207">
     <span class='ocr_line' id='line_1_97' title="bbox 487 5135 2062 5207; baseline 0.001 -19"><span class='ocrx_word' id='word_1_623' title='bbox 487 5135 902 5205; x_wconf 89' lang='lat' dir='ltr'><strong>quentissimum</strong></span> <span class='ocrx_word' id='word_1_624' title='bbox 930 5146 986 5190; x_wconf 92' lang='lat' dir='ltr'><strong>et</strong></span> <span class='ocrx_word' id='word_1_625' title='bbox 1034 5136 1290 5191; x_wconf 85' lang='lat' dir='ltr'><strong>lleinrico</strong></span> <span class='ocrx_word' id='word_1_626' title='bbox 1322 5138 1434 5207; x_wconf 88' lang='lat' dir='ltr'><strong>regi</strong></span> <span class='ocrx_word' id='word_1_627' title='bbox 1485 5138 1618 5191; x_wconf 88' lang='lat' dir='ltr'><strong>satis</strong></span> <span class='ocrx_word' id='word_1_628' title='bbox 1671 5135 2062 5203; x_wconf 84' lang='lat' dir='ltr'><strong>fidelissimum,</strong></span> 
     </span>
    </p>
   </div>
   <div class='ocr_carea' id='block_1_98' title="bbox 486 5225 2066 5298">
    <p class='ocr_par' dir='ltr' id='par_1_98' title="bbox 486 5225 2066 5298">
     <span class='ocr_line' id='line_1_98' title="bbox 486 5225 2066 5298; baseline 0.003 -20"><span class='ocrx_word' id='word_1_629' title='bbox 486 5232 538 5278; x_wconf 91' lang='lat' dir='ltr'><strong>et</strong></span> <span class='ocrx_word' id='word_1_630' title='bbox 566 5225 967 5295; x_wconf 85' lang='lat' dir='ltr'><strong>Aquileiensem</strong></span> <span class='ocrx_word' id='word_1_631' title='bbox 996 5226 1389 5295; x_wconf 88' lang='lat' dir='ltr'><strong>patriarcham,</strong></span> <span class='ocrx_word' id='word_1_632' title='bbox 1414 5228 1507 5297; x_wconf 88' lang='lat' dir='ltr'><strong>qui</strong></span> <span class='ocrx_word' id='word_1_633' title='bbox 1542 5226 1700 5298; x_wconf 85' lang='lat' dir='ltr'><strong>Alpes</strong></span> <span class='ocrx_word' id='word_1_634' title='bbox 1725 5236 2066 5283; x_wconf 86' lang='lat' dir='ltr'><strong>transeuntes</strong></span> 
     </span>
    </p>
   </div>
   <div class='ocr_carea' id='block_1_99' title="bbox 484 5316 2064 5389">
    <p class='ocr_par' dir='ltr' id='par_1_99' title="bbox 484 5316 2064 5389">
     <span class='ocr_line' id='line_1_99' title="bbox 484 5316 2064 5389; baseline 0 -16"><span class='ocrx_word' id='word_1_635' title='bbox 484 5330 667 5387; x_wconf 82' lang='lat' dir='ltr'><strong>regem</strong></span> <span class='ocrx_word' id='word_1_636' title='bbox 708 5318 762 5373; x_wconf 92' lang='lat' dir='ltr'><strong>in</strong></span> <span class='ocrx_word' id='word_1_637' title='bbox 797 5316 1045 5389; x_wconf 85' lang='lat' dir='ltr'><strong>Bajoaria</strong></span> <span class='ocrx_word' id='word_1_638' title='bbox 1071 5319 1369 5383; x_wconf 89' lang='lat' dir='ltr'><strong>inveniunt,</strong></span> <span class='ocrx_word' id='word_1_639' title='bbox 1393 5320 1488 5374; x_wconf 89' lang='lat' dir='ltr'><strong>sed</strong></span> <span class='ocrx_word' id='word_1_640' title='bbox 1515 5333 1690 5389; x_wconf 89' lang='lat' dir='ltr'><strong>neque</strong></span> <span class='ocrx_word' id='word_1_641' title='bbox 1718 5319 2064 5388; x_wconf 63' lang='lat' dir='ltr'><strong>supplicatio-</strong></span> 
     </span>
    </p>
   </div>
   <div class='ocr_carea' id='block_1_100' title="bbox 484 5408 2066 5482">
    <p class='ocr_par' dir='ltr' id='par_1_100' title="bbox 484 5408 2066 5482">
     <span class='ocr_line' id='line_1_100' title="bbox 484 5408 2066 5482; baseline 0.001 -20"><span class='ocrx_word' id='word_1_642' title='bbox 484 5408 644 5464; x_wconf 88' lang='lat' dir='ltr'><strong>nibus</strong></span> <span class='ocrx_word' id='word_1_643' title='bbox 666 5424 841 5482; x_wconf 90' lang='lat' dir='ltr'><strong>neque</strong></span> <span class='ocrx_word' id='word_1_644' title='bbox 868 5409 1118 5480; x_wconf 89' lang='lat' dir='ltr'><strong>precibus</strong></span> <span class='ocrx_word' id='word_1_645' title='bbox 1144 5424 1318 5481; x_wconf 90' lang='lat' dir='ltr'><strong>neque</strong></span> <span class='ocrx_word' id='word_1_646' title='bbox 1344 5408 1523 5479; x_wconf 89' lang='lat' dir='ltr'><strong>aliqua</strong></span> <span class='ocrx_word' id='word_1_647' title='bbox 1553 5411 1743 5479; x_wconf 83' lang='lat' dir='ltr'><strong>quavis</strong></span> <span class='ocrx_word' id='word_1_648' title='bbox 1769 5409 2066 5464; x_wconf 80' lang='lat' dir='ltr'><strong>calliditate</strong></span> 
     </span>
    </p>
   </div>
   <div class='ocr_carea' id='block_1_101' title="bbox 484 5501 2062 5572">
    <p class='ocr_par' dir='ltr' id='par_1_101' title="bbox 484 5501 2062 5572">
     <span class='ocr_line' id='line_1_101' title="bbox 484 5501 2062 5572; baseline 0.002 -19"><span class='ocrx_word' id='word_1_649' title='bbox 484 5510 779 5568; x_wconf 84' lang='lat' dir='ltr'><strong>potuerunt</strong></span> <span class='ocrx_word' id='word_1_650' title='bbox 816 5501 1048 5570; x_wconf 85' lang='lat' dir='ltr'><strong>efﬁcere,</strong></span> <span class='ocrx_word' id='word_1_651' title='bbox 1081 5511 1140 5558; x_wconf 91' lang='lat' dir='ltr'><strong>ut</strong></span> <span class='ocrx_word' id='word_1_652' title='bbox 1169 5501 1433 5572; x_wconf 82' lang='lat' dir='ltr'><strong>synodum</strong></span> <span class='ocrx_word' id='word_1_653' title='bbox 1465 5509 1744 5569; x_wconf 88' lang='lat' dir='ltr'><strong>pateretur</strong></span> <span class='ocrx_word' id='word_1_654' title='bbox 1787 5517 1879 5555; x_wconf 75' lang='lat' dir='ltr'><strong>rex</strong></span> <span class='ocrx_word' id='word_1_655' title='bbox 1925 5502 2062 5556; x_wconf 82' lang='lat' dir='ltr'><strong>Hen-</strong></span> 
     </span>
    </p>
   </div>
   <div class='ocr_carea' id='block_1_102' title="bbox 486 5592 2061 5663">
    <p class='ocr_par' dir='ltr' id='par_1_102' title="bbox 486 5592 2061 5663">
     <span class='ocr_line' id='line_1_102' title="bbox 486 5592 2061 5663; baseline 0.003 -21"><span class='ocrx_word' id='word_1_656' title='bbox 486 5592 633 5645; x_wconf 87' lang='lat' dir='ltr'><strong>ricus</strong></span> <span class='ocrx_word' id='word_1_657' title='bbox 681 5592 733 5645; x_wconf 93' lang='lat' dir='ltr'><strong>in</strong></span> <span class='ocrx_word' id='word_1_658' title='bbox 772 5609 871 5648; x_wconf 85' lang='lat' dir='ltr'><strong>suo</strong></span> <span class='ocrx_word' id='word_1_659' title='bbox 916 5608 1011 5649; x_wconf 89' lang='lat' dir='ltr'><strong>eos</strong></span> <span class='ocrx_word' id='word_1_660' title='bbox 1067 5609 1234 5663; x_wconf 89' lang='lat' dir='ltr'><strong>regno</strong></span> <span class='ocrx_word' id='word_1_661' title='bbox 1290 5592 1584 5656; x_wconf 88' lang='lat' dir='ltr'><strong>celebrare,</strong></span> <span class='ocrx_word' id='word_1_662' title='bbox 1629 5593 1684 5647; x_wconf 93' lang='lat' dir='ltr'><strong>ni</strong></span> <span class='ocrx_word' id='word_1_663' title='bbox 1737 5592 2061 5648; x_wconf 90' lang='lat' dir='ltr'><strong>Ruodulfum</strong></span> 
     </span>
    </p>
   </div>
   <div class='ocr_carea' id='block_1_103' title="bbox 562 5700 1609 5771">
    <p class='ocr_par' dir='ltr' id='par_1_103' title="bbox 562 5700 1609 5771">
     <span class='ocr_line' id='line_1_103' title="bbox 562 5700 1609 5771; baseline 0.002 -19"><span class='ocrx_word' id='word_1_664' title='bbox 562 5700 671 5771; x_wconf 79' lang='lat'><strong>(5|)</strong></span> <span class='ocrx_word' id='word_1_665' title='bbox 713 5701 865 5757; x_wconf 90' lang='lat' dir='ltr'><strong>Unde</strong></span> <span class='ocrx_word' id='word_1_666' title='bbox 896 5710 949 5757; x_wconf 89' lang='lat' dir='ltr'><strong>et</strong></span> <span class='ocrx_word' id='word_1_667' title='bbox 972 5701 1167 5758; x_wconf 87' lang='lat' dir='ltr'><strong>Petrus</strong></span> <span class='ocrx_word' id='word_1_668' title='bbox 1196 5700 1388 5769; x_wconf 86' lang='lat' dir='ltr'><strong>lgneus</strong></span> <span class='ocrx_word' id='word_1_669' title='bbox 1418 5701 1609 5755; x_wconf 87' lang='lat' dir='ltr'><strong>dictus.</strong></span> 
     </span>
    </p>
   </div>
   <div class='ocr_carea' id='block_1_104' title="bbox 2170 4506 3709 4584">
    <p class='ocr_par' dir='ltr' id='par_1_104' title="bbox 2170 4506 3709 4584">
     <span class='ocr_line' id='line_1_104' title="bbox 2170 4506 3709 4584; baseline -0.006 -17"><span class='ocrx_word' id='word_1_670' title='bbox 2170 4511 2443 4584; x_wconf 59' lang='lat' dir='ltr'><strong>gorio,’qui</strong></span> <span class='ocrx_word' id='word_1_671' title='bbox 2460 4512 2569 4581; x_wconf 84' lang='lat' dir='ltr'><strong>jam</strong></span> <span class='ocrx_word' id='word_1_672' title='bbox 2597 4525 2692 4579; x_wconf 85' lang='lat' dir='ltr'><strong>per</strong></span> <span class='ocrx_word' id='word_1_673' title='bbox 2714 4508 3140 4579; x_wconf 81' lang='lat' dir='ltr'><strong>quinquennium</strong></span> <span class='ocrx_word' id='word_1_674' title='bbox 3165 4506 3217 4560; x_wconf 90' lang='lat' dir='ltr'><strong>in</strong></span> <span class='ocrx_word' id='word_1_675' title='bbox 3240 4523 3376 4578; x_wconf 87' lang='lat' dir='ltr'><strong>pace</strong></span> <span class='ocrx_word' id='word_1_676' title='bbox 3399 4506 3709 4563; x_wconf 79' lang='lat' dir='ltr'><strong>universalem</strong></span> 
     </span>
    </p>
   </div>
   <div class='ocr_carea' id='block_1_105' title="bbox 2169 4596 3709 4664">
    <p class='ocr_par' dir='ltr' id='par_1_105' title="bbox 2169 4596 3709 4664">
     <span class='ocr_line' id='line_1_105' title="bbox 2169 4596 3709 4664; baseline -0.005 -9"><span class='ocrx_word' id='word_1_677' title='bbox 2169 4608 2382 4656; x_wconf 83' lang='lat' dir='ltr'><strong>rexerat</strong></span> <span class='ocrx_word' id='word_1_678' title='bbox 2422 4598 2735 4654; x_wconf 87' lang='lat' dir='ltr'><strong>Ecclesiam.</strong></span> <span class='ocrx_word' id='word_1_679' title='bbox 2778 4599 2930 4664; x_wconf 86' lang='lat' dir='ltr'><strong>Quod</strong></span> <span class='ocrx_word' id='word_1_680' title='bbox 2956 4596 3154 4653; x_wconf 89' lang='lat' dir='ltr'><strong>factum</strong></span> <span class='ocrx_word' id='word_1_681' title='bbox 3181 4596 3512 4652; x_wconf 87' lang='lat' dir='ltr'><strong>diabolicum</strong></span> <span class='ocrx_word' id='word_1_682' title='bbox 3534 4613 3627 4651; x_wconf 90' lang='lat' dir='ltr'><strong>non</strong></span> <span class='ocrx_word' id='word_1_683' title='bbox 3651 4603 3709 4649; x_wconf 82' lang='lat' dir='ltr'><strong>est</strong></span> 
     </span>
    </p>
   </div>
   <div class='ocr_carea' id='block_1_106' title="bbox 2169 4685 3709 4761">
    <p class='ocr_par' dir='ltr' id='par_1_106' title="bbox 2169 4685 3709 4761">
     <span class='ocr_line' id='line_1_106' title="bbox 2169 4685 3709 4761; baseline -0.003 -18"><span class='ocrx_word' id='word_1_684' title='bbox 2169 4690 2410 4743; x_wconf 86' lang='lat' dir='ltr'><strong>auditum</strong></span> <span class='ocrx_word' id='word_1_685' title='bbox 2441 4703 2470 4742; x_wconf 89' lang='lat' dir='ltr'><strong>a</strong></span> <span class='ocrx_word' id='word_1_686' title='bbox 2501 4690 2608 4754; x_wconf 90' lang='lat' dir='ltr'><strong>die,</strong></span> <span class='ocrx_word' id='word_1_687' title='bbox 2637 4704 2740 4758; x_wconf 84' lang='lat' dir='ltr'><strong>qua</strong></span> <span class='ocrx_word' id='word_1_688' title='bbox 2771 4699 2958 4761; x_wconf 87' lang='lat' dir='ltr'><strong>gentes</strong></span> <span class='ocrx_word' id='word_1_689' title='bbox 2985 4706 3104 4747; x_wconf 88' lang='lat' dir='ltr'><strong>esse</strong></span> <span class='ocrx_word' id='word_1_690' title='bbox 3133 4700 3439 4761; x_wconf 59' lang='lat' dir='ltr'><strong>coeperunt,</strong></span> <span class='ocrx_word' id='word_1_691' title='bbox 3472 4704 3626 4758; x_wconf 88' lang='lat' dir='ltr'><strong>usque</strong></span> <span class='ocrx_word' id='word_1_692' title='bbox 3660 4685 3709 4738; x_wconf 84' lang='lat' dir='ltr'><strong>ad</strong></span> 
     </span>
    </p>
   </div>
   <div class='ocr_carea' id='block_1_107' title="bbox 2168 4781 3708 4853">
    <p class='ocr_par' dir='ltr' id='par_1_107' title="bbox 2168 4781 3708 4853">
     <span class='ocr_line' id='line_1_107' title="bbox 2168 4781 3708 4853; baseline -0.005 -17"><span class='ocrx_word' id='word_1_693' title='bbox 2168 4782 2307 4836; x_wconf 88' lang='lat' dir='ltr'><strong>diem</strong></span> <span class='ocrx_word' id='word_1_694' title='bbox 2359 4781 2517 4847; x_wconf 88' lang='lat' dir='ltr'><strong>hanc,</strong></span> <span class='ocrx_word' id='word_1_695' title='bbox 2561 4789 2616 4833; x_wconf 87' lang='lat' dir='ltr'><strong>et</strong></span> <span class='ocrx_word' id='word_1_696' title='bbox 2650 4781 2773 4850; x_wconf 88' lang='lat' dir='ltr'><strong>quia</strong></span> <span class='ocrx_word' id='word_1_697' title='bbox 2803 4792 3087 4852; x_wconf 86' lang='lat' dir='ltr'><strong>peccatum</strong></span> <span class='ocrx_word' id='word_1_698' title='bbox 3117 4783 3441 4853; x_wconf 72' lang='lat' dir='ltr'><strong>plerumque</strong></span> <span class='ocrx_word' id='word_1_699' title='bbox 3484 4791 3708 4847; x_wconf 66' lang='lat' dir='ltr'><strong>cstpmaa</strong></span> 
     </span>
    </p>
   </div>
   <div class='ocr_carea' id='block_1_108' title="bbox 2167 4865 3711 4944">
    <p class='ocr_par' dir='ltr' id='par_1_108' title="bbox 2167 4865 3711 4944">
     <span class='ocr_line' id='line_1_108' title="bbox 2167 4865 3711 4944; baseline -0.006 -17"><span class='ocrx_word' id='word_1_700' title='bbox 2167 4873 2379 4944; x_wconf 87' lang='lat' dir='ltr'><strong>peccati</strong></span> <span class='ocrx_word' id='word_1_701' title='bbox 2416 4888 2485 4927; x_wconf 82' lang='lat' dir='ltr'><strong>ex</strong></span> <span class='ocrx_word' id='word_1_702' title='bbox 2513 4872 2703 4928; x_wconf 88' lang='lat' dir='ltr'><strong>radice</strong></span> <span class='ocrx_word' id='word_1_703' title='bbox 2728 4874 3015 4943; x_wconf 75' lang='lat' dir='ltr'><strong>superbire,</strong></span> <span class='ocrx_word' id='word_1_704' title='bbox 3046 4888 3111 4929; x_wconf 76' lang='lat' dir='ltr'><strong>ex</strong></span> <span class='ocrx_word' id='word_1_705' title='bbox 3147 4872 3389 4944; x_wconf 91' lang='lat' dir='ltr'><strong>perjurio</strong></span> <span class='ocrx_word' id='word_1_706' title='bbox 3416 4869 3639 4942; x_wconf 86' lang='lat' dir='ltr'><strong>pervenit</strong></span> <span class='ocrx_word' id='word_1_707' title='bbox 3661 4865 3711 4918; x_wconf 81' lang='lat' dir='ltr'><strong>ad</strong></span> 
     </span>
    </p>
   </div>
   <div class='ocr_carea' id='block_1_109' title="bbox 2168 4959 3708 5035">
    <p class='ocr_par' dir='ltr' id='par_1_109' title="bbox 2168 4959 3708 5035">
     <span class='ocr_line' id='line_1_109' title="bbox 2168 4959 3708 5035; baseline -0.005 -16"><span class='ocrx_word' id='word_1_708' title='bbox 2168 4963 2613 5032; x_wconf 88' lang='lat' dir='ltr'><strong>inobedientiam,</strong></span> <span class='ocrx_word' id='word_1_709' title='bbox 2660 4982 2756 5035; x_wconf 91' lang='lat' dir='ltr'><strong>per</strong></span> <span class='ocrx_word' id='word_1_710' title='bbox 2784 4964 3207 5020; x_wconf 89' lang='lat' dir='ltr'><strong>inobedientiam</strong></span> <span class='ocrx_word' id='word_1_711' title='bbox 3237 4963 3530 5019; x_wconf 87' lang='lat' dir='ltr'><strong>Guibcrtus</strong></span> <span class='ocrx_word' id='word_1_712' title='bbox 3557 4959 3708 5017; x_wconf 86' lang='lat' dir='ltr'><strong>cecidit</strong></span> 
     </span>
    </p>
   </div>
   <div class='ocr_carea' id='block_1_110' title="bbox 2168 5051 3708 5125">
    <p class='ocr_par' dir='ltr' id='par_1_110' title="bbox 2168 5051 3708 5125">
     <span class='ocr_line' id='line_1_110' title="bbox 2168 5051 3708 5125; baseline -0.001 -20"><span class='ocrx_word' id='word_1_713' title='bbox 2168 5051 2222 5105; x_wconf 91' lang='lat' dir='ltr'><strong>in</strong></span> <span class='ocrx_word' id='word_1_714' title='bbox 2278 5055 2893 5109; x_wconf 86' lang='lat' dir='ltr'><strong>excommunicationem</strong></span> <span class='ocrx_word' id='word_1_715' title='bbox 2922 5095 2938 5119; x_wconf 90' lang='lat'><strong>,</strong></span> <span class='ocrx_word' id='word_1_716' title='bbox 2991 5069 3088 5125; x_wconf 90' lang='lat' dir='ltr'><strong>per</strong></span> <span class='ocrx_word' id='word_1_717' title='bbox 3133 5052 3708 5108; x_wconf 77' lang='lat' dir='ltr'><strong>excommmiicationem</strong></span> 
     </span>
    </p>
   </div>
   <div class='ocr_carea' id='block_1_111' title="bbox 2165 5146 2914 5215">
    <p class='ocr_par' dir='ltr' id='par_1_111' title="bbox 2165 5146 2914 5215">
     <span class='ocr_line' id='line_1_111' title="bbox 2165 5146 2914 5215; baseline 0.003 -17"><span class='ocrx_word' id='word_1_718' title='bbox 2165 5146 2411 5215; x_wconf 89' lang='lat' dir='ltr'><strong>pervenit</strong></span> <span class='ocrx_word' id='word_1_719' title='bbox 2441 5147 2506 5201; x_wconf 89' lang='lat' dir='ltr'><strong>ad</strong></span> <span class='ocrx_word' id='word_1_720' title='bbox 2537 5146 2914 5201; x_wconf 87' lang='lat' dir='ltr'><strong>idololatriatn.</strong></span> 
     </span>
    </p>
   </div>
   <div class='ocr_carea' id='block_1_112' title="bbox 2239 5235 3705 5307">
    <p class='ocr_par' dir='ltr' id='par_1_112' title="bbox 2239 5235 3705 5307">
     <span class='ocr_line' id='line_1_112' title="bbox 2239 5235 3705 5307; baseline -0.003 -18"><span class='ocrx_word' id='word_1_721' title='bbox 2239 5236 2391 5291; x_wconf 86' lang='lat' dir='ltr'><strong>llunc</strong></span> <span class='ocrx_word' id='word_1_722' title='bbox 2436 5239 2595 5293; x_wconf 89' lang='lat' dir='ltr'><strong>talem</strong></span> <span class='ocrx_word' id='word_1_723' title='bbox 2629 5248 2686 5292; x_wconf 86' lang='lat' dir='ltr'><strong>ut</strong></span> <span class='ocrx_word' id='word_1_724' title='bbox 2718 5238 2963 5307; x_wconf 91' lang='lat' dir='ltr'><strong>superius</strong></span> <span class='ocrx_word' id='word_1_725' title='bbox 3014 5236 3324 5303; x_wconf 91' lang='lat' dir='ltr'><strong>retulimus,</strong></span> <span class='ocrx_word' id='word_1_726' title='bbox 3362 5236 3509 5292; x_wconf 89' lang='lat' dir='ltr'><strong>nullo</strong></span> <span class='ocrx_word' id='word_1_727' title='bbox 3551 5235 3705 5289; x_wconf 46' lang='lat' dir='ltr'><strong>Roma.</strong></span> 
     </span>
    </p>
   </div>
   <div class='ocr_carea' id='block_1_113' title="bbox 2168 5319 3707 5397">
    <p class='ocr_par' dir='ltr' id='par_1_113' title="bbox 2168 5319 3707 5397">
     <span class='ocr_line' id='line_1_113' title="bbox 2168 5319 3707 5397; baseline -0.003 -16"><span class='ocrx_word' id='word_1_728' title='bbox 2168 5342 2358 5382; x_wconf 89' lang='lat' dir='ltr'><strong>norum</strong></span> <span class='ocrx_word' id='word_1_729' title='bbox 2406 5326 2729 5382; x_wconf 89' lang='lat' dir='ltr'><strong>clericorum</strong></span> <span class='ocrx_word' id='word_1_730' title='bbox 2779 5334 2833 5381; x_wconf 90' lang='lat' dir='ltr'><strong>et</strong></span> <span class='ocrx_word' id='word_1_731' title='bbox 2884 5327 3146 5381; x_wconf 84' lang='lat' dir='ltr'><strong>laicorum</strong></span> <span class='ocrx_word' id='word_1_732' title='bbox 3212 5327 3285 5381; x_wconf 87' lang='lat' dir='ltr'><strong>ibi</strong></span> <span class='ocrx_word' id='word_1_733' title='bbox 3350 5332 3603 5397; x_wconf 58' lang='lat' dir='ltr'><strong>praesente</strong></span> <span class='ocrx_word' id='word_1_734' title='bbox 3643 5319 3707 5373; x_wconf 73' lang='lat' dir='ltr'><strong>vel</strong></span> 
     </span>
    </p>
   </div>
   <div class='ocr_carea' id='block_1_114' title="bbox 2166 5411 3708 5493">
    <p class='ocr_par' dir='ltr' id='par_1_114' title="bbox 2166 5411 3708 5493">
     <span class='ocr_line' id='line_1_114' title="bbox 2166 5411 3708 5493; baseline -0.007 -18"><span class='ocrx_word' id='word_1_735' title='bbox 2166 5419 2540 5475; x_wconf 88' lang='lat' dir='ltr'><strong>consentiente</strong></span> <span class='ocrx_word' id='word_1_736' title='bbox 2587 5428 2813 5485; x_wconf 83' lang='lat' dir='ltr'><strong>excepto</strong></span> <span class='ocrx_word' id='word_1_737' title='bbox 2849 5417 3072 5489; x_wconf 85' lang='lat' dir='ltr'><strong>Hugone</strong></span> <span class='ocrx_word' id='word_1_738' title='bbox 3106 5419 3356 5493; x_wconf 69' lang='lat' dir='ltr'><strong>candido,</strong></span> <span class='ocrx_word' id='word_1_739' title='bbox 3390 5419 3478 5489; x_wconf 85' lang='lat' dir='ltr'><strong>qui</strong></span> <span class='ocrx_word' id='word_1_740' title='bbox 3513 5411 3708 5481; x_wconf 82' lang='lat' dir='ltr'><strong>peccatis</strong></span> 
     </span>
    </p>
   </div>
   <div class='ocr_carea' id='block_1_115' title="bbox 2167 5507 3705 5578">
    <p class='ocr_par' dir='ltr' id='par_1_115' title="bbox 2167 5507 3705 5578">
     <span class='ocr_line' id='line_1_115' title="bbox 2167 5507 3705 5578; baseline -0.003 -16"><span class='ocrx_word' id='word_1_741' title='bbox 2167 5507 2279 5562; x_wconf 89' lang='lat' dir='ltr'><strong>suis</strong></span> <span class='ocrx_word' id='word_1_742' title='bbox 2319 5509 2662 5575; x_wconf 83' lang='lat' dir='ltr'><strong>exigentibus</strong></span> <span class='ocrx_word' id='word_1_743' title='bbox 2696 5510 2764 5564; x_wconf 91' lang='lat' dir='ltr'><strong>ab</strong></span> <span class='ocrx_word' id='word_1_744' title='bbox 2803 5509 3039 5565; x_wconf 87' lang='lat' dir='ltr'><strong>Ecclesia</strong></span> <span class='ocrx_word' id='word_1_745' title='bbox 3067 5509 3180 5578; x_wconf 89' lang='lat' dir='ltr'><strong>jam</strong></span> <span class='ocrx_word' id='word_1_746' title='bbox 3230 5510 3320 5564; x_wconf 91' lang='lat' dir='ltr'><strong>diu</strong></span> <span class='ocrx_word' id='word_1_747' title='bbox 3351 5510 3524 5562; x_wconf 89' lang='lat' dir='ltr'><strong>fuerat</strong></span> <span class='ocrx_word' id='word_1_748' title='bbox 3550 5518 3705 5574; x_wconf 84' lang='lat' dir='ltr'><strong>seque-</strong></span> 
     </span>
    </p>
   </div>
   <div class='ocr_carea' id='block_1_116' title="bbox 2166 5597 3702 5673">
    <p class='ocr_par' dir='ltr' id='par_1_116' title="bbox 2166 5597 3702 5673">
     <span class='ocr_line' id='line_1_116' title="bbox 2166 5597 3702 5673; baseline 0.001 -18"><span class='ocrx_word' id='word_1_749' title='bbox 2166 5608 2391 5667; x_wconf 89' lang='lat' dir='ltr'><strong>stratus,</strong></span> <span class='ocrx_word' id='word_1_750' title='bbox 2447 5600 2612 5672; x_wconf 85' lang='lat' dir='ltr'><strong>elegit</strong></span> <span class='ocrx_word' id='word_1_751' title='bbox 2664 5602 2767 5657; x_wconf 89' lang='lat' dir='ltr'><strong>sibi</strong></span> <span class='ocrx_word' id='word_1_752' title='bbox 2811 5617 2906 5657; x_wconf 87' lang='lat' dir='ltr'><strong>rex</strong></span> <span class='ocrx_word' id='word_1_753' title='bbox 2958 5601 3242 5659; x_wconf 88' lang='lat' dir='ltr'><strong>Heinricus</strong></span> <span class='ocrx_word' id='word_1_754' title='bbox 3299 5603 3353 5657; x_wconf 93' lang='lat' dir='ltr'><strong>in</strong></span> <span class='ocrx_word' id='word_1_755' title='bbox 3417 5597 3702 5673; x_wconf 66' lang='lat' dir='ltr'><strong>pantificem.</strong></span> 
     </span>
    </p>
   </div>
  </div>
