3848 6292
153 417 245 475 843
1231 424 1434 482 LIBER
1468 427 1555 484 AD
1582 428 1876 487 AhiICUM.
1911 462 1981 475 σ-
2015 431 2141 487 LIB.
2172 432 2263 489 IK.

3279 444 3384 501 850

145 532 325 588 ethunc
362 512 624 587 suadente
649 531 900 605 Dionysio
943 532 1255 591 Placentino
1298 552 1553 612 episcopo
1597 556 1692 597 ore
1718 546 1771 607 Α
1799 542 2031 598 ﬁliorum
2092 543 2234 600 male
2290 547 2584 616 cogitabat.
2656 550 2914 624 Sequenti
2970 570 3101 611 vero
3163 555 3379 625 hieme,

150 619 340 691 proprio
366 618 588 688 juravit,
618 622 690 676 ab
726 636 793 678 eo
834 633 1088 679 coronam
1120 624 1457 694 imperialem
1507 646 1694 687 susce-

146 721 358 781 pturum.
388 709 526 777 Quid
556 710 709 781 plura
739 729 755 767 :
787 712 862 766 ita
891 729 1080 771 omnes
1106 724 1285 772 mente
1313 720 1500 775 caecati
1541 729 1689 787 sunt,

146 809 197 853 ut
217 813 309 852 non
349 798 679 867 respicerent
704 798 894 856 faciem
926 811 1107 868 terrae,
1157 812 1212 860 et
1258 809 1386 875 quia
1425 808 1612 877 procul
1658 824 1693 865 a

142 888 353 943 Romana
365 887 496 945 urbe
521 898 704 946 castra
724 894 908 949 metati
929 897 1257 967 erant,prob
1287 898 1463 965 dolor,
1477 916 1689 969 omnes,

141 979 219 1049 qui
238 978 298 1033 ibi
312 979 552 1047 aderant,
574 992 632 1038 et
654 984 1175 1057 pseudoprophetam
1197 989 1491 1047 adoravere
1508 992 1687 1061 proni,

138 1077 440 1139 etquotquot
463 1073 829 1131 adoraverunt
849 1090 878 1131 a
905 1080 1097 1137 matris
1107 1079 1366 1140 Ecclesia:
1388 1085 1509 1141 sinu
1534 1085 1691 1158 longe

136 1162 432 1217 cecidean

193 1252 453 1310 Celebrate
494 1267 666 1328 ιειιυτ
711 1262 891 1322 taliter
952 1266 1317 1337 apostolorum
1382 1271 1687 1341 principum

135 1344 421 1415 festivitate,
455 1363 573 1404 rex
596 1356 733 1410 tanti
775 1357 1047 1426 pontificis
1090 1370 1286 1417 auctus
1316 1362 1687 1420 benedictione

132 1437 362 1493 remeavit
388 1439 456 1494 ad
486 1444 740 1512 propria;
768 1446 1060 1505 Guiberlus
1085 1465 1216 1505 vero
1249 1466 1371 1506 cum
1394 1453 1507 1509 suis
1536 1469 1685 1510 com-

128 1529 331 1598 plicibus
352 1532 562 1601 papalia
591 1545 777 1591 secum
808 1538 1060 1597 deferens
1102 1528 1417 1600 indumenta
1465 1545 1687 1601 intravit

129 1619 331 1675 Italiam.
378 1620 486 1679 Sed
526 1626 657 1695 quia
707 1630 934 1686 consilia
985 1632 1199 1689 Domini
1235 1636 1464 1707 abyssus
1515 1637 1685 1694 multa

128 1709 279 1779 (Paul.
307 1727 467 1782 xxxv,
494 1716 551 1785 7)
578 1716 836 1775 ineffabili
855 1721 947 1777 Dei
972 1724 1311 1791 providentia
1342 1741 1451 1782 non
1474 1727 1682 1799 flagella

127 1805 313 1859 Domini
341 1808 632 1864 secundum
663 1812 805 1880 quod
834 1815 1061 1869 meritus
1085 1825 1222 1881 erat,
1255 1819 1494 1889 suscepit
1516 1818 1683 1876 Hein-

1794 630 1995 686 iterum
2024 648 2122 689 rex
2142 634 2331 690 Romae
2361 650 2610 694 reversus
2640 650 2747 708 est,
2770 651 2825 698 et
2863 654 3151 716 postquam
3193 662 3380 703 sacra-

1792 723 1991 781 mentis
2048 725 2192 783 datis
2246 728 2520 785 ﬁrmatum
2577 741 2661 788 est
2727 748 2914 793 omnes
2981 739 3262 810 religiosos
3310 756 3381 797 ex

1795 831 2125 889 quocunque
2183 833 2351 892 regno
2407 823 2649 880 volentes
2694 824 2920 883 Romam
2968 831 3145 888 visere
3195 834 3381 889 venire

1790 923 2034 977 securos,
2086 922 2210 982 post
2266 916 2574 986 captionem
2635 918 2902 979 Ostiensis
2949 924 3190 995 episcopi
3247 927 3382 982 alio-

1790 1016 2019 1072 rumque
2055 1004 2428 1073 religiosorum
2475 1011 2863 1068 monachorum
2915 1023 2972 1070 et
3018 1015 3376 1084 clericorum,

1787 1092 1977 1149 videns
2002 1108 2062 1150 se
2081 1110 2112 1149 a
2128 1095 2475 1156 Cluniacensi
2492 1102 2690 1160 abbate
2714 1113 2769 1161 et
2785 1104 2854 1161 ab
2872 1107 3128 1164 omnibus
3154 1108 3377 1178 episco-

1786 1182 1872 1254 pis
1899 1194 2008 1241 tam
2038 1186 2254 1244 clericis
2281 1205 2444 1261 quam
2475 1196 2759 1252 monachis
2792 1196 2977 1253 haberi
3000 1201 3375 1257 excommuni-

1786 1286 1967 1333 catum
2000 1279 2067 1334 ad
2095 1281 2287 1336 callida
2311 1299 2434 1340 mox
2478 1300 2537 1342 se
2559 1291 2829 1345 convertit
2855 1300 3215 1363 argumenta;
3249 1308 3375 1349 nam

1787 1376 1848 1423 ut
1873 1369 2186 1439 popularem
2212 1381 2463 1444 captaret
2484 1376 2755 1446 favorem,
2786 1381 2925 1436 dixit
2943 1398 3001 1437 se
3023 1398 3053 1438 a
3077 1384 3375 1442 venerabili

1785 1460 2050 1533 Gregorio
2068 1476 2327 1520 coronam
2354 1467 2493 1524 velle
2542 1471 2789 1540 accipere
2840 1473 3197 1543 imperialem,
3229 1478 3376 1547 quod

1785 1561 1845 1607 ut
1883 1566 2112 1624 populus
2139 1556 2347 1612 audivit
2388 1557 2666 1617 Romanus
2704 1577 2813 1617 non
2853 1564 3029 1619 solum
3083 1565 3229 1632 laici,
3281 1567 3377 1624 sed

1785 1652 1841 1699 et
1856 1645 2579 1718 religiosi,quividebantur,
2595 1661 2704 1707 tam
2728 1653 2963 1725 episcopi
2989 1670 3151 1725 quam
3162 1656 3373 1723 clerici,

1783 1735 2286 1800 abbates,monachi
2302 1750 2582 1810 coeperunt
2595 1742 2911 1813 suppliciter
2925 1743 3186 1815 lacrymis
3202 1745 3374 1802 fusius

1783 1842 1941 1885 orare
1962 1837 2022 1884 ut
2042 1831 2232 1898 patria:
2255 1832 2370 1889 fere
2396 1834 2621 1903 perditae
2646 1836 3014 1891 misereretur.
3036 1835 3375 1893 Venerabilis

123 1896 252 1950 ricus
272 1909 601 1964 successum,
645 1901 737 1970 qui
779 1902 1100 1960 mirabiliter
1155 1907 1378 1963 adderet
1426 1909 1684 1979 nequitia:
1713 1916 1759 1979 Β
1788 1933 1917 1974 vero
1944 1896 2208 1991 pontifex,
2245 1924 2338 1993 qui
2393 1896 2492 1995 pro
2527 1926 2757 1983 veritate
2802 1928 2940 1983 mori
2982 1938 3205 2000 paratus
3229 1938 3370 1996 erat,

123 2001 221 2041 sua:
239 1989 560 2056 superbiam.
576 1990 711 2046 Nam
736 2008 842 2048 non
872 1993 1031 2066 longo
1051 2005 1171 2066 post
1189 2005 1432 2069 tempore
1456 2000 1681 2056 intravit

124 2078 388 2135 Saxoniam
413 2082 467 2137 in
497 2091 778 2153 potentatu
822 2102 1017 2159 magno
1046 2097 1101 2145 et
1128 2105 1293 2145 manu
1320 2092 1561 2159 robusta,
1591 2093 1679 2149 cui

120 2183 178 2224 ex
225 2171 444 2227 adverso
498 2176 740 2231 occurrit
785 2177 1049 2235 Rudolfus
1098 2189 1156 2236 et
1215 2182 1484 2239 acerrimo
1540 2183 1679 2241 bello

121 2262 386 2319 commisso
429 2265 717 2323 Hcinricus
765 2272 994 2341 turpiter
1046 2282 1191 2344 terga
1236 2275 1421 2343 vertit,
1475 2276 1528 2330 in
1572 2293 1679 2347 quo

117 2353 282 2423 praelio
318 2355 491 2413 victor
520 2358 781 2416 Rudolfus
824 2362 1095 2419 occubuit.
1149 2364 1260 2420 Nec
1308 2366 1453 2422 sicut
1499 2367 1679 2423 solent

119 2447 241 2501 mori
262 2448 458 2518 ignavi,
486 2460 735 2508 mortuus
762 2462 849 2509 est
890 2454 1171 2523 Rudolfus,
1206 2471 1313 2512 non
1354 2456 1565 2529 fugiens
1596 2460 1678 2515 vel

117 2535 314 2593 latibula
340 2556 591 2610 quarens
618 2544 848 2609 occisus,
880 2547 977 2601 sed
1027 2562 1192 2618 super
1240 2558 1450 2621 strages
1497 2551 1677 2606 inimi-

116 2644 281 2684 corum
308 2640 363 2687 et
384 2647 552 2703 super
571 2635 840 2692 cadavera
876 2647 1210 2693 mortuorum
1236 2640 1482 2712 plagatus
1505 2658 1535 2698 a
1561 2644 1675 2701 suis

115 2721 338 2779 inventus
358 2739 474 2792 est;
508 2727 665 2797 cujus
695 2744 841 2787 mors
878 2730 1134 2790 Heinrico
1180 2745 1300 2805 post
1331 2754 1425 2792 vm
1460 2739 1576 2794 dies
1620 2740 1672 2794 in

116 2816 325 2883 quodam
352 2825 535 2873 castro
561 2818 792 2876 latitanti
817 2831 873 2878 et
898 2822 965 2878 de
992 2822 1117 2894 fuga
1144 2826 1399 2897 cogitanti
1427 2830 1674 2885 nuntiata

110 2913 199 2969 est,
236 2907 346 2976 qui,
378 2923 503 2963 mox
535 2911 801 2968 extollens
858 2914 912 2969 in
962 2914 1131 2970 altum
1186 2931 1353 2973 cornu
1409 2936 1566 2975 suum
1619 2929 1675 2977 et

111 2994 311 3066 loquens
339 3000 599 3056 adversus
621 3000 908 3058 Dominqu
939 3004 1252 3076 iniquitates
1279 3008 1459 3078 (Prol.
1486 3026 1669 3077 Lxxtv,

111 3087 176 3155 6),
230 3103 330 3144 non
364 3105 764 3160 recognoscens
808 3093 1024 3151 Satante
1071 3099 1394 3155 calliditates
1440 3102 1673 3183 credidit

112 3176 204 3233 Deo
227 3195 376 3235 suum
404 3183 674 3252 p'aruisse
704 3195 1003 3254 peccatum.
1024 3186 1150 3243 l’ost
1175 3204 1376 3257 paucos
1402 3176 1535 3247 vero
1556 3192 1671 3249 dies

108 3276 364 3340 postquam
403 3274 519 3329 lucc
545 3284 695 3345 gesta
737 3284 885 3343 sunt,
932 3275 1050 3346 ejus
1097 3278 1238 3335 ﬁlius
1268 3297 1390 3335 cum
1424 3284 1668 3339 exercitu

106 3362 547 3419 excellentissima:
605 3364 883 3422 Mathildis
943 3370 1202 3438 pugnavit
1263 3380 1321 3425 et
1382 3372 1666 3428 victoriam

106 3450 339 3519 obtinuit.
395 3453 492 3511 His
540 3454 717 3512 elatus
747 3460 1089 3514 successibus
1124 3459 1416 3531 derepente
1461 3462 1666 3518 Italiam

108 3539 324 3608 intravit,
354 3551 407 3597 et
448 3553 569 3615 post
597 3548 796 3617 pasiba
821 3548 1026 3606 ducens
1069 3562 1253 3605 secum
1285 3553 1510 3609 beStiam
1552 3554 1664 3610 Ro-

105 3646 228 3685 mam
261 3634 453 3698 tendit,
483 3646 540 3690 et
578 3636 633 3690 in
665 3638 845 3709 vigilia
877 3639 1228 3700 Pentecostes
1258 3642 1312 3697 in
1344 3641 1511 3700 Prato
1554 3644 1666 3699 Ne-

104 3726 233 3780 ronis
255 3736 434 3782 castra
461 3740 695 3786 metatus
723 3742 827 3788 est.
855 3732 960 3790 Sed
994 3750 1026 3790 ο
1063 3736 1228 3802 Deus,
1253 3736 1376 3806 quis
1409 3752 1513 3791 non
1548 3744 1666 3792 tan-

105 3827 254 3872 torum
282 3821 609 3890 prudentum
638 3824 876 3879 virorum
905 3836 1083 3897 potest
1115 3828 1302 3884 mirari
1334 3830 1657 3885 amentiam!

106 3907 217 3963 Nam
243 3912 344 3967 etsi
373 3913 572 3969 mentis
587 3916 770 3972 oculos
786 3919 1156 3988 perdiderant,
1171 3937 1464 3992 corporeus
1480 3932 1663 3979 tamen

101 4015 189 4056 non
216 4003 526 4059 amiserant.
574 4002 767 4062 Annon
814 4008 1087 4074 videbant,
1118 4010 1243 4081 quis
1276 4012 1346 4068 ab
1374 4012 1454 4068 eis
1498 4013 1662 4070 duce-

102 4089 255 4157 batur,
284 4108 450 4164 quam
492 4109 523 4147 a
560 4094 822 4153 Romanis
869 4097 1171 4155 honoriﬁce
1210 4101 1662 4171 suscipiebatur?

99 4195 202 4237 nam
225 4200 451 4241 cernere
477 4196 596 4242 erat
622 4202 722 4257 pro
764 4188 937 4244 cereis
966 4188 1203 4257 lanceas,
1249 4200 1305 4247 et
1356 4208 1454 4262 pro
1502 4192 1661 4249 cleri-

98 4288 258 4330 corum
288 4277 475 4333 choris
519 4287 781 4345 armatos,
817 4295 915 4351 pro
962 4281 1217 4339 laudibus
1260 4284 1518 4351 convitia,
1559 4300 1657 4355 pro

98 4363 199 4433 plau
231 4367 353 4423 ibus
372 4367 632 4423 ululatus.
651 4370 792 4437 Quid
819 4371 1011 4440 plura?
1036 4382 1158 4442 post
1185 4389 1441 4445 agrorum
1471 4384 1651 4431 vasta-

1784 2010 2000 2079 negavit
2024 2027 2084 2067 se
2109 2013 2331 2068 omnino
2363 2014 2652 2084 facturum,
2687 2017 2740 2072 ni
2780 2022 2929 2087 prius
2968 2018 3035 2074 de
3060 2034 3373 2074 excommu-

1782 2099 2053 2157 nicatione
2078 2103 2292 2172 publice
2334 2105 2714 2172 satisfaceret;
2760 2108 2905 2177 quod
2947 2123 3073 2164 cum
3117 2124 3213 2163 rex
3247 2123 3375 2163 con-

1730 2227 1750 2242 .
1781 2188 2008 2244 scientia
2040 2200 2339 2249 accusante
2377 2194 2558 2250 facere
2597 2196 2888 2263 renuisset,
2936 2206 2993 2252 et
3038 2212 3136 2269 per
3167 2199 3369 2254 multos

1781 2278 1896 2335 dies
1940 2295 1974 2335 a
2006 2281 2264 2339 Romanis
2308 2285 2636 2341 venerabilis
2678 2286 2921 2357 pontifex
2972 2299 3275 2359 rogaretur,
3308 2300 3371 2345 ut

1780 2383 1960 2439 regem
1993 2372 2314 2442 susciperet,
2340 2384 2398 2429 et
2426 2375 2517 2431 ille
2554 2376 2623 2431 ad
2660 2392 2853 2432 omnes
2885 2392 3077 2448 preces
3123 2388 3371 2436 maneret

1779 2459 2090 2528 immobilis,
2132 2464 2389 2533 paulatim
2435 2466 2604 2536 coepit
2647 2468 2905 2537 praefatus
2943 2484 3037 2525 rex
3070 2471 3215 2541 vulgi
3264 2472 3367 2526 sibi

1778 2548 2019 2607 favorem
2043 2556 2349 2624 acquirere,
2377 2572 2616 2628 cumque
2654 2560 2883 2628 pecunia
2911 2569 2965 2616 et
2999 2570 3208 2616 terrore
3234 2569 3288 2616 et
3314 2562 3367 2616 vi

1775 2656 1965 2699 omnes
1991 2642 2105 2699 fere
2125 2644 2225 2699 sibi
2243 2646 2621 2716 acquisivisset
2640 2648 2933 2717 Romanos,
2961 2651 3027 2706 de
3049 2650 3367 2707 fortitudine

1776 2734 2103 2791 venerabilis
2183 2736 2430 2806 Gregorii
2499 2739 2794 2809 desperans
2859 2742 2927 2795 ad
3004 2741 3240 2797 dedecus
3309 2750 3366 2796 et

1775 2821 2055 2879 infamiam
2083 2826 2249 2880 totius
2274 2826 2533 2884 Ecclesia:
2550 2828 2871 2886 Guibertum
2901 2830 2953 2886 in
2983 2832 3111 2887 sede
3132 2830 3190 2886 S.
3219 2831 3365 2887 Petri

1774 2911 2028 2968 ordinare
2079 2915 2383 2981 constituit,
2422 2924 2477 2972 et
2519 2932 2644 2972 cum
2683 2934 2790 2974 non
2821 2918 3047 2975 haberet
3083 2921 3365 2989 episcopos

1772 3000 2081 3058 cardinales
2108 3005 2422 3061 sacerdotes
2446 3015 2650 3062 sanctae
2688 3007 2948 3065 Romana:
2978 3009 3238 3065 Ecclesiae
3263 3024 3365 3064 nec

1772 3090 1965 3148 levitas
2002 3109 2103 3150 nec
2132 3098 2624 3167 comprovinciales
2653 3100 2960 3171 episcopos,
2993 3103 3193 3172 quibus
3243 3115 3363 3158 mos

1771 3193 1855 3238 est
1872 3199 2065 3256 papam
2092 3187 2487 3253 intltronizare,
2503 3204 2661 3245 nemo
2685 3191 2830 3246 enim
2848 3208 2915 3247 ex
2940 3202 3089 3247 tanto
3111 3208 3360 3260 numero,

1695 3266 1744 3331 C
1775 3274 1875 3329 nisi
1913 3278 2060 3346 quia
2092 3278 2193 3332 ﬁde
2213 3279 2528 3336 exulaverat
2550 3298 2671 3337 cum
2704 3297 2771 3338 eo
2799 3282 2997 3349 fuerat,
3026 3294 3185 3340 antea
3211 3286 3361 3341 enim

1772 3366 2072 3421 maluerant
2125 3370 2359 3439 propriis
2402 3366 2623 3427 sedibus
2658 3387 2870 3437 carere,
2906 3382 2961 3428 et
2989 3376 3033 3428 si
3083 3385 3361 3445 oporteret

1769 3459 2020 3514 omnibus
2058 3461 2313 3515 membris
2364 3463 2634 3517 debilitari
2687 3480 2850 3536 quam
2892 3466 3183 3535 participes
3241 3466 3360 3522 ﬁeri

1769 3548 2244 3618 coinquinationis.
2268 3552 2310 3605 A
2328 3551 2580 3609 Mutiensi
2607 3556 2864 3627 episcopo
2885 3566 2940 3611 et
2965 3572 2994 3609 a
3029 3557 3356 3612 Bononiensi

1766 3651 1822 3698 et
1851 3643 2172 3700 Aéveniensi
2203 3646 2325 3717 (sic)
2361 3649 2410 3702 in
2447 3650 2573 3705 sede
2598 3650 2743 3706 beati
2767 3651 2910 3706 Petri
2948 3652 3357 3708 intltronizatus

1767 3743 1865 3794 est,
1887 3735 2028 3804 quod
2043 3736 2361 3805 phantasma
2375 3754 2404 3793 a
2420 3740 2619 3797 stocqu
2635 3759 2742 3797 non
2763 3752 2845 3798 est
2864 3744 3129 3797 auditum.
3149 3743 3355 3799 Dehine

1768 3826 1821 3882 in
1849 3827 2056 3883 Pascha
2102 3844 2132 3882 a
2181 3830 2270 3885 tali
2318 3832 2751 3890 benedictionem
2804 3835 3140 3906 imperialem
3191 3850 3352 3893 acce-

1766 3920 1863 3989 pit,
1890 3920 2077 3988 sicque
2100 3921 2372 3976 civitatem
2411 3924 2632 3978 intravit
2680 3926 2885 3981 ducens
2929 3940 3115 3982 secum
3164 3926 3354 3981 trifor-

1764 4027 1906 4066 mem
1938 4012 2265 4081 chimcram,
2295 4022 2349 4069 et
2390 4015 2458 4070 ad
2500 4014 2866 4076 Lateranense
2906 4032 3078 4087 usque
3102 4020 3354 4088 pervenit

1762 4100 2043 4171 palatium.
2432 4100 2435 4103 ’

1833 4186 2169 4244 Venerabilis
2216 4203 2348 4246 vero
2399 4190 2695 4261 Gregorius
2752 4201 2811 4247 ut
2868 4194 3124 4262 cognovit
3167 4193 3352 4263 populi

1764 4278 2174 4347 trepidationem
2222 4279 2337 4350 jam
2393 4282 2595 4336 dudum
2649 4283 2701 4336 iu
2761 4297 2888 4337 arce
2945 4283 3004 4336 S.
3054 4282 3243 4352 Angeli
3289 4297 3350 4338 se

1758 4366 2059 4434 locaverat,
2093 4371 2159 4423 ad
2188 4368 2345 4439 cujus
2368 4371 2703 4426 obsidionem
2736 4388 2830 4427 rex
2856 4387 3042 4427 omnes
3074 4373 3349 4429 Romanos

90 4456 269 4512 tionem
293 4467 351 4514 et
371 4460 544 4514 multa
567 4469 621 4516 et
642 4460 1450 4535 variahomicidia,postvarias
1472 4466 1657 4522 clades
1757 4461 2011 4517 armavil-
2071 4459 2189 4532 Ipse
2228 4476 2383 4518 ’Vel'O
2440 4463 2786 4519 diSSimu'ans
2841 4464 3121 4520 ίυΐιίεείιηί
3189 4466 3346 4523 dum

95 4553 140 4599 et
187 4549 454 4614 miserias,
498 4565 636 4620 quas
681 4550 910 4607 Romani
966 4553 1212 4609 nolentes
1251 4557 1653 4627 pseudopapam
1685 4554 1980 4627 “Robcrti
1998 4556 2287 4610 adventum
2304 4556 2534 4622 nescire,
2552 4557 2836 4627 eapitolina
2858 4558 3020 4613 domo
3044 4560 3343 4625 destructa,

95 4637 346 4707 Suscipere
365 4645 611 4711 perpessi
644 4654 802 4709 sunt;
833 4657 956 4699 cum
983 4646 1172 4701 eodem
1214 4661 1308 4703 rex
1344 4645 1656 4720 Longobar-
1684 4637 1735 4664 ν
1758 4646 1826 4701 ad
1862 4646 2150 4701 ecclesiam
2190 4646 2250 4701 S.
2299 4645 2446 4703 Petri
2475 4663 2597 4703 cum
2632 4647 2893 4704 Guiberto
2932 4649 3173 4716 veniens,
3210 4650 3346 4705 civi-

94 4722 214 4779 diam
240 4727 442 4784 infecto
469 4733 685 4802 negotio
713 4734 892 4789 rediit.

149 4816 396 4889 Sequenti
428 4837 560 4877 vero
606 4823 786 4879 hieme
820 4825 1027 4883 ducens
1078 4843 1265 4886 secum
1309 4831 1646 4902 pestiferum,

94 4906 264 4966 iterum
289 4911 614 4968 Romaniam
640 4915 889 4983 intravit,
936 4930 995 4974 et
1020 4920 1351 4992 depopulans
1381 4924 1562 4992 urbes,
1595 4934 1655 4982 et

91 5013 248 5059 castra
270 5016 526 5063 evertens
550 5007 617 5061 ad
659 5009 906 5065 ultimum
953 5026 1051 5082 per
1092 5030 1253 5070 omne
1299 5017 1652 5089 quadragesi-

92 5096 210 5152 male
230 5107 443 5171 tempus
456 5099 687 5157 Romam
712 5103 946 5173 obsedit,
959 5113 1017 5161 et
1039 5117 1163 5177 post
1188 5110 1387 5180 pascha
1407 5112 1649 5168 exercitu

88 5202 168 5254 per
194 5191 442 5248 civitates
473 5200 533 5248 et
568 5193 748 5250 vicina
789 5205 972 5251 castra
1013 5197 1255 5270 undique
1292 5200 1645 5271 circumfuso,

88 5275 340 5335 dimittens
360 5281 505 5350 apud
527 5280 769 5339 Tiberim
809 5283 1154 5357 Guibertum,
1188 5287 1304 5358 ipse
1342 5288 1652 5362 Longobar-

86 5364 206 5421 diam
228 5373 509 5428 remeavit.
1536 5404 1541 5411 ι

93 5454 421 5525 -αιιςιιωνδ
454 5478 588 5520 vero
635 5474 699 5522 ut
746 5465 995 5525 Alcimus
1033 5470 1128 5541 (ita
1166 5472 1477 5544 membran.)
1516 5475 1649 5531 satis

84 5559 255 5622 agebat
274 5575 373 5630 pro
397 5558 708 5622 sacerdotio
736 5574 855 5627 suo,
890 5577 1015 5615 nam
1061 5576 1158 5632 per
1193 5577 1355 5620 omne
1391 5565 1646 5622 festivum

86 5656 274 5721 tempus
322 5671 546 5728 magnas
591 5661 1019 5728 depraadationes
1060 5664 1115 5720 et
1145 5657 1323 5711 Varias
1368 5657 1645 5713 Βοηκιηοο-

85 5755 187 5798 nun
230 5746 423 5805 civium
462 5753 841 5809 truncationcs
868 5753 1130 5821 faciebat,
1182 5749 1380 5815 dehinc
1435 5761 1648 5819 εοεθιθε

86 5841 131 5887 et
174 5851 327 5909 agros
366 5840 581 5900 flamma
610 5844 965 5917 depopulans,
1019 5850 1087 5907 de
1132 5864 1357 5921 penuria
1391 5842 1484 5905 \‘cl,
1505 5842 1646 5898 fame

1756 4747 1921 4794 tatem
1973 4738 2033 4793 S.
2085 4738 2255 4805 Petri,
2288 4755 2449 4811 quam
2503 4740 2612 4797 Leo
2650 4740 2720 4797 IV
2770 4756 2906 4813 papa
2956 4744 3343 4827 aediﬁcaverat,

1754 4831 1997 4887 funditus
2052 4832 2339 4900 destruxit,
2402 4834 2588 4903 sicque
2640 4834 2761 4890 vale
2820 4834 3026 4891 faciens
3083 4835 3344 4890 Romanis

1755 4944 1863 4984 una
1883 4946 2007 4986 cum
2024 4930 2285 4989 Guiberto
2312 4935 2573 5001 recessit;
2604 4935 2699 4991 sed
2725 4944 3016 5005 antequam
3046 4933 3113 4989 ad
3140 4933 3344 4988 Senam

1754 5022 1991 5077 venisset
2010 5022 2336 5080 fortissimus
2366 5026 2473 5080 dux
2495 5025 2838 5097 Ruodpertus
2864 5026 3091 5081 Romam
3117 5040 3339 5095 aggres-

1754 5131 1865 5179 sus,
1899 5134 2004 5173 non
2038 5134 2135 5188 per
2165 5120 2457 5175 triennium
2502 5131 2562 5176 ut
2610 5121 2915 5187 lleinricus,
2948 5122 3042 5176 sed
3089 5122 3342 5190 sequenti

1753 5208 1861 5271 die,
1892 5188 1998 5277 qua
2046 5210 2214 5275 venit,
2247 5211 2506 5279 perﬁdam
2548 5212 2821 5266 civitatem
2854 5211 3021 5265 armis
3068 5211 3342 5281 cepitret

1751 5314 1943 5368 papam
1971 5302 2041 5356 ab
2070 5302 2349 5358 obsidione
2379 5303 2651 5369 liberavit,
2674 5314 2728 5359 et
2754 5304 2865 5359 fere
2892 5317 3081 5358 omnes
3103 5303 3341 5359 civitatis

1751 5387 2012 5445 Romana:
2036 5391 2281 5460 regiones
2309 5392 2482 5448 victor
2513 5393 2658 5447 ferro
2707 5391 3031 5461 ﬂammaque
3074 5391 3335 5461 possedit.

1752 5477 1958 5534 Dehinc
2002 5482 2143 5550 apud
2184 5481 2551 5537 Lateranensc
2591 5481 2848 5552 palatium
2896 5480 3196 5551 permultos
3222 5481 3338 5536 dies

1750 5567 1952 5639 degens
1982 5570 2150 5625 multa
2180 5570 2345 5624 millia
2370 5570 2735 5624 Romanorum
2759 5570 3072 5625 vendiditut
3094 5569 3335 5636 Iudaeos,

1751 5661 2015 5729 quosdam
2050 5676 2180 5715 vero
2209 5662 2452 5730 captivos
2500 5660 2656 5716 duxit
2705 5676 2879 5731 usque
2921 5663 3249 5731 Calabriam,
3279 5671 3337 5718 et

1753 5752 1842 5805 tali
1872 5767 2029 5822 pinna
2061 5752 2208 5819 digni
2241 5760 2397 5806 erant
2425 5751 2663 5813 multari.
2694 5754 2786 5822 qui
2815 5755 2884 5808 ad
2925 5755 3332 5811 similitudinem

1750 5843 2054 5900 Iudaeorum
2083 5852 2356 5915 pastorem
2381 5858 2537 5900 suum
2571 5844 2934 5903 tradiderunt.
2963 5846 3103 5915 Quid
3134 5843 3333 5916 plura?

3824 5504 3833 5639 ψ
