3848 6292
491 432 593 487 851

1564 431 1923 489 BONIZONIS
1958 428 2365 488 PLACENTINI
2403 416 2706 485 EPISCOP;

3613 426 3691 481 852

490 543 829 598 Venerabilis
856 558 990 613 papa
1016 559 1116 598 una
1132 558 1254 598 cum
1282 543 1559 599 fluobcrto
1586 544 1873 601 Salernum
1903 560 2071 616 usque
2101 546 2148 603 Α
2175 543 2573 597 Brixianoriutn
2594 542 2800 597 civibus
2829 537 3089 594 Romanis
3115 535 3419 592 nolentibus
3433 536 3563 592 solus
3576 536 3694 609 llugo

489 637 759 707 pervenit,
774 635 968 705 'ibique
995 651 1093 705 per
1110 636 1315 704 aliquot
1344 636 1456 691 dies
1481 637 1683 705 degens
1714 637 2067 692 saluberrima

489 727 697 781 monita
754 725 963 795 populis
999 726 1379 795 impendebat;
1434 725 1527 780 sed
1583 742 1687 781 non
1738 727 1897 797 longo
1949 737 2071 796 post

492 825 736 881 tempore
759 815 1076 869 inﬁrmitate
1088 815 1332 884 corporis
1351 826 1632 885 correptus
1663 817 1910 886 spiritum
1934 816 2071 873 etelo

489 906 759 972 reddidit;
815 906 883 959 ad
936 905 1088 976 cujus
1135 906 1443 975 sepulcrum
1496 907 1639 962 Deus
1694 908 1859 962 multa
1907 908 2071 964 millia

491 995 754 1050 miracula
782 1011 949 1066 usque
976 996 1553 1065 hodieoperatttr,vere
1578 1007 1762 1067 terque
1775 1007 2074 1067 quaterque

493 1084 681 1139 beatus
704 1086 795 1153 qui
827 1088 1020 1140 meruit
1048 1100 1149 1156 pro
1177 1086 1395 1141 nomine
1415 1085 1542 1142 Jesn
1558 1088 1914 1142 contumelias
1934 1087 2069 1157 pati.

492 1174 561 1228 Et
596 1174 682 1230 ille
707 1175 921 1243 quidem
970 1191 1092 1230 cum
1138 1174 1297 1231 Petro
1326 1177 1404 1248 [in
1450 1177 1565 1231 cod.
1596 1193 1717 1232 cum
1748 1175 1834 1248 P.]
1884 1184 2074 1245 regnat

494 1268 548 1321 in
577 1269 911 1332 caalestibus,
944 1269 1032 1323 hic
1078 1284 1208 1324 vero
1238 1270 1492 1325 omnibus
1533 1271 1752 1326 odiosus
1799 1286 1828 1324 a
1860 1272 2075 1325 nemine

490 1358 826 1420 viventium,
899 1360 1146 1426 quamvis
1205 1375 1235 1413 a
1311 1360 1633 1429 quibusdam
1690 1360 1862 1430 gratia
1931 1360 2074 1430 regis

490 1447 723 1513 dicatur,
755 1448 1078 1518 apostolicus
1103 1450 1346 1504 habetur.
1378 1449 1580 1503 Tamen
1613 1459 1760 1513 sunt,
1783 1452 1871 1520 qui
1899 1451 2074 1521 gratia

493 1540 637 1607 regis
676 1540 921 1607 qumdam
972 1538 1288 1609 conﬁngunt
1328 1539 1783 1605 machinamenta,
1834 1542 2077 1597 volentes

499 1628 776 1681 dominum
827 1627 1147 1698 Gregorium
1182 1627 1470 1694 infamare,
1525 1627 1620 1682 sed
1655 1642 1761 1682 non
1815 1627 2074 1682 valentes.

495 1717 635 1773 Sunt
661 1717 825 1782 enim,
869 1718 959 1787 qui
1005 1718 1189 1773 dicunt
1232 1732 1354 1772 eum
1414 1734 1520 1772 non
1551 1716 1673 1787 jure
1726 1716 1893 1772 fuisse
1949 1731 2078 1787 apo-

494 1807 748 1863 stolicum
781 1817 998 1879 propter
1026 1809 1271 1879 quaedam
1317 1810 1532 1865 decreta
1582 1808 1786 1865 Nicolai
1821 1809 2076 1880 junioris,

2174 633 2490 689 Guibertum
2518 650 2708 705 papam
2738 635 2909 703 potuit
2942 630 3175 702 eligere?
3220 628 3376 684 Falsa
3402 640 3517 683 sunt
3555 642 3693 685 autem

2172 728 2288 781 haec
2317 736 2370 781 et
2393 743 2683 796 puerorum
2712 725 2833 779 ludo
2858 724 3075 779 similia.
3102 722 3361 791 Quamvis
3391 723 3695 778 venerabilem

2171 816 2489 889 Gregorium
2521 818 2573 871 in
2604 815 2943 871 ordinatione
2984 830 3079 869 sua
3109 826 3432 868 consensum
3462 812 3586 881 regis
3623 814 3695 867 ba~

2172 909 2352 964 buisse
2376 907 2504 963 nttlli
2526 909 2747 964 dubium
2776 916 2879 961 est.
2903 905 3037 959 Nam
3069 903 3427 959 Vercellensis
3467 904 3698 971 episcopus

2172 994 2435 1066 Gregorio
2458 1010 2487 1048 a
2522 1007 2648 1065 rege
2683 993 2879 1047 missus
2911 988 3029 1058 ejus
3056 989 3305 1044 interfuit
3332 988 3695 1042 consecrationi.

2173 1084 2329 1151 Quod
2373 1084 2419 1139 si
2461 1082 2663 1151 aliquid
2722 1081 2983 1135 adversus
3026 1094 3149 1134 eum
3206 1077 3420 1141 habuit,
3467 1077 3624 1131 decuit
3657 1078 3698 1134 in

2173 1174 2468 1246 primordio
2499 1173 2719 1237 dixisse,
2750 1182 3039 1242 antequam
3077 1171 3283 1241 legatos
3306 1168 3419 1237 ejus
3454 1168 3702 1224 honoriﬁce

2174 1271 2523 1339 suscepisset,
2555 1270 2871 1340 priusquam
2900 1268 2975 1321 ab
3006 1267 3085 1321 eis
3110 1264 3497 1320 absolutionem
3522 1279 3700 1319 excom-

2176 1361 2555 1416 municationis
2605 1361 2820 1429 publice
2872 1359 3008 1431 (55)
3065 1357 3417 1426 suscepisset,
3462 1365 3701 1424 antequam

2177 1452 2563 1507 llerimannnm
2613 1451 3104 1506 Pabenbariensem
3134 1435 3445 1518 episcopum
3490 1447 3534 1501 ei
3578 1450 3703 1513 depo-

2177 1543 2409 1599 nendutn
2437 1543 2621 1598 Roma:
2647 1543 2899 1604 misisset,
2930 1536 3242 1610 priusquam
3280 1537 3504 1590 alterum
3535 1535 3581 1588 in
3616 1533 3705 1602 ejus

2178 1634 2304 1689 sede
2335 1649 2401 1688 ex
2426 1643 2697 1704 praecepto
2722 1634 2837 1703 ejus
2858 1632 3146 1703 posuisset.
3177 1630 3330 1695 Quod
3373 1629 3418 1681 si
3458 1627 3628 1681 dixerit
3661 1644 3704 1681 se

2175 1721 2423 1791 juvenem
2451 1738 2669 1778 suorum
2694 1724 2978 1791 deceptum
3002 1720 3168 1774 fuisse
3199 1718 3398 1772 astutia
3421 1716 3705 1771 consiliario.

2181 1832 2319 1880 rum,
2334 1813 2460 1883 quid
2475 1814 2539 1869 de
2549 1814 2775 1868 Lemaro
2787 1812 3061 1866 Bremensi
3073 1809 3478 1878 archiepiscopo
3492 1806 3704 1871 dicemus,

495 1899 694 1967 quibus
751 1900 1097 1953 anathemate
1154 1901 1509 1955 interdictum
1556 1901 1766 1964 ferunt,
1819 1909 1877 1954 ut
1918 1915 2077 1956 nemo
2110 1891 2298 1959 Bviro
2329 1903 2726 1973 sapientissimo
2755 1911 2808 1956 et
2841 1903 3080 1957 omnium
3136 1900 3339 1954 artium
3386 1896 3707 1966 peritissimo!

496 1989 738 2058 aspirare
781 1990 977 2043 audeat
1022 1990 1089 2043 ad
1129 1992 1497 2060 pontificatum
1544 1992 1845 2046 Romanum
1879 1992 1978 2046 nisi
2008 2008 2076 2046 ex

494 2097 760 2137 consensu
795 2083 933 2153 regis
974 2085 1196 2155 ejusque
1227 2086 1340 2150 ﬁlii,
1388 2085 1529 2156 quod
1571 2086 1919 2141 falsissimum
1958 2099 2078 2140 esse

495 2175 751 2228 omnibus
796 2175 970 2230 modis
1000 2176 1387 2241 declarabitur,
1436 2179 1686 2247 quamvis
1709 2186 1764 2232 et
1804 2178 1848 2233 si
1889 2191 2099 2232 verum-

493 2276 656 2330 esset,
693 2277 868 2322 tamen
916 2268 1114 2323 nullius
1146 2271 1407 2327 momenti
1441 2278 1605 2324 esset.
1635 2269 1771 2325 Nam
1817 2272 1919 2328 etsi
1952 2270 2079 2325 licet

494 2356 755 2414 Romanis
801 2360 1149 2429 pontiﬁcibus
1202 2360 1435 2431 rigorem
1475 2376 1743 2416 canonum
1779 2372 2080 2431 temperare

493 2464 593 2520 pro
620 2451 943 2505 necessitate
973 2462 1298 2521 temporum,
1345 2460 1527 2507 tamen
1557 2468 1663 2507 non
1695 2452 1820 2507 licet
1859 2453 2080 2509 omnino

494 2542 794 2596 destruere.
827 2541 967 2609 Quid
997 2544 1141 2597 enim
1169 2543 1313 2597 aliud
1342 2554 1489 2597 esset
1536 2544 1638 2597 nisi
1673 2544 1894 2597 omnino
1922 2543 2081 2597 Chri-

495 2630 727 2685 stianam
758 2631 930 2702 legem
962 2633 1261 2696 destruere,
1285 2632 1503 2687 decreta
1543 2640 1851 2686 sanctorum
1881 2631 2083 2686 Roma-

497 2737 691 2776 norum
714 2723 1049 2791 pontiﬁcum,
1082 2723 1174 2792 qui
1202 2724 1462 2793 sanguine
1505 2738 1605 2779 suo
1631 2723 1927 2777 Ecclesiam
1962 2723 2083 2776 l’un-

496 2816 717 2880 davere,
748 2814 1062 2885 infringere,
1101 2823 1156 2869 et
1183 2824 1530 2869 sacrosancta
1567 2808 1797 2882 quatuor
1825 2812 2078 2878 concilia,

497 2920 619 2973 qua:
646 2905 714 2958 ab
747 2904 1057 2958 hominibus
1086 2902 1245 2957 velut
1266 2902 1553 2972 Evangelia
1603 2910 1730 2956 sunt
1756 2901 2081 2964 veneranda,

497 2996 656 3049 irrita
691 2994 891 3049 facere.
930 2994 1036 3048 Sed
1084 2995 1235 3048 bona:
1271 2994 1543 3049 memoria:
1573 2993 1769 3047 donum
1808 2991 2082 3045 Nicolaum

499 3084 569 3137 ab
599 3084 699 3138 hac
726 3084 1020 3138 liberemus
1069 3083 1291 3137 infamia
1339 3092 1395 3137 et
1427 3082 1655 3138 testibus
1702 3081 1910 3136 idoneis
1960 3096 2084 3135 eum

500 3173 630 3227 talia
675 3189 782 3227 non
814 3172 1046 3227 dictasse
1074 3173 1526 3228 demonstremus.
1572 3170 1759 3226 Veniat
1791 3171 2083 3227 Guibertus

502 3263 660 3318 testis
714 3263 939 3318 idoneus
990 3278 1020 3316 a
1084 3277 1191 3331 quo
1243 3261 1427 3317 Caesar
1478 3262 1808 3331 imperialem
1874 3230 2155 3331 accepitC

503 3363 854 3419 coronam,et
879 3355 1013 3409 falsa
1040 3354 1250 3409 locutos
1267 3368 1362 3408 eos
1387 3354 1619 3408 evincat.
1650 3352 1705 3409 Si
1735 3354 1879 3409 enim
1896 3367 2083 3407 verum

502 3454 587 3500 cst
620 3445 914 3501 secundum
963 3447 1179 3500 decreta
1229 3443 1458 3511 Nicolai,
1495 3453 1555 3497 ut
1598 3460 1705 3498 non
1757 3442 2086 3513 apostolicus

504 3536 797 3603 habeatur,
817 3537 908 3606 qui
944 3550 1047 3590 non
1076 3551 1142 3592 ex
1173 3550 1438 3590 consensu
1469 3536 1611 3606 regis
1638 3535 1938 3590 Romanum
1965 3549 2088 3590 esse

502 3628 731 3681 electum
762 3628 1071 3698 pontiﬁcem
1097 3629 1193 3696 (ita
1229 3630 1372 3696 cod.)
1409 3637 1462 3682 et
1492 3628 1856 3681 Alexandrum
1885 3628 2089 3697 absque

504 3716 621 3784 ejus
667 3717 939 3772 voluntate
990 3718 1244 3771 Romana:
1281 3719 1394 3771 sctli
1427 3716 1849 3770 inthronizatttm
1872 3757 1887 3781 ,
1922 3725 2089 3771 restat

482 3807 758 3860 eumdem
806 3822 911 3861 non
985 3806 1338 3875 apostolicum
1392 3808 1485 3859 sed
1539 3807 2087 3860 exconnnunicatum.

509 3894 664 3958 Quod
695 3894 739 3947 si
794 3895 1295 3949 excommunicatus
1342 3904 1396 3950 et
1443 3895 1510 3948 ab
1569 3895 1808 3949 Ecclesia
1860 3896 1953 3949 Dei
2006 3910 2092 3952 se-

509 3990 839 4050 questratus,
894 3994 949 4039 et
995 3985 1041 4038 si
1099 3982 1601 4051 excommunicatus
1654 3983 1913 4039 Guiberto
1962 3984 2091 4054 quid

510 4073 763 4140 contulit,
789 4076 915 4130 dum
965 4090 1087 4129 eum
1120 4075 1359 4130 sacravit
1391 4075 1719 4144 episcopum.
1749 4075 2093 4132 Benedictio-

509 4181 655 4233 nem,
705 4182 866 4236 quam
922 4181 1031 4221 non
1087 4167 1320 4231 habuit,
1371 4166 1502 4221 dare
1554 4182 1660 4222 non
1713 4168 1905 4237 potuit,
1962 4182 2093 4239 ergo

509 4256 968 4321 maledictionem,
1017 4272 1180 4327 quam
1228 4256 1482 4321 habebat,
1536 4257 1775 4313 donavit.
1825 4259 1992 4330 igitur
2047 4259 2094 4314 si

508 4346 853 4412 maledictus,
903 4349 1175 4418 quomodo
1215 4348 1386 4419 papa?
1427 4347 1533 4403 Sed
1581 4349 1684 4403 hoc
1734 4348 1927 4403 falsum
1968 4358 2090 4403 est:

512 4434 806 4490 Guibertus
856 4438 1000 4492 enim
1047 4436 1169 4505 jure
1204 4438 1562 4508 episcopalem
1620 4440 1827 4510 accepit
1875 4440 2097 4495 benedi-

512 4525 749 4578 ctionem
794 4535 849 4580 et
889 4526 1195 4581 Alexander
1235 4544 1393 4598 papa,
1424 4530 1514 4598 qui
1545 4539 1731 4584 contra
1760 4529 2096 4585 voluntatem

514 4615 660 4685 regis
682 4614 986 4671 Romanum
1015 4619 1243 4688 adeptus
1272 4630 1355 4675 est
1391 4620 1759 4689 pontiﬁcatum
1797 4630 1931 4675 teste
1968 4621 2100 4676 Gui-

512 4707 669 4761 berto
700 4709 1024 4777 apostolicus
1046 4709 1287 4781 legaliter
1314 4713 1593 4767 ordinatus
1611 4721 1711 4767 est.
1729 4712 1882 4778 Quod
1910 4713 2097 4768 itidem

516 4798 585 4853 de
611 4799 825 4854 Caesare
852 4802 1189 4857 sentiendum
1213 4814 1326 4870 est;
1354 4804 1398 4858 si
1428 4805 1569 4858 enim
1588 4806 1691 4860 hoc
1718 4819 1905 4859 verum
1936 4814 2097 4870 esset,

516 4891 790 4958 quomodo
832 4890 994 4945 homo
1050 4894 1227 4963 magni
1277 4893 1484 4948 consilii
1536 4903 1590 4949 et
1637 4894 1849 4949 solertis
1898 4894 2100 4965 ingenii

516 4995 669 5051 papa:
698 4981 1003 5037 Alexandro
1031 4998 1128 5051 per
1157 4992 1233 5037 tot
1264 5000 1436 5040 annos
1456 4986 1689 5040 dedisset
1711 4987 2099 5055 obedientiam,

517 5083 573 5127 et
620 5074 891 5143 quomodo
921 5088 951 5127 a
992 5074 1251 5129 Guiberto
1286 5074 1402 5143 ejus
1455 5076 1707 5146 episcopo
1765 5075 2098 5144 imperialem

518 5164 848 5232 suscepisset
902 5164 1197 5220 coronam?
1236 5166 1477 5220 Accedat
1513 5168 1705 5221 tertius
1756 5168 1907 5220 testis
1946 5166 2101 5237 Hugo

518 5260 782 5313 candidus
833 5259 1127 5313 cardinalis
1175 5257 1453 5310 Romanus
1499 5265 1553 5309 et
1598 5266 1790 5327 pronet
1842 5272 1936 5311 eos
1981 5271 2100 5312 esse

520 5346 705 5403 ﬁcitos
732 5346 865 5418 (δε).
906 5346 1185 5413 Quomodo
1224 5345 1368 5399 enim
1408 5345 1459 5397 in
1507 5345 1623 5414 ipso
1679 5346 1764 5399 die
1813 5344 2101 5415 sepulturae

520 5441 725 5506 praefati
756 5439 1252 5509 pap.e,Gregorium
1299 5436 1565 5508 elegisset.
1616 5436 1671 5492 Si
1705 5439 1847 5492 enim
1881 5439 2098 5493 decreta

523 5545 647 5585 vera
679 5542 822 5596 sunt,
838 5547 969 5601 ergo
991 5531 1492 5585 excommunicatns
1521 5538 1629 5583 est:
1648 5529 1787 5598 quod
1812 5529 1855 5584 si
1882 5545 2101 5585 excom-

523 5623 829 5678 municatus
854 5632 910 5677 et
938 5621 1155 5678 infamis
1179 5639 1192 5676 :
1216 5622 1260 5677 si
1293 5619 1947 5690 verojnfamis,quomodo
1960 5620 2099 5690 apud

593 5759 709 5828 (52)
749 5759 823 5813 Ita
853 5761 974 5815 cod.
1007 5760 1058 5812 in
1091 5774 1195 5828 qua
1226 5774 1356 5813 voce
1387 5759 1558 5815 fateor
1589 5777 1673 5817 me
1698 5763 1921 5816 haerere.

600 5827 712 5898 (53)
752 5828 866 5886 Vox
924 5827 1125 5899 publice
1181 5831 1233 5883 in
1291 5832 1533 5901 margine
1580 5834 1781 5889 inserto
1835 5833 1989 5903 signo
2032 5831 2099 5887 ab

2185 1995 2377 2051 Nonne
2411 2005 2694 2066 postquam
2745 1996 2813 2051 ab
2844 1994 3083 2063 ejusdem
3138 2008 3291 2064 papa)
3341 1991 3524 2061 legatis
3568 1990 3707 2045 oliicio

2176 2102 2470 2159 suspensus
2528 2098 2605 2143 est
2641 2129 2655 2153 ,
2721 2089 2905 2142 tanoiu
2971 2084 3278 2141 sacerdotio
3346 2097 3406 2138 se
3458 2082 3707 2145 abstinuit,

2179 2180 2415 2250 quandiu
2462 2195 2491 2234 a
2528 2178 2765 2234 Saxonia
2805 2180 3031 2233 Romam
3060 2180 3292 2242 veniret,
3336 2177 3529 2231 ducens
3566 2189 3708 2229 secum

2179 2273 2323 2327 illius
2354 2273 2502 2343 regni
2547 2270 2893 2341 philOSOphos
2930 2269 3244 2325 Giticlinum
3283 2267 3633 2323 Coloniensem
3671 2273 3712 2319 ct

2180 2361 2541 2417 Guezolonem
2597 2361 2969 2431 praepositum,
3021 2360 3112 2429 qui
3160 2367 3346 2428 postea
3392 2356 3710 2426 Maguntiuatu

2179 2453 2417 2509 vastavit
2452 2452 2767 2515 Ecclesiam,
2801 2461 2855 2506 et
2890 2451 3226 2505 Mainardum
3276 2447 3709 2515 Pabebargcnsetn,

2181 2554 2237 2599 et
2255 2560 2375 2599 cum
2404 2543 2489 2600 his
2502 2559 2648 2612 papa:
2670 2544 2893 2613 pedibus
2914 2541 3199 2596 advolutus
3218 2550 3328 2593 tam
3345 2536 3712 2608 lactytnabilitcr

2180 2637 2394 2689 veniam
2414 2635 2586 2706 petiit,
2608 2636 2777 2689 donec
2808 2633 3136 2703 impetravit,
3162 2642 3217 2687 et
3246 2629 3479 2686 ofﬁcium
3505 2626 3711 2682 sacerdo-

2184 2726 2288 2781 tale
2321 2727 2541 2795 recepit.
2572 2726 2815 2779 Dicerem
2846 2724 3085 2793 qnidem,
3112 2724 3156 2777 si
3185 2738 3322 2792 papa
3356 2735 3459 2774 non
3495 2727 3614 2781 erat,
3640 2733 3712 2770 cur

2184 2817 2322 2887 apud
2351 2816 2646 2871 Canusium
2680 2816 2749 2870 ab
2790 2829 2855 2868 eo
2905 2811 3486 2868 excommunicationis
3538 2807 3712 2861 absolu-

2186 2913 2383 2966 tionem
2417 2909 2675 2979 suscepit,
2707 2908 2809 2962 nisi
2844 2916 3047 2970 essent,
3095 2905 3187 2973 qui
3227 2904 3470 2958 dicerent
3494 2908 3713 2954 extortam

2184 3002 2579 3057 confessionem
2641 3016 2747 3054 non
2802 3013 2923 3054 esse
2982 2995 3403 3051 confessionem.
3465 2991 3602 3059 Quod
3644 2988 3713 3058 qui

2185 3092 2392 3161 dicunt,
2436 3093 2577 3147 male
2616 3092 2833 3146 decreta
2880 3088 3025 3144 beati
3076 3086 3370 3141 Alexandri
3427 3083 3584 3153 quinti
3624 3088 3716 3151 post

2186 3184 2400 3237 beatum
2432 3181 2653 3237 Petrum
2696 3180 2927 3236 Romani
2965 3176 3235 3248 pontificis
3281 3173 3593 3245 intelligunt,
3636 3185 3717 3224 non

2186 3273 2332 3328 enim
2370 3273 2529 3326 aliam
2564 3272 2752 3326 dicunt
2778 3285 2901 3325 esse
2925 3278 3190 3324 extortam
3218 3261 3718 3325 confessionem,nisi

2186 3362 2405 3431 quando
2428 3361 2508 3416 vel
2532 3360 2811 3431 suppliciis
2832 3359 2917 3415 vel
2944 3358 3104 3413 minis
3132 3357 3417 3411 veritatem
3449 3353 3634 3423 cOgitur
3650 3364 3720 3403 ne.

2189 3471 2337 3526 gare,
2364 3454 2448 3509 vel
2480 3455 2531 3508 in
2562 3453 2921 3508 idololatriam
2950 3465 3195 3522 peccare,
3226 3449 3508 3504 veritatem
3538 3443 3719 3513 proferri

2189 3546 2273 3613 vel
2307 3545 2531 3599 invitum
2563 3544 2658 3615 (ita
2679 3542 2842 3614 cod.).
2876 3542 2987 3596 Hoc
3030 3555 3244 3595 reorum
3272 3546 3379 3602 est,
3422 3545 3477 3591 et
3503 3535 3604 3590 haec
3638 3549 3717 3587 non

2190 3646 2274 3693 est
2301 3645 2512 3691 extorta
2541 3634 2810 3691 confessio
2834 3636 2927 3689 sed
2958 3632 3146 3687 invita.
3173 3630 3401 3699 Quando
3421 3629 3540 3699 quis
3556 3626 3721 3694 cogitur

2193 3726 2309 3781 hate
2336 3725 2576 3795 proﬁteri
2607 3726 2833 3779 veritate
2880 3724 3159 3794 prodente,
3204 3721 3349 3792 quod
3389 3734 3547 3790 prava
3581 3727 3721 3772 meat:

2193 3830 2394 3887 negare
2415 3815 2825 3870 deliberaverat.

2267 3906 2406 3960 Sunt
2432 3915 2487 3959 et
2530 3903 2641 3969 alii,
2694 3904 2786 3973 qui
2827 3903 3014 3957 dicunt
3050 3900 3415 3957 venerabilem
3452 3896 3720 3969 Gregorium

2194 4010 2388 4066 papam
2428 3993 2673 4065 legaliter
2697 3992 2883 4056 fuisse,
2917 3992 3010 4046 sed
3035 3999 3224 4046 contra
3257 4005 3318 4045 se
3345 3990 3516 4057 ipsum
3542 3998 3721 4041 sentcn-

2195 4086 2323 4141 tiam
2364 4084 2726 4140 damnationis
2770 4084 3047 4147 dictasse,
3095 4097 3218 4135 nam
3266 4080 3323 4134 in
3364 4079 3587 4134 secunda
3621 4075 3723 4129 feria

2195 4187 2315 4250 post
2348 4177 2555 4232 Pascha
2583 4178 2723 4246 apud
2754 4183 3002 4229 sanctum
3037 4174 3283 4240 Petrum,
3312 4188 3434 4227 cum
3467 4185 3625 4237 regem
3656 4182 3724 4219 ex.

2197 4278 2671 4331 comtnnntcasset,
2703 4266 2935 4334 adjecit:
2968 4265 3231 4321 Omnibus
3260 4264 3415 4318 vobis
3457 4274 3621 4317 nutum
3654 4260 3720 4320 sit,

2198 4360 2342 4430 quod
2366 4360 2409 4414 si
2433 4374 2605 4429 usque
2636 4358 2702 4412 ad
2728 4358 3077 4412 festivitatem
3102 4357 3161 4410 S.
3181 4355 3353 4419 Petri,
3377 4354 3623 4409 ilenricus
3647 4365 3723 4403 non

2198 4449 2507 4519 resipnerit,
2540 4457 2782 4501 mortuus
2812 4448 2916 4502 erit
2945 4456 3039 4501 aut
3076 4446 3388 4516 depositus;
3425 4443 3561 4515 quod
3591 4443 3627 4497 si
3652 4442 3726 4493 hoc

2202 4555 2307 4594 non
2336 4539 2516 4603 fuerit,
2549 4538 2680 4592 mihi
2714 4538 2861 4593 credi
2912 4537 3142 4608 amplius
3184 4551 3289 4590 non
3344 4544 3570 4605 oportet.
3612 4529 3726 4598 Quod

2201 4632 2425 4686 verbum
2453 4629 2591 4683 male
2616 4628 2977 4698 intelligentes
3003 4628 3161 4681 avide
3191 4641 3444 4694 rapuere,
3475 4635 3528 4681 et
3556 4622 3723 4694 quidam

2201 4725 2497 4779 secundum
2520 4739 2671 4777 suam
2698 4722 3029 4777 voluntatem
3053 4721 3118 4774 ad
3149 4719 3350 4774 malam
3378 4728 3577 4788 partem
3604 4711 3725 4768 det-li.

2132 4580 2176 4635 D

2201 4830 2419 4869 navere.
2468 4814 2572 4870 Sed
2604 4815 2704 4869 hoc
2763 4829 2868 4867 non
2906 4811 3006 4867 fuit
3054 4812 3107 4865 in
3153 4811 3500 4881 setttetipsum
3549 4809 3725 4863 dictasse
3822 4880 3823 4887 γ

2202 4908 2527 4961 sententiam
2555 4924 2568 4960 :
2598 4904 2739 4959 aliud
2763 4906 2908 4959 enim
2939 4912 3020 4959 est
3048 4903 3267 4967 dicere;
3318 4902 3451 4956 mihi
3485 4899 3615 4955 credi
3648 4909 3724 4949 non

2201 5007 2433 5066 oportet,
2463 5005 2518 5051 et
2542 4996 2705 5061 aliud,
2729 4996 2911 5064 judico
2935 4993 3311 5063 deponendum
3343 5009 3358 5045 :
3389 5006 3487 5046 nec
3515 4985 3726 5044 sententia

2200 5090 2305 5145 dici
2329 5097 2527 5159 potest,
2555 5103 2674 5158 quae
2696 5096 2819 5141 ante
2844 5086 3155 5141 ventilatam
3178 5084 3529 5153 quaestionem
3562 5078 3728 5151 profer-

2202 5192 2311 5237 tur.
2354 5181 2461 5237 Sed
2490 5196 2591 5236 nec
2613 5180 2777 5234 ullam
2808 5176 3106 5248 possidebit
3134 5175 3444 5231 ﬁrmitatem
3490 5169 3728 5230 sententia.

2199 5287 2319 5341 qua:
2361 5271 2479 5326 sine
2508 5270 2943 5327 consideratione
2977 5267 3380 5339 pronuntiatur,
3435 5273 3488 5320 et
3532 5272 3728 5333 quantus

2200 5365 2475 5435 popularis
2502 5364 2778 5420 rusticitas
2801 5363 2960 5417 aliter
2988 5361 3366 5427 intellexisset,
3388 5374 3543 5431 quam
3567 5352 3725 5411 debuit.

2205 5468 2387 5512 tamen
2424 5457 2624 5523 omnis,
2677 5456 2769 5525 qui
2821 5470 3011 5509 sanum
3059 5453 3221 5524 sapit,
3252 5467 3376 5509 eum
3414 5465 3534 5506 vera
3572 5445 3728 5501 dixisse

2199 5565 2308 5605 non
2333 5549 2563 5604 dubitat.
2588 5548 2725 5602 Nam
2756 5563 2877 5602 cum
2902 5546 2973 5601 in.
2991 5545 3107 5616 lege
3127 5546 3391 5615 scriptum
3413 5544 3481 5598 sit
3509 5560 3522 5595 :
3550 5538 3599 5593 Si
3635 5533 3727 5603 quis

2200 5640 2254 5695 in
2284 5641 2504 5697 nomine
2556 5638 2771 5695 Domini
2820 5636 3239 5709 prophetaverit,
3280 5622 3347 5691 et
3387 5647 3491 5689 non
3533 5624 3728 5685 evenerit

2202 5755 2389 5810 eadem
2421 5771 2583 5813 manu
2611 5755 2825 5813 videtur
2847 5752 3103 5824 ascripta,
3131 5750 3225 5809 sed
3255 5755 3549 5807 atramento
3582 5751 3727 5797 tamen
3820 5822 3821 5825 η

2202 5827 2435 5884 diverso.
