3852 6308
129 298 222 395 8323

1142 304 1151 311 ⁷
1186 291 1385 387 Lmen
1426 332 1516 385 Αι)
1554 328 1842 385 Αιιιευιι.
1878 327 2096 383 -ι.ιε.
2137 329 2224 383 tx.
2264 328 2269 331 ί

3291 336 3396 392 εει
3418 320 3421 321 ί

130 470 256 525 quoa
286 450 632 521 praedixerit,
673 447 943 519 lapidibus
995 449 1279 517 obruatur,
1323 436 1451 520 quia
1503 464 1701 506 nomen
1732 455 1779 511 Α
1808 447 1911 502 nisi
1939 447 2065 517 quia
2091 446 2388 501 secundum
2432 443 2685 500 Pltocium
2733 454 2785 503 et
2824 447 3138 503 Dioscorum
3187 466 3395 518 ponens

128 543 321 599 Domini
374 541 601 596 irritum
652 538 780 594 fecit
808 539 985 608 (Deut.
1037 554 1190 603 xvnt,
1237 538 1351 609 22).
1410 538 1549 606 Quid
1599 548 1702 607 est,

128 634 253 704 quod
280 629 450 689 Jonas
481 633 556 687 de
579 633 925 687 subversione
949 631 1135 687 Ninivc
1157 632 1555 701 prophetizans,
1582 639 1705 686 cum

127 730 301 785 Ninive
334 742 445 781 non
494 728 571 781 sit
610 727 891 795 subversa,
918 742 1018 782 nec
1064 735 1309 781 mortuus
1357 725 1555 796 legitur
1605 740 1705 781 nec

130 822 456 893 reprobatus,
522 836 630 876 non
688 820 831 892 quod
887 819 1139 890 specialis
1177 819 1249 874 ibi
1295 828 1378 874 est
1431 819 1704 874 intellecta

125 917 409 972 subversio.
436 915 553 972 Sed
579 916 705 986 quia
747 915 949 970 dictum
971 924 1056 969 est
1084 933 1098 967 :
1136 897 1157 966 ἱ
1188 911 1353 968 Verte
1401 913 1615 982 impios.
1647 920 1702 967 et

128 1022 216 1061 non
244 1014 402 1062 erunt
428 1003 621 1077 (Prov.
658 1005 851 1074 111,7),
883 1023 903 1057 ι
938 1005 1019 1059 sic
1061 1002 1395 1074 protoplasto
1420 1002 1701 1057 Dominica

128 1114 240 1152 voce
259 1098 463 1153 dictum
486 1105 577 1151 est
604 1115 618 1150 :
657 1117 674 1149 ι
717 1098 773 1152 ln
797 1111 1118 1166 quacunque
1145 1096 1229 1151 die
1260 1094 1696 1159 manducaveris,

127 1196 281 1242 morte
328 1188 590 1242 morieris
621 1185 773 1257 (Gen.
804 1204 865 1255 tt,
911 1187 1022 1254 l7),
1068 1206 1087 1239 ι
1131 1201 1254 1241 cum
1301 1194 1425 1256 post
1475 1184 1699 1239 vetitum

126 1288 317 1346 gustum
346 1286 659 1346 nongentos
686 1287 742 1333 et
771 1293 836 1332 eo
860 1277 1093 1347 amplius
1118 1292 1290 1332 annos
1325 1276 1520 1330 vixisse
1551 1290 1698 1330 com-

128 1367 387 1435 probatur.
442 1367 553 1423 nisi
603 1369 746 1438 quod
796 1368 846 1423 ei
908 1377 1139 1422 mortem
1188 1367 1570 1422 interminatus
1615 1375 1701 1421 est

126 1457 371 1525 poenalem
418 1472 533 1512 non
563 1457 888 1522 naturalem,
914 1474 1019 1527 qua
1067 1458 1246 1512 anima
1279 1474 1419 1513 nexu
1453 1457 1697 1526 corporis

127 1547 382 1601 liberatur.
450 1532 592 1603 Tres
646 1549 792 1604 enim
839 1559 1041 1604 mortes
1088 1548 1369 1618 Scriptura
1425 1550 1696 1606 referente

128 1637 407 1701 didicimus,
435 1654 610 1692 unam
641 1638 997 1709 spiritualem,
1033 1653 1138 1708 qua
1174 1639 1354 1692 anima
1404 1637 1549 1693 vitiis
1580 1653 1695 1693 mo-

127 1730 245 1784 ritur
268 1739 317 1785 et
345 1732 583 1786 Domino
612 1731 765 1799 vivit,
799 1732 867 1787 de
896 1747 1001 1801 qua
1035 1731 1294 1801 scriptum
1325 1739 1445 1786 est:
1489 1750 1507 1782 ι
1542 1729 1691 1788 Beati

1811 538 1865 591 in
1894 536 2091 592 coelum
2118 551 2179 591 os
2207 551 2361 591 suum
2406 535 2525 591 sine
2557 534 2762 604 judicio
2793 541 3073 609 temptavit
3119 541 3317 609 pellere
3358 560 3391 598 a

1807 629 1936 684 sede
1983 628 2258 683 dominum
2310 642 2502 697 papam
2559 630 2778 682 senioris
2829 629 3007 685 Roma
3052 631 3164 703 (ita
3212 635 3391 707 σαι).

1808 718 2058 775 Secunda
2098 732 2228 773 vero
2257 717 2747 773 exconmiunieatio
2774 726 3058 788 propterea
3097 720 3241 778 facta
3281 739 3386 793 esr,

1807 818 1866 863 ut
1899 824 2019 864 cum
2059 808 2224 863 semel
2271 817 2325 863 et
2366 808 2451 863 bis
2499 816 2555 861 et
2604 816 2688 861 ter
2749 809 3058 866 admonitus
3112 813 3301 869 fuisset
3355 834 3388 869 a

1805 899 2026 953 domino
2061 913 2221 968 papa,
2253 907 2446 953 utnon
2496 905 2775 967 pugnaret,
2817 907 2874 952 et
2918 898 3091 954 locum
3130 903 3284 957 daret
3332 905 3387 958 in

1805 1004 1905 1044 suo
1946 1004 2113 1060 regno
2158 988 2469 1043 celebrandi
2517 987 2806 1043 concilium
2856 998 2909 1041 et
2935 991 3227 1056 renuisset,
3255 992 3382 1047 imi-

1804 1092 1947 1138 tatus
1978 1083 2293 1153 magistrum
2321 1080 2574 1137 Gentium
2598 1088 2908 1150 promptum
2933 1096 2992 1136 se
3021 1082 3290 1138 dicentem
3316 1084 3386 1138 ad

1801 1189 2019 1231 omnem
2068 1173 2450 1229 ulciscendam
2512 1172 2973 1239 inobcdicntiam,
3037 1174 3385 1230 rebellionem

1801 1264 2018 1334 superbi
2067 1263 2163 1318 lilii
2202 1261 2720 1319 excommunicando
2783 1278 3131 1332 compescere
3176 1267 3386 1320 curavit

1800 1372 1910 1413 non
1952 1355 2137 1412 volens
2187 1370 2313 1411 eum
2370 1354 2715 1424 mortiﬂeare,
2749 1356 2843 1411 sed
2891 1356 2959 1411 ad
3011 1358 3385 1427 paenitentiam

1796 1461 1993 1505 vocare
2004 1488 2015 1502 .
2088 1458 2093 1469 ³

1777 1553 1789 1563 ’
1868 1540 1977 1597 Sed
2003 1554 2125 1595 cum
2151 1539 2401 1610 superius
2431 1554 2458 1592 a
2500 1554 2589 1596 me
2638 1539 3000 1609 qumsivissrs,
3045 1540 3217 1596 amice
3265 1541 3385 1597 dolo

1798 1634 2037 1699 cissimc,
2069 1634 2114 1687 si
2154 1632 2279 1687 licet
2310 1630 2621 1686 Christiano
2645 1631 2815 1685 armis
2856 1647 2953 1702 pro
2983 1631 3209 1686 veritate
3254 1647 3377 1686 cer-

1803 1740 1941 1790 tare,
1984 1723 2267 1781 historiam
2300 1722 2544 1793 petebas,
2571 1736 2731 1793 quam
2778 1738 2922 1777 nunc
2949 1723 3221 1788 contexui,
3256 1722 3384 1778 licet

130 1822 324 1887 mortui,
352 1824 443 1892 qui
476 1822 534 1876 in
569 1823 798 1879 Domino
820 1824 1129 1878 moriuntur
1159 1822 1343 1893 (Apoc.
1376 1839 1488 1889 xiv,
1524 1823 1634 1891 l5).
1670 1843 1689 1878 ι
1729 1813 1773 1868 Β
1800 1820 1985 1875 multis
2024 1818 2381 1883 notissimam,
2439 1827 2618 1872 tamen
2672 1818 2904 1887 posteris
2941 1820 3277 1888 profuturam
3324 1827 3384 1873 ut

126 1912 339 1967 Alteram
378 1914 691 1969 naturalem
714 1954 729 1980 ,
759 1930 866 1985 qua
898 1916 1079 1969 anima
1110 1930 1250 1968 nexu
1281 1914 1522 1983 corporis
1569 1914 1699 1971 libe-

130 2010 275 2057 ratur.
297 2000 537 2058 Tertiam
569 2019 698 2059 vero
723 2003 1016 2073 poenalem,
1050 2002 1115 2059 de
1137 2017 1243 2072 qua
1280 2005 1538 2073 scriptum
1570 2013 1652 2059 est
1678 2021 1692 2058 :

132 2110 149 2143 ι
186 2092 384 2161 Anima,
428 2111 555 2165 qua:
602 2094 931 2166 peccaverit,
996 2094 1111 2165 ipsa
1160 2094 1423 2149 morietur
1474 2091 1691 2156 (Ezech.

133 2201 264 2249 xvnt,
291 2187 361 2257 ι).
394 2207 414 2241 ι
452 2189 573 2256 Qua
600 2197 775 2243 morte
800 2196 1074 2243 mortuum
1104 2203 1249 2255 eum,
1280 2187 1370 2257 qui
1396 2189 1537 2256 apud
1574 2187 1691 2241 Bri-

131 2279 404 2334 xianorium
460 2296 669 2350 pronus
706 2279 956 2335 adoravit
1004 2278 1253 2343 bestiam,
1296 2278 1433 2332 nulli
1469 2278 1691 2332 dubium

131 2377 216 2422 est.
251 2370 352 2425 Sed
381 2370 574 2425 dicunt
605 2386 670 2426 eo
698 2369 783 2425 die
812 2383 934 2424 eum
978 2384 1007 2423 a
1044 2383 1209 2440 regno
1248 2368 1553 2439 depositum
1584 2383 1691 2423 non

131 2460 291 2525 fuisse,
320 2478 423 2516 non
457 2460 828 2531 intelligentes
869 2469 959 2514 aut
994 2460 1372 2530 disjunctivam
1404 2473 1526 2513 esse
1556 2473 1689 2513 con-

129 2548 447 2617 iunctionem,
473 2567 586 2607 non
606 2550 1272 2621 allirmativam,fquamvis
1301 2548 1401 2604 etsi
1428 2564 1534 2604 non
1561 2559 1689 2605 ante

133 2639 360 2697 humanos
388 2642 604 2709 oculos,
655 2651 834 2696 tamen
866 2640 1047 2695 forsan
1092 2649 1219 2697 ante
1254 2641 1462 2695 divinos
1502 2641 1687 2695 oculos

133 2727 369 2798 depositus
391 2742 496 2785 est.
530 2731 666 2798 Quis
684 2732 831 2785 enim
854 2729 1071 2786 Saulem
1101 2739 1260 2800 neget
1276 2738 1396 2799 post
1420 2728 1685 2785 Samuelis

134 2819 267 2873 verba
290 2822 512 2875 dicentis
543 2821 611 2875 ad
641 2837 763 2875 cum
789 2838 802 2875 :
840 2839 859 2871 ί
881 2821 1101 2876 Scindet
1125 2821 1264 2875 Deus
1296 2835 1514 2890 regnum
1535 2827 1684 2875 tuum

133 2906 264 2963 hodie
289 2925 316 2963 a
349 2921 421 2975 te,
460 2921 517 2968 et
550 2911 699 2966 dabit
747 2912 952 2967 meliori
986 2920 1035 2966 te
1066 2910 1117 2982 (I
1142 2911 1270 2981 Reg.
1304 2927 1393 2973 xv,
1416 2910 1528 2981 28),
1560 2929 1579 2962 ι
1625 2919 1680 2966 ει

135 3004 233 3061 post
278 2998 448 3053 datam
514 3001 828 3056 unctionem
887 3001 1153 3056 diabolica
1215 3000 1406 3070 spiritu
1466 3000 1683 3069 plenum

134 3098 272 3156 usque
293 3089 355 3143 ad
379 3090 732 3145 durissimum
759 3089 959 3145 Gelboe
1002 3089 1245 3160 prailium
1289 3089 1356 3144 ad
1387 3090 1679 3159 perniciem

136 3189 258 3229 suam
278 3189 393 3235 ante
417 3182 688 3236 humanos
710 3182 897 3237 oculos
919 3195 1193 3259 regnasse.
1209 3180 1468 3251 Oquanto
1490 3180 1680 3234 melius
1710 3162 1754 3224 (ἶ

134 3268 321 3329 esset,si
344 3284 405 3323 eo
425 3270 531 3334 die,
560 3284 667 3339 quo
696 3286 727 3324 a
760 3269 986 3325 Domino
1015 3270 1334 3338 reprobatus
1358 3269 1506 3338 regia
1534 3277 1680 3324 esset

138 3365 367 3421 potestate
398 3363 667 3431 privatus,
698 3377 860 3431 quam
903 3370 1027 3433 post
1059 3362 1309 3432 cupidine
1340 3361 1490 3430 regni
1524 3360 1678 3415 infla-

138 3451 223 3497 tum
247 3462 330 3515 per
356 3449 532 3507 Doecli
566 3450 842 3504 ldumeum
877 3450 1215 3506 sacerdotem
1258 3449 1467 3505 Domini
1510 3451 1681 3506 inter-

138 3533 305 3601 liceret,
354 3549 406 3597 et
451 3541 731 3611 oetOginta
778 3540 927 3595 viros
979 3540 1157 3611 Ephot
1209 3540 1481 3595 accinctos
1536 3540 1682 3597 lineo

132 3617 343 3686 iussisset
371 3644 599 3694 necare;
630 3637 684 3683 ct
707 3628 752 3683 si
782 3628 970 3683 eodem
1013 3629 1121 3695 die,
1154 3637 1213 3682 ut
1255 3629 1501 3698 superius
1545 3628 1677 3694 dixi,

137 3720 251 3766 esset
298 3719 609 3787 repudiatus
671 3734 777 3773 non
829 3717 1101 3774 diabolum
1149 3720 1202 3774 in
1255 3718 1507 3775 Samuele
1549 3721 1680 3776 ado-

138 3812 299 3867 rasset,
349 3823 445 3864 nec
499 3809 620 3881 ejus
664 3809 827 3865 verba
883 3810 1121 3865 audisset
1168 3810 1395 3865 dicentis
1438 3827 1451 3863 :
1499 3811 1578 3865 Tu
1626 3820 1682 3868 et

136 3885 211 3943 lilii
248 3894 314 3948 tui
339 3910 456 3952 cras
484 3914 701 3953 mecum
730 3899 883 3955 eritis
911 3899 960 3970 (I
989 3898 1118 3969 Reg.
1150 3914 1344 3966 xxvnt,
1394 3901 1505 3971 ~19).
1539 3900 1678 3967 Quid

138 3977 277 4045 plura.
331 3985 469 4045 Satis
533 3989 739 4059 liquido
794 3998 944 4060 patet
994 4007 1119 4046 eum
1172 4000 1445 4046 mortuum
1512 3991 1680 4046 fuisse

137 4076 179 4121 et
203 4072 474 4143 depositum
504 4094 574 4135 eo
612 4080 722 4147 die,
761 4096 870 4150 quo
924 4080 1242 4136 Guibertum
1298 4096 1501 4152 pronus
1553 4082 1681 4137 ado-

140 4174 266 4220 ravzt.

195 4270 305 4330 ltem
331 4291 452 4337 sunt
478 4283 728 4355 quidam,
774 4283 869 4355 qui
898 4284 1087 4340 dicunt
1131 4285 1494 4342 venerabilem
1542 4287 1682 4344 Gre-

139 4364 306 4449 gorium
331 4386 448 4428 vere
477 4374 784 4430 Romanum
814 4376 981 4433 fuisse
1007 4378 1345 4447 pontificem,
1376 4379 1469 4433 sed
1495 4394 1675 4449 regem

1800 1925 2117 1982 cognoscas,
2164 1908 2291 1978 quia
2343 1908 2390 1964 si
2434 1907 2588 1964 licuit
2645 1898 2882 1977 unquam
2924 1907 3234 1965 Christiano
3285 1923 3382 1978 pro

1799 2002 1979 2073 aliqua
2008 2017 2066 2057 re
2093 2001 2347 2065 militare,
2373 1999 2499 2055 licet
2526 2012 2714 2055 contra
2740 1998 3103 2055 Guibertistas
3128 2000 3382 2056 oumibus

1796 2094 1970 2147 modis
1995 2091 2215 2147 bellare.
2245 2090 2303 2145 Si
2327 2091 2471 2145 enim
2502 2091 2693 2147 beatus
2713 2090 3004 2161 Gregorius
3031 2089 3380 2160 pugnandum

1796 2193 1986 2239 contra
2036 2181 2419 2253 Symoniacam
2453 2180 2956 2252 et‘Neophytorum
3013 2181 3241 2236 haeresin
3282 2195 3381 2250 pro

1794 2272 1955 2327 cilicii
1992 2272 2077 2326 sui
2103 2270 2545 2325 consideratione
2572 2268 2826 2327 omnibus
2868 2272 3144 2343 praecepit,
3177 2279 3381 2339 quanto

1794 2363 1967 2434 magis
1994 2372 2181 2418 contra
2209 2363 2365 2426 hanc,
2390 2376 2510 2431 qua:
2533 2373 2708 2419 mater
2722 2372 2807 2419 est
2827 2365 3067 2418 omnium
3092 2366 3265 2418 haeres
3288 2378 3378 2418 unt

1784 2455 2138 2527 pugnandum
2167 2469 2308 2521 esse,
2344 2455 2531 2510 nullibi
2563 2455 2782 2510 dubium
2812 2464 2918 2512 est.
2948 2471 3049 2512 nec
3103 2456 3302 2514 milites
3345 2473 3377 2510 a

1791 2561 1958 2615 regno
1990 2547 2084 2601 Dei
2137 2546 2338 2601 alienos
2366 2561 2487 2602 esse
2534 2546 2917 2617 judicabinms,
2971 2565 3106 2618 quos
3137 2550 3377 2619 Baptista

1775 2626 2005 2695 Domini
2039 2655 2145 2694 non
2200 2640 2375 2695 solum
2423 2641 2707 2695 abhorruit
2753 2641 2892 2714 (54),
2949 2636 3043 2697 εει]
3094 2643 3273 2712 potius
3316 2652 3376 2697 ut

1792 2732 2090 2787 militarent
2118 2732 2358 2787 contenti
2387 2733 2499 2787 suis
2526 2733 2810 2803 stipendiis
2838 2734 3259 2803 prteecpit(Luc.
3289 2751 3371 2799 ιιι,

1789 2822 1899 2893 Η).
1936 2823 2192 2878 Dominus
2218 2830 2345 2879 vero
2371 2834 2554 2879 noster
2586 2823 2735 2880 Iesus
2757 2826 3010 2881 Christus
3045 2843 3221 2883 nonne
3249 2844 3376 2883 cen-

1791 2913 2018 2968 turionis
2057 2914 2215 2969 fidem
2247 2915 2709 2984 anteposuit'liliis
2752 2915 2949 2970 Israel?
3002 2919 3106 2971 Sed
3154 2927 3208 2972 et
3258 2917 3375 2987 ejus

1787 3004 2061 3059 servulum
2084 3021 2278 3061 curare
2313 3023 2419 3062 non
2438 3007 2758 3077 dedignatus
2788 3017 2890 3063 est.
2918 3009 3047 3064 Post
3078 3009 3371 3080 gloriosam
3396 3006 3399 3009 ’

1787 3108 1917 3148 vero
1958 3092 2073 3161 ejus
2112 3096 2176 3149 ad
2209 3094 2377 3150 cados
2404 3096 2797 3162 ascensionem,
2828 3098 3078 3167 primitiae
3107 3098 3370 3166 gentium,

1786 3184 1879 3254 qui
1926 3184 2274 3240 crediderunt
2304 3200 2371 3239 ex
2422 3185 2684 3240 militibus
2741 3186 2914 3252 fuere,
2962 3195 3017 3241 et
3074 3187 3127 3242 in
3163 3195 3372 3242 tantum

1780 3292 1967 3331 eorum
2013 3277 2371 3348 elcemosynae
2424 3287 2479 3333 et
2525 3279 2801 3334 orationes
2848 3290 3084 3350 accepta:
3113 3280 3287 3346 fuere,
3314 3290 3397 3345 ut,

1781 3368 2002 3422 Simone
2028 3368 2188 3423 Petro
2214 3368 2264 3421 in
2295 3369 2518 3423 domum
2545 3368 2780 3423 Cornelii
2813 3370 3049 3424 intrante
3079 3382 3372 3439 antequam

1780 3457 1830 3512 ei
1853 3466 1912 3512 et
1936 3458 2025 3527 qui
2048 3473 2171 3513 cum
2197 3474 2262 3514 eo
2286 3469 2463 3523 erant,
2483 3475 2673 3514 manus
2703 3460 3021 3529 imponeret,
3039 3471 3091 3513 et
3114 3462 3373 3531 baptismi

1780 3562 1921 3617 aqua
1951 3549 2236 3604 mundaret
2264 3551 2435 3605 sancti
2462 3547 2698 3619 Spiritus
2720 3564 3011 3618 suscepere
3038 3550 3372 3605 charismata

1780 3638 1919 3708 (Act.
1953 3656 2007 3705 κ,
2055 3639 2167 3711 44).
2202 3640 2419 3695 Etcum
2457 3641 2565 3695 sint
2593 3641 2840 3710 quaedam
2884 3640 3083 3707 otIicia,
3133 3641 3200 3696 ad
3250 3655 3373 3711 quae

1780 3731 1957 3786 redire
2001 3741 2123 3802 post
2160 3733 2425 3802 baptisma
2473 3731 2586 3803 (55)
2637 3734 2738 3788 sub
2792 3732 3083 3804 gentilibus
3143 3732 3372 3787 ducibus

1782 3821 2104 3877 militavere.
2137 3820 2338 3888 Quare,
2374 3822 2419 3875 si
2468 3821 2621 3876 licuit
2659 3837 2757 3892 pro
2802 3833 3019 3877 terreno
3062 3836 3209 3893 rege,
3261 3836 3370 3877 non

1781 3911 1966 3967 licebit
2014 3926 2111 3981 pro
2162 3911 2407 3968 omlesti?
2460 3912 2518 3967 Si
2570 3913 2722 3967 licuit
2760 3928 2857 3982 pro
2906 3913 3208 3983 republica,
3261 3926 3369 3965 non

1781 4003 1965 4058 licebit
1995 4018 2093 4072 pro
2128 3999 2378 4074 justitia?
2422 4003 2479 4058 Si
2522 4003 2670 4058 licuit
2700 4014 2889 4059 contra
2942 4006 3226 4067 barbaros,
3260 4017 3369 4057 non

1779 4095 1963 4150 licebit
2010 4106 2202 4149 contra
2261 4097 2588 4151 haereticos?
2644 4097 2833 4151 Nonne
2886 4096 2945 4149 S.
2997 4096 3250 4159 llilarius,
3311 4102 3371 4148 ut

1780 4189 1835 4243 in
1890 4190 2115 4243 historia
2164 4189 2379 4258 legitur,
2429 4188 2763 4243 Francorum
2801 4188 3131 4242 Clodoveunt
3181 4201 3368 4257 regem

1780 4266 1970 4335 contra
2012 4280 2294 4333 haereticos
2324 4280 2557 4333 Ariauos
2602 4279 2869 4332 armavit?
2917 4279 3024 4332 Sed
3075 4287 3129 4331 et
3176 4276 3368 4331 beatus

1778 4372 2114 4442 Augustinus
2147 4370 2377 4441 insignis
2414 4370 2604 4424 doctor
2630 4370 2966 4425 Bonifacium
3002 4371 3273 4434 hortatur,
3310 4379 3368 4423 ut

140 4447 304 4563 ibfque
328 4462 534 4518 ratione
562 4466 1071 4521 excommunicasse
1120 4447 1675 4529 secundmndecreta
1710 4460 2260 4563 DCircumcelliones
2310 4471 2364 4513 ει
2413 4459 2725 4517 Donatistas
2784 4462 3143 4531 suspenderet
3199 4470 3367 4530 atque

141 4535 296 4631 Felicis
336 4564 480 4621 papa:
510 4562 582 4617 get
626 4557 904 4628 martyris,
960 4558 1014 4613 in
1053 4560 1253 4629 quibus
1305 4560 1387 4615 sic
1436 4559 1674 4631 legitur:

140 4625 274 4689 Nemo
308 4643 413 4698 suis
438 4646 600 4699 rebus
622 4649 954 4719 exspoliatus
991 4659 1084 4703 aut
1120 4667 1151 4704 a
1198 4651 1325 4705 sede
1362 4650 1546 4720 pulsus
1586 4668 1682 4723 po-

145 4723 228 4819 ιςει
265 4739 709 4794 cxcommunicari
741 4739 821 4792 vel
853 4738 1085 4807 judicari
1141 4740 1454 4809 priusquam
1493 4743 1677 4796 omnia

141 4820 646 4902 cngredintegrentur,
712 4839 818 4884 etc.
892 4828 999 4883 Sed
1064 4832 1314 4899 quamvis
1373 4832 1477 4886 hoc
1533 4833 1678 4902 capi-

147 4901 280 4960 tulum
312 4920 609 4982 specialiter
654 4920 721 4974 ad
762 4918 1040 4988 episcopos
1086 4919 1356 4989 pertinere
1404 4901 1673 4989 videatur,

146 4997 702 5086 tamenevidentissime
748 5011 1209 5067 dcmonstrabitur
1247 5014 1380 5068 nihil
1419 5016 1500 5071 eis
1540 5031 1674 5086 pro.

147 5078 285 5153 desse,
308 5106 403 5161 (tuo
426 5100 605 5155 minus
627 5102 947 5156 ostendatur
974 5117 1153 5171 regem
1184 5103 1328 5171 justc
1373 5078 1558 5160 fuisse-
1582 5120 1678 5160 cx-

146 5181 564 5249 coutmunicatuni.
620 5191 679 5246 Si
720 5192 863 5246 enim
914 5193 978 5247 de
1016 5186 1198 5262 regno
1250 5196 1430 5264 aliqua
1483 5197 1676 5253 fuisset

148 5272 457 5358 t‘onttovet‘sia
523 5292 834 5336 utrumnam
896 5291 1050 5352 juste
1101 5284 1186 5338 vel
1260 5283 1459 5354 injuste
1519 5288 1670 5358 regni

152 5353 882 5447 teneretgubernacula,cedo;
914 5375 1134 5430 deberet
1165 5353 1437 5447 prtussue
1462 5353 1673 5435 restitui

150 5432 243 5497 ‘0‘“
269 5466 407 5521 (luam
449 5466 908 5521 excommunicari
965 5477 1020 5523 et
1066 5468 1319 5538 judicari.
1376 5470 1481 5525 Sed
1531 5471 1675 5527 inter

153 5540 306 5602 papam
332 5560 379 5606 et
404 5572 577 5631 regem
605 5576 712 5617 non
744 5561 965 5619 aliunde
1002 5572 1123 5617 orta
1158 5575 1241 5618 est
1279 5566 1669 5633 controversia,

333 5682 497 5751 Potius
543 5693 829 5768 legendum
878 5714 980 5755 non
1011 5698 1307 5767 abhorruit,
1358 5701 1670 5774 requirente

1783 4562 2222 4622 persequeretur,
2249 4549 2406 4618 eique
2431 4550 2513 4605 sic
2538 4552 2726 4607 scribit
2752 4552 2894 4607 inter
2924 4560 3152 4607 caetera:

1854 4644 2132 4701 Bonifacio
2199 4647 2481 4717 spectabili
2549 4647 2709 4712 viro,
2762 4646 2828 4699 A.
2895 4644 3158 4700 salutem!
3203 4643 3369 4699 Gravi

1783 4737 1848 4791 de
1873 4752 2048 4807 pugna
2073 4740 2445 4811 conquereris,
2473 4739 2685 4793 dubites
2707 4738 2851 4801 nolo,
2878 4737 3007 4792 utile
3030 4737 3124 4791 tibi
3154 4739 3369 4807 tuisque

1782 4831 1921 4884 dabo
1952 4830 2256 4886 consilium.
2293 4832 2489 4902 Arripe
2514 4832 2762 4885 manibus
2796 4846 2970 4897 arma,
3002 4831 3179 4886 oratio
3208 4845 3367 4884 aures

1778 4919 1955 4988 pulset
1980 4922 2237 4976 auctoris.
2267 4921 2402 4988 Quia
2424 4923 2641 4991 quando
2672 4932 2960 4992 pugnatur,
2998 4906 3366 4989 Deusapertis

1779 5012 1952 5068 oculis
2002 5015 2285 5084 prospicit,
2333 5027 2388 5070 et
2434 5027 2665 5085 partem,
2697 5032 2860 5088 quam
2902 5014 3363 5085 aspicit,justam,

1780 5106 1855 5161 illi
1890 5108 2054 5161 donat
2093 5106 2327 5175 palmam
2355 5118 2413 5160 et
2454 5108 2757 5163 victoriam.
2790 5106 2909 5160 Noli
2951 5106 3265 5161 existimare
3308 5105 3360 5157 in

1778 5201 1948 5255 armis
1974 5201 2185 5255 bellicis
2221 5215 2325 5254 non
2372 5216 2530 5270 posse
2576 5200 2684 5256 Deo
2731 5200 2966 5270 placere.
3021 5199 3075 5251 lu
3131 5197 3213 5249 his
3262 5198 3364 5248 luit

1776 5300 1995 5348 sanctus
2026 5291 2214 5358 David,
2240 5293 2326 5347 cui
2374 5293 2629 5347 Dominus
2660 5302 2870 5344 tantum
2904 5287 3177 5359 perhibuit
3209 5287 3362 5340 testi-

1776 5384 2058 5438 monium:
2115 5404 2133 5436 ι
2171 5383 2247 5439 De
2287 5382 2467 5439 fructu
2501 5383 2706 5437 ventris
2746 5394 2782 5436 ι.
2825 5400 2877 5452 p.
2934 5398 2980 5434 s.
3031 5396 3078 5435 s.
3113 5389 3152 5433 t.
3180 5378 3357 5449 (Psal.

1774 5493 1962 5542 cxxxr,
2003 5477 2115 5548 11).
2154 5496 2173 5531 ι
2217 5477 2275 5532 In
2330 5477 2414 5531 liis
2451 5477 2554 5530 fuit
2592 5483 2645 5531 et
2675 5475 2943 5539 centurio,
2972 5473 3039 5528 de
3081 5489 3187 5543 quo
3230 5473 3363 5527 dicit

1773 5567 2077 5625 Dominus:
2127 5588 2145 5620 ι
2185 5569 2357 5625 Amen
2385 5569 2505 5624 dico
2552 5567 2725 5635 vobis,
2782 5583 2889 5622 non
2934 5566 3113 5620 inveni
3152 5576 3357 5619 tantam

1844 5701 1955 5771 (55)
1995 5702 2345 5758 lnscrcndum
2376 5701 2518 5759 haud
2552 5700 2711 5761 dubie
2741 5718 2842 5759 non
2868 5701 3036 5771 licuit,
3061 5700 3161 5759 etsi
3190 5699 3357 5763 codex

1773 5788 1879 5829 non
1913 5772 2127 5830 habeat.
