3848 6292
494 349 601 408 855

1605 332 1963 396 BONIZONIS
2001 327 2408 388 PLACENTIM
2446 326 2751 388 EPISCOPI
3639 337 3716 397 εδδ

491 460 651 515 ﬁdem
690 456 749 513 In
810 457 971 513 Israel
1023 450 1242 526 (Μαιιιι.
1283 464 1400 516 vtu,
1453 444 1562 520 10).
1603 467 1623 500 ι
1681 447 1736 501 ln
1766 446 1853 502 his
1879 444 1981 500 fuit
2029 453 2085 499 et
2112 447 2160 506 Α
2185 450 2499 498 sanctorum
2530 441 2752 496 Patrum
2779 438 3125 507 documenta,
3159 438 3420 495 advertite
3450 449 3501 496 et
3537 456 3621 512 pro
3648 463 3713 503 ve-

489 547 773 604 Cornelius
833 545 987 615 cujus
1049 545 1405 614 eleemosynm
1450 537 1602 594 luere
1660 545 1900 607 accepta:
1940 534 2081 605 apud

486 638 659 693 Deum
685 637 825 708 (Act.
854 652 915 701 ι,
948 635 1059 706 id).
1087 632 1228 701 Quid
1257 630 1475 687 dicam?
1504 627 1725 684 Hostem
1751 634 2079 697 pugnantem

486 727 789 781 necessitas
817 726 1052 797 perimat
1082 740 1187 779 non
1218 722 1488 778 voluntas.
1536 719 1681 774 Idem
1709 719 1776 773 de
1821 730 2074 773 sermone

486 817 703 871 Domini
735 816 921 872 habite
957 817 1013 871 in
1045 824 1235 872 monte
1260 830 1384 871 cum
1419 814 1487 869 de
1536 810 1963 869 beatitudinibus
2002 809 2082 865 lo-

486 917 750 977 queretur
791 917 848 964 et
883 909 1122 964 venisset
1166 907 1233 961 ad
1274 925 1293 958 ι
1332 904 1476 961 beati
1505 904 1597 974 qui
1644 900 2082 973 persecutionem

484 1000 769 1069 patiuntur
814 1007 1035 1073 propter
1055 999 1320 1072 justitiam
1353 996 1573 1069 (Matth.
1622 1010 1675 1058 ν,
1706 994 1817 1065 10),
1852 1012 1877 1047 ι
1899 1007 2079 1063 aequa-

484 1088 621 1147 liter
644 1089 784 1144 dixit
816 1089 1004 1145 beatos
1037 1102 1181 1154 esse,
1228 1086 1321 1158 qui
1362 1084 1793 1157 persecutionem
1840 1080 2080 1136 inierunt

485 1188 713 1249 prepter
731 1179 1027 1250 justitiam,
1055 1194 1119 1233 ac
1146 1178 1194 1232 si
1222 1176 1315 1247 qui
1342 1174 1773 1246 persecutionem
1794 1169 2081 1240 patiuntur

484 1280 710 1340 propter
730 1272 1023 1342 justitiam.
1048 1269 1393 1325 llieronitnus
1422 1282 1550 1323 vero
1572 1266 1625 1320 in
1652 1264 1909 1322 Tractatu
1936 1263 2079 1320 Pen-

486 1362 687 1416 tateuci
718 1362 798 1418 sic
826 1360 1093 1426 meminit,
1125 1360 1349 1415 dicens:
1389 1358 1446 1413 Si
1480 1357 1713 1413 llebrmo
1748 1364 2079 1428 prmeeptum

487 1464 574 1508 cst
605 1453 745 1522 patri
772 1463 828 1508 et
853 1453 1015 1508 matri
1050 1460 1108 1508 et
1144 1452 1322 1517 uxori,
1357 1465 1477 1521 qua:
1503 1451 1703 1507 dormit
1731 1452 1788 1506 in
1830 1449 1950 1505 sinu
1979 1463 2080 1505 suo

485 1561 598 1604 non
652 1561 903 1620 parcere,
960 1549 1006 1605 si
1054 1546 1391 1605 seivoluerit
1449 1561 1480 1601 a
1519 1546 1753 1602 veritate
1806 1552 2078 1607 avertere,
2132 1598 2137 1603 ,

485 1649 695 1712 quanto
729 1641 905 1712 magis
946 1640 1067 1709 tibi,
1093 1655 1128 1695 o
1156 1639 1489 1705 Christiane,
1522 1638 1781 1693 lueretico
1809 1634 2077 1693 scindenti

483 1731 701 1787 Domini
723 1731 854 1787 Jesu
874 1739 1082 1787 vestem
1113 1746 1221 1786 non
1254 1743 1378 1786 esse
1401 1730 1731 1800 parcendum
1757 1741 2073 1798 cognoscas.

2185 532 2345 587 ritate
2359 530 2712 600 pugnantium
2737 529 3014 599 exempla:
3038 528 3433 602 Hermogenem
3460 532 3713 601 praelectum

2182 619 2408 674 Paulum
2450 618 3046 687 ConstantinOpolitano
3097 618 3360 688 episcopo
3395 619 3508 675 zelo
3548 621 3714 683 Arianae

2180 712 2456 767 haereseos
2507 709 2942 780 persecutionem
2999 708 3325 765 inferentem
3372 710 3584 782 legimus
3619 731 3714 773 cum

2183 800 2331 853 omni
2364 799 2528 853 domo
2560 812 2657 852 sua
2688 798 2756 853 ab
2793 798 3113 855 orthodosis
3162 798 3289 869 igne
3319 809 3619 870 crematum,
3643 822 3715 861 nec

2182 887 2288 944 hoc
2313 888 2698 958 vituperatum,
2730 889 2825 944 sed
2845 889 2913 943 ab
2936 888 3188 946 omnibus
3214 891 3420 947 scimus
3438 906 3552 947 esse
3576 892 3715 950 lauda-

2184 986 2318 1033 tum.
2378 977 2520 1045 Quid
2577 992 2709 1034 vero
2764 979 2832 1035 de
2886 980 3271 1036 Alexandrinis
3326 981 3522 1037 dicam.
3572 983 3715 1042 Nonne

2180 1078 2405 1141 propter
2450 1068 2631 1126 varias
2680 1086 2889 1142 pugnas
2934 1079 2990 1127 et
3039 1072 3257 1129 diversa
3298 1073 3606 1140 certamina,
3629 1091 3720 1146 qua:

2181 1171 2373 1219 contra
2393 1162 2626 1217 Arianos
2655 1178 2973 1230 exercuere,
3012 1164 3066 1219 in
3090 1173 3205 1220 toto
3224 1165 3429 1221 mundo
3451 1164 3719 1240 laudantur}

2178 1250 2377 1306 Annon
2439 1251 2869 1309 Mediolanenses
2909 1268 2940 1307 a
2970 1253 3254 1309 catholicis
3303 1253 3563 1325 condigna
3589 1256 3717 1325 gloria

2180 1343 2532 1411 extolluntur,
2575 1345 2668 1416 qui
2706 1344 3044 1402 orthodoxos
3067 1345 3356 1415 episcopos
3392 1344 3447 1399 in
3485 1345 3719 1402 ecclesiam

2181 1434 2455 1507 fugientes
2503 1435 2572 1491 dc
2618 1451 2781 1491 tnanu
2830 1434 3137 1491 Constantii
3185 1436 3520 1492 liberavere?
3572 1436 3717 1493 Nonne

2180 1528 2255 1600 Cy
2267 1528 2423 1584 rillus
2447 1528 2732 1598 episcopus
2755 1528 3179 1594 Alexandrinus,
3200 1527 3357 1597 cujus
3386 1527 3500 1582 laus
3516 1528 3563 1582 in
3583 1529 3718 1600 Ephe-

2184 1620 2305 1676 siuo
2328 1620 2561 1676 concilio
2587 1628 2692 1688 est,
2717 1621 3009 1676 Amonium
3033 1620 3381 1686 monachum,
3408 1621 3497 1691 qui
3520 1620 3717 1677 Orestem

2182 1712 2499 1781 praelectum
2540 1726 2675 1767 saxo
2714 1711 2980 1781 percussit
3010 1710 3129 1766 zelo
3154 1710 3249 1767 Dei
3277 1711 3492 1775 ductus,
3520 1712 3720 1782 quamvis

483 1824 633 1879 Idem
660 1824 729 1878 ad
761 1824 1026 1879 rusticum
1068 1823 1472 1878 Narbonensem
1508 1836 1523 1877 :
1578 1835 1681 1875 non
1714 1828 1800 1875 est
1833 1819 2079 1888 impietas

2190 1816 2297 1855 non
2332 1801 2629 1856 secundum
2661 1800 2955 1871 perfectam
3003 1802 3312 1866 scientiam,
3366 1802 3455 1872 qui
3502 1805 3562 1857 ab
3584 1802 3719 1859 oilicic

484 1928 589 1983 pro
644 1914 754 1969 Deo
799 1913 1113 1969 crudelitas.
1164 1911 1431 1968 Praefatus
1482 1919 1704 1967 sanctus
1738 1910 2079 1965 llieronimus

484 2004 547 2058 in
597 2003 853 2059 Tractatu
901 2004 1151 2059 Jeremlae
1195 2004 1263 2058 ad
1317 2002 1610 2058 Eusebium
1655 2000 2077 2057 Cremonensem

492 2096 579 2152 sic
607 2095 799 2150 scribit
828 2096 970 2151 inter
1003 2102 1237 2151 caetera:
1274 2093 1589 2150 Homicidas
1622 2103 1675 2148 et
1708 2093 1979 2149 adulteros
2026 2102 2081 2148 et

485 2198 615 2240 reos
662 2186 855 2241 mortis
895 2186 1156 2242 scelestos
1185 2187 1416 2256 perdere
1446 2201 1553 2239 non
1587 2195 1677 2241 est
1703 2186 2078 2251 homicidium,

488 2274 591 2329 sed
615 2272 792 2345 legum
841 2276 1176 2331 observatio.
1213 2275 1552 2332 Venerabilis
1590 2290 1720 2332 vero
1762 2278 2081 2334 Ambrosius

486 2380 705 2436 gemma
726 2368 1069 2433 sacerdotum
1102 2368 1156 2422 in
1187 2368 1423 2438 quadam
1447 2384 1545 2423 sua
1575 2369 1801 2437 epistola
1828 2384 1888 2424 se
1910 2371 2080 2428 armis

486 2458 806 2528 populorum
838 2458 1176 2514 defensatum
1208 2476 1240 2514 a
1275 2459 1506 2514 Justinze
1534 2459 1896 2528 imperatricis
1930 2461 2080 2516 rabie

486 2546 774 2616 gloriatur.
800 2548 1197 2604 Sanctissimus
1211 2564 1339 2605 vero
1359 2548 1653 2619 Gregorius
1680 2549 1830 2605 sidus
1854 2565 2080 2605 aureum

484 2651 521 2691 si
579 2638 835 2696 Mauritio
889 2641 1222 2710 imperatore
1272 2641 1542 2713 arguitur,
1605 2655 1671 2696 eo
1729 2643 1873 2711 quod
1934 2641 2080 2696 mili-

486 2739 574 2782 tes
620 2726 881 2784 Romanae
919 2730 1069 2784 urbis
1122 2744 1308 2785 muros
1361 2739 1575 2786 tuentes
1641 2730 1787 2802 larga
1830 2730 2078 2786 ciborum

486 2831 546 2876 et
569 2836 845 2878 armorum
889 2823 1301 2879 honorificentia
1347 2826 1632 2894 plusquam
1658 2825 1725 2880 ab
1754 2826 2079 2894 imperatore

482 2912 634 2975 soliti
657 2921 818 2967 erant
843 2914 1116 2983 accipere,
1170 2914 1536 2985 impendebat.
1576 2916 1715 2983 Quid
1752 2931 1880 2970 vero
1909 2915 2079 2971 veloci

486 3004 756 3073 magistro
787 3004 1020 3059 militum
1066 3006 1288 3072 scribat,
1325 3006 1650 3062 audiamus:
1680 3022 1777 3062 nec
1800 3006 1930 3062 utile
1964 3008 2080 3079 (56)

490 3095 674 3149 visum
704 3104 809 3161 est,
838 3103 900 3150 ut
924 3096 1186 3166 aliquanti
1217 3096 1344 3153 illuc
1372 3097 1573 3153 milites
1618 3097 2077 3163 transmittuntur,

2180 1888 2424 1958 ejusdem
2454 1891 2663 1947 Orestis
2686 1893 2756 1947 ob
2781 1891 2883 1947 hoc
2909 1890 3087 1948 fuerat
3123 1892 3415 1964 lapidatus,
3444 1892 3576 1949 inter
3610 1910 3722 1949 mar-

2184 1990 2331 2053 tyres
2357 1982 2684 2037 collocavit?

2253 2072 2549 2129 Veniamus
2573 2088 2719 2130 nunc
2747 2075 2815 2130 ad
2851 2084 3041 2132 nostra
3081 2083 3355 2147 tempora,
3379 2085 3435 2132 et
3465 2077 3721 2143 videamus,

2181 2163 2310 2232 quid
2323 2164 2687 2235 pugnantibus
2701 2175 2894 2220 contra
2905 2165 3313 2224 Northmannos
3323 2167 3423 2223 sub
3442 2183 3565 2239 papa
3577 2167 3723 2223 Leone
3826 2174 3827 2247 ξ

2181 2252 2542 2324 Omnipotens
2565 2255 2833 2311 contulit:
2862 2256 3032 2327 gloria
3056 2258 3202 2313 enim
3231 2267 3285 2313 et
3313 2257 3511 2313 honore
3534 2272 3723 2313 corona-
3826 2250 3827 2329 ξ

2180 2344 2263 2399 vit
2285 2358 2380 2400 eos
2405 2343 2593 2415 (Hebr.
2620 2360 2683 2411 ιι,
2711 2345 2788 2416 7),
2814 2355 2871 2400 et
2904 2347 3074 2419 signis
3099 2356 3154 2402 et
3178 2348 3441 2419 prodigiis
3478 2348 3569 2404 sibi
3605 2364 3723 2406 com-

2181 2435 2457 2507 placuisse
2495 2438 2887 2508 comprobavit.
2940 2439 3079 2506 Quid
3125 2454 3259 2495 vero
3308 2443 3376 2498 de
3428 2441 3724 2499 Herlinbaldo

2182 2528 2299 2582 viro
2329 2528 2582 2598 religioso
2632 2538 2688 2584 et
2738 2528 3000 2586 Decentio
3054 2532 3303 2588 Romano
3355 2532 3592 2604 praefecto
3632 2534 3722 2587 vim
3826 2542 3827 2604 γ

2182 2616 2651 2675 Christianissimo
2676 2620 3010 2686 dixerim,ad
3036 2636 3268 2691 quorum
3309 2623 3548 2694 sepulcra
3588 2625 3723 2679 multa

2183 2712 2446 2768 miracula
2462 2712 2604 2767 Deus
2614 2714 2910 2783 operatur?
2939 2714 3111 2785 Igitur
3130 2726 3368 2786 pugnent
3394 2717 3721 2787 gloriosissimi

2181 2804 2278 2858 Dei
2306 2805 2505 2860 milites
2521 2821 2619 2876 pro
2642 2808 2889 2870 veritate,
2918 2817 3131 2863 certent
3155 2824 3255 2878 pro
3276 2810 3510 2879 justitta,
3529 2821 3723 2881 pugnent

2183 2907 2312 2948 vero
2324 2894 2507 2948 animo
2525 2895 2785 2950 adversus
2800 2896 3046 2952 haeresim
3066 2899 3411 2955 extollentem
3433 2916 3490 2955 se
3508 2903 3725 2957 adversus
3826 2906 3827 2975 ξ

2184 3001 2366 3050 omne,
2400 2988 2543 3057 quod
2571 2987 2791 3055 dicitur,
2819 2997 2875 3044 ct
2904 2992 3046 3059 quod
3076 2992 3272 3046 colitur
3295 2991 3383 3063 (II
3411 2993 3577 3047 Thess.
3602 2995 3722 3062 ιω).

2184 3080 2537 3137 IEtnulentur
2577 3083 2634 3136 in
2662 3084 2862 3139 bonum
2907 3085 3421 3140 excellentissimam
3442 3087 3725 3141 comitissam
3826 3106 3827 3131 ι

491 3200 633 3256 quos
657 3158 827 3256 gloria
852 3194 942 3241 ma
972 3158 1265 3243 εδωοηειιθ
1308 3196 1364 3243 ει
1393 3188 1621 3254 bona“,
1650 3197 1708 3243 ut
1746 3190 1919 3257 parati
1950 3158 2079 3255 sim;
2108 3158 2156 3220 (ἶ
2186 3173 2500 3230 Mathildam
2523 3175 2688 3232 ﬁliam
2716 3177 2861 3233 beati
2886 3176 3053 3243 Petri,
3080 3194 3201 3248 quae
3223 3178 3368 3233 virili
3399 3182 3570 3234 animo
3585 3179 3725 3233 omni-
3826 3158 3827 3211 ἶ

490 3278 564 3331 ad
591 3277 830 3333 laborem
877 3280 1112 3346 studeat,
1149 3289 1205 3336 et
1243 3281 1532 3336 occasione
1562 3282 1776 3335 inventa
1813 3297 1937 3336 cum
1970 3280 2083 3352 glo-

482 3366 811 3446 riosissimis
832 3369 958 3425 ﬁliis
989 3370 1191 3424 nostris
1213 3371 1413 3425 Marcio
1433 3380 1485 3425 et
1515 3369 1600 3424 V’t
1635 3369 1709 3424 l.o
1753 3369 1997 3439 loquere,
2028 3379 2084 3424 et

490 3471 830 3528 qmunque
864 3460 1017 3515 vobis
1059 3460 1307 3530 adjutore
1346 3462 1458 3516 Deo
1493 3477 1591 3531 pro
1635 3461 1866 3515 utilitate
1908 3461 2086 3530 reipu-

489 3546 652 3605 Mica:
691 3550 998 3615 statuerint,
1024 3558 1083 3606 et
1126 3552 1172 3605 si
1218 3552 1395 3606 adhuc
1437 3552 1502 3605 ad
1535 3552 1877 3607 Ravennates
1906 3561 2086 3619 partes

493 3641 789 3712 Aiulphum
833 3644 1194 3715 eognoveritis
1237 3659 1551 3711 excurrere,
1582 3659 1680 3701 vos
1705 3659 1737 3698 a
1768 3644 1929 3699 dorso
1968 3643 2087 3712 ejus

502 3734 649 3790 sicut
676 3733 846 3791 fortes
874 3738 1022 3793 viros
1052 3737 1326 3799 condecet,
1360 3736 1622 3792 laborate.
1644 3737 1778 3791 Item
1806 3735 2009 3791 Marcio
2032 3743 2087 3790 et

494 3825 697 3880 Vitalio
745 3827 889 3882 inter
928 3838 1123 3884 ctetera
1159 3846 1175 3884 :
1211 3829 1445 3885 Gloriosi
1502 3830 1593 3883 ﬁlii
1630 3838 1802 3883 estote
1845 3827 2080 3892 solliciti,

480 3915 626 3984 quia
653 3926 914 3985 quantum
940 3920 1203 3989 comperi,
1235 3920 1410 3975 hostis
1433 3919 1717 3975 collectam
1745 3920 1909 3974 habet
1947 3917 2087 3973 mul-

493 4008 807 4074 titudinem,
831 4017 888 4064 et
905 4010 956 4064 in
978 4012 1144 4066 armis
1171 4012 1371 4067 dicitur
1392 4013 1649 4068 residere.
1674 4010 1732 4066 Si
1756 4011 1844 4064 hic
1864 4023 2085 4065 cursum

492 4096 609 4151 Deo
641 4097 743 4153 sibi
773 4098 914 4155 irato
939 4101 1157 4157 mittere
1179 4101 1429 4166 voluerit,
1451 4116 1548 4155 vos
1575 4101 1690 4155 loca
1721 4100 1885 4164 illius,
1910 4114 2083 4169 quan-

493 4199 612 4243 tum
639 4191 782 4246 Deus
807 4191 1092 4261 adjuverit,
1121 4195 1444 4263 depraedatc.
1478 4193 1622 4248 Idem
1655 4194 1705 4247 in
1741 4192 2037 4248 moralibus
2064 4210 2079 4245 :

492 4280 782 4337 Crudelem
836 4284 1146 4341 interﬁcere
1191 4300 1298 4340 non
1346 4294 1433 4341 est
1477 4285 1792 4340 crudelitas.
1842 4284 2085 4342 Audistis
2111 4292 2165 4352 ι)

2185 3267 2291 3322 bus
2338 3268 2627 3322 mundanis
2672 3268 2837 3325 rebus
2890 3269 3216 3338 posthabitis
3268 3270 3410 3325 mori
3457 3280 3625 3339 parata
3664 3279 3727 3323 est

2186 3358 2367 3428 potius
2387 3374 2548 3428 quam
2575 3359 2746 3430 legem
2773 3360 2867 3416 Dei
2890 3360 3213 3432 infringere,
3236 3371 3293 3417 et
3315 3371 3503 3417 contra
3524 3361 3727 3416 lneresim

2188 3463 2312 3518 quae
2339 3464 2483 3504 nunc
2507 3450 2663 3505 szcvit
2690 3451 2744 3504 in
2771 3450 3038 3515 Ecclesia,
3088 3460 3251 3520 prout
3295 3451 3440 3505 vires
3466 3459 3712 3520 suppetunt

2191 3542 2441 3597 omnibus
2464 3543 2639 3597 modis
2662 3543 2977 3613 impugnare
3005 3542 3058 3596 in
3088 3557 3272 3608 manu,
3294 3541 3451 3611 cujus
3480 3541 3725 3603 credimus,

2192 3634 2321 3704 quia
2348 3634 2591 3688 tradetur
2617 3633 2801 3689 Sisara
2823 3643 2878 3689 et
2906 3634 3049 3689 sicut
3071 3634 3230 3689 Jabin
3259 3635 3315 3689 in
3347 3643 3577 3689 torrente
3602 3630 3726 3688 Cison

2191 3725 2528 3796 dispergetur
2558 3724 2731 3797 (Psal.
2751 3741 2957 3793 Lxxxu,
2976 3727 3063 3789 ω,
3096 3728 3208 3799 11),
3242 3729 3368 3796 quia
3397 3725 3729 3783 exterminavit
3826 3734 3827 3779 ξ

2191 3818 2403 3873 vineam
2450 3816 2689 3884 Domini,
2741 3828 2799 3875 et
2842 3820 3153 3886 depascitur
3201 3835 3325 3876 eam
3373 3830 3436 3877 nt
3487 3820 3727 3892 singularis
3826 3824 3827 3887 ζ

2193 3906 2365 3980 (Psal.
2399 3924 2584 3974 LXXIX,
2618 3910 2731 3980 14),
2755 3911 2931 3968 lactus
2952 3920 3238 3968 utstercus
3261 3923 3441 3969 terrm.
3466 3913 3566 3968 Nos
3584 3922 3726 3973 autem
3826 3926 3827 3943 ξ

2192 4002 2492 4057 secundum
2515 4001 2675 4058 cilicii
2707 4005 2880 4058 nostri
2922 4014 3170 4060 tenorem
3190 4020 3436 4072 oremus,
3463 4016 3517 4061 ut
3549 4008 3727 4077 incensa
3826 3988 3827 4045 Ϊ

2188 4095 2299 4165 igni
2328 4104 2385 4149 et
2411 4094 2610 4161 sull‘osa
2654 4096 2751 4167 (ita
2791 4097 2935 4167 cod.)
2963 4098 3032 4167 ab
3071 4099 3447 4157 increpatione
3487 4100 3641 4155 vultus
3667 4100 3724 4153 tui

2187 4189 2448 4245 citissime
2466 4197 2652 4245 pereat
2680 4189 2859 4260 (ibid.,
2887 4187 2999 4261 l7).

2867 4281 3120 4353 Explicrt.

566 4394 686 4460 (56)
717 4395 832 4452 lmo
887 4414 979 4452 nec
1033 4397 1220 4453 inutile
1268 4398 1554 4468 tegendum
1607 4398 1806 4468 potius.
1844 4397 1954 4454 Sed
2010 4398 2083 4452 ita
2106 4401 2298 4461 codex,
2328 4396 2448 4460 plus
2473 4405 2606 4452 satis
2629 4398 2940 4453 mendosus.

847 4629 974 4717 IN
1047 4627 1769 4722 OPUSCULUM
1845 4629 2617 4736 SUBSEQUENS
2683 4628 3429 4727 ADMONITIO.

1608 4781 1944 4851 (MURA'I‘ORI,
1983 4782 2161 4853 Antiq.
2186 4780 2343 4848 Ital.,
2366 4783 2453 4849 lll,
2489 4783 2637 4855 599.)

572 4902 753 4984 ilujus
778 4907 1017 4984 opusculi
1037 4918 1323 4984 auctores!
1346 4908 1547 4984 Βρῃὶιο
1573 4911 1744 4984 primo
1769 4909 2046 4984 Sutrinus,
2075 4922 2204 4975 tum,
2236 4921 2364 4968 teste
2392 4912 2677 4968 Berthotdo
2705 4915 3106 4971 Conslantiense
3126 4919 3402 4984 historico,
3433 4918 3723 4975 Placentinus
3826 4906 3827 4979 ξ

496 4976 788 5057 episcopus,
817 4978 908 5047 qui
954 4996 1092 5057 anno
1118 4978 1312 5057 Christi
1337 4981 1502 5057 1089,
1534 4976 1674 5049 quod
1700 4981 1797 5034 viri
1820 4982 1836 5033 ἱ
1861 4985 2039 5057 animo
2066 4984 2415 5057 schismaticis
2435 4986 2771 5053 hostibusque
2801 4985 3055 5041 Ecclesia:
3081 4987 3336 5043 Romam:
3361 4976 3642 5053 obsisteret,
3673 4992 3720 5042 ab

498 5047 626 5114 ipsis
650 5048 1249 5128 obtruncatusglorioso
1282 5047 1583 5128 certamine
1608 5061 1823 5128 mortem
1855 5052 2204 5128 iubiit._!£um
2234 5055 2369 5107 inter
2399 5047 3081 5128 scriptoresecclesiasticos
3108 5060 3229 5128 jam
3264 5062 3358 5112 diu
3415 5061 3581 5114 retulit
3614 5047 3723 5113 Atto-

498 5131 685 5195 argutus
714 5116 1030 5195 Mellicensis
1060 5116 1418 5195 u_clariss;‘l’.
1455 5119 1622 5195 Pezio'
1638 5120 1827 5173 editus.
1858 5120 1989 5174 Tum
2018 5123 2083 5195 de
2114 5139 2172 5175 ea
2197 5135 2409 5195 egerunt
2442 5116 2710 5195 Uéhellius
2746 5136 2886 5180 (omo
2910 5129 3079 5195 primo
3108 5116 3238 5182 ltul.
3273 5132 3435 5186 Sacr.
3460 5134 3511 5185 in
3536 5130 3720 5185 Sutrinis

496 5186 773 5269 episcopis,
811 5196 859 5239 et
877 5195 1015 5269 tam.
1052 5186 1115 5268 _ll
1138 5226 1152 5269 ε
1176 5189 1257 5269 .iu
1289 5187 1649 5269 Placentinis,
1690 5199 1739 5243 et
1783 5200 1961 5269 postea
2006 5191 2198 5269 Petrus
2226 5186 2546 5269 'Lautbeclus
2586 5196 2643 5269 in
2693 5186 3161 5269 (leuamentumde
3202 5200 3439 5269 bibliolh.
3480 5199 3656 5255 ϐαθείῃ.
3682 5210 3723 5269 νει

499 5255 835 5329 Guillielmus
872 5255 1009 5329 Ceve
1045 5258 1102 5309 in
1131 5258 1319 5329 histor.
1351 5257 1572 5312 litterar.
1615 5276 1677 5312 ac
1710 5255 2004 5329 nuperrime
2040 5264 2272 5315 omnium
2314 5263 2577 5329 fusissime
2601 5264 2893 5319 Casimirus
2932 5265 3175 5322 Oudinus
3198 5270 3255 5322 in
3295 5268 3633 5325 Commentar.
3669 5268 3725 5320 De

497 5325 797 5408 scriptorib.
831 5327 1217 5408 ecclesiasticis.
1273 5327 1456 5408 Littent
1498 5329 1611 5396 ejus
1642 5325 1971 5408 operti-inter
1998 5333 2193 5408 scrinia
2232 5325 2489 5408 Ctésarew
2531 5333 2942 5408 Vindobonensis
2977 5337 3311 5408 bibliotheca:
3343 5358 3357 5393 :
3384 5343 3483 5395 hoc
3517 5350 3585 5395 est
3616 5340 3725 5408 Syn—

497 5403 679 5480 tagma
703 5395 1046 5477 decretorum
1076 5412 1107 5451 e
1132 5413 1283 5480 sacra
1316 5395 1620 5480 scriptura,
1650 5395 1898 5455 conciliis
1926 5410 1981 5455 et
2007 5400 2643 5480 Patribuscollectorum
2664 5416 2861 5480 ;_utq_ue
2891 5405 3143 5480 Epitome
3168 5408 3426 5480 Historia:
3455 5395 3722 5480 pontiﬁcum

499 5464 870 5542 Romanorum
897 5482 911 5518 :
949 5468 1100 5536 cujus
1128 5469 1375 5542 postremi
1405 5464 1525 5542 libri
1550 5485 1665 5521 cum
1697 5486 1790 5539 ego
1815 5486 2138 5542 summopere
2163 5474 2349 5527 avidus
2380 5474 2546 5542 forem
2575 5464 2805 5528 intelleii
2828 5464 3040 5531 tandem
3069 5478 3203 5532 nihil
3227 5464 3378 5535 aliud
3402 5464 3513 5535 illic
3532 5464 3723 5535 exhiberi

502 5534 603 5586 nisi
628 5551 827 5620 nierum
853 5534 1054 5620 brevem
1083 5534 1391 5620 esteloqum
1424 5534 1789 5620 Roma-norunt
1821 5534 2149 5620 pontiﬁcum,
2171 5543 2348 5620 quales
2380 5534 2578 5620 inultos
2604 5545 2875 5620 habemus,
2901 5559 3277 5620 proptereaque
3298 5552 3364 5605 ab
3387 5568 3446 5606 eo
3477 5534 3605 5605 ultra
3629 5546 3725 5603 mihi

500 5605 831 5670 procurando
853 5606 1114 5688 [abs-(inm.
1156 5605 1285 5688 {illa
1318 5622 1522 5678 quoque
1558 5610 1714 5688 ub_eo
1742 5605 2316 5688 conscriplqopusrulu
2338 5614 2555 5688 periisse
2585 5605 3199 5688 creduulttr,'de'quibus'
3231 5605 3576 5677 consulendus
3597 5632 3725 5683 super

502 5673 1219 5761 metuereturOudinttszdd
1249 5673 1649 5761 prtéfctiifluotl
1679 5682 1886 5737 attinet.
1918 5673 2257 5761 Mabillo_uius
2300 5673 2353 5761 in
2393 5682 2643 5735 ltinerar.
2675 5673 2891 5761 italia;
2912 5673 3037 5761 pag;
3066 5673 3724 5761 ίὸξΙιιὲξξῖἀιιινέενῖρωίαι,

503 5742 565 5793 tle
596 5744 940 5798 Ambrosiana
991 5734 1369 5801 Mediolaneusi
1419 5734 1725 5805 bibliotheca
1776 5734 2059 5818 ttqeits‘:lu
2101 5751 2204 5808 alio
2230 5734 2417 5809 codice
2450 5734 2639 5811 exstat
2675 5734 3724 5835 ΰέιιίἶίῐιῖψενρῖξῶνῖἸίἶῖί
