3852 6308
112 339 210 407 35')
1242 342 1442 399 unus
1485 342 1572 399 ora
1592 316 2098 399 manuleatus.
3252 331 3361 399 8'58

118 451 479 523 sacramentis
490 451 565 523 ad
598 450 932 508 Gualterinm
961 450 1265 523 Leonensis
1291 450 1890 523 mnastarii‘abbatem
1916 493 1933 515 ,
1964 465 2071 523 qup
2099 450 2150 503 in
2200 448 2338 523 lib_r_o
2368 457 2557 523 auctor
2598 451 2845 523 meminit
2872 451 3093 523 alterius
3117 456 3361 523 opusculi

115 527 186 582 sui
229 535 414 579 contra
462 520 700 587 Ugonent
742 522 1171 576 schismuticum.
1214 520 1318 575 Sed
1348 531 1399 573 et
1431 531 1551 573 ante
1604 517 1996 574 Mabillonium'
2026 518 2211 572 Petrus
2256 517 2433 573 Maria
2478 518 2728 587 Campius
2775 522 2829 575 in
2868 521 3107 577 Historia
3154 517 3358 578 Eccles.

120 594 418 648 Placentina:
448 588 748 645 all—annum
790 590 929 643 1044
958 600 1005 643 et
1043 590 1203 652 1087,
1233 590 1386 658 plura
1435 590 1611 642 attulit
1654 591 1718 642 de
1756 589 2024 642 Bonizone
2052 588 2381 658 prwlaudato
2405 630 2420 650 ,
2454 599 2609 658 atque
2656 592 2794 644 inter
2842 601 3030 646 cratera
3078 597 3278 647 monuit
3305 609 3363 648 sc

114 662 497 733 Roma-rumine
526 663 669 715 illius
686 661 887 733 (librum
912 659 986 733 De
1013 659 1401 733 ecclesiasticis
1438 659 1815 733 sacramentis.
1839 658 2026 733 Algitur
2055 659 2364 733 apusculum
2395 658 2568 733 istud,
2596 660 2735 733 quod
2758 677 2787 733 _¢
2819 677 2917 733 ms.
2947 662 3123 717 codice
3143 663 3362 716 Ambro-

112 735 256 787 siana:
282 731 611 802 bibliotheca:
638 732 764 786 olim
801 747 894 802 ego
925 731 1099 795 hausi,
1135 731 1204 784 ad
1226 728 1563 786 Gualtcrium
1588 728 1891 785 Leoncusis
1916 728 2234 786 monaSterii
2258 745 2360 783 non
2392 728 2653 797 abbateni,
2680 730 2771 784 sed
2796 731 3057 802 priorem,
3086 734 3361 798 scriutum,

634 980 1141 1227 IIIIIII.
1194 978 1784 1227 Istue
1806 973 2913 1227 aetatium

1101 1201 1169 1290 Α
1210 1200 1394 1311 ,ῌο
1409 1203 1477 1288 N
1497 1123 2711 1291 ΙΖΟῗέιίὲξΎῡῗέῗεῦῗψἩ

452 1345 553 1403 AD
589 1344 1042 1404 GUALTERIUM
1078 1316 1460 1404 LEON’ENSIS
1497 1340 1801 1401 COENOBII
1841 1344 2231 1403 MONACIIUM
2272 1344 2360 1401 ET
2387 1344 2694 1404 PRIOREM
2733 1345 3006 1405 MISSUS.

3241 904 3351 922 -ις

168 1554 353 1611 Sancta
392 1561 451 1608 et
491 1552 817 1609 universalis
852 1560 1027 1607 mater
1071 1551 1351 1621 Ecclesia,
1401 1552 1497 1608 uni
1558 1552 1670 1607 viro
1697 1535 1744 1593 Α
1776 1554 1941 1612 corde
1964 1554 2082 1624 ipso
2103 1568 2276 1624 usque
2299 1552 2389 1610 die
2418 1552 2486 1608 ad
2527 1551 2628 1607 tria
2664 1552 2830 1607 millia
2860 1552 2913 1608 in
2948 1551 3166 1609 nomine
3190 1552 3368 1611 Patris

108 1645 367 1711 conjuncta
392 1644 645 1710 Christo,
675 1644 803 1713 quia
834 1659 942 1699 non
971 1643 1213 1699 ambulat
1245 1645 1297 1699 in
1327 1644 1548 1713 umbra,
1582 1647 1676 1701 sed
1778 1654 1834 1703 et
1855 1645 1974 1701 Filii
2000 1654 2055 1703 et
2102 1645 2338 1716 Spiritus
2386 1644 2559 1700 sancti
2618 1644 2933 1714 baptizavit.
2963 1646 3304 1716 Quapropter
3334 1664 3368 1703 a

113 1737 189 1792 Dei
225 1736 392 1807 gratia
440 1745 596 1792 certa
628 1735 744 1806 jam
775 1736 975 1791 fruitur
1009 1751 1090 1803 re,
1121 1736 1288 1792 multa
1336 1752 1444 1792 non
1482 1737 1677 1807 recipit
1779 1738 2042 1795 Romanis
2068 1736 2417 1809 pontiﬁcibus
2441 1735 2722 1791 deﬁnitum
2743 1746 2925 1802 estut,
2952 1738 3090 1792 sicut
3112 1737 3365 1805 inﬁrmis,

110 1837 444 1884 sacramenta.
472 1827 651 1885 Habet
677 1838 858 1885 tamen
880 1843 1071 1899 pauca,
1097 1831 1203 1885 duo
1223 1830 1294 1886 ab
1318 1830 1434 1900 ipso
1448 1829 1677 1887 Domino
1777 1839 1835 1885 et
1878 1837 2054 1886 morte
2083 1828 2541 1899 periclitantibus,
2571 1836 2627 1883 et
2657 1827 2943 1882 obsidione
2977 1828 3199 1898 positis,
3227 1837 3283 1884 et.
3310 1828 3367 1883 in

112 1921 304 1987 tradita,
349 1922 605 1992 qumdam
647 1936 775 1977 vero
822 1922 893 1977 ab
930 1921 1192 1991 apostolis
1234 1921 1500 1981 instituta.
1533 1920 1678 1977 Prm-
1781 1920 2069 1992 naufragio
2109 1928 2165 1977 ct
2213 1921 2268 1975 in
2326 1919 2541 1976 cmterls
2584 1919 2873 1990 periculis,
2919 1935 2987 1975 ne
3036 1920 3152 1975 sine
3195 1920 3369 1992 gratia

110 2020 296 2082 ceptum
341 2013 489 2067 enim
550 2012 897 2083 baptizandi,
945 2020 1002 2066 et
1038 2010 1271 2081 qualiter
1314 2010 1674 2081 baptizandis,
1778 2014 2033 2085 baptismi
2069 2020 2314 2085 pereant,
2340 2010 2760 2082 omnitempore
2788 2010 3244 2077 subveniendum;
3288 2012 3370 2068 sic

111 2118 200 2173 quo
221 2104 271 2159 in
292 2119 488 2160 novum
518 2104 823 2159 renascitur
844 2103 1221 2169 bominem,et
1241 2103 1359 2158 sine
1379 2118 1511 2172 quo,
1538 2110 1676 2158 teste
1778 2107 1929 2160 sanis
1974 2111 2031 2159 et
2087 2101 2450 2158 incolumibus
2500 2100 2554 2159 in
2622 2108 2815 2156 sancto
2866 2108 3077 2154 tantum
3129 2098 3370 2155 Sabbato

112 2192 356 2260 Veritate,
393 2210 563 2251 nemo
606 2194 832 2250 intrabit
883 2195 935 2249 in
987 2208 1211 2265 regnum
1241 2192 1533 2259 ccelorum,
1561 2191 1676 2246 dari
1779 2195 2032 2261 Paschze,
2062 2203 2118 2250 et
2158 2192 2399 2248 Sabbato
2436 2191 2784 2247 Pentecostes
2807 2190 3235 2246 subveniendum
3263 2199 3368 2245 est.

113 2286 280 2343 debeat
310 2287 653 2357 baptismus,
682 2297 807 2356 post
850 2286 1301 2342 resurrectionem
1341 2282 1600 2353 apostolis
1644 2296 1677 2336 a
1780 2284 2048 2339 Praeterea
2088 2283 2135 2339 si
2184 2282 2400 2353 quando
2440 2280 2525 2337 vel
2570 2282 2947 2338 hmreticorum
2978 2280 3234 2346 vesania,
3280 2280 3368 2337 vel

114 2378 313 2434 Domino
342 2378 604 2433 traditum
636 2378 688 2432 in
718 2378 1008 2448 Evangelio
1037 2377 1330 2434 secundum
1363 2375 1677 2430 Matthznnm
1779 2375 2064 2432 stultorum
2103 2375 2448 2431 sacerdotum
2496 2373 2821 2441 ignorantia,
2858 2388 2964 2427 una
3003 2388 3071 2427 ex
3106 2373 3281 2429 tribus
3311 2373 3368 2428 in

117 2470 316 2541 legimus
334 2471 389 2526 in
417 2472 572 2526 hunc
613 2471 872 2526 modum:
899 2470 1005 2538 Ite,
1034 2471 1212 2524 docete
1252 2485 1430 2524 antnes
1468 2478 1674 2540 gentes,
1778 2465 2049 2535 baptismo
2070 2463 2589 2520 fueritinnominata
2624 2478 2879 2533 persona,
2910 2477 3017 2518 non
3048 2463 3153 2519 erit
3186 2473 3368 2519 ratum

115 2563 401 2630 baptizantes
429 2579 519 2618 eos
552 2562 610 2616 in
637 2563 844 2616 nomine
873 2560 1068 2625 Patris,
1101 2570 1148 2614 et
1184 2558 1336 2627 Filii,
1366 2571 1414 2614 et
1443 2559 1674 2630 Spiritus
1777 2558 2072 2630 baptisma,
2101 2571 2201 2612 nec
2245 2556 2351 2611 dici
2403 2556 2603 2628 poterit
2650 2556 2904 2611 iteratum
2931 2598 2947 2623 ,
2977 2556 3122 2624 quod
3150 2563 3369 2611 constat

119 2652 274 2707 Sancti
305 2653 524 2719 (Matth.
578 2669 779 2718 xxvm,
810 2652 940 2722 19):
993 2661 1052 2707 nt
1096 2652 1341 2708 doctrina
1391 2652 1677 2708 antecedat
1778 2667 1887 2707 non
1920 2659 2067 2706 recte
2114 2648 2335 2703 factum.
2379 2648 2532 2717 Quod
2558 2648 2723 2703 etiam
2755 2648 2807 2702 in
2837 2647 3066 2703 Actibus
3095 2647 3371 2717 apostolo-

114 2743 367 2811 liaptisma,
396 2745 615 2801 scilicet
644 2754 704 2800 ut
750 2752 877 2799 ante
908 2744 1170 2799 doceatur
1205 2745 1431 2799 credere
1455 2743 1549 2813 qui
1580 2745 1676 2797 ba-
1778 2761 1902 2801 rum
1934 2744 2126 2799 fecisse
2150 2742 2384 2815 legimus
2414 2742 2639 2798 Paulum
2666 2743 2734 2799 de
2771 2742 2858 2798 his
2901 2742 2994 2813 qui
3045 2741 3373 2814 baptismate

115 2834 363 2903 ptisandus
386 2845 495 2903 est,
519 2850 687 2906 quam
716 2835 1051 2906 baptizetur;
1077 2836 1204 2905 quia
1235 2836 1376 2891 sicut
1402 2835 1537 2890 ﬁdes
1560 2834 1677 2890 sine
1707 2874 1753 2934 Β
1778 2836 2040 2907 baptizati
2067 2843 2223 2891 erant
2243 2834 2489 2890 Joannis.
2520 2834 2654 2889 Nam
2685 2834 2810 2904 quia
2835 2832 3098 2904 Spiritum
3120 2842 3370 2888 sanctum

116 2926 333 2993 operibus
357 2938 574 2982 mortua
598 2939 684 2982 est
703 2926 847 2997 (Jac.
881 2943 944 2992 tt,
974 2928 1083 2998 l7),
1108 2928 1179 2982 ita
1203 2936 1258 2982 ct
1279 2941 1466 2997 Opera,
1489 2926 1534 2982 si
1567 2941 1673 2981 non
1708 2925 1750 2934 ’⁷
1780 2929 2042 2993 nondum,
2072 2928 2119 2983 si
2167 2935 2334 2993 esset,
2355 2935 2744 2997 cognoverant,
2771 2925 2969 2982 iterum
3002 2925 3371 2995 baptizantur,

118 3024 217 3071 sunt
253 3032 315 3071 ex
347 3017 474 3084 ﬁde,
507 3017 649 3072 nihil
697 3026 946 3088 prosunt.
977 3016 1130 3086 Quod
1166 3018 1219 3072 in
1270 3017 1511 3088 parvulis
1553 3016 1676 3087 qui-
1778 3016 1886 3072 imo
1914 3031 2042 3071 vero
2067 3031 2253 3071 verum
2285 3016 2587 3086 suscipiunt
2612 3016 2907 3085 baptisma.
2937 3013 3163 3084 Oportet
3197 3014 3367 3081 enim,

120 3106 219 3161 dem
243 3124 340 3163 non
378 3110 734 3176 observatur,
765 3110 891 3179 quia
924 3126 1022 3180 per
1064 3110 1221 3166 ﬁdem
1264 3120 1551 3181 parentum
1578 3152 1594 3179 ,
1619 3118 1676 3166 et
1779 3116 1836 3162 ut
1880 3108 1973 3178 qui
2020 3107 2115 3163 ﬁlii
2160 3106 2360 3164 debent
2396 3122 2518 3163 esse
2559 3104 2887 3175 adoptionis,
2916 3120 2983 3162 eo
3012 3113 3372 3161 renascantur

119 3209 276 3253 eorum
308 3216 337 3253 a
370 3202 573 3270 quibus
615 3201 989 3271 suscipiuntur
1029 3202 1083 3257 in
1116 3218 1274 3259 sacro
1312 3202 1673 3273 baptismate,
1778 3198 1984 3270 Spiritu
2009 3238 2024 3265 ,
2065 3214 2175 3270 quo
2230 3198 2545 3253 Dom'inicus
2588 3198 2752 3252 homo
2810 3195 2864 3250 in
2908 3194 3163 3265 virginali
3212 3203 3371 3251 utero

125 3286 293 3343 salvari
322 3292 646 3347 creduntur.
674 3291 752 3346 lta
778 3300 958 3347 tamen
1004 3300 1064 3348 ut
1096 3308 1222 3348 cum
1253 3294 1320 3348 ad
1364 3293 1679 3365 intelligibi-
1777 3304 2075 3365 conceptus
2099 3302 2202 3349 est.
2234 3292 2422 3350 Gratia
2463 3292 2610 3348 enim
2637 3292 2732 3346 Dei
2760 3290 3121 3345 renascimur.
3155 3292 3223 3343 Et
3243 3287 3371 3358 quia

122 3375 205 3431 Iern
241 3389 448 3437 :etatem
504 3383 890 3453 pervenerint,
944 3398 1051 3439 non
1116 3382 1289 3438 solum
1352 3384 1672 3451 doceantur,
1779 3399 1883 3438 una
1935 3392 2021 3438 est
2066 3381 2244 3438 Patris
2272 3390 2329 3438 et
2373 3381 2497 3437 Filii
2548 3390 2605 3436 et
2648 3380 2885 3451 Spiritus
2937 3380 3113 3435 sancti
3152 3378 3365 3443 deitas,

122 3469 227 3535 quid
254 3471 304 3526 in
331 3474 495 3531 corde
528 3474 767 3529 debeant
816 3473 1071 3540 credere,
1112 3474 1209 3530 sed
1250 3475 1414 3529 etiam
1443 3475 1573 3545 quid
1621 3476 1674 3530 in
1778 3490 1886 3530 una
1912 3475 2194 3540 voluntas,
2236 3489 2347 3529 una
2375 3472 2563 3543 procul
2604 3472 2769 3528 dubio
2811 3480 2896 3528 est
2934 3462 3199 3542 operatio.
3242 3468 3369 3523 llaec

124 3573 255 3627 opere
275 3563 582 3621 observare.
604 3565 665 3620 Et
693 3564 819 3620 licet
849 3574 976 3620 ante
996 3564 1332 3620 Dominicam
1359 3565 1676 3621 Passionem
1777 3566 1845 3621 de
1872 3574 2214 3621 sacramento
2243 3564 2498 3635 baptismi
2549 3578 2693 3618 nunc
2742 3562 2984 3618 breviter
3036 3576 3121 3616 me
3166 3557 3370 3615 dixisse

125 3645 294 3706 Christi
354 3653 601 3725 legamus
660 3654 964 3723 baptizasse
993 3653 1311 3723 discipulos,
1341 3664 1520 3709 tamen
1552 3654 1677 3723 quia
1777 3656 2030 3713 sulliciat.
2060 3656 2212 3713 Nunc
2256 3670 2388 3713 vero
2417 3654 2483 3711 ad
2525 3653 2873 3712 eucharistia:
2907 3662 3249 3709 transeamus
3275 3664 3369 3707 sa-

126 3744 324 3796 nandum
349 3753 466 3799 erat
490 3744 808 3800 immolatus
844 3745 1058 3815 Agnus,
1087 3745 1181 3814 qui
1214 3753 1444 3801 venerat
1491 3744 1678 3800 tollere
1777 3756 2138 3804 crumentum.

129 3842 312 3897 peccata
340 3837 561 3901 mundi,
608 3835 911 3904 hnjusmodi
968 3836 1390 3906 suscipientibus
1438 3836 1675 3906 paradisi
1945 3837 2048 3893 DE
2101 3834 2596 3895 SACRAMENTO
2643 3832 3203 3891 EUCHARISTl/E.

129 3934 213 3974 non
238 3927 500 3982 reserabat
526 3928 837 3992 introitum,
863 3938 918 3983 et
949 3943 1053 3983 non
1086 3937 1337 3999 poterant
1386 3929 1439 3984 in
1477 3943 1673 3984 novum
1850 3930 2054 3989 Ultimo
2091 3930 2258 4002 phase
2299 3944 2421 3985 cum
2452 3927 2714 4000 apostolis
2736 3943 2768 3982 a
2804 3925 3037 3983 Domino
3066 3923 3367 3987 celebrato,

129 4023 375 4085 resurgere
401 4019 806 4090 hominem,qni
834 4019 1133 4090 consepulti
1158 4035 1265 4076 non
1286 4021 1678 4077 crantChristo
1776 4023 1845 4077 de
1866 4036 1975 4090 quo
2003 4020 2301 4077 secundum
2329 4018 2536 4074 Lucam
2593 4018 2763 4072 habes
2803 4015 3090 4069 Dominum
3125 4014 3327 4069 dixisse
3353 4030 3369 4068 :

129 4115 207 4168 Ρθτ
243 4106 562 4176 baptismum
614 4112 668 4166 in
716 4121 947 4167 mortem
979 4112 1157 4184 (Rom.
1191 4130 1269 4180 vr,
1296 4115 1378 4185 4).
1406 4114 1675 4171 (Ζίριει-ιιηι
1776 4112 2051 4168 Desiderio
2088 4109 2379 4165 desideravi
2428 4108 2526 4162 Itoc
2567 4106 2777 4161 Pascha
2822 4106 3146 4159 manducare
3202 4104 3374 4158 uobis-

130 4189 231 4248 licet
254 4196 440 4255 talibus
480 4200 637 4271 regni
667 4201 908 4257 cmlestis
934 4216 1030 4271 per
1064 4202 1369 4266 lntjusmodi
1407 4204 1674 4273 baptisma
1703 4222 1750 4285 ο
1781 4219 1899 4256 cum
1919 4242 1935 4267 ,
1967 4210 2245 4269 antequam
2281 4197 2478 4266 patiar.
2507 4194 2637 4248 Dico
2667 4210 2803 4248 enim
2841 4193 2985 4246 vobis
3033 4192 3159 4260 quia
3184 4207 3248 4244 ex
3276 4191 3374 4243 hoc

129 4296 216 4339 non
261 4291 600 4358 aperiebatur
642 4293 807 4363 ianua
843 4332 859 4359 ,
909 4307 1015 4347 non
1062 4302 1240 4347 tamen
1288 4293 1511 4347 omnino
1556 4300 1675 4346 erat
1718 4282 1747 4285 ⁷
1782 4310 1885 4347 non
1942 4288 2272 4344 manducabo
2342 4285 2509 4349 illud,
2563 4284 2727 4338 donec
2776 4282 3059 4352 impleatur
3106 4282 3160 4335 iu
3206 4296 3374 4349 regno

132 4385 555 4442 tupervacaneus.
610 4381 843 4436 Tantum
887 4381 1031 4436 enim
1075 4381 1329 4451 proderat
1375 4381 1463 4435 ille
1497 4380 1677 4450 bapti-
1784 4385 1902 4439 Dei.
1960 4382 2067 4446 Et,
2135 4388 2346 4447 accepto
2404 4376 2606 4443 calice,
2656 4375 2859 4445 gratias
2932 4373 3034 4441 egit
3092 4380 3141 4427 et
3193 4372 3374 4426 dixit:

133 4474 273 4533 δηιιιει
295 4480 552 4539 quantum
582 4471 921 4537 exorcismos
965 4480 1022 4526 cl
1065 4470 1422 4526 calecliizatio
1450 4476 1679 4541 prosunt
1785 4472 2020 4543 Accipite
2078 4479 2128 4525 et
2199 4467 2418 4523 dividite
2487 4466 2627 4521 inter
2676 4480 2785 4520 vos.
2842 4462 2975 4517 Dico
3039 4462 3177 4517 enim
3229 4461 3375 4515 vobis

134 4548 457 4622 baptizandis.
489 4560 605 4616 Nec
652 4575 984 4631 quemquam
1047 4570 1262 4615 moveat
1311 4560 1455 4629 quod
1500 4559 1678 4628 bapti-
1786 4561 1925 4634 quod
2004 4578 2109 4617 non
2183 4558 2357 4613 bibam
2428 4556 2493 4613 de
2570 4552 2904 4629 generatione
2966 4551 3085 4608 vitis
3126 4592 3143 4618 ,
3211 4551 3376 4605 donec

133 4652 255 4697 smus
275 4648 387 4704 talis
414 4651 617 4707 dicitur
638 4651 840 4708 Christi
868 4652 921 4707 in
953 4649 1417 4721 Evangelio.Nam
1440 4659 1496 4705 et
1519 4650 1677 4716 ﬁdes,
1786 4670 2002 4725 regnum
2052 4651 2149 4707 Dei
2195 4651 2367 4706 veniat
2400 4649 2554 4711 (Luc.
2610 4665 2748 4713 nit,
2780 4646 2893 4718 15).
2943 4645 3161 4717 Abolito
3212 4644 3377 4715 igitur

135 4744 221 4797 ‘hIa
247 4736 551 4797 imbuuntur
587 4744 986 4812 catechumeni,
1010 4754 1064 4799 et
1095 4744 1295 4799 dicitur
1343 4742 1580 4807 Christi,
1625 4751 1679 4798 et
1785 4748 1986 4803 veteris
2011 4745 2143 4818 legis
2170 4752 2541 4812 sacramento,
2588 4741 2897 4813 spretisque
2924 4739 3236 4795 carnalibus
3281 4736 3376 4791 Ju-

136 4832 216 4877 est.
243 4825 361 4885 Sine
406 4835 758 4903 perceptione
804 4844 983 4890 tamen
1035 4834 1288 4903 baptismi
1350 4850 1456 4890 non
1506 4834 1681 4889 salvat
1785 4841 1955 4897 daicre
1978 4839 2149 4911 plebis
2194 4836 2539 4901 caerimoniis,
2584 4849 2704 4906 Quae
2742 4842 2899 4888 vellis
2946 4831 3166 4887 ῐιοηιῖηο
3195 4830 3247 4884 in
3273 4829 3377 4884 ¹¹⁰⁰

132 4918 530 4981 catechumenos.
558 4925 847 4981 Enimvero
885 4928 1009 4983 licet
1037 4939 1159 4997 post
1188 4927 1679 4993 resurrectionem,
1785 4933 1907 4989 loco
1942 4933 2277 5001 designatur,
2332 4927 2584 5000 protinus
2632 4924 2767 4981 Novi
2813 4923 3146 4980 Testamenti
3194 4934 3378 4977 sacra-

136 5010 180 5056 θι
200 5020 504 5083 Praeceptum
530 5016 840 5087 baptizandi
874 5024 929 5072 et
962 5018 1178 5072 modum
1231 5017 1505 5086 apostolos
1528 5016 1657 5087 legaI

1851 5035 2064 5091 entum,
2117 5032 2175 5079 et
2222 5023 2387 5078 ritum
2441 5017 2770 5081 celebrandi,
2840 5016 3111 5085 accipiens
3158 5027 3372 5083 panem,

137 5105 531 5164 mnsaDomino
561 5113 905 5182 suscepisse,
945 5127 1051 5167 non
1099 5123 1278 5167 tamen
1316 5112 1543 5183 legimus
1586 5129 1681 5169 eos
1784 5114 2187 5173 commendavit
2242 5111 2525 5183 apostolis,
2565 5110 2750 5165 dicens
2804 5120 2820 5160 :
2875 5104 2991 5160 [Ioc
3057 5113 3132 5158 est
3190 5120 3377 5172 corpus

141 5186 419 5266 bailliutsse,
454 5204 557 5259 nisi
596 5214 718 5273 post
757 5207 1049 5261 adventum
1099 5208 1273 5263 sancti
1311 5207 1547 5277 Spiritus
1586 5208 1683 5263 Pa-
1787 5226 1979 5275 meum,
2009 5208 2149 5279 quod
2172 5223 2266 5276 pro
2301 5206 2443 5259 vobis
2504 5200 2761 5255 iradetur.
2786 5195 2903 5251 Hoc
2928 5196 3086 5264 facite
3109 5193 3165 5247 in
3205 5209 3377 5247 meam

140 5285 314 5381 iacieti.
340 5292 395 5347 ln
427 5296 513 5351 die
536 5300 684 5353 enim
710 5308 899 5354 sancto
932 5298 1277 5355 Pentecostes
1298 5318 1420 5356 cum
1451 5301 1683 5372 apostoli
1791 5299 2355 5356 commemorationem.
2412 5292 2668 5351 Similiter
2718 5297 2767 5344 et
2816 5285 3056 5351 calicem,
3100 5294 3377 5355 postquam

143 5367 307 5441 ίίίικυίδ
350 5384 694 5456 loquerentur
741 5391 985 5445 omnium
1036 5392 1316 5462 gentium,
1348 5390 1548 5447 Judaeis
1589 5409 1684 5450 eos
1788 5393 2028 5458 cmnavit,
2054 5391 2231 5444 dicens
2266 5402 2285 5441 .'
2326 5387 2425 5441 Hic
2472 5392 2548 5440 est
2593 5382 2733 5438 calix
2774 5394 2962 5433 novum
3012 5385 3378 5431 testamentum

144 5474 289 5553 [ηυειο
309 5473 485 5540 plenos
508 5496 630 5536 esse
656 5483 1116 5551 concrepantibus
1143 5482 1283 5552 (Act.
1304 5499 1363 5547 ll,
1396 5483 1469 5553 l),
1489 5483 1683 5541 Petrus
1788 5486 1843 5539 in
1888 5484 2141 5552 sanguine
2162 5497 2295 5545 meo,
2321 5479 2411 5549 qui
2436 5494 2529 5547 pro
2560 5476 2698 5532 vobis
2721 5471 2973 5544 {nudetur
2992 5469 3209 5538 (Matth.
3227 5472 3375 5533 ixvt,

147 5548 313 5616 luhelis
335 5571 603 5638 prephetia
626 5570 758 5627 falsa
784 5548 986 5643 profari
1010 5548 1244 5645 perﬁdos
1263 5548 1680 5641 demonstravit,
1790 5574 1904 5643 26).
1932 5548 2129 5627 Verum
2156 5579 2279 5640 post
2308 5548 2643 5623 Dominicam
2676 5566 3134 5622 resurrectionem
3160 5563 3382 5619 Christo

149 5654 190 5696 ει
229 5649 459 5716 Davidico
517 5666 828 5721 testimonio
879 5666 1262 5737 evangelizans
1324 5666 1427 5721 illis
1492 5664 1675 5721 Jcsum
1791 5681 1913 5720 cum
1944 5662 2200 5733 apostolis
2229 5659 2427 5730 srcpins
2455 5658 2817 5714 manducante
2841 5667 2895 5713 et
2942 5650 3161 5712 bibente
3190 5663 3242 5710 ct
3264 5651 3351 5708 col

153 5742 314 5801 mortis
358 5750 537 5809 solutis
583 5756 862 5816 doloribus
924 5758 1261 5825 surrexisse,
1320 5767 1672 5829 compunctos
1785 5757 2056 5827 loquente,
2090 5770 2194 5809 non
2232 5752 2519 5838 oportebat
2576 5750 2853 5824 apostolis,
2882 5742 3089 5823 gantlio'
3132 5757 3374 5805 resurre
