3848 6292
477 338 580 395 859

1533 290 1896 380 BONIZONIS
1926 318 2339 375 PLACENTINI
2370 293 2691 381 miscent.

3599 310 3691 395 ω’

478 449 673 504 ctionis
707 446 939 515 repletos
982 450 1383 499 sacramentum
1436 439 1489 495 in
1539 435 2055 493 commemoratione
2083 439 2131 494 Α
2161 437 2388 491 remedia
2429 438 2789 507 conferantur,
2820 448 2978 512 utque
3008 441 3386 496 catecliuntenis
3412 445 3475 498 ad
3514 462 3675 518 regem.

478 540 767 593 Dominica:
812 536 1087 591 Passionis
1150 534 1448 590 celebrare.
1506 531 1643 598 Quid
1691 530 1836 585 enim
1884 527 2052 597 piscis

476 646 628 685 assus
675 637 795 697 post
816 622 1280 681 resurrectionem
1330 640 1359 678 a
1398 623 1615 678 Christo
1672 620 2049 684 manducatus,

474 732 530 776 et
562 720 837 790 discipulis
893 720 1142 785 traditus,
1178 718 1280 772 nisi
1328 716 1600 771 Christum
1653 728 1869 783 passum
1901 711 2048 767 desi-

480 813 712 882 gnabat?
738 816 871 866 Cum
894 812 1082 865 eodem
1110 824 1300 879 panem
1337 816 1393 863 et
1420 808 1619 877 piscem
1651 805 2049 875 suprapositum

471 904 663 972 prunis
695 902 950 963 edebant,
991 910 1046 955 et
1099 901 1271 968 ipsum
1324 897 1570 953 eumdem
1628 897 1680 950 in
1708 907 2051 951 sacramento

474 993 627 1061 panis
657 1003 712 1045 et
741 991 903 1061 piscis
950 999 1005 1044 et
1062 988 1166 1043 favi
1219 988 1390 1043 mellis
1442 985 2051 1041 manducabant?Post

473 1084 762 1139 adventum
789 1100 916 1139 vero
940 1084 990 1138 in
1024 1081 1317 1150 discipulos
1380 1080 1557 1135 sancti
1600 1080 1834 1149 Spiritus
1882 1078 2049 1132 Para-

474 1175 599 1231 eleti
624 1192 743 1230 cum
771 1176 969 1231 invidia
1019 1173 1379 1231 multitudinis
1406 1173 1744 1228 credentium
1768 1179 1917 1227 esset
1954 1186 2050 1226 cor

470 1285 636 1324 unum
668 1281 721 1326 et
752 1269 930 1324 anima
976 1284 1080 1323 una
1123 1268 1262 1336 (Act.
1296 1282 1372 1331 tv,
1396 1266 1509 1331 52).
1558 1267 1613 1319 ln
1647 1265 1873 1319 Actibus
1922 1279 2048 1333 apo—

470 1359 730 1413 stolorum
758 1359 983 1427 legimus
1044 1357 1316 1426 apostolos
1346 1354 1568 1426 fregisse
1592 1369 1757 1423 panes
1790 1354 1841 1407 in
1874 1353 2050 1421 domi-
2080 1420 2083 1421 ν

468 1446 569 1502 bus
593 1456 650 1501 et
668 1448 810 1501 circa
838 1448 1024 1502 domos
1053 1447 1105 1500 in
1150 1445 1726 1501 commemorationem
1757 1442 2048 1505 Dominica:

468 1536 771 1603 Passionis,
825 1548 879 1593 et
930 1537 1151 1608 populos
1209 1535 1542 1591 credentium
1595 1532 2046 1589 communicasse.

466 1629 577 1687 Nec
606 1631 901 1701 mult0pere
924 1631 1189 1686 curabant
1227 1640 1407 1684 utrum
1444 1629 1599 1699 panis
1626 1635 1773 1683 esset
1826 1641 2047 1697 azymus

466 1722 553 1776 vel
577 1722 953 1776 fermentatus.
980 1721 1173 1775 Postea
1204 1735 1355 1787 vero,
1396 1718 1700 1774 Christiana
1748 1716 2046 1787 pullulante

2156 528 2374 583 rationis
2428 539 2755 583 sacramenta
2803 532 3066 599 perductis
3098 531 3315 586 caelestis
3361 535 3677 595 misericordia:

2152 617 2278 673 aula
2318 628 2595 674 reseretur.
2632 618 2758 676 ΙΙωο
2793 622 2861 676 ab
2918 622 3179 691 apostolis
3228 623 3304 677 ita
3334 624 3603 692 celebrata,
3637 641 3679 686 et

2152 707 2413 765 Ecclesiis
2442 709 2664 765 tradita.
2690 719 2745 763 et
2777 710 2919 766 beati
2970 711 3124 767 Pauli
3174 712 3400 782 apostoli
3442 716 3678 774 traditione

2153 804 2495 872 instruimur,
2527 815 2584 861 et
2610 808 2752 863 beati
2778 806 3057 862 Ctelestini
3090 804 3322 861 Romam
3357 807 3605 875 pontificis
3622 811 3678 865 ita

2152 896 2444 951 edocemnr
2497 898 2746 968 epistola.
2797 898 3057 969 Superest
3137 913 3284 953 nunc
3334 899 3554 967 qualiter
3595 902 3682 955 Inec

2152 997 2355 1044 nostra:
2398 1005 2519 1061 quae
2548 990 2603 1045 in
2632 991 2953 1047 occidentali
3006 991 3187 1047 missae
3229 989 3561 1045 celebrantur
3610 994 3685 1047 cli-

2152 1089 2316 1149 mate,
2366 1082 2632 1138 institutio
2679 1083 2941 1139 celebrari
2981 1084 3192 1145 debeat,
3233 1092 3290 1137 et
3330 1098 3359 1137 a
3390 1083 3574 1153 quibus
3607 1099 3682 1137 au-

2151 1174 2391 1230 ctoribus
2413 1177 2704 1246 sumpserit
2748 1177 3054 1238 exordium,
3085 1192 3172 1231 me
3203 1177 3462 1233 scribere.
3484 1176 3556 1231 Tu
3582 1193 3685 1232 vero

2150 1279 2249 1334 pro
2274 1266 2431 1320 nobis
2470 1282 2630 1322 orare
2687 1283 2790 1322 non
2844 1266 3089 1332 differas,
3133 1276 3193 1321 ut
3250 1268 3507 1322 Dominus
3545 1270 3686 1338 gratia

2149 1374 2265 1422 sua,
2293 1359 2531 1415 carbone
2552 1359 2619 1414 de
2655 1359 2808 1415 alteri
2838 1359 3045 1430 forcipe
3073 1360 3306 1426 sublato,
3340 1373 3457 1414 mea
3475 1360 3684 1430 dignetur

2149 1463 2384 1518 purgare
2406 1449 2567 1527 labia.
2597 1450 2728 1517 Quis
2754 1450 2899 1505 enim
2922 1465 3022 1520 ego
3051 1466 3192 1517 sum,
3224 1452 3317 1520 qui
3350 1459 3492 1506 tanta
3519 1453 3683 1521 possim

2149 1539 2434 1594 enucleare
2475 1541 2782 1611 mysteria?
2812 1540 2917 1596 Sed
2955 1552 3012 1595 et
3042 1540 3096 1596 in
3149 1542 3326 1614 spinis
3384 1542 3581 1597 locutus
3618 1528 3683 1597 est

2148 1630 2429 1685 Dominus.
2464 1630 2531 1685 Et
2561 1622 2788 1696 utinam,
2809 1647 2843 1687 ο
2870 1632 3010 1687 bone
3043 1631 3193 1697 Jesu,
3220 1648 3372 1689 meos
3395 1648 3495 1688 non
3528 1633 3682 1688 horre-

2148 1737 2269 1778 scas
2295 1738 2503 1792 vepres,
2528 1723 2617 1792 qui
2652 1721 2791 1778 tollis
2819 1732 3041 1792 peccata
3074 1724 3297 1779 mundi!

464 1815 749 1885 religione,
795 1812 1071 1881 discipulis
1121 1811 1174 1867 in
1219 1812 1351 1868 orbe
1376 1820 1644 1866 terrarum
1679 1810 1957 1879 dispersis,
1989 1818 2043 1864 et
2076 1790 2121 1850 Β
2221 1790 2522 1869 Post—beati
2548 1790 2696 1869 Petri
2726 1790 3092 1884 apostolorum
3155 1815 3421 1885 principis
3468 1815 3682 1887 inclytum

475 1904 714 1957 maxime
739 1918 859 1956 eum
895 1904 999 1957 \‘as
1039 1902 1342 1968 electionis,
1380 1902 1670 1972 prtedicata
1701 1900 1963 1955 Damasco
1987 1906 2043 1955 et

463 1991 686 2057 Arabia,
714 1992 978 2060 incipiens
1009 1992 1075 2044 ab
1105 1991 1495 2060 Hierosolymis
1540 2005 1713 2059 usque
1763 1990 1830 2043 ad
1860 1989 2037 2059 Illyri-

462 2097 610 2144 cum,
636 2092 689 2135 et
716 2098 883 2151 usque
905 2082 955 2136 in
987 2082 1275 2152 Hispanias
1303 2092 1357 2138 et
1380 2082 1432 2135 in
1472 2081 1677 2136 insulas
1718 2080 2044 2149 intcrjacen—

465 2185 544 2229 tes
582 2177 904 2230 seminasset
954 2176 1323 2246 Evangelium,
1372 2186 1655 2246 coeperunt
1697 2176 1952 2231 Ecclesia:
1986 2178 2041 2231 in

463 2281 569 2319 una
599 2264 817 2321 Sabbati
848 2265 912 2319 ad
945 2266 1272 2321 audiendum
1298 2266 1519 2320 verbum
1553 2266 1641 2319 Dei
1666 2264 1717 2319 in
1765 2264 1904 2333 loco,
1930 2280 2042 2334 quo

458 2366 734 2427 poterant,
774 2358 1103 2410 com-coire:
1160 2367 1214 2411 et
1271 2364 1395 2425 post
1441 2355 1877 2426 prtedicationes,
1931 2357 2041 2410 imo

461 2464 594 2503 vero
638 2448 980 2511 collationes,
1039 2463 1177 2517 pane
1221 2458 1275 2501 et
1306 2448 1624 2516 simpliciter
1669 2456 1877 2503 tantum
1914 2447 2052 2515 vino,

460 2540 514 2593 itt
542 2553 746 2605 mensa,
772 2538 885 2611 sive
906 2539 1104 2608 lignea,
1146 2538 1259 2592 sive
1283 2553 1350 2591 ex
1389 2536 1655 2605 lapidibus
1693 2544 2030 2602 constructa,

460 2631 920 2701 superimposito,
977 2629 1443 2685 obsecrationibus
1495 2620 1915 2684 etorationibus
1941 2618 2053 2683 nec

459 2736 566 2776 non
596 2732 651 2775 et
682 2721 1157 2790 postulationibus,
1187 2735 1349 2790 quam
1382 2735 1553 2789 usque
1583 2720 1743 2773 hodie
1767 2719 1820 2773 in
1849 2712 2051 2792 sancto;

458 2812 759 2869 Parasceve
789 2811 1026 2866 Ecclesia
1052 2812 1325 2875 decantat,
1367 2824 1397 2863 a
1449 2810 1733 2865 sacerdote
1760 2824 1923 2879 super
1946 2822 2041 2863 eu-

459 2904 718 2959 charistia
772 2904 891 2979 rite,
923 2902 1232 2965 celebratis,
1286 2900 1560 2955 Dominica
1601 2901 1848 2954 oratione
1892 2899 2038 2953 lenta

458 3012 616 3060 voce,
648 3005 705 3048 ut
734 3011 763 3049 a
787 2994 1261 3049 circumstantibus
1288 2994 1371 3047 vix
1402 2993 1574 3062 possit
1614 2992 1808 3053 audiri,
1843 2992 2039 3046 decan-

459 3096 591 3153 tata,
617 3087 843 3157 pepnlus
870 3097 920 3140 tn
952 3086 1469 3140 commemoratione
1498 3084 1787 3139 Dominica:
1819 3084 2051 3138 Passro-‘

458 3181 544 3234 nis
578 3180 871 3234 secundum
900 3176 1235 3231 Dominieam
1272 3176 1616 3229 traditionem
1666 3174 2037 3229 communica-

458 3273 574 3335 bat,
604 3280 657 3326 et
680 3271 783 3325 hoc
832 3270 882 3322 in
918 3268 1191 3338 plerisque
1218 3266 1480 3322 Ecclesiis
1510 3282 1537 3318 a
1566 3254 1789 3333 jejunis.
1834 3263 1890 3317 ltt
1941 3264 2040 3317 ali-

456 3367 807 3436 quibnsvero
834 3364 888 3417 in
922 3362 1233 3432 exemplum
1269 3360 1561 3416 Dominica:
1596 3373 1765 3413 cinna:
1816 3358 1979 3413 ﬁebat
2008 3374 2037 3413 a

456 3458 710 3516 coeuntis.
743 3456 895 3523 Quod
927 3455 1093 3510 etiam
1121 3467 1288 3522 usque
1318 3453 1384 3505 ad
1421 3451 1564 3506 beati
1592 3449 1878 3520 Augustini
1904 3460 2040 3503 tem-

455 3565 586 3622 pora
627 3549 869 3610 durasse,
903 3548 1018 3616 ipso
1045 3545 1272 3599 docente
1307 3543 1357 3596 in
1386 3540 1635 3624 epistola,
1660 3555 1823 3609 quam
1852 3539 2041 3593 scribit

456 3643 522 3695 ad
549 3640 867 3695 Januarium
895 3638 1204 3709 episcOpum
1239 3636 1305 3689 de
1335 3648 1492 3687 ctena
1544 3631 1776 3698 Domini,
1808 3632 1882 3685 ita
1919 3645 2041 3685 esse

456 3735 831 3805 cognovimus.
861 3732 1060 3785 Beatus
1088 3742 1220 3783 vero
1246 3726 1446 3782 Paulus
1466 3722 1761 3795 apostolus,
1778 3721 2040 3790 magister

455 3826 720 3898 gentium,
756 3824 880 3877 dum
935 3821 1286 3875 Timotheum
1338 3817 1405 3869 ad
1460 3815 1699 3884 regimen
1744 3813 2042 3889 instrueret

454 3916 783 3987 episcopale,
830 3915 971 3969 inter
1008 3922 1201 3967 caetera
1237 3909 1317 3964 sic
1363 3909 1484 3964 ait:
1537 3906 1763 3960 Obsecro
1811 3905 2039 3972 primunt

452 4009 572 4079 ﬁeri
597 4007 997 4070 obsecrationes,
1020 4003 1304 4068 orationes,
1328 3997 1728 4070 postulationes,
1748 4007 2040 4066 gratiarum

454 4102 803 4171 actionespro
836 4099 1059 4169 regibus,
1103 4106 1151 4151 et
1200 4096 1281 4149 Itis
1341 4100 1430 4170 qui
1476 4104 1529 4156 in
1556 4101 1873 4178 sublimitate
1917 4103 2038 4150 sunt

451 4191 632 4261 positi,
661 4200 715 4245 ut
755 4192 983 4261 quietam
1007 4192 1165 4246 vitam
1200 4209 1417 4263 agamus
1468 4184 1521 4264 (Ι
1548 4192 1684 4249 Tim.
1730 4209 1791 4257 il,
1824 4191 1899 4263 1),
1931 4201 2037 4249 etc.

452 4283 523 4336 Et
556 4280 702 4338 hunc
750 4282 913 4336 ritum
970 4295 1437 4353 sacramentorum
1482 4285 1549 4339 ab
1601 4285 1859 4356 apostolis
1899 4285 2043 4340 eele-

452 4375 668 4428 bratnm
700 4415 714 4441 ,
764 4382 819 4427 et
852 4374 1112 4429 Ecclesiis
1149 4375 1432 4439 traditum,
1476 4376 1667 4431 beatus
1715 4371 2041 4431 Cirlestinus

2146 1906 2467 1976 martyrium
2532 1906 2677 1976 quod
2728 1922 2835 1962 uno
2888 1910 3187 1978 eodemque
3246 1908 3335 1963 die
3390 1900 3507 1962 cum
3558 1908 3682 1963 beato

2144 1998 2311 2054 Paulo
2348 1999 2569 2055 doctore
2595 2000 2839 2070 gentium
2903 2000 3003 2055 sub
3033 1999 3250 2056 Nerone
3298 2000 3504 2055 Caesare
3545 2003 3683 2055 susci-

2144 2091 2324 2161 piens,
2374 2090 2664 2161 gloriosam
2715 2090 3015 2146 Romanam
3068 2090 3197 2145 fccit
3254 2090 3681 2155 Ecclesiatn,Cle-

2144 2197 2297 2237 mens
2326 2182 2544 2235 natione
2585 2181 2863 2237 Romanus
2916 2183 3215 2236 Romanum
3245 2182 3474 2249 suscepit
3510 2182 3681 2249 pontifi-

2143 2281 2344 2327 catum.
2404 2270 2645 2338 Qualiter
2709 2287 2836 2326 vero
2884 2272 3091 2343 primus
3145 2272 3217 2326 sit
3270 2286 3368 2339 per
3408 2271 3681 2326 electionem

2142 2362 2311 2429 Petri,
2369 2370 2425 2417 et
2482 2363 2673 2416 tertius
2733 2364 2786 2416 in
2843 2362 3032 2432 gradu,
3089 2363 3134 2415 si
3174 2362 3297 2431 quis
3355 2376 3542 2432 gnarus
3588 2376 3683 2415 (sse

2143 2452 2397 2519 voluerit,
2448 2452 2589 2523 legat
2640 2451 2856 2505 Librum
2928 2466 3087 2522 quem
3163 2452 3357 2522 scripsi
3402 2452 3455 2504 in
3492 2449 3682 2519 Ugoum

2142 2534 2636 2608 schismalicum,et
2682 2543 2751 2611 ibi
2803 2544 3041 2597 inveniet
3071 2542 3138 2597 ad
3187 2542 3408 2612 plenum
3459 2542 3679 2595 dilucida-

2145 2640 2276 2685 tum.
2293 2628 2389 2687 Hie
2406 2648 2534 2687 vero
2554 2633 2757 2703 Spiritu
2774 2631 2863 2686 Dei
2880 2632 3094 2703 plenus,
3112 2633 3328 2687 intuens
3351 2648 3417 2686 ne
3437 2632 3680 2697 solemnes,

2143 2735 2281 2789 quas
2327 2722 2578 2790 superius
2628 2722 2885 2785 diximus,
2937 2722 3214 2776 orationes
3271 2722 3466 2792 saepius
3499 2719 3681 2773 auribus

2140 2811 2461 2881 populorum
2488 2812 2726 2866 recitatae
2748 2811 3089 2877 vilescereut,
3120 2821 3168 2866 et
3184 2854 3198 2879 ,
3222 2812 3365 2881 quod
3385 2810 3499 2880 plus
3519 2820 3607 2875 est,
3627 2823 3682 2865 ne

2142 2903 2281 2957 forte
2311 2904 2378 2956 ab
2402 2902 2635 2958 ethnicis
2662 2903 2936 2958 memoria
2987 2905 3379 2957 commendata:
3404 2905 3452 2955 in
3473 2902 3680 2971 compitis

2140 3005 2196 3051 et
2234 2996 2286 3050 itt
2325 2994 2537 3065 plateis,
2588 2995 2641 3048 in
2683 2995 2911 3050 theatris
2958 3004 3012 3049 et
3063 2994 3116 3048 in
3164 2994 3409 3049 delubris
3455 2994 3677 3048 idolorum

2145 3088 2526 3152 recitarentur,
2550 3088 2620 3141 ob
2671 3087 3033 3142 reverentiam
3081 3085 3447 3155 apostolorum
3472 3099 3566 3139 uno
3591 3084 3677 3147 die,

2143 3177 2197 3232 in
2221 3186 2410 3232 sancto
2432 3176 2638 3231 scilicet
2693 3175 3011 3239 Parasceve,
3044 3176 3345 3229 secundum
3392 3176 3679 3245 praeteritum

2143 3284 2349 3322 morem
2416 3266 2672 3337 praecepit
2730 3265 3019 3321 celebrari.
3082 3264 3203 3335 Ipse
3269 3279 3400 3317 vero
3460 3278 3679 3319 canonctn

2144 3360 2416 3425 instituit,
2468 3360 2558 3429 qtti
2592 3375 2687 3430 per
2706 3374 2906 3413 annum
2941 3367 3108 3413 totum
3151 3374 3315 3430 super
3340 3357 3679 3436 eucharistiam

2142 3452 2467 3506 recitaretur
2501 3460 2730 3515 secrete,
2782 3459 2837 3504 ut
2889 3451 2981 3520 qui
3038 3458 3188 3504 tanto
3243 3448 3519 3509 secretius,
3560 3454 3681 3499 tanto

2144 3541 2355 3595 avidius
2380 3549 2639 3609 tantoque
2672 3540 3011 3595 reverentius
3048 3554 3077 3592 a
3110 3538 3310 3609 populo
3330 3537 3677 3606 susciperetur.

2144 3633 2241 3688 llic
2274 3633 2413 3686 idem
2441 3630 2495 3685 in
2525 3631 2816 3686 Dominicis
2845 3630 3035 3686 diebus
3089 3630 3142 3685 in
3186 3629 3329 3695 loco,
3355 3628 3445 3698 qui
3486 3623 3678 3681 inveniri

2141 3732 2377 3795 poterat,
2430 3731 2735 3792 opportuno
2786 3721 3041 3792 populum
3095 3719 3331 3776 instituit
3389 3716 3681 3773 credentium

2147 3804 2463 3878 convocari,
2520 3814 2756 3883 dataque
2793 3810 3048 3874 collecta,
3096 3824 3258 3879 quam
3289 3806 3682 3863 obsecrationem

2144 3907 2278 3961 dicit
2296 3908 2489 3962 beatus
2517 3903 2872 3975 Augustinus,
2918 3901 3169 3970 lectoque
3196 3915 3225 3954 a
3254 3898 3450 3969 pepulo
3479 3896 3683 3964 Evange-

2143 3998 2218 4054 lio
2247 4037 2263 4063 ,
2320 4004 2441 4067 post
2488 3990 2932 4065 prtedicationem
2999 3990 3203 4060 imponi
3256 4004 3422 4059 super
3478 4000 3681 4043 mensam

2143 4100 2338 4157 panem
2373 4125 2388 4149 ,
2441 4092 2497 4139 et
2547 4082 2869 4152 simpliciter
2932 4090 3140 4136 tantum
3199 4079 3386 4133 vinum
3446 4074 3679 4149 praecepit.

2144 4173 2623 4231 Obsecrattonibus
2650 4186 2865 4242 quoque
2918 4180 3130 4225 secrete
3188 4184 3354 4238 super
3396 4166 3681 4222 oblationem

2144 4264 2448 4323 decantatis
2487 4278 2517 4317 a
2569 4263 2849 4317 sacerdote
2901 4258 3123 4316 salutari
3180 4252 3439 4332 pepulum
3490 4259 3537 4311 in
3565 4257 3682 4310 hunc

2145 4356 2410 4414 modum:
2460 4354 2715 4410 Dominus
2746 4354 3007 4408 vobiscum
3032 4370 3052 4418 ;
3079 4369 3185 4423 quo
3210 4344 3561 4424 respondente
3588 4362 3601 4400 :
3625 4344 3683 4399 Et

454 4439 736 4517 Romanius
759 4462 1044 4531 episcopus
1075 4463 1126 4515 in
1167 4462 1426 4517 decretali
1458 4479 1552 4517 sua
1579 4462 1804 4534 epistola
1829 4462 2038 4518 Africa-
2070 4473 2116 4529 1)
2144 4470 2262 4508 cum
2289 4452 2477 4521 δρῑνὶιιι
2506 4457 2617 4513 ειιον
2650 4448 2849 4501 “erum
2880 4444 3157 4499 admoneri
3197 4453 3259 4497 υι
3288 4457 3495 4499 ευτδηπη
3523 4439 3685 4495 habe“

454 4554 541 4608 nis
572 4553 838 4622 episcopis
864 4555 1051 4617 missa,
1088 4570 1210 4608 enm
1248 4555 1315 4609 de
1348 4555 1521 4625 gratia
1568 4556 1661 4610 Dei
1709 4556 2033 4624 disputaret,

456 4645 595 4699 inter
609 4654 803 4700 cetera
830 4645 909 4699 sic
931 4647 1003 4699 ait
1025 4660 1039 4698 :
1062 4634 1481 4700 Obsecrationem
1508 4664 1710 4717 quoque
1737 4647 2039 4701 sacerdota-

454 4736 585 4789 linm
603 4747 1046 4793 sacramentorum
1075 4742 1542 4809 recipiamus,gua:
1566 4743 1629 4791 ab
1652 4741 1901 4811 apostolis
1930 4752 2041 4794 trn-

455 4829 588 4891 dita,
614 4828 669 4880 in
684 4837 791 4881 toto
818 4829 1028 4892 mundo,
1057 4830 1290 4895 atquein
1317 4846 1438 4883 omn
1458 4831 1483 4897 il
1509 4829 1769 4883 catholica
1805 4831 2039 4886 Ecclesia

456 4918 787 4987 uniformiter
806 4918 1118 4985 celebratur,
1143 4930 1198 4973 ut
1246 4918 1405 4991 legem
1439 4919 1686 4973 credendi
1731 4929 1927 4973 statuat
1957 4920 2042 4973 lex

456 5009 806 5079 supplicandi.
846 5008 979 5063 Cum
1014 5012 1152 5067 enim
1176 5021 1477 5065 sanctarum
1498 5010 1721 5079 plebium
1748 5012 2041 5064 sacerdotes

455 5100 707 5154 mandata
719 5100 918 5154 sibimet
937 5100 1192 5171 legatione
1208 5101 1517 5169 fungantur,
1536 5101 1676 5165 apud
1694 5099 1923 5153 divinam
1941 5100 2045 5156 cle-

454 5194 701 5246 mentiam
731 5194 948 5247 humani
985 5210 1185 5264 generis
1213 5204 1375 5263 agunt
1406 5215 1645 5262 causam,
1666 5206 1711 5248 et
1736 5201 1845 5245 tota
1868 5207 2040 5244 secum

452 5283 692 5341 Ecclesia
741 5291 1148 5358 congemiscente
1202 5291 1466 5361 postulant
1514 5300 1562 5344 et
1616 5298 1898 5359 precantur
1928 5326 1943 5351 ,
1986 5295 2041 5338 ut

454 5378 752 5447 inﬁdelibus
782 5380 1007 5435 donetur
1047 5382 1203 5449 ﬁdes,
1234 5391 1288 5435 ut
1320 5380 1617 5435 idololatra:
1659 5379 1724 5433 ab
1754 5376 2039 5447 impietatis

454 5486 565 5525 sua:
612 5473 902 5526 liberentur
937 5475 1223 5539 erroribus,
1279 5483 1333 5528 ut
1375 5473 1584 5529 Iuda-is
1638 5471 1813 5526 ablato
1867 5470 2040 5525 cordis

456 5563 711 5619 velamine
731 5565 825 5619 lux
859 5566 1089 5620 veritatis
1125 5576 1400 5636 appareat,
1431 5576 1486 5620 ut
1506 5565 1740 5622 licerelici
1769 5562 2040 5618 catholica:

454 5658 579 5726 ﬁdei
600 5661 924 5729 perceptione
970 5661 1300 5730 resipiscam,
1353 5671 1408 5714 ut
1450 5658 1768 5715 scltismatici
1796 5655 2037 5723 spiritum

460 5751 699 5808 rediviva:
749 5753 1019 5807 cltaritatis
1077 5752 1359 5824 accipiant,
1398 5764 1452 5809 ut
1510 5752 1669 5823 lapsis
1720 5746 2034 5820 pwnitcntire

2144 4557 2261 4609 eor,
2296 4550 2355 4596 ut
2403 4556 2523 4610 qua:
2549 4549 2766 4595 sursum
2816 4544 2964 4600 sunt,
3003 4536 3226 4604 cogitet,
3268 4548 3377 4587 non
3410 4546 3521 4601 quae
3554 4537 3685 4594 super

2145 4645 2346 4691 terram
2430 4633 2686 4688 instituit.
2736 4631 2856 4698 Quo
2903 4628 3263 4696 respondente
3314 4641 3373 4679 se
3430 4623 3603 4678 habere
3627 4616 3684 4671 ad

2145 4729 2188 4783 D
2212 4748 2257 4780 ιιι
2285 4730 2454 4790 ἰιιιιιιι,
2480 4727 2545 4780 ad
2587 4725 2824 4795 agendas
2858 4722 2968 4776 Deo
3019 4719 3224 4791 gratias
3273 4718 3516 4773 eumdem
3546 4709 3685 4784 proti-

2147 4837 2249 4876 nus
2274 4821 2461 4874 invitet
2502 4816 2779 4888 populum.
2820 4814 2938 4888 Quo
2970 4810 3374 4881 respondente:
3423 4806 3621 4875 Dignum
3641 4807 3686 4851 et

2136 4912 2341 4981 justum
2378 4924 2521 4972 esse,
2569 4909 2678 4962 Deo
2727 4904 2931 4974 gratias
2966 4917 3149 4972 agere,
3188 4899 3334 4954 illico
3376 4898 3455 4952 sic
3504 4889 3686 4959 incipiat

2147 5007 2331 5062 dicens
2360 5021 2374 5063 :
2422 5002 2551 5056 Vere
2572 5000 2789 5070 dignum
2820 5008 2865 5051 et
2888 4996 3093 5066 justum
3138 5002 3236 5054 est,
3268 5004 3473 5061 mquam
3500 4996 3541 5040 et
3563 4982 3687 5038 sallw

2148 5109 2279 5158 tare,
2307 5112 2401 5148 nos
2441 5093 2535 5147 tibi
2564 5106 2766 5160 semper
2786 5099 2832 5142 et
2855 5089 3041 5157 ubique
3066 5086 3267 5156 gratias
3298 5098 3472 5152 agere,
3503 5075 3686 5132 Domine

2144 5197 2320 5243 sancte
2355 5184 2520 5239 Pater
2557 5183 2880 5251 omnipotens
2917 5186 3107 5233 wterne
3140 5175 3301 5239 Deus,
3340 5190 3433 5242 per
3456 5170 3689 5225 Christ

2146 5281 2429 5336 Dominum
2456 5286 2688 5331 nostrum
2713 5289 2731 5326 :
2762 5287 2854 5338 per
2892 5283 3043 5339 quem
3087 5256 3415 5334 majestatem
3444 5273 3571 5315 tuam
3589 5256 3691 5307 laus

2145 5373 2273 5425 dant
2303 5366 2499 5437 angeli,
2537 5363 2759 5418 adorant
2783 5356 3188 5417 dominationes,
3232 5357 3461 5406 tremunt
3489 5354 3691 5437 potata-

2143 5475 2219 5519 tes
2247 5481 2266 5529 ;
2293 5434 2427 5526 caeli,
2479 5456 2824 5523 caelorumque
2850 5451 3060 5504 virtutes
3086 5487 3103 5511 ,
3158 5461 3223 5499 ac
3274 5445 3422 5498 beata
3463 5434 3691 5505 seraphim

2142 5553 2283 5610 socia
2313 5548 2661 5606 exsultatione
2684 5539 3060 5597 concelebrant.
3087 5535 3218 5590 Cum
3240 5535 3425 5605 quibus
3446 5540 3490 5586 et
3511 5536 3692 5580 nostras

2144 5662 2289 5701 uoces
2321 5653 2375 5697 ut
2400 5638 2609 5695 admitti
2627 5637 2818 5707 jubeas
2864 5631 3226 5703 deprecamur,
3278 5623 3491 5697 supplici
3510 5615 3691 5685 conlcto

2143 5741 2288 5795 sione
2310 5736 2553 5790 dicentes.
2589 5728 2833 5797 Cumque
2866 5723 2934 5780 ab
2963 5721 3110 5781 omni
3150 5718 3391 5780 Ecclesia
3427 5732 3439 5770 :
3470 5710 3693 5767 Stultius.
