3848 6292
478 382 582 441 863

1543 376 1903 439 BONIZONIS
1943 379 2352 437 PLACENTINI
2391 380 2713 439 EPISCOPI.

3621 391 3699 450 86b

479 512 626 563 nem,
655 508 777 566 qua:
799 491 1052 564 magistra
1083 499 1166 548 est
1186 491 1468 558 virtutum,
1499 494 1794 565 signiﬁcat.
1818 496 1934 552 sine
1956 510 2060 566 qua
2092 500 2135 557 Α
2166 512 2268 550 non
2295 496 2460 550 obvim
2493 494 2880 550 traditionibus.
2944 494 3000 550 ln
3057 494 3343 551 Antiochia
3382 510 3501 553 vero
3526 504 3584 555 ad
3615 507 3697 559 eri.

477 596 536 644 et
568 603 689 657 qua:
712 586 926 642 videtur
964 585 1163 651 virtus,
1195 592 1283 639 est
1324 584 1537 639 vitium.
1566 584 1692 641 Sale
1734 588 1880 643 enim
1930 588 2070 642 letor

478 678 741 734 morbida:
766 676 950 733 carnis
977 674 1243 741 aboletur,
1267 684 1323 731 et
1345 674 1557 730 viscera
1611 676 1724 733 sale
1761 678 1977 733 condita
2011 678 2066 733 in

481 770 707 825 multam
736 777 1024 826 servantur
1046 776 1282 823 aetatem.
1315 769 1372 823 In
1417 769 1708 841 Evangelio
1740 768 1931 835 habes,
1962 769 2055 825 Do-

480 864 689 917 minum
736 862 941 917 dixisse
992 860 1298 931 apostolis:
1360 861 1562 917 Ilabete
1606 861 1771 917 salem
1820 863 1876 916 in
1926 862 2069 918 vobis

479 953 678 1026 (Marc.
702 970 777 1019 ts,
803 954 916 1023 49).
959 954 1026 1009 Ει
1056 956 1108 1011 in
1136 957 1245 1013 alio
1276 958 1394 1014 loco
1432 960 1498 1014 ad
1527 960 1746 1016 eosdem
1794 960 2067 1031 apostolos

483 1045 727 1101 distsse:
773 1043 874 1101 Vos
898 1046 1021 1101 estis
1043 1048 1126 1102 sal
1149 1058 1305 1104 terra:
1348 1048 1563 1121 (Matth.
1590 1066 1643 1117 ν,
1674 1050 1784 1121 15).
1816 1050 1922 1107 sed
1948 1052 2067 1107 uni-

482 1134 734 1193 formiter
762 1138 818 1193 in
856 1140 1111 1196 universa
1160 1141 1440 1196 deﬁnitum
1492 1151 1573 1198 est
1622 1142 1889 1198 Ecclesia.
1933 1142 2067 1197 Cum

482 1230 606 1298 quis
626 1229 692 1283 ad
717 1230 1163 1287 catechizaudum
1211 1234 1523 1299 accesserit,
1551 1235 1687 1305 petit
1742 1233 2070 1290 exsulllatio-

482 1336 606 1375 nem
637 1324 958 1391 sacerdotis,
992 1340 1099 1394 qua
1131 1325 1362 1397 spiritus
1399 1326 1711 1385 immundus
1736 1326 2019 1397 expellitur
2051 1344 2065 1394 ;

483 1412 563 1466 sal
596 1415 693 1483 p’er
716 1430 909 1470 manus
934 1418 1168 1487 accipiat
1208 1419 1531 1484 sacerdotis,
1565 1418 1782 1475 dicente
1829 1420 2019 1476 eodem
2047 1439 2061 1479 :

481 1504 671 1575 Accipe
714 1507 795 1561 sal
844 1509 1136 1577 sapicntire,
1193 1512 1335 1581 quod
1378 1512 1615 1582 proﬁciet
1663 1513 1757 1567 tibi
1802 1512 1856 1566 in
1909 1514 2068 1568 vitam

482 1606 775 1653 trtcrnam:
815 1615 922 1655 non
959 1602 1104 1670 quod
1157 1602 1269 1657 vita
1326 1611 1529 1658 azterna
1558 1602 1788 1659 donetur
1813 1605 2070 1659 catechu-

484 1686 682 1752 menis,
739 1687 832 1745 sed
860 1690 986 1759 quia
1038 1690 1120 1746 sal
1166 1702 1570 1748 sacramentum
1620 1702 1703 1748 cst
1760 1692 1905 1757 lidei,
1949 1708 2071 1764 qua:

418 1808 435 1819 -
486 1791 585 1847 per
620 1777 965 1836 dilectionem
998 1791 1273 1851 operatur,
1304 1794 1361 1840 et
1397 1785 1700 1852 baptizatos
1726 1786 1974 1855 perducit
1998 1787 2067 1843 ad

2175 587 2395 642 tandam
2442 587 2671 641 ironiam
2715 585 3023 643 Iudaeorum
3047 627 3063 655 ,
3098 602 3296 643 nomen
3327 588 3697 651 Christianorum

2170 677 2423 749 primitus
2444 686 2694 735 exortum
2727 688 2830 735 est.
2868 677 2934 734 Et
2962 679 3065 736 hoc
3093 690 3435 736 sacramento
3455 683 3517 737 ab
3534 698 3699 753 aposto

2173 765 2262 832 lis,
2313 776 2600 837 antequam
2640 768 3032 836 dividerentur,
3088 770 3341 826 instituto
3370 771 3701 843 baptizatis,et

2172 859 2226 915 in
2253 858 2470 915 Christo
2508 860 2712 916 renatis
2738 876 2835 932 per
2864 861 3137 931 apostolos
3164 872 3220 918 et
3249 878 3436 918 eorum
3479 880 3701 922 successo-

2171 962 2261 1004 res
2295 948 2597 1019 episcopos,
2626 957 2685 1004 ut
2715 958 2949 1006 tutorem
2997 952 3262 1007 haberent
3303 952 3610 1009 Paracletum
3634 973 3701 1027 per

2173 1051 2369 1092 manus
2416 1038 2839 1107 impositionem,
2869 1047 2924 1096 et
2954 1054 3051 1111 per
3073 1041 3382 1097 chrismalis
3405 1042 3501 1098 olei
3528 1044 3703 1117 insigni-

2174 1128 2375 1184 tionem
2405 1130 2574 1200 erepit
2631 1128 2867 1202 Spiritus
2916 1134 3089 1188 sancti
3128 1133 3339 1189 orando
3391 1134 3562 1190 donari
3602 1138 3701 1193 cln-

2172 1222 2359 1277 risma.
2414 1222 2550 1289 Quia
2596 1237 2727 1279 vero
2766 1222 2943 1277 oleum
2998 1224 3336 1279 inﬁrmorum
3392 1224 3458 1281 ab
3500 1229 3705 1296 apostolis

2174 1312 2482 1369 institutum
2519 1323 2751 1370 testatur
2771 1314 3005 1372 Iacobus
3035 1316 3313 1387 apostolus
3341 1315 3552 1371 dicens:
3579 1316 3703 1385 Inﬁr-

2172 1410 2350 1456 matur
2368 1403 2485 1473 quis
2511 1404 2565 1457 in
2590 1404 2768 1457 vobis?
2802 1405 3018 1459 inducat
3047 1404 3373 1475 presbyteros
3398 1404 3637 1469 Ecclesia,
3662 1418 3702 1461 st

2172 1504 2319 1549 orent
2344 1511 2501 1565 super
2528 1512 2666 1561 eum,
2699 1506 2947 1567 ungentes
2992 1513 3113 1553 eum
3160 1498 3274 1552 oleo
3315 1496 3634 1564 sanctiﬁcata.
3658 1497 3705 1552 Et

2171 1587 2342 1643 oratio
2363 1587 2486 1656 ﬁdei
2512 1588 2730 1643 salvabit
2757 1589 3059 1658 infirmum;
3088 1599 3137 1645 et
3180 1590 3226 1643 si
3251 1590 3306 1642 in
3332 1589 3542 1658 peccatis
3567 1588 3706 1659 factu,

2171 1678 2500 1733 remittemur
2525 1678 2571 1732 ei
2592 1677 2735 1749 (Jac.
2766 1693 2819 1746 ν,
2851 1680 2960 1751 Η).
3011 1679 3126 1736 lloc
3152 1680 3301 1752 omni
3336 1687 3563 1750 tempore
3603 1680 3708 1736 inter

2173 1769 2464 1825 missarum
2500 1770 2763 1825 solemnia
2793 1784 2824 1825 a
2852 1772 3179 1843 presbyteris
3209 1772 3262 1825 in
3284 1786 3351 1827 eo
3392 1771 3522 1836 loco,
3560 1770 3635 1826 ubi
3651 1773 3707 1826 sic

487 1867 663 1921 vitam
682 1876 964 1927 arteruam.
990 1872 1044 1926 In
1069 1873 1344 1944 plerisque
1370 1889 1499 1930 vero
1526 1854 1782 1930 Ecclesiis
1800 1876 1880 1931 sal
1903 1880 2070 1935 semel

2180 1862 2368 1933 legitur
2400 1879 2414 1917 :
2444 1862 2551 1917 Per
2584 1878 2737 1933 quem
2787 1863 2899 1917 lucc
2949 1865 3124 1917 omnia
3174 1864 3311 1917 bona
3356 1880 3517 1929 creas,
3544 1864 3710 1919 solebat

488 1958 651 2015 datur
694 1963 1142 2035 catechumenis;
1184 1966 1238 2021 in
1262 1964 1584 2037 quibusdam
1636 1982 1769 2023 vero
1818 1969 2070 2027 omnibus

485 2052 783 2109 scrutiniis.

773 2143 853 2200 De
882 2147 1076 2218 triplici
1102 2147 1237 2213 oleo,
1261 2157 1308 2203 et
1338 2149 1453 2219 ejus
1488 2149 1784 2206 virtutibus.

557 2232 971 2291 Transeundum
1028 2255 1173 2295 nunc
1232 2250 1317 2296 est
1364 2241 1431 2295 ad
1482 2240 1587 2296 olei
1642 2252 2069 2311 sacramentum,

488 2327 634 2395 quod
695 2328 906 2384 trifatie
959 2330 1239 2387 dividitur.
1297 2332 1391 2387 Est
1448 2333 1593 2388 enim
1653 2333 1831 2388 oleum
1891 2335 2066 2390 chris-

491 2415 631 2469 male
674 2457 690 2482 ,
761 2417 919 2488 cujus
998 2421 1415 2492 consignatione
1494 2422 1829 2491 septiformis
1898 2425 2071 2495 gratia

489 2508 663 2563 sancti
715 2509 876 2564 datur
913 2510 1171 2581 Spiritus.
1202 2512 1299 2567 Est
1347 2521 1403 2568 et
1448 2513 1628 2568 oleum
1678 2516 2070 2582 exorcizatutn,

488 2609 596 2663 quo
617 2603 891 2665 unguntur
908 2597 1283 2653 catechumeui
1308 2598 1373 2653 ad
1395 2598 1740 2670 cl'fugandum
1769 2602 2072 2658 inimicum.

487 2685 583 2740 Est
608 2697 663 2741 et
699 2685 875 2741 oleum
926 2687 1265 2755 inﬁrmorum
1295 2689 1360 2745 ad
1402 2691 1693 2747 sanitatem
1731 2692 1974 2762 corporis
2020 2699 2076 2746 et.

489 2779 683 2833 animae
724 2790 1107 2851 praeparatum.
1170 2780 1344 2837 liabet
1388 2783 1553 2838 etiam
1596 2782 1772 2838 oleum
1814 2784 1917 2840 hoc
1952 2799 2078 2856 pro-

488 2873 689 2943 prium,
722 2885 781 2929 ut
810 2876 1036 2929 mixtum
1076 2875 1199 2931 aliis
1232 2875 1533 2947 liquoribus
1556 2884 1871 2944 supernatet
1892 2876 2075 2932 omnia

491 2970 808 3041 liquamina,
832 2980 1011 3027 etnon
1041 2974 1353 3029 misceatur.
1390 2973 1453 3027 Et
1476 2973 1747 3044 signiﬁcat
1767 2973 2072 3039 veritatem,

490 3076 614 3130 qua:
645 3076 858 3116 sursum
892 3062 1084 3128 tendit,
1116 3072 1170 3118 et
1191 3064 1257 3119 de
1285 3078 1501 3119 sursum
1526 3072 1632 3128 est,
1664 3071 1721 3117 et
1748 3078 1853 3118 non
1882 3062 2076 3117 misce-

496 3161 584 3206 tur
609 3153 915 3209 mendacio.
944 3153 1216 3211 Praeterea
1262 3164 1316 3211 et
1362 3155 1428 3210 ad
1458 3153 1868 3209 illuminandum
1898 3153 2077 3223 liquor

492 3252 579 3300 est
604 3244 848 3300 idoneus.
879 3243 995 3301 Non
1033 3246 1177 3301 enim
1227 3254 1440 3300 tantum
1482 3260 1743 3302 accensus
1789 3244 2073 3311 illuminat,

492 3350 683 3393 verum
715 3337 877 3393 etiam
912 3339 1213 3395 tenebrosae
1244 3337 1419 3394 noctis
1450 3346 1692 3409 tempore
1717 3337 1991 3410 proiectus
2022 3338 2077 3393 in

491 3429 628 3482 mari
662 3443 829 3498 aquas
859 3428 1144 3484 illuminat.
1193 3428 1366 3483 liabet
1391 3428 1574 3483 oleum‘
1612 3427 1774 3483 etiam
1805 3430 1909 3485 hoc
1954 3445 2080 3500 pro-

491 3518 668 3588 prium
708 3535 723 3573 :
771 3519 1077 3587 illuminat,
1114 3521 1305 3587 nutrit,
1358 3520 1579 3575 vulnera
1611 3530 1785 3585 curat,
1839 3530 2079 3577 tumores

491 3611 768 3682 deprimit,
820 3610 1001 3668 febres
1040 3612 1372 3685 exstinguit,
1407 3612 1616 3667 calores
1666 3611 1896 3681 repellit.
1926 3611 2078 3683 Legi-

495 3718 617 3760 mus
644 3705 812 3760 etiam
853 3706 919 3760 ad
942 3704 1056 3760 Noe
1079 3705 1305 3759 rediisse
1341 3705 1645 3759 columbam
1679 3704 1744 3758 ad
1772 3718 2076 3773 vesperam,

494 3812 706 3852 ramum
729 3798 883 3852 olivae
902 3807 1147 3869 portasse
1171 3798 1224 3851 in
1248 3812 1363 3862 ore,
1390 3812 1456 3852 ex
1478 3813 1586 3868 quo
1607 3796 1860 3866 cognOVit
1892 3809 2079 3866 pacem

495 3885 765 3940 redditam
789 3901 911 3942 esse
941 3888 993 3941 in
1044 3887 1205 3942 terris
1237 3886 1460 3942 humani
1490 3886 1705 3957 generis
1732 3897 2078 3958 propagator.

496 3976 763 4032 lntellexit
795 3978 938 4033 enim
963 3979 1049 4033 vir
1079 3977 1284 4049 Spiritu
1324 3988 1513 4034 sancto
1541 3978 1733 4049 plenus
1769 3993 1799 4033 a
1824 3993 2080 4047 vespera-

496 4078 683 4124 scente
711 4069 910 4125 mundo
938 4084 1035 4141 per
1062 4084 1241 4136 avem,
1276 4083 1395 4141 qua:
1422 4078 1576 4127 caret
1616 4069 1768 4137 l'elle,
1796 4084 1895 4141 per
1919 4084 2081 4141 quam

498 4159 737 4230 Spiritus
762 4170 986 4216 sanctus
1003 4159 1339 4231 designatur,
1372 4176 1471 4231 per
1496 4161 1655 4217 oliva:
1679 4146 2087 4217 sacramentum

497 4267 669 4323 genus
700 4253 993 4308 humanum
1023 4254 1289 4324 sanguine
1314 4253 1517 4309 Christi
1560 4253 1670 4310 Deo
1718 4254 1865 4309 Patri
1895 4268 2083 4309 recon-

498 4345 827 4411 ciliandum;
868 4356 925 4402 ct
978 4346 1105 4401 licet
1137 4360 1243 4400 non
1292 4346 1613 4402 visibiliscd
1666 4346 1922 4402 invisibili
1971 4360 2083 4415 pra:

497 4421 844 4491 consortibus
893 4436 1008 4491 suis
1032 4436 1153 4493 oleo
1202 4446 1397 4493 unctus
1428 4437 1499 4492 sit
1526 4436 1795 4505 Christus,
1836 4438 2085 4492 Christus

504 4530 683 4575 tamen
737 4519 938 4575 Unctus
982 4520 1392 4591 interpretatur.
1435 4520 1482 4575 Α
1533 4520 1748 4577 Christo
1786 4520 2083 4577 Christiani
2116 4542 2163 4601 ι)

501 4627 788 4677 vocamur,
831 4610 1055 4681 populus
1090 4613 1470 4682 acquisitionis,
1494 4630 1617 4683 gens
1643 4624 1826 4667 sancta
1848 4613 1901 4684 (Ι
1934 4612 2082 4668 I‘ctr.

503 4717 563 4765 tt.
599 4702 677 4772 9),
702 4710 757 4759 et
786 4710 843 4756 ut
882 4702 938 4756 in
987 4702 1222 4773 Epistula
1253 4719 1349 4759 sua
1381 4704 1511 4759 dicit
1538 4705 1771 4775 Cephas,
1805 4704 1976 4775 regale
1999 4723 2083 4760 sa-

505 4791 793 4846 cerdotium
821 4789 1031 4863 (lbid.).
1066 4792 1380 4863 Antiquitus
1404 4794 1550 4849 cnim
1594 4811 1749 4865 rcges
1780 4802 1986 4849 tantum
2033 4803 2089 4849 ct

505 4883 817 4938 sacerdotes
846 4891 901 4938 et
931 4883 1210 4954 propheta:
1252 4884 1529 4940 chrismali
1575 4886 1916 4956 ungebantur
1944 4884 2083 4940 oleo.

498 4972 562 5031 In
600 4973 751 5030 Novo
798 4989 926 5030 vero
979 4975 1329 5031 Testamento
1380 4990 1569 5032 onmes
1610 4991 1707 5045 per
1755 4976 2085 5047 baptismum

504 5065 680 5120 renati
738 5064 859 5121 oleo
906 5066 1320 5121 sanctiﬁcantur
1376 5066 1665 5133 invisibili,
1716 5076 1772 5122 et
1811 5077 2087 5136 unguntur

502 5156 700 5212 visibili
736 5174 750 5211 :
792 5157 918 5213 licet
960 5158 1013 5211 in
1047 5156 1321 5227 primitiva
1354 5155 1618 5224 Ecclesia,
1648 5173 1768 5229 qua:
1802 5157 1856 5212 in
1907 5156 2090 5211 Judeae

501 5257 625 5319 post
676 5248 1011 5305 Dominicam
1076 5248 1463 5304 Ascensionctn
1518 5249 1838 5319 pullulavit,
1902 5249 2087 5303 datum

503 5341 671 5398 fuisse
696 5358 803 5397 non
834 5341 1080 5412 legimus.
1115 5340 1385 5397 Caeterum
1414 5338 1468 5395 in
1516 5341 1789 5411 primitiva
1820 5339 2087 5406 Ecclesia,

502 5450 622 5504 qua:
662 5436 714 5489 in
775 5433 962 5489 Judzea
1023 5434 1210 5505 coepit,
1256 5434 1543 5489 credentes
1588 5447 1695 5488 non
1750 5433 2090 5489 Christianos

508 5524 804 5589 nominari,
857 5522 949 5578 sed
1000 5521 1330 5589 Nazarenos,
1376 5523 1429 5577 in
1455 5522 1681 5577 Actibus
1722 5523 2088 5594 apostolorum

504 5617 639 5671 satis
682 5625 868 5686 aperte
920 5616 1029 5672 Vas
1072 5615 1356 5672 electionis
1406 5615 1472 5670 ad
1522 5613 1755 5670 Fe‘icem
1809 5614 2089 5683 praesidem

508 5706 771 5773 declarat,
792 5707 977 5761 dicens
1018 5724 1031 5759 :
1066 5706 1141 5761 De
1161 5715 1303 5760 secta
1336 5716 1513 5759 autem
1542 5703 1969 5768 Nazareuorum,
2001 5719 2091 5758 stt-

509 5813 602 5851 nru
630 5815 734 5865 qua
788 5812 1026 5866 accusor,
1059 5798 1131 5852 sic
1182 5796 1432 5871 Deohnteo
1481 5797 1731 5863 descrrio,
1776 5806 1828 5851 ut
1860 5795 2091 5865 paternis

2108 3190 2149 3248 C

2172 1955 2504 2011 consecrari.
2551 1954 2707 2010 Nunc
2738 1970 2869 2011 vero
2919 1971 2950 2011 a
2998 1955 3128 2012 solis
3156 1955 3429 2027 episcopis
3475 1957 3523 2010 in
3562 1956 3708 2011 eodem

2174 2045 2291 2102 loco
2348 2048 2527 2127 missae
2565 2048 2618 2102 in
2655 2047 2821 2104 Ctrna
2873 2048 3086 2103 Domini
3144 2058 3512 2103 consecratur.
3560 2046 3708 2103 Oleum

2175 2153 2302 2197 vero
2331 2136 2622 2195 chrismale
2648 2140 2905 2196 odoriferi
2931 2141 3158 2196 balsami
3217 2140 3416 2209 recipit
3446 2139 3711 2194 commarit-

2174 2231 2428 2286 stionem.
2462 2230 2655 2287 Oleum
2706 2232 2851 2287 enim
2896 2231 3285 2287 misericordia:
3321 2239 3376 2286 et
3423 2230 3639 2285 veritatis
3672 2240 3713 2283 et

2176 2321 2395 2377 luminis
2442 2322 2523 2378 sic
2551 2322 2773 2377 odorem
2819 2337 2977 2377 suum
3029 2322 3185 2390 longe
3217 2322 3432 2390 lateque
3478 2322 3619 2375 habet
3654 2321 3713 2374 di-

2174 2427 2453 2483 spergere,
2477 2423 2536 2467 ut
2558 2427 2624 2468 ex
2654 2412 2812 2467 bonis
2840 2412 3095 2483 operibus
3120 2428 3151 2467 a
3193 2412 3499 2467 videntibus
3538 2412 3714 2466 honori.

2178 2502 2372 2557 licetur
2416 2501 2579 2558 Pater
2623 2510 2841 2567 noster,
2878 2503 2971 2572 qui
3006 2503 3059 2556 in
3101 2501 3255 2558 caelis
3300 2510 3409 2567 est,
3451 2511 3498 2557 et
3528 2502 3604 2571 qui
3632 2517 3713 2555 non

2174 2600 2521 2649 consentiunt
2557 2594 2805 2657 veritati,
2836 2609 2943 2647 non
2989 2592 3227 2648 habeant
3282 2595 3427 2648 unde
3475 2593 3714 2649 detrahant

2178 2682 2445 2752 religioni.
2472 2682 2669 2738 Beatus
2694 2697 2821 2736 vero
2843 2681 3135 2737 Anacletus
3159 2682 3458 2738 Clementis
3485 2696 3718 2738 successor

2179 2776 2231 2831 in
2259 2774 2483 2845 epistola
2531 2789 2628 2829 sua
2666 2772 2933 2829 Decretali
2986 2774 3114 2829 dicit
3146 2791 3162 2829 :
3201 2774 3523 2843 Episcopum
3571 2775 3714 2828 minus

2170 2884 2339 2939 quam
2362 2883 2391 2921 a
2423 2867 2595 2923 tribus
2622 2882 2726 2921 non
2753 2868 3270 2937 posse—consecrari.
3295 2867 3364 2922 Et
3394 2868 3494 2923 hoc
3516 2866 3717 2937 exemplo

2178 2958 2364 3015 Jacobi
2416 2958 2893 3031 Hierosolymitani
2927 2960 3248 3029 comprobat
3298 2959 3549 3030 episcopi,
3585 2960 3659 3027 qui
3693 2973 3716 3011 s

2180 3050 2342 3109 Petro
2364 3061 2419 3106 et
2446 3050 2655 3107 Joanne
2697 3059 2752 3106 et
2798 3051 3001 3107 Jacobo
3022 3052 3307 3108 ordinatus
3334 3060 3440 3117 est,
3469 3061 3522 3106 et
3561 3052 3646 3105 hoc
3677 3052 3718 3104 in

2182 3141 2479 3197 Dominicis
2502 3139 2715 3195 diebus.
2745 3140 2885 3195 Dicit
2918 3140 3083 3195 etiam
3115 3148 3280 3210 caput
3305 3140 3539 3211 episcopi
3563 3140 3720 3195 debere

2183 3235 2481 3292 chrismate
2530 3232 2776 3303 perungi,
2810 3241 2871 3286 ut
2920 3232 3219 3304 principale
3270 3238 3535 3297 nostrum,
3561 3232 3720 3301 quiest

2182 3340 2355 3391 mens,
2383 3322 2587 3393 Spiritu
2633 3331 2822 3377 sancto
2860 3322 3097 3377 delibuta
3127 3320 3425 3376 secundum
3454 3320 3545 3375 Dei
3575 3320 3723 3391 imagi-

2181 3431 2304 3471 ncm
2328 3415 2475 3469 vivat
2529 3422 2583 3469 et
2626 3412 2803 3483 sapiat
2855 3421 2910 3468 et
2951 3411 3346 3478 conformetur,
3388 3420 3446 3466 et
3471 3419 3529 3467 ut
3569 3425 3722 3465 manus

2181 3504 2449 3574 ejusdem,
2487 3518 2585 3575 per
2631 3517 2769 3573 quas
2815 3517 2981 3572 opera
3035 3503 3420 3572 designantur,
3474 3501 3721 3556 chrismate

2182 3603 2572 3666 perungantur,
2602 3602 2661 3647 ut
2701 3592 2873 3663 possit
2902 3593 3090 3647 audire
3117 3608 3149 3646 a
3169 3599 3527 3647 consecrante
3552 3608 3565 3645 :
3597 3589 3720 3655 Que-

2181 3703 2381 3758 cunque
2406 3685 2751 3750 bencdixeris,
2776 3684 2877 3737 sint
2906 3684 3190 3748 benedicta,
3221 3691 3270 3737 et
3294 3697 3605 3753 quacunque
3624 3696 3723 3734 con-

2180 3778 2485 3844 secraveris,
2520 3778 2623 3830 sint
2652 3769 2977 3830 consecrata.
3036 3773 3164 3829 Htcc
3218 3784 3348 3830 sunt
3398 3790 3607 3836 manus,
3632 3785 3724 3841 qua

2181 3869 2422 3925 chrisma
2445 3867 2763 3932 coniiciunt,
2795 3864 2947 3935 cujus
2982 3866 3238 3922 unctione
3274 3866 3342 3920 ad
3375 3866 3722 3921 invocationem

2182 3959 2417 4031 episcopi
2465 3958 2797 4027 scptil‘ormis
2830 3955 3007 4027 gratia
3046 3970 3210 4026 super
3247 3957 3550 4027 baptizatos
3591 3952 3725 4009 sancti

2180 4051 2419 4122 Spiritus
2439 4049 2754 4104 ell‘unditnr.
2797 4047 2863 4101 Et
2891 4062 3011 4117 quae
3039 4048 3232 4102 eodem
3257 4046 3551 4101 chrismate
3575 4057 3727 4098 manus

2181 4148 2487 4212 pertingant
2540 4138 2870 4204 sacerdotis,
2914 4137 3102 4209 eisque
3155 4146 3482 4208 potestatem
3530 4137 3723 4190 tribuant

2181 4231 2461 4302 baptizare
2484 4240 2538 4285 et
2566 4230 2881 4302 praedicare,
2909 4238 2965 4285 et
2984 4230 3179 4285 missas
3203 4237 3314 4284 tam
3335 4245 3435 4300 pro
3458 4230 3585 4284 vivis
3600 4242 3724 4298 quam

2182 4339 2283 4394 pro
2307 4323 2575 4381 defunctis
2604 4325 2918 4381 decantare.
2964 4323 3421 4381 Consecrationes
3446 4339 3571 4379 vero
3591 4322 3725 4379 eccle-

2184 4414 2385 4469 siarum
2417 4424 2471 4470 et
2498 4414 2750 4468 altarium
2773 4430 2803 4468 a
2831 4414 2992 4470 beato
3021 4413 3284 4469 Silvestro
3312 4414 3365 4468 in
3393 4410 3727 4469 ecclesiasticis

2188 4506 2433 4563 historiis
2485 4506 2779 4576 sumpsisse
2827 4505 3056 4577 legimus
3108 4503 3416 4560 exordium.
3451 4503 3577 4558 Nam
3602 4510 3727 4556 antea

2189 4601 2317 4656 licet
2349 4600 2587 4656 oratoria
2616 4608 2817 4662 essent,
2852 4599 2905 4654 in
2957 4598 3153 4669 quibus
3179 4597 3271 4653 Dei
3322 4600 3550 4668 pupulas
3571 4608 3727 4651 conre-

2189 4691 2398 4756 ttichat,
2425 4707 2528 4745 non
2566 4699 2745 4745 tamen
2802 4688 2993 4743 altaria
3024 4687 3108 4743 vel
3138 4687 3415 4750 ecclesias,
3441 4695 3727 4758 paganorum

2189 4784 2446 4838 saeviente
2493 4782 2728 4852 procella
2753 4768 3025 4834 audebant
3075 4777 3289 4847 publice
3332 4777 3537 4831 habere
3581 4786 3729 4829 cense

2190 4882 2394 4940 cratas,
2425 4872 2521 4931 sed
2552 4875 2606 4930 in
2641 4872 2851 4944 cryptis
2887 4881 2942 4925 et
2968 4869 3298 4925 cmmeleriis
3346 4877 3404 4923 et
3435 4868 3488 4922 in
3528 4864 3730 4921 domibus

2189 4968 2401 5026 occulte
2425 4968 2621 5024 missas
2648 4964 3013 5022 celebrabant.
3036 4962 3331 5032 Postquam
3357 4976 3488 5016 vero
3512 4960 3731 5013 Constan-

2192 5063 2337 5118 tinus
2362 5060 2685 5117 Christiana:
2716 5074 2776 5114 se
2801 5054 3030 5125 subjecit
3059 5054 3333 5125 religioni,
3363 5053 3418 5108 in
3458 5050 3730 5123 palatiosuo

2190 5151 2541 5211 Lateranensi
2567 5149 2855 5206 ecclesiam
2889 5149 2943 5202 in
2973 5147 3182 5203 honore
3211 5145 3511 5201 Salvatoris
3540 5141 3731 5199 aediﬁca-

2190 5245 2290 5310 vit,
2317 5253 2372 5299 et
2400 5254 2462 5298 ut
2503 5243 2681 5311 imago
2710 5239 3010 5295 Salvatoris
3041 5237 3253 5308 publice
3294 5236 3655 5306 depingeretur
3690 5231 3731 5285 in

2191 5335 2513 5406 parietibus,
2544 5342 2599 5387 et
2635 5333 2810 5401 imago
2838 5329 2988 5385 lovis
3010 5343 3075 5383 ex
3115 5328 3227 5382 alto
3259 5327 3599 5397 dejiceretur,
3623 5331 3668 5378 et
3687 5327 3732 5372 ut

2194 5424 2392 5494 templa
2435 5420 2853 5485 clauderentur,
2899 5427 2956 5472 et
2997 5416 3240 5473 ecclesia:
3283 5414 3496 5487 publice
3537 5410 3734 5467 aediﬁca-

2193 5525 2401 5579 rentur,
2431 5511 2684 5568 instituit.
2709 5509 2776 5565 Et
2797 5523 2864 5563 ex
2894 5507 2982 5562 iHo
3008 5517 3249 5576 tempere
3276 5510 3549 5584 creperum
3569 5509 3736 5556 mensa

2194 5608 2444 5666 altarium
2470 5604 2695 5675 lapideae
2719 5602 3015 5657 chrismate
3043 5592 3734 5685 perungiin'sﬁnilitudincnt

2196 5700 2389 5769 lapidis
2435 5696 2609 5760 illius,
2664 5709 2824 5763 quem
2876 5690 3054 5748 erexit
3089 5688 3255 5746 Jacob
3282 5689 3337 5744 in
3384 5677 3607 5747 titulum,
3652 5677 3733 5747 qui

2197 5793 2478 5851 Christum
2507 5788 2847 5860 designabat,
2878 5786 2966 5856 qui
3001 5794 3072 5841 est
3104 5782 3237 5856 lapis
3264 5780 3529 5852 an'gnlaris
3550 5772 3731 5847 (Ephcs.

3396 6117 3446 6172 ᾳ.
