3852 6308
100 315 186 371 865
1039 306 1384 365 HISTORle
1422 304 1831 362 l’ONTlFiCIzE
1860 304 2340 361 FRAGMENTUM

3213 314 3320 369 866

98 448 147 487 ιι.
166 427 271 499 20),
292 442 378 495 qui
408 425 532 494 [erit
562 433 779 493 utraque
803 439 966 478 unum
994 423 1187 492 ,Ibid"
1213 424 1323 492 H).
1349 423 1487 480 Sunt
1512 439 1647 493 prac-
1677 427 1720 482 Λ
1752 432 1840 476 tttr
1862 430 2179 491 peccatores
2226 421 2385 475 matri
2432 420 2708 485 Ecclesiae.
2739 431 2794 478 et
2820 438 2925 493 qua
2971 424 3235 497 episcopis
3267 438 3323 483 ct

97 532 220 576 terea
246 525 297 574 et
322 516 423 571 alia
449 526 812 580 sacramenta,
834 516 1030 585 quibus
1051 530 1196 570 nunc
1218 516 1388 570 utitur
1408 515 1645 571 Ecclesia

97 608 346 664 Dominica
381 604 652 675 exemplo,
684 604 933 673 quamvis
966 620 1071 658 non
1127 605 1322 659 tradito
1350 612 1641 675 przecepto,

97 711 145 755 ιιι
172 696 565 754 cstessulilatio
591 698 644 754 in
676 696 1016 762 exorcismis.
1041 695 1280 753 elietatio
1306 696 1359 750 in
1390 694 1649 751 catechu-

96 787 263 851 menis,
293 795 347 843 et
381 801 577 841 manus
623 786 918 857 impositio,
967 800 1071 855 qua
1116 784 1407 856 baptizatis
1461 784 1642 839 consi-

97 876 281 949 gnando
324 885 551 933 sanctus
590 877 751 933 datur
781 875 1038 947 Spiritus,
1069 886 1125 933 et
1152 891 1257 947 qua
1284 875 1645 931 reconcilian-

1752 512 2129 567 sacerdotibus
2156 521 2212 565 et
2237 511 2413 565 levitis
2445 512 2616 566 virtus
2650 514 2874 568 traditur
2909 517 3212 571 ministerii.

1824 603 2057 672 Explicit
2103 602 2314 657 libellus
2345 602 2410 657 de
2450 604 2804 659 sacramentis
2832 621 2862 660 a
2909 605 3180 663 Bonizone
3222 606 3327 664 Su-

1754 692 1896 748 trino
1949 694 2205 763 episcopo
2273 692 2486 756 editus,
2531 692 2599 746 ad
2647 692 2978 749 Gualtcriutu
3032 697 3325 755 Leonensis

1756 784 1988 841 cmuobii
2029 785 2351 840 monathunt
2379 794 2436 840 et
2462 784 2696 856 priorem
2727 786 2944 843 missus.

2906 1017 3272 1035 Ἦ

364 1160 492 1247 ΙΝ
571 1155 1398 1246 FBAGMENTUM
1472 1155 2240 1263 SUBSEQUENS
2308 1154 3044 1250 ADMONITIO.

1336 1349 1489 1421 (Mar,
1522 1348 1709 1417 Spicil.
1747 1347 1899 1407 Rom.
1931 1347 2020 1414 Vl,
2048 1348 2197 1405 275.)

153 1480 317 1536 Exstat
346 1483 400 1535 in
424 1480 660 1554 misgello
694 1480 950 1554 Vaticano
981 1481 1158 1535 codice
1199 1479 1963 1554 epitomequmduntulristorica
2004 1480 2360 1535 Romanorum
2396 1482 2720 1554 pontiﬁcum,
2743 1501 2899 1554 quam
2926 1484 3121 1539 Bonizo
3153 1487 3329 1541 Sutri-

97 1570 175 1604 nus
202 1555 460 1621 episcopus
514 1550 849 1622 Collectiouis
886 1568 995 1622 sua:
1037 1553 1301 1622 canonica;
1348 1551 1555 1622 adhuc_
1579 1550 1794 1622 inedita;
1824 1551 1956 1604 libro
2009 1562 2198 1622 quarto
2232 1550 2547 1621 pra'posttit.
2592 1552 2672 1606 Ea
2711 1550 2838 1608 sane
2888 1557 3190 1611 brevissima
3228 1570 3326 1621 est,

98 1618 338 1695 etquident
363 1618 539 1695 usque
562 1623 636 1695 ad
684 1621 934 1695 Siricium
972 1620 1194 1675 lacinias
1230 1620 1383 1695 etiarn
1419 1636 1484 1674 ea:
1531 1618 2086 1695 Pseudo-lsidorianis
2125 1618 2361 1695 sumptas
2409 1622 2607 1695 passim
2643 1625 2926 1679 interserit.
2969 1625 3111 1680 Salis
3144 1618 3325 1695 igitur,

100 1688 200 1744 auiti
235 1692 295 1769 sit
334 1688 584 1769 epitonies
617 1692 776 1769 liuius
802 1704 1003 1758 partem
1029 1691 1389 1769 tantummodo
1416 1698 1530 1759 post
1562 1688 1916 1769 S_iricium‘hic
1943 1692 2199 1769 proferre.
2229 1690 2368 1756 Quin
2390 1688 2522 1744 adeo
2551 1708 2669 1745 cum
2698 1705 2900 1748 ventum
2925 1696 3019 1749 erit
3045 1696 3115 1749 ad
3135 1688 3330 1749 A'tlriaé

101 1777 199 1812 nutu
222 1759 462 1828 primum,
502 1759 788 1814 Bouizouis
831 1770 1027 1814 textum
1074 1762 1217 1814 haud
1245 1759 1360 1828 jam
1392 1776 1419 1812 e
1447 1760 1698 1828 praedicto
1735 1761 1910 1814 codice
1940 1761 2184 1814 hauriam
2205 1802 2221 1824 ,
2277 1762 2368 1812 sed
2400 1760 2462 1813 ab
2495 1761 2704 1817 ineditis
2734 1764 2908 1817 Albini
2930 1766 3182 1819 scltolaris
3206 1765 3329 1820 Col-

100 1827 449 1903 lectaaeis,‘qui
482 1832 538 1883 in
579 1841 843 1903 postrema
880 1829 1048 1898 aperis
1098 1827 1254 1903 parte
1276 1829 1524 1903 raseriliit
1560 1844 1626 1903 ea:
1661 1827 1949 1883 Bonizonis
1994 1830 2131 1903 libro
2161 1831 2431 1903 incognito
2458 1829 2535 1883 DE
2563 1829 2706 1903 ym
2739 1832 3070 1889 CHRISTIANA
3102 1835 3329 1903 reliquo—

101 1914 191 1975 rion
217 1896 515 1975 pontiﬁcum
552 1896 796 1953 notitiam
826 1896 988 1955 usatte
1028 1896 1107 1954 ad
1133 1898 1407 1954 Urbanum
1444 1896 1500 1951 11
1510 1938 1525 1963 ,
1555 1899 1610 1951 in
1635 1914 1738 1967 quo
1769 1915 1949 1969 reapse
1994 1900 2197 1955 Bonizo
2224 1896 2523 1971 desinebat.
2553 1898 2726 1958 Porro
2756 1920 2820 1959 ex
2853 1906 3107 1975 prwdirto
3141 1896 3327 1960 Albino

99 1968 186 2020 alia
217 1967 334 2022 alibi
360 1969 602 2023 editurus
626 1984 764 2024 sunt.

1488 2083 1870 2101 ψ

785 2228 1286 2333 HISTOBUE
1346 2232 1925 2334 PONTlFICI/E
1982 2237 2661 2339 FRAGMENTUM

1249 2445 1365 2506 EX
1397 2439 1919 2555 gomzonaps

1593 2595 1837 2612 *θ

1925 2443 2246 2591 margo.
2408 2510 2413 2521 ι
2514 2476 2533 2501 ς
2650 2524 2651 2527 γ

2154 2538 2219 2591 Cu
2236 2535 2402 2591 ακμῒὶ
2418 2560 2571 2591 una.

2236 2516 2599 2649 Ι
2648 2516 2805 2649 τ.

160 2737 374 2793 Dicerem
402 2738 622 2808 quidem
663 2740 731 2795 de
772 2741 1081 2807 Anastasio,
1130 2740 1279 2797 etde
1324 2740 1645 2797 Innocentio
1678 2724 1722 2780 Β
1751 2750 1812 2797 ut
1866 2739 2199 2797 schismatici
2250 2740 2490 2811 episcopi
2542 2754 2640 2811 per
2693 2754 2981 2797 saccumres
3033 2746 3334 2811 potestates

106 2827 175 2895 qui
200 2828 419 2885 Sabbato
446 2831 708 2901 praecepit
734 2831 1089 2902 jejunanduut
1109 2872 1123 2899 ,
1177 2842 1231 2887 et
1260 2847 1451 2901 pacem
1500 2832 1644 2888 intra

107 2918 348 2976 missarum
404 2923 671 2980 solemnia
725 2926 863 2981 dari.
913 2925 980 2979 Et
1026 2924 1095 2979 dc
1158 2924 1376 2979 Zosimo
1424 2925 1646 2981 natione

106 3008 278 3077 Graeco,
316 3015 403 3083 qui
448 3031 673 3070 cereum
710 3016 763 3070 in
793 3017 1032 3072 Sabbato
1061 3028 1253 3071 sancto
1284 3018 1539 3089 prmcepit
1591 3018 1645 3073 in

110 3102 319 3159 omnibus
347 3105 517 3160 titulis
550 3106 816 3161 benedici.
849 3107 917 3161 Et
951 3107 1019 3162 de
1052 3106 1360 3173 Bonifacio,
1404 3108 1496 3178 qui
1533 3123 1649 3163 mo-

109 3192 342 3250 nachabus
375 3205 431 3251 et
466 3196 798 3252 diaconissis
846 3197 1127 3253 interdixit
1175 3214 1245 3254 ne
1291 3209 1484 3255 sancta
1514 3215 1645 3255 vasa

108 3283 172 3337 Vel
212 3286 365 3354 pallas
410 3289 605 3343 altaris
658 3297 960 3358 tangerent.
1000 3289 1069 3343 Et
1116 3290 1183 3345 de
1214 3289 1507 3346 C(elestino
1555 3291 1647 3360 qui

109 3377 343 3433 constituit
376 3386 433 3433 ut
458 3377 656 3448 psalmi
699 3377 870 3433 David
905 3394 955 3435 cr
987 3394 1216 3434 numero
1250 3381 1647 3450 antiphonatim

109 3471 413 3520 cantarentur
449 3475 584 3520 ante
606 3479 890 3532 canonem,
931 3482 1058 3521 nam
1101 3477 1261 3522 antea
1311 3469 1647 3538 evangelium

112 3556 282 3607 tantum
326 3562 379 3608 ct
419 3554 666 3625 epistola:
717 3554 1050 3625 legebantur.
1104 3555 1172 3609 Et
1215 3557 1284 3611 de
1336 3554 1507 3626 Xysto
1558 3558 1650 3627 qui

110 3641 354 3700 ecclesiam
389 3660 512 3716 qua:
542 3646 739 3701 dicitur
762 3647 831 3702 ad
859 3645 1127 3718 Praesepe,
1160 3657 1214 3702 et
1241 3648 1403 3703 hodie
1424 3658 1652 3705 vocatur

111 3734 247 3805 Major
272 3741 528 3809 Ecclesia,
557 3741 610 3795 in
637 3750 820 3797 monte
843 3740 993 3799 Livio
1020 3741 1132 3813 (60)
1156 3742 1461 3798 aediﬁcavit.
1492 3742 1559 3797 Et
1585 3744 1652 3798 de

112 3844 271 3901 magno
304 3832 499 3901 Leone,
534 3842 593 3890 et
635 3834 703 3889 de
750 3833 936 3889 Hilam
983 3834 1208 3889 natione
1248 3833 1441 3899 Sardo,
1500 3844 1555 3890 et
1587 3835 1653 3890 de

115 3916 352 3989 Simplicio
384 3924 699 3989 Tiburtino,
731 3933 789 3979 et
832 3924 897 3978 de
938 3923 1119 3980 Felice
1158 3925 1432 3995 episcopo.
1477 3925 1544 3979 Et
1586 3924 1653 3980 de

100 4007 289 4069 'Gelasio
333 4016 663 4072 scholastico
711 4015 937 4071 doctore
968 4014 1232 4081 miriﬁco,
1266 4016 1355 4086 qui
1412 4014 1656 4071 Gelasia-

112 4114 215 4157 num
241 4105 469 4164 codicem
501 4108 811 4178 composuit
838 4148 854 4174 ,
898 4116 952 4164 et
1003 4109 1237 4180 hymnos
1284 4073 1343 4163 et
1393 4116 1655 4163 tractatus
1682 4073 1723 4130 Ε

114 4190 231 4258 iecit,
257 4207 311 4252 ut
336 4200 528 4256 beatus
576 4199 920 4265 Ambrosius,
955 4207 1011 4255 et
1036 4197 1336 4254 declaravit
1374 4207 1504 4267 quot
1533 4197 1655 4253 libri

117 4285 250 4356 recipi
281 4291 507 4348 debeant
536 4293 591 4347 in
633 4291 897 4356 Ecclesia,
930 4291 1093 4361 quive
1129 4290 1423 4356 contemni,
1458 4298 1513 4344 et
1548 4303 1655 4358 quo

116 4380 318 4446 tempore
366 4383 744 4438 ordinationes
805 4384 1148 4437 sacerdotum
1222 4391 1658 4448 ceterorumque

117 4460 326 4520 ordinum
353 4467 465 4523 ﬁeri
491 4468 749 4523 debeant.
782 4467 848 4522 Et
874 4468 939 4523 de
964 4467 1256 4523 Anastasio
1295 4465 1411 4534 ejus
1442 4480 1659 4520 succesv

118 4563 234 4619 mre,
263 4565 313 4612 et
351 4560 416 4614 de
446 4560 779 4631 Symmacho
816 4559 991 4616 Sardo
1018 4560 1112 4631 qui
1153 4558 1438 4614 constituit
1473 4557 1656 4613 omni-

118 4638 197 4697 bus
235 4646 519 4709 Dominicis
575 4653 767 4709 diebus
838 4661 894 4708 et
966 4652 1230 4708 natalitiis
1292 4649 1655 4721 apostolorum

118 4732 336 4800 llillatum
397 4744 703 4816 angelicum
766 4744 1070 4801 decantari.
1130 4743 1197 4798 Et
1256 4743 1323 4797 de
1374 4740 1658 4797 Horntisda

121 4836 293 4896 magna;
318 4833 437 4889 vitae
488 4844 547 4891 et
581 4835 800 4903 meriti,
847 4845 902 4891 et
929 4836 996 4890 de
1034 4833 1264 4901 Joanne,
1302 4833 1418 4903 ejus
1444 4847 1660 4889 succes-

122 4926 238 4985 sore,
263 4932 315 4978 et
342 4929 407 4982 de
434 4927 638 4994 Felice,
666 4936 722 4984 et
748 4930 815 4985 de
842 4927 1129 4984 Bonifacio
1171 4927 1262 4997 qui
1296 4925 1657 4981 constitutum

123 5003 227 5064 fecit
260 5024 313 5068 ut
348 5031 453 5074 non
494 5020 652 5075 ﬁeret
706 5019 903 5076 electio
931 5019 1163 5075 Romani
1205 5017 1508 5089 pontificis,
1553 5017 1657 5073 nisi

122 5106 220 5193 post
243 5105 446 5163 tertium
476 5109 832 5179 depositionis
858 5108 974 5177 ejus
1004 5108 1166 5164 diem.
1219 5108 1286 5163 Et
1327 5110 1395 5162 de
1426 5106 1659 5173 Joanne,

126 5196 217 5251 “ius
245 5206 546 5254 successore
572 5240 590 5265 ,
638 5208 693 5256 et
721 5199 789 5254 de
816 5199 1075 5269 Agapito,
1124 5207 1181 5255 et
1210 5199 1277 5254 dc
1306 5197 1540 5254 Silverio
1566 5198 1660 5268 qui

124 5279 297 5343 Primus
325 5300 441 5357 post
466 5291 610 5347 beati
653 5290 899 5347 Silvestri
932 5300 1197 5362 tempora,
1229 5291 1349 5346 sine
1395 5289 1661 5359 imperiali

131 5377 318 5429 aSticttsu
339 5418 354 5443 ,
392 5379 690 5437 Gothorum
731 5396 897 5435 manu
926 5389 1012 5436 est
1040 5381 1325 5435 ordinatus
1355 5381 1662 5450 episcopus.

129 5454 185 5512 ει
213 5463 269 5520 de
299 5467 504 5541 Vigilio,
541 5481 597 5530 et
635 5473 703 5529 de
731 5472 948 5543 Pelagio
988 5487 1241 5544 episcopo
1280 5473 1372 5543 qui
1408 5470 1663 5542 przccepit

1751 2832 2270 2903 contprimerentur.
2312 2834 2379 2888 Et
2427 2835 2495 2889 de
2544 2833 2789 2889 Johanne
2835 2833 2951 2904 ejus
2998 2847 3331 2900 successore,

1749 2934 1807 2979 et
1852 2925 1919 2979 de
1950 2924 2279 2993 Benedicto,
2322 2933 2373 2980 et
2418 2925 2485 2981 de
2524 2924 2743 2995 Pelagio
2774 2927 3172 2994 prmdecessorc
3200 2924 3337 2979 Grc-

1747 3015 1885 3087 gorii
1918 3016 2010 3086 qui
2048 3031 2241 3071 novem
2270 3015 2621 3087 prmfationes
2662 3016 2891 3071 tradidit
2918 3014 3176 3069 Ecclesire
3208 3022 3335 3070 ante

1749 3122 2013 3164 canonem
2046 3108 2446 3175 decantandas;
2469 3107 2513 3162 si
2543 3107 2645 3163 mei
2672 3115 2816 3162 esset
2842 3104 3138 3177 praepositi,
3170 3105 3340 3159 seria-

1750 3200 1845 3256 tittt
1877 3200 2151 3256 Romanos
2179 3200 2461 3270 pontiﬁces
2487 3200 2789 3255 insinuare.

1822 3290 1898 3345 De
1935 3291 2095 3345 beato
2132 3290 2395 3360 Gregorio
2426 3287 2692 3344 silendum
2728 3301 2835 3341 non
2871 3286 3127 3349 arbitror,
3170 3300 3197 3338 a
3227 3299 3336 3355 quo

1748 3379 1888 3437 liber
1918 3380 2399 3435 Sacramentorum
2442 3380 2620 3434 editus
2646 3386 2762 3442 est,
2807 3386 2862 3431 et
2908 3376 3336 3445 Antiphonarius

1754 3480 1862 3527 tam
1888 3472 2117 3527 diurnus
2161 3486 2323 3540 quam
2373 3479 2697 3532 nocturnus,
2730 3477 2787 3522 et
2816 3475 3087 3521 tractatus
3116 3466 3169 3518 in
3203 3464 3337 3517 Eze-

1752 3563 2004 3627 chielem,
2040 3572 2093 3615 et
2123 3559 2367 3614 Homilize
2392 3576 2443 3614 st
2477 3560 2530 3615 in
2571 3558 2884 3628 Evangelia,
2916 3568 2972 3611 et
3001 3558 3053 3611 in
3101 3554 3202 3610 Job
3225 3568 3335 3607 mo-

1750 3654 1941 3710 raliter
1969 3662 2025 3709 et
2051 3652 2342 3723 allegorice
2370 3660 2425 3706 et
2468 3649 2533 3704 ad
2580 3650 2867 3723 historiam
2906 3645 3226 3716 compendio
3256 3642 3339 3699 di—

1752 3756 1991 3819 gestans,
2038 3754 2095 3799 et
2125 3743 2467 3813 Dialogorum
2519 3741 2679 3805 liber,
2734 3749 2789 3795 et
2835 3738 3127 3810 pastoralis
3170 3736 3335 3798 Cura,

1752 3836 1986 3893 Joltanni
2018 3834 2323 3891 Ravennati
2353 3833 2581 3899 directa,
2612 3841 2666 3888 et
2694 3831 3001 3901 Registrum
3044 3829 3110 3883 ad
3142 3842 3337 3898 regen-

1754 3929 1879 3983 dam
1915 3928 2215 3983 Ecclesiam
2243 3925 2376 3981 satis
2414 3924 2569 3979 utile.
2613 3923 2713 3979 llic
2768 3921 3049 3977 constituit
3081 3928 3141 3974 ut
3180 3918 3338 3973 Anti-

1756 4020 1935 4089 pltona
1960 4025 2274 4073 cantaretur
2293 4032 2414 4087 quae
2444 4024 2671 4072 vocatur
2710 4014 2965 4068 introitus
2998 4011 3065 4065 ad
3098 4008 3341 4064 mulcen-

1758 4111 1884 4167 dum
1939 4109 2273 4165 audientium
2327 4109 2558 4174 animos,
2607 4107 2803 4161 deinde
2849 4103 3014 4174 Kyrie
3066 4103 3259 4156 eicison
3309 4114 3341 4155 a

1758 4206 1904 4259 clero
1941 4203 2127 4257 novies
2157 4202 2455 4265 decantari,
2485 4209 2540 4255 et
2569 4210 2691 4269 post
2721 4199 2959 4269 amplum
2988 4195 3260 4253 Graduale
3287 4204 3344 4250 et

1758 4294 2017 4360 Alleluia,
2063 4301 2293 4362 excepto
2328 4293 2380 4346 in
2428 4291 2773 4363 septuaginta
2819 4289 3011 4343 diebus
3050 4287 3101 4340 in
3146 4285 3347 4356 quibus

1761 4392 1965 4439 tractus
2025 4382 2263 4439 instituit
2326 4380 2741 4445 decantandos;
2818 4385 2939 4450 post
3001 4372 3340 4444 evangelium

1757 4484 1888 4524 vero
1914 4508 1931 4535 ,
1977 4469 2107 4523 dum
2138 4464 2443 4522 oblationes
2476 4462 2807 4529 oﬂ‘eruntur,
2857 4458 3205 4518 Oﬂ‘ertorium
3253 4456 3346 4512 de-

1759 4559 2008 4626 cantari,
2066 4567 2280 4629 etpost
2337 4559 2629 4613 factionem
2679 4555 3029 4611 eucharistite
3060 4561 3348 4625 postquam

1761 4651 2290 4709 eommunicaverint
2320 4649 2783 4707 communionem.
2812 4647 2911 4703 llic
2954 4648 3099 4702 idem
3125 4643 3334 4701 addidit

1761 4743 1815 4799 in
1842 4742 2067 4798 Canone
2105 4740 2332 4809 Diesque
2367 4750 2573 4793 nostros
2616 4737 2672 4790 in
2703 4746 2795 4791 tua
2820 4751 2945 4806 pace
2984 4736 3251 4805 disponas.
3284 4732 3350 4795 Et

1762 4844 1824 4891 ut
1862 4834 2040 4892 oratio
2067 4832 2344 4888 Dominica
2382 4846 2412 4885 a
2442 4829 2728 4886 sacerdote
2764 4842 2929 4898 super
2965 4827 3353 4882 eucharistiam

1761 4927 1870 4982 alta
1908 4941 2040 4981 voce
2067 4925 2471 4981 decantaretur.
2501 4920 2600 4977 Hic
2632 4921 2772 4977 idem
2806 4919 3037 4974 instituit
3063 4926 3176 4972 uta
3227 4928 3351 4983 sep-

1765 5020 2066 5089 tuagesima
2120 5030 2292 5085 usque
2334 5015 2387 5070 in
2432 5013 2640 5071 Pascha
2679 5029 2787 5069 non
2810 5020 3061 5070 cantetur
3096 5005 3351 5069 Alleluia,

1766 5122 1821 5167 et
1846 5120 1907 5165 ut
1951 5111 2007 5165 in
2031 5108 2335 5164 matutinali
2375 5105 2567 5180 synaxi
2600 5104 2789 5158 festiva
2828 5110 2954 5158 octo
2984 5106 3189 5154 tantum
3221 5109 3352 5148 can-

1768 5208 2015 5255 tarentur
2064 5198 2431 5269 responsoria,
2470 5206 2526 5251 et
2556 5201 2875 5264 sequeretur
2900 5185 3350 5247 Ambrosianum,

1766 5301 1823 5348 et
1851 5294 1904 5348 in
1936 5291 2252 5362 quotidiana
2279 5290 2385 5345 duo
2413 5296 2647 5343 tantum.
2684 5285 2751 5339 Et
2792 5299 2821 5337 a
2864 5279 3180 5351 presbytero
3205 5275 3356 5331 dicc-

1769 5391 1921 5437 retur
1945 5382 2109 5447 Deus,
2140 5382 2195 5435 in
2217 5380 2545 5449 adiutorium
2563 5392 2759 5439 nteant,
2787 5373 2877 5443 qui
2911 5382 2993 5426 est
3025 5366 3353 5424 centesimus

1770 5480 2000 5528 octavus
2038 5471 2279 5529 decimus
2304 5468 2568 5542 psalmus.
2610 5464 2785 5532 Quam
2813 5475 2946 5518 vero
2980 5458 3054 5515 sit
3085 5457 3356 5514 honestis-

192 5663 288 5744 (60)
314 5674 521 5741 Scilicet
566 5686 709 5759 apud
749 5683 913 5743 Liviae
955 5683 1239 5743 macellum
1286 5683 1342 5739 in
1381 5680 1702 5752 Esquilino,
1727 5688 1786 5738 ut
1815 5685 2045 5738 constat.
