3848 6292
537 334 642 389 867

1572 322 1933 381 BONiZONlS
1977 316 2381 375 PLACENTINI
2416 314 2740 373 EI‘ISCOPI.
3652 324 3725 377 δα
3814 320 3815 323 ‘

536 452 709 501 simus
743 453 798 498 et
827 435 1024 495 nosne
1066 437 1225 493 saluti
1254 439 1305 493 in
1331 437 1578 494 oratione
1607 438 1889 502 utillimus,
1920 448 2113 503 quem-
2141 433 2188 489 Α
2216 432 2362 497 tatis,
2392 432 2481 501 qui
2506 429 2759 501 prcecepit
2792 435 2851 483 ut
2880 425 2972 481 ﬁlii
2996 432 3336 496 compatrum
3364 433 3416 481 et
3438 441 3724 492 commath

536 537 661 591 dam
714 533 1037 586 monachum
1081 537 1301 583 sanctus
1357 528 1574 582 edocuit
1628 527 1871 598 angelus,
1917 524 2006 594 qui
2058 537 2117 577 se

536 626 749 679 dicebat
797 621 1070 691 quondam
1116 618 1410 689 ,Samsouis
1453 619 1597 673 illius
1631 602 1905 672 fortissimi
1953 615 2119 669 fuisse

492 740 499 743 λ
534 716 835 780 custodem,
887 721 943 766 et
983 722 1109 765 tunc
1141 709 1378 778 ejusdem
1411 709 1657 764 monachi
1704 710 1769 762 ad
1814 705 2115 761 custodiam

533 809 881 877 deputatum.
936 805 1042 871 Qui
1115 803 1257 857 inter
1319 802 1421 855 alia
1477 801 1643 855 multa
1700 799 2116 869 praedicamenta

531 900 745 962 salutis,
792 899 897 952 hoc
946 898 1111 950 etiam
1142 895 1208 949 de
1248 894 1511 948 industria
1549 892 1857 955 admonuit,
1890 900 1948 943 ut
1975 888 2119 959 psal-

523 986 681 1049 iuum
721 994 867 1047 hunc
911 989 1220 1059 specialiter
1253 987 1686 1041 commendatum
1739 983 1964 1052 impigre
2012 982 2119 1036 frc-

533 1097 798 1156 queutare
823 1099 920 1137 nos
943 1082 1253 1145 conveniat,
1275 1094 1435 1149 quem
1463 1077 1802 1132 cantabimus
1834 1076 1928 1131 ita.
1958 1073 2114 1137 Deus,

532 1179 585 1230 in
612 1175 933 1246 aajulorium
957 1188 1123 1224 meum
1146 1171 1369 1224 intende.
1399 1168 1495 1223 llic
1523 1169 1663 1223 idem
1695 1166 1988 1236 Gregorius
2024 1163 2114 1217 Li-

536 1267 737 1321 taniam
795 1263 1033 1318 instituit
1091 1261 1394 1331 lllajorem,
1447 1269 1503 1314 et
1556 1258 1835 1327 Anglic-am
1900 1262 2115 1324 gentem

530 1357 732 1415 Christi
784 1356 1037 1410 Ecclesia:
1092 1354 1351 1419 sociavit,
1405 1362 1458 1406 et
1523 1338 1834 1421 angelorum
1886 1349 2117 1402 insertus

533 1446 720 1501 choris
765 1446 905 1499 ccclo
943 1444 1197 1515 spiritum
1249 1442 1503 1508 reddidit,
1545 1450 1597 1495 et
1637 1439 1879 1510 sepultus
1933 1446 2016 1493 est
2063 1437 2114 1491 iu

529 1535 753 1591 basilica
798 1534 985 1589 Sancti
1026 1532 1170 1587 Petri
1209 1541 1335 1587 ante
1384 1530 1759 1587 secretarium.

605 1627 744 1694 Quid
779 1626 1015 1681 referam
1050 1626 1116 1681 de
1148 1623 1470 1687 Sabiniano,
1509 1622 1624 1690 ejus
1659 1634 1996 1683 successore,
2024 1618 2115 1689 qui

530 1716 822 1769 luminaria
854 1714 1060 1769 addidit
1091 1715 1143 1767 in
1173 1713 1402 1769 ecclesia
1432 1712 1583 1767 Beati
1614 1710 1792 1765 Petri?
1816 1710 1880 1763 Et
1904 1708 1969 1762 de
2008 1707 2113 1762 Bo-

2224 535 2333 573 nou
2382 535 2440 574 se
2469 519 2777 589 jungereut.
2806 517 2870 571 Et
2897 518 3021 587 quia
3068 516 3231 571 {luem
3270 516 3380 583 jam
3419 527 3600 587 Spectat
3624 527 3727 595 pagi.

2180 630 2185 637 ·
2218 615 2369 679 uula,
2398 614 2556 669 silere
2597 628 2703 668 non
2736 613 2904 668 debeo
2933 611 2999 667 de
3016 611 3270 666 Adriano
3306 662 3309 663 ,
3368 610 3613 669 Zachariae
3643 635 3725 676 suc.

2218 721 2454 771 cessure,
2494 715 2597 760 etc.

2365 796 2557 849 Deinde
2585 811 2648 849 er
2677 794 2879 863 Albini,
2913 805 2968 849 ιιι
2998 795 3257 858 diximus,
3302 792 3621 851 collectaneis.

2255 888 2454 942 Bonizo
2485 874 2769 958 episcopus
2800 888 2851 943 in
2892 889 3030 942 libro
3056 904 3155 942 suo
3194 884 3275 942 De
3302 887 3409 940 vita
3437 887 3703 949 Christiana.

2290 980 2539 1037 Scribere
2569 982 2787 1051 dignum
2815 981 2939 1033 duxi
2974 982 3039 1034 de
3065 980 3337 1043 Adriano,
3385 978 3725 1037 Zacharimsur-

2219 1087 2452 1137 cessore,
2487 1070 2641 1140 cujus
2665 1082 2857 1142 rogatu
2880 1069 3107 1125 Carolus
3135 1086 3228 1124 rex
3261 1070 3484 1124 intravit
3504 1070 3550 1124 in
3575 1070 3725 1129 ltaliam

2218 1163 2270 1217 in
2296 1171 2572 1232 potentatu
2600 1176 2795 1232 magno
2821 1169 2875 1216 et
2903 1177 3067 1216 manu
3098 1161 3324 1215 robusta
3342 1200 3358 1223 ,
3388 1169 3441 1213 et
3468 1159 3726 1219 Desiderium
3818 1190 3819 1225 ς

2219 1268 2398 1321 regem
2431 1251 2910 1322 Langobardorum
2951 1250 3128 1305 victor
3161 1260 3219 1305 et
3249 1266 3278 1303 a
3302 1250 3447 1305 Pado
3481 1252 3667 1324 fugavit,
3693 1266 3727 1309 et
3818 1236 3819 1245 χ

2218 1349 2271 1403 ἱιι
2302 1348 2461 1419 Papia
2490 1349 2771 1403 obsessum
2806 1348 2995 1403 tenuit.
3032 1347 3238 1402 Dehinc
3275 1346 3497 1401 Romam
3534 1350 3728 1415 veniens,

2218 1458 2248 1497 a
2295 1452 2475 1497 monte
2524 1442 2614 1511 qui
2654 1442 2855 1497 dicitur
2884 1440 3076 1497 Gaudii
3118 1454 3295 1510 usque
3324 1440 3393 1494 ad
3432 1438 3598 1496 Sancti
3626 1441 3727 1498 Petri

2217 1534 2503 1589 ecclesiam
2575 1535 2741 1603 pedes
2814 1532 3147 1603 properavit.
3214 1531 3384 1599 Quem
3457 1533 3729 1589 beatissimus

2218 1641 2352 1696 papa
2404 1627 2455 1682 in
2507 1627 2762 1698 gradibus
2796 1624 2979 1681 Sancti
3024 1623 3168 1681 Petri
3214 1621 3545 1693 prmslolatus
3585 1634 3729 1688 est,et

2219 1717 2526 1772 venientem
2597 1732 2770 1786 usque
2831 1717 2898 1770 ad
2966 1702 3361 1770 confessionem
3427 1715 3580 1769 sancti
3628 1714 3729 1769 Petri

538 1806 757 1871 nifacio,
808 1806 898 1876 qui
955 1822 982 1859 a
1031 1805 1208 1859 Phoca
1258 1806 1471 1859 Caesare
1528 1802 1727 1858 meruit
1771 1800 2113 1871 privilegium
2142 1789 2188 1849 Β
2218 1824 2342 1864 cum
2401 1809 2615 1880 hymnis
2671 1818 2725 1862 ει
2774 1806 3021 1862 laudibus
3072 1815 3139 1861 et.
3175 1806 3400 1873 psalmis
3442 1805 3731 1869 clericorum.

532 1899 677 1967 quod
722 1898 981 1952 Romanae
1013 1895 1269 1951 Ecclesia:
1306 1894 1898 1963 Constantinopolitana
1942 1892 2112 1961 subji-

532 1988 782 2041 ceretur?
816 1987 880 2041 Et
925 1988 1053 2055 quid
1084 1988 1150 2041 de
1201 1986 1305 2039 alio
1332 1985 1633 2050 Bonifacio,
1668 1985 1756 2053 qui
1805 1984 2037 2038 obtinuit
2083 1999 2113 2039 a

531 2076 710 2131 Phoco
744 2078 955 2131 Cmsare
977 2078 1095 2131 dari
1129 2076 1386 2131 Ecclesia:
1418 2077 1507 2129 Dci
1540 2076 1825 2130 catholica:
1856 2074 2112 2143 templum

530 2168 753 2232 Ronan,
793 2168 935 2237 quod
982 2168 1050 2221 ab
1093 2166 1331 2235 antiquis
1379 2165 1658 2219 Pantheon
1709 2163 2007 2230 dicebatur,
2060 2172 2117 2219 et

537 2259 715 2313 dictus
760 2257 942 2311 Caesar
984 2258 1129 2311 dedit
1164 2259 1449 2327 episcopo;
1485 2259 1574 2326 qui
1611 2258 1780 2328 legem
1827 2260 2019 2327 posuit
2061 2258 2112 2311 iu

532 2349 795 2413 Ecclesia,
838 2352 936 2403 sub
966 2349 1403 2403 interminatioue
1447 2344 1831 2418 separatiouis,
1873 2358 1929 2402 ul
1970 2349 2113 2403 nulla

535 2440 733 2494 mulier
760 2441 925 2494 {ilium
960 2458 1114 2495 suum
1153 2442 1217 2496 de
1255 2441 1400 2496 l‘oute
1426 2442 1744 2509 susciperet,
1784 2442 2036 2495 similiter
2063 2451 2115 2496 et

533 2532 588 2584 in
630 2532 1151 2585 conlirniationilms.
1204 2532 1269 2585 Et
1321 2533 1387 2585 de
1440 2532 1601 2586 tertio
1638 2541 1757 2602 post
1796 2532 2113 2605 Grcg'irium

534 2621 832 2686 Bonifacio,
887 2636 941 2675 ct
992 2634 1058 2677 oe
1108 2622 1347 2678 llo'norio
1395 2624 1512 2691 ejus
1565 2639 1900 2678 successore.
1956 2624 2019 2677 Et
2051 2624 2115 2679 de

535 2711 818 2776 Seuerino,
851 2712 1008 2780 cujus
1042 2712 1375 2780 temporibus
1415 2712 1514 2765 fuit
1542 2711 1821 2767 lleraclius
1854 2712 2117 2765 Christia-

538 2803 796 2857 nissimus
828 2804 1144 2874 imperator,
1182 2805 1272 2873 qui
1315 2805 1585 2857 exstincto
1617 2805 1857 2858 Cbosroe
1897 2818 2115 2857 cruceut

508 2880 748 2959 jDemini
805 2893 1235 2964 Hierosolymam
1295 2895 1610 2962 reportavit.
1667 2895 1733 2947 Et
1782 2895 1848 2946 de
1887 2891 2115 2958 Joanne,

510 3034 513 3039 .
537 2984 655 3052 ejus
685 3000 1026 3049 successore,
1055 2994 1111 3039 et
1139 2987 1204 3039 de
1231 2985 1518 3039 Theodoro
1541 2986 1799 3056 pontiﬁce
1821 2986 1913 3055 qui
1948 2987 2119 3055 pumi-

510 3134 513 3137 _
540 3073 813 3127 tentialcnt
862 3074 1059 3129 librum
1105 3077 1409 3146 composuit
1439 3076 1571 3148 (Gl).
1615 3076 1681 3131 Et
1711 3077 1776 3131 de
1808 3084 1893 3131 ter
1920 3077 2120 3132 beatis‘

539 3166 678 3219 simo
702 3182 836 3235 papa
871 3166 1100 3221 lllartino
1129 3182 1391 3239 martyre,
1419 3170 1509 3239 qui
1544 3170 1668 3251 dpm
1697 3170 1984 3225 missarum
2011 3169 2117 3224 sol-

540 3256 773 3324 lempnia
823 3258 889 3310 ad
926 3257 1096 3313 altare
1148 3260 1238 3325 Dei
1297 3251 1576 3331 genitricis
1617 3261 1842 3330 virginis
1890 3261 2112 3328 Mariae,

514 3406 515 3409 η
540 3348 681 3415 quod
706 3347 905 3401 dicitur
928 3350 993 3402 ad
1020 3350 1283 3419 Friesepe,
1310 3351 1639 3417 celebraret,
1671 3352 1847 3407 divina
1873 3353 2116 3423 benigni-

512 3447 649 3498 ,tate
681 3438 991 3507 spatbarius
1018 3439 1249 3511 Olympii
1277 3440 1430 3495 ducis
1458 3442 1657 3497 missus
1690 3452 1749 3496 ut
1791 3457 1913 3497 eum
1946 3442 2115 3497 inter-

514 3527 744 3594 ﬁceret,
779 3544 1070 3596 percussus
1099 3532 1343 3586 emcitate
1382 3547 1504 3587 cum
1535 3534 1757 3588 omnino
1785 3534 1971 3589 videre
2007 3548 2113 3588 non

536 3620 728 3687 potuit.
776 3619 887 3675 Nisi
924 3623 1051 3691 quia
1100 3623 1187 3677 istt
1224 3631 1347 3677 sunt
1381 3623 1645 3680 Dominici
1677 3625 1856 3696 gregis
1891 3625 2113 3691 arietes,

516 3729 778 3785 ,romauae
818 3716 1074 3771 Ecclesia:
1098 3717 1422 3785 Pontiﬁces,
1454 3719 1544 3787 qui
1586 3719 1851 3788 sanguine
1896 3719 2115 3788 proprio

536 3813 591 3858 et
612 3808 1081 3864 constitutionibus
1122 3809 1419 3866 Ecclesium
1448 3811 1540 3865 Dei
1571 3820 1988 3867 consecrarunt.

518 3948 523 3949 ,
609 3896 762 3962 Quod
792 3899 835 3953 si
870 3915 976 3955 non
1010 3902 1255 3958 timerem
1292 3912 1350 3957 ut
1378 3902 1662 3973 prolixitas
1704 3904 1971 3958 sermonis
2011 3905 2113 3960 mei

536 3984 828 4055 legentium
887 3990 1069 4046 animo
1118 3992 1393 4047 fastidium
1445 4001 1767 4061 generaret,
1819 3993 2113 4047 scriberem

534 4077 754 4145 quidem
802 4079 868 4133 ad
913 4080 1128 4150 plenum
1166 4084 1232 4138 de
1268 4084 1507 4155 Eugenio
1544 4086 1633 4155 qui
1682 4086 1843 4141 beato
1886 4084 2116 4139 Mortiuo

538 4171 822 4225 successit.
854 4170 921 4225 Et
954 4172 1021 4227 de
1050 4173 1322 4230 Vitaliano
1356 4177 1446 4246 qui
1476 4185 1721 4241 cantum,
1753 4192 1859 4247 quo
1885 4175 2114 4231 Romani

536 4272 789 4327 utuntur,
822 4266 1146 4335 composuit.
1173 4267 1238 4320 Et
1279 4267 1345 4321 de
1385 4268 1681 4332 Adeodato,
1718 4267 1873 4337 cujus
1906 4275 2115 4336 tempo-

516 4355 687 4421 ribus
726 4357 880 4411 stella
912 4358 1348 4428 splendidissima
1381 4360 1632 4429 apparuit
1654 4373 1754 4413 nec
1785 4366 1943 4412 antea
1977 4357 2111 4410 visa.

2216 1908 2271 1954 et
2310 1899 2562 1953 laudibus
2591 1897 2836 1966 judicum
2865 1897 3272 1963 Romanorum,
3309 1904 3370 1949 ut
3415 1910 3525 1949 mos
3547 1905 3645 1959 est,
3668 1897 3733 1949 de.

2215 1998 2401 2044 center
2425 1989 2695 2058 perduxit.
2745 1988 2813 2041 At
2849 1987 2937 2040 ille
2968 1982 3382 2055 potentissimus
3427 1997 3515 2038 rex
3558 1984 3733 2039 oliercns

2215 2079 2373 2133 beato
2400 2078 2559 2132 Petro
2604 2076 2770 2130 multa
2819 2074 3041 2128 donaria
3061 2114 3077 2139 ,
3115 2073 3541 2143 promittensque
3566 2072 3659 2140 ejus
3675 2073 3727 2125 vi-

2215 2170 2364 2224 cario
2401 2167 2559 2223 ﬁdem
2598 2177 2653 2222 et
2699 2166 2937 2221 debitam
2990 2164 3388 2227 reverentiam,
3420 2162 3688 2232 patriciatus
3715 2178 3733 2214 a

2216 2250 2475 2314 Romanis
2500 2258 2829 2314 sublimatus
2857 2258 3095 2319 honore,
3142 2253 3367 2323 Papiam
3397 2267 3649 2315 reversus,
3680 2252 3734 2305 ci-

2215 2353 2437 2405 vitatem
2489 2349 2705 2418 quidem
2750 2346 2949 2416 cmpit,
2995 2354 3051 2399 et
3089 2345 3426 2399 Desiderium
3471 2358 3627 2414 regem
3650 2357 3735 2395 cum

2215 2443 2441 2513 conjuge
2471 2456 2658 2496 secum
2689 2439 2830 2495 ultra
2872 2446 3087 2492 montes
3130 2436 3321 2500 duxit;
3364 2444 3420 2489 et
3456 2450 3518 2489 ex
3554 2433 3627 2488 illo
3662 2433 3734 2486 dici

2216 2535 2413 2589 meruit
2458 2548 2553 2586 rex
2588 2532 2925 2586 Francorum
2972 2538 3028 2583 et
3073 2526 3575 2595 Longobardorum,
3602 2538 3653 2576 ac
3672 2538 3739 2593 pa-

2217 2626 2407 2681 tricius
2437 2624 2827 2678 Romanorum.
2854 2621 2920 2676 Et
2942 2621 3008 2675 de
3040 2619 3199 2674 tertio
3221 2617 3424 2680 Leone,
3451 2615 3534 2686 qui
3563 2614 3731 2670 Scrmo-
3824 2658 3825 2665 η

2215 2720 2455 2774 cinarius
2496 2716 2794 2788 appellatus
2830 2724 2929 2769 est.
2966 2713 3033 2767 Et
3059 2713 3125 2766 de
3165 2710 3474 2780 Stephano,
3516 2709 3615 2777 ejus
3646 2724 3736 2760 suc-

2216 2826 2453 2867 cessore.
2494 2810 2558 2863 Et
2601 2808 2667 2862 de
2700 2806 2949 2861 Paschali
2982 2804 3073 2873 qui
3112 2803 3299 2857 Rema:
3324 2799 3591 2856 ecclesiam
3617 2799 3737 2852 a-dirt-

2217 2901 2363 2956 cavit
2399 2901 2451 2953 in
2490 2900 2753 2953 honorent
2786 2897 2959 2949 beata:
3001 2894 3215 2957 Marize,
3250 2907 3375 2961 qua:
3408 2890 3649 2944 Dominica
3673 2905 3738 2941 ιιος

2218 2992 2476 3053 minatur,
2523 3004 2687 3059 quam
2718 2997 2773 3042 et
2822 2985 3150 3041 marmoreis
3180 2983 3453 3054 lapidibus
3481 2980 3676 3036 vestivit.
3695 2979 3742 3032 Et

2220 3083 2285 3137 de
2315 3081 2586 3153 Eugenio,
2622 3079 2712 3150 qui
2758 3075 3190 3148 pmnitcntialem
3222 3074 3444 3129 Librum
3471 3070 3738 3140 composuit,

2218 3183 2272 3229 et
2298 3174 2351 3227 in
2398 3172 2686 3227 Franciam
2717 3168 3039 3225 transmisit.
3072 3167 3139 3221 Et
3160 3168 3229 3220 de
3261 3164 3539 3219 Valentino
3564 3164 3639 3232 qui
3660 3161 3736 3214 Lu-

2216 3264 2465 3321 dovieum
2498 3265 2664 3317 illium
2711 3260 2889 3317 Caroli
2924 3260 3315 3330 imperatorem
3336 3255 3668 3312 consecravit.
3693 3253 3738 3305 Et

2218 3360 2283 3413 de
2309 3356 2425 3431 ejus
2455 3369 2771 3411 successore
2813 3352 3099 3422 Gregorio.
3151 3350 3220 3403 Et
3263 3349 3331 3405 de
3379 3348 3591 3417 Sergio.
3626 3343 3741 3413 cttjus

2218 3447 2545 3517 temporibus
2579 3441 2866 3500 Sarraceni
2891 3442 3247 3496 devastarunt
3270 3439 3499 3493 Italiam.

2286 3539 2353 3593 Et
2382 3538 2449 3593 de
2479 3536 2584 3591 alio
2619 3535 2800 3589 Leone
2826 3533 2917 3602 qui
2941 3531 3204 3588 Carolum
3234 3532 3403 3586 lilium
3427 3527 3653 3584 Ludovici
3676 3539 3739 3581 co-

2215 3631 2428 3687 ronavit
2455 3630 2869 3699 imperatorem,
2893 3624 3097 3695 quique
3139 3624 3305 3679 etiam
3345 3620 3613 3678 aedificavit
3637 3618 3741 3673 civi-

2217 3733 2381 3779 tatem
2406 3739 2526 3793 quae
2550 3721 2798 3775 Porticus
2824 3719 3154 3782 nominatur,
3186 3732 3351 3785 quam
3378 3714 3648 3769 Leoninam
3670 3724 3741 3763 suo

2216 3819 2430 3895 nomine
2462 3816 2783 3887 appellavit.’
2804 3816 2905 3870 Hie
2929 3812 3059 3867 fecit
3093 3809 3396 3865 ciburrium
3438 3818 3595 3874 super
3614 3803 3741 3895 altare

2216 3894 2389 3966 sancti
2427 3908 2575 3963 Petri
2608 3918 2956 3979 argenteum;
2988 3913 3043 3958 et
3075 3912 3201 3957 ante
3239 3901 3412 3955 altare
3445 3898 3604 3967 ipsum
3626 3894 3740 3948 tabu-

2218 4001 2325 4057 lam
2356 4015 2575 4056 auream
2594 4041 2609 4067 ,
2648 4008 2703 4055 et
2733 3998 2945 4069 tegulas
2973 3992 3335 4051 confessionis
3374 3999 3647 4059 argenteas.
3671 3980 3743 4036 llic

2218 4096 2357 4150 idem
2387 4094 2673 4149 rediticavit
2704 4093 2992 4149 ecclesiam
3026 4091 3211 4145 Roma:
3232 4127 3247 4153 ,
3271 4100 3393 4156 qua:
3422 4083 3572 4138 hodie
3595 4078 3743 4133 dicitur

2219 4184 2415 4240 Sancta
2443 4184 2607 4238 Maria
2640 4184 2824 4251 Nova;
2877 4193 2933 4239 et
2974 4179 3263 4237 ecclesiam
3294 4177 3536 4243 Quatuor
3561 4169 3745 4225 Corona-

2219 4288 2416 4331 torum.
2459 4275 2557 4331 Hic
2597 4277 2740 4331 idem
2782 4276 3047 4330 invidiose
3071 4285 3236 4340 super
3259 4266 3573 4339 quibusdam
3606 4258 3743 4316 crimi-

2218 4366 2377 4420 nibus
2421 4365 2704 4435 pulsatus,
2735 4366 3001 4436 synodum
3035 4358 3423 4430 congregavit,
3469 4362 3524 4410 et
3562 4368 3612 4407 se
3630 4351 3740 4420 jura-

537 4446 605 4499 Et
635 4448 701 4502 de
733 4449 1035 4517 Agathone,
1069 4460 1125 4505 et
1162 4451 1228 4505 de
1268 4450 1448 4506 Leone
1476 4450 1630 4523 [ϐοά.
1662 4449 1940 4521 Folcoue],
1974 4449 2116 4504 etde
2145 4466 2193 4525 ι)
2221 4465 2403 4513 mento
2452 4457 2731 4511 innoxium
2784 4452 3195 4512 demonstravit.
3260 4451 3370 4505 Sed
3430 4448 3549 4519 quia
3594 4440 3742 4497 invidia

539 4536 852 4601 Benedicto,
871 4546 924 4593 et
950 4539 1015 4593 de
1037 4540 1267 4606 Joanne,
1292 4541 1409 4609 ejus
1438 4555 1774 4605 successore,
1801 4540 1891 4610 qui
1921 4539 2117 4593 librum

540 4628 618 4683 De
652 4630 910 4699 dignitate
940 4631 1085 4699 pallii
1119 4633 1445 4703 composuit.
1486 4634 1553 4688 Et
1591 4633 1658 4687 de
1684 4632 1927 4697 Conone,
1958 4641 2013 4686 et
2051 4632 2119 4686 de

543 4720 735 4790 Sergio
758 4721 975 4791 juniore
1002 4723 1111 4795 (δὲ)
1130 4725 1221 4794 qui
1252 4725 1537 4780 basilicam
1566 4724 1992 4780 Lateranensem
2036 4739 2120 4778 re-

542 4813 773 4880 paravit,
806 4821 860 4866 et
888 4822 946 4867 ut
984 4814 1166 4885 Agnus
1211 4815 1306 4868 Dei
1348 4816 1487 4870 intra
1534 4815 1822 4869 missarum
1858 4813 2119 4869 solemnia

543 4904 927 4957 decantaretur
967 4904 1222 4969 instituit,
1257 4913 1312 4959 et
1355 4904 1644 4959 ecclesiam
1675 4918 1797 4973 qua:
1843 4912 1928 4957 est
1980 4904 2120 4956 intra

516 5008 728 5053 ,muros
756 4995 906 5050 urbis
941 4994 1126 5050 Roma:
1152 4994 1303 5050 Beati
1349 4994 1563 5050 Silverii
1593 4994 1834 5049 construi
1867 4993 2018 5056 fecit,
2068 5002 2123 5047 et

518 5082 714 5137 .altare
745 5084 984 5152 ejusdem
1010 5084 1254 5140 ecclesia:
1281 5084 1516 5155 propriis
1547 5083 1798 5138 manibus
1830 5081 2121 5136 dedicavit.

516 5174 613 5237 ,Ει
638 5175 702 5230 de
738 5176 929 5245 quinto
957 5175 1164 5230 Joanne
1187 5184 1243 5229 ct
1287 5185 1458 5236 sexto,
1490 5182 1546 5229 et
1574 5174 1641 5228 de
1672 5172 1935 5236 Sisinnio,
1972 5180 2025 5225 et
2055 5172 2122 5226 de

512 5269 921 5336 Constantino,
965 5270 1114 5325 etde
1150 5268 1388 5323 secundo
1434 5266 1727 5337 Gregorio,
1770 5266 1920 5319 etde
1961 5263 2123 5319 tertio

542 5362 835 5432 Gregorio,
868 5363 958 5431 qui
990 5362 1057 5415 ad
1091 5361 1349 5414 feretrum
1380 5358 1745 5415 antecessoris
1785 5358 1868 5412 sui
1920 5356 2125 5412 electus

516 5461 644 5509 rest.
696 5451 763 5505 Et
812 5451 878 5505 de
906 5451 1193 5515 Zacharia,
1225 5450 1344 5505 viro
1388 5464 1579 5520 magna
1612 5448 1790 5502 meriti
1836 5456 1891 5501 et
1920 5448 2126 5502 sancti-

618 5591 729 5657 (6l)
762 5589 957 5643 Recole
988 5588 1130 5641 dicta
1161 5603 1213 5656 p.
1242 5588 1373 5657 l35.
1407 5602 1461 5639 n.
1498 5586 1552 5657 l.
1598 5585 1663 5657 Et
1702 5583 1917 5653 quidem
1959 5584 2121 5639 etiam

548 5660 599 5712 in
628 5654 734 5713 alio
765 5661 1024 5713 ehrouico
1069 5654 1362 5727 pontiﬁcali
1409 5654 1547 5727 apud
1597 5656 2124 5727 Cincium‘eamera-

549 5730 688 5784 rium
722 5730 844 5785 cod.
877 5738 989 5783 vat.
1030 5725 1084 5798 p.
1124 5726 1247 5780 109.
1293 5726 1432 5780 idem
1473 5725 1674 5780 diserte
1725 5727 1791 5780 de
1837 5725 2123 5783 'l'beodora

2224 4549 2364 4605 vinci
2413 4556 2624 4618 potest,
2670 4559 2849 4601 tamen
2895 4546 3177 4615 quiescere
3225 4554 3331 4593 non
3362 4544 3560 4608 potest;
3602 4528 3742 4602 paucis

2223 4647 2409 4709 postea
2437 4636 2669 4692 evolutis
2710 4637 2932 4698 diebus,
2967 4630 3214 4687 malevoli
3258 4628 3350 4699 qui
3384 4624 3627 4682 invidiose
3651 4630 3741 4709 eum

2224 4738 2641 4794 accusaveraut,
2704 4728 3028 4782 seditionem
3091 4723 3434 4777 concitantes
3475 4718 3525 4773 in
3570 4707 3740 4783 populo,

2224 4818 2542 4887 injuriantes
2571 4833 2693 4873 eum
2735 4833 2763 4870 a
2805 4814 3007 4885 palatio
3043 4815 3094 4868 in
3143 4813 3324 4866 forum
3364 4809 3641 4864 Romanum
3661 4808 3744 4852 tra-

2225 4911 2524 4975 duxerunt;
2586 4919 2642 4965 et
2696 4910 2767 4964 ibi
2815 4906 3082 4962 diabolico
3132 4904 3394 4959 instinctu
3454 4908 3508 4954 et
3558 4887 3743 4966 ροριιιπί

2225 5003 2452 5058 audacia
2502 5011 2867 5057 cmeaverunt.
2917 4997 3072 5064 Quod
3126 4996 3358 5051 audiens
3408 4990 3613 5049 Carolus
3652 4997 3745 5044 rex,

2226 5095 2453 5149 Romam
2491 5095 2714 5149 veniens
2752 5091 2949 5146 multos
2978 5090 3045 5144 de
3071 5087 3265 5159 populo
3295 5082 3604 5145 trucidavit,
3635 5077 3744 5145 ipsos

2228 5200 2356 5240 vero
2385 5195 2636 5240 auctores
2660 5181 2945 5239 seditionis
2989 5178 3133 5248 ligno
3167 5175 3469 5246 suspendit.
3505 5171 3606 5241 Ipse
3624 5177 3743 5223 vero.

2228 5275 2648 5339 licet'orbatus,
2694 5272 2932 5343 qttandiu
2960 5269 3101 5323 vixit
3146 5267 3448 5321 Romanam
3486 5253 3745 5332 gubernavit

2229 5370 2549 5426 Ecclesiam.
2587 5370 2652 5424 Et
2683 5370 2748 5423 de
2776 5366 3095 5426 Benedicto,
3127 5362 3243 5430 ejus
3278 5369 3592 5415 successore.
3620 5350 3673 5404 Et
3697 5347 3745 5397 de

2228 5461 2454 5518 Nicolao
2498 5462 2588 5532 qui
2639 5459 3035 5529 Sophronium,
3084 5452 3458 5510 Placentinum
3494 5446 3744 5519 episcopum

2228 5614 2364 5669 papa
2397 5596 2714 5669 afﬁrmatur.

2306 5663 2418 5739 (Gil
2452 5668 2589 5721 Num
2618 5663 2863 5720 seniore?
