3852 6308
146 260 240 316 969

1514 261 1947 318 DECRETAIE.

3315 266 3422 332 s70

143 372 480 443 depositum,
510 374 587 426 ab
618 372 717 427 alia
750 375 958 444 synodo
996 372 1404 437 reconciliavit,
1431 382 1486 427 et
1511 374 1601 442 qui
1626 388 1733 427 uno
1759 379 1808 436 Α
1839 376 2014 441 ipsum
2067 373 2440 431 Crescentium
2494 377 2582 432 diu
2628 378 2910 435 obsessum
2960 391 3104 451 cepit
3149 393 3204 438 et
3244 388 3425 456 capite

142 466 434 534 eodemque
472 472 724 534 tempore
748 467 885 520 duos
912 466 1268 535 imperatores
1295 466 1732 520 excommunica-

142 558 214 609 vit
235 573 248 609 :
268 554 621 610 Orientaletn
646 557 881 626 quidem,
899 557 1116 610 nomine
1143 556 1480 619 Michaelem,
1510 565 1731 626 propter

144 646 323 715 lgnatii
355 647 696 715 patriarchae
720 646 975 715 injustam
1010 636 1438 716 depositionem;
1472 647 1735 703 Occiden-

146 736 295 789 talem
324 746 544 800 autem,
571 738 788 791 nomine
814 736 1154 804 Lotharium,
1183 747 1405 808 propter
1428 738 1731 793 Waldradte

145 826 339 897 pellicis
369 844 489 883 sua:
527 829 871 883 societatem.

206 920 269 973 Et
317 921 385 973 de
435 921 690 974 secundo
741 920 984 977 Adriano
1036 921 1128 991 qui
1181 920 1510 978 Ludovicum
1561 923 1729 979 filium

143 1008 309 1064 Caroli
334 1012 634 1065 constituit
658 1012 1055 1082 imperatorem.
1076 1012 1141 1066 Et
1160 1013 1225 1068 de
1248 1024 1440 1069 octavo
1462 1014 1726 1083 Johanne,

144 1103 223 1169 qui
251 1102 559 1157 altercatus
590 1113 671 1157 est
696 1120 814 1158 cum
845 1104 1179 1174 Angelberga
1216 1105 1398 1176 regina
1420 1107 1484 1161 de
1508 1107 1731 1164 civitate

144 1192 423 1259 Ravenna,
454 1195 556 1263 qui
596 1204 653 1249 et
688 1195 939 1249 Carolum
986 1195 1154 1249 filium
1183 1197 1300 1266 ejus
1336 1198 1607 1252 ordinavit
1633 1199 1732 1253 im-

146 1292 465 1350 peratorem.
508 1284 582 1337 Et
626 1284 693 1339 de
738 1284 1003 1349 Martino,
1048 1286 1166 1355 ejus
1195 1302 1543 1354 successore,
1578 1290 1731 1357 cujus

147 1374 472 1443 temporibus
500 1376 615 1429 duo
636 1376 858 1445 gloriosi
890 1378 1130 1447 episcopi
1163 1379 1313 1432 fuere
1343 1380 1395 1433 in
1424 1380 1732 1451 Longobaro

147 1462 254 1525 dia,
282 1478 422 1516 unus
447 1464 837 1531 Placentinus,
869 1468 1085 1521 nomine
1117 1468 1343 1535 Paulus,
1377 1481 1545 1541 nepo’s
1573 1473 1733 1542 impe-

147 1554 379 1618 ratricis,
422 1557 522 1625 qui
560 1557 936 1611 Placentinam
980 1559 1294 1627 ecclesiam,
1328 1576 1423 1630 per
1445 1561 1731 1632 Suphronii

149 1642 402 1712 ignaviam
439 1644 693 1701 funditus
736 1647 1108 1715 destructam,
1143 1665 1173 1703 a
1231 1648 1599 1706 fundamentis
1643 1668 1730 1707 re-

147 1736 458 1801 adilicavit;
489 1738 633 1793 alter
658 1755 786 1794 vero
809 1739 1143 1807 Parmensis,
1162 1742 1376 1797 nomine
1398 1742 1723 1810 Gundolfus,
1758 1717 1801 1771 Β

148 1824 227 1889 qui
250 1826 573 1881 canonicam
608 1827 962 1884 Parmensem
995 1831 1302 1896 constituit,
1335 1840 1390 1887 et
1422 1833 1532 1902 ipse
1562 1849 1726 1902 nepos

150 1913 232 1968 fuit
263 1916 645 1986 imperatoris.
688 1920 753 1975 Et
794 1921 863 1975 de
894 1921 1133 1976 Adriano
1164 1923 1253 1993 qui
1298 1924 1344 1978 ei
1380 1927 1645 1980 successit
1672 1930 1724 1982 in

148 2008 470 2073 pontificatu.
495 2011 568 2065 Et
593 2012 663 2066 de‘
685 2012 988 2082 Stephano,
1013 2022 1068 2067 et
1094 2014 1160 2068 de
1190 2013 1470 2081 Formoso,
1497 2031 1724 2085 quorum

152 2098 474 2164 temporibus
513 2099 891 2171 Longobardis
940 2101 1326 2158 rebellantibus
1366 2105 1558 2160 Franci
1597 2122 1720 2176 per-

153 2184 384 2243 ditlerunt
416 2190 730 2259 imperium.
762 2193 825 2246 Et
864 2196 929 2249 de
965 2196 1197 2264 quodam
1236 2195 1549 2267 Stephano,
1572 2201 1724 2270 cujus

155 2280 470 2345 temporibus
502 2280 801 2337 Sarraceni
833 2294 1237 2355 occupaverunt
1270 2286 1532 2341 Siciliam.
1566 2290 1633 2343 Et
1660 2290 1725 2345 de

157 2364 339 2423 loanne
370 2370 718 2437 Tusculano,
757 2378 911 2444 cujus
948 2380 1279 2448 temporibus
1325 2379 1547 2434 Romani
1581 2382 1725 2451 capi-

158 2461 272 2513 tanii
305 2465 632 2531 patriciatus
675 2468 774 2523 sibi
828 2470 1166 2539 tyrannidem
1204 2472 1631 2527 vindicaverunt.
1660 2474 1725 2527 Et

159 2551 211 2603 de
234 2552 463 2620 quodam
496 2554 800 2623 Silvestro,
836 2560 954 2616 viro
996 2562 1238 2615 omnium
1269 2562 1467 2615 artium
1510 2563 1724 2631 peritis-

158 2640 306 2706 simo,
344 2646 434 2712 qui
476 2647 738 2715 primitus
764 2650 934 2706 abbas
976 2650 1288 2718 Bobiensis,
1331 2661 1514 2723 postea
1545 2655 1724 2709 archi-

159 2731 417 2805 episcopus
452 2738 746 2794 Ravennas
764 2780 779 2805 ,
810 2752 930 2810 post
958 2756 1087 2795 vero
1126 2743 1401 2797 Romanus
1426 2758 1559 2814 papa
1588 2745 1721 2800 effe-

157 2834 261 2879 ctus
286 2838 384 2882 est.
418 2830 483 2883 Et
512 2836 583 2886 de
612 2831 653 2884 Χ
693 2832 900 2888 Joanne
932 2835 1237 2889 Tusculano
1262 2876 1276 2900 ,
1310 2835 1477 2892 fratre
1502 2836 1724 2906 majoris

161 2917 398 2985 Alberici,
431 2924 523 2992 qui
567 2925 976 2994 pugnavit'cum
1012 2926 1356 2993 Sarracenis,
1395 2938 1449 2984 et
1478 2931 1546 2985 ab
1574 2918 1721 2986 Italia

160 3009 319 3075 pulsos
351 3012 402 3066 in
435 3013 685 3069 Siciliam
719 3015 944 3084 fugavit.
980 3016 1077 3071 llic
1110 3018 1402 3074 aedificavit
1438 3021 1721 3078 basilicam

160 3096 204 3150 in
243 3102 438 3168 palatio
475 3104 861 3162 Lateranensi.‘
896 3107 961 3161 Et
1000 3108 1066 3162 de
1112 3107 1371 3164 Silvestro
1416 3112 1722 3169 Tusculano

161 3201 351 3253 genere.
384 3193 449 3248 Et
474 3196 546 3250 de
578 3198 807 3265 quodam
832 3196 1124 3253 Benedicto
1149 3215 1284 3269 papa
1321 3200 1599 3269 Romano,
1629 3205 1720 3273 qui

162 3294 251 3336 uno
273 3287 577 3359 eodemque
611 3290 699 3359 die
727 3298 781 3345 et
830 3290 1002 3351 laicus
1034 3291 1135 3346 fuit
1174 3303 1230 3348 ct
1258 3295 1523 3362 pontifex.
1554 3298 1620 3351 Et
1657 3298 1723 3354 de

162 3367 341 3429 Joanne
361 3377 675 3435 Tusculano
701 3383 1024 3451 genere,qui
1050 3380 1322 3437 Othonem
1349 3382 1527 3455 regem
1553 3386 1721 3441 Saxo.

161 3476 271 3518 num
301 3470 591 3525 coronavit
622 3466 1037 3540 imperatorem:
1057 3472 1122 3527 Et
1143 3473 1209 3527 de
1228 3474 1461 3543 quodam
1491 3473 1721 3531 Silverio

167 3550 451 3626 Tiburtino,
484 3562 583 3632 qui
613 3572 827 3617 mortuo
851 3562 1107 3619 Alberico
1137 3564 1471 3633 Tusculano,
1499 3566 1589 3636 qui
1622 3583 1719 3638 pa-

165 3645 385 3706 triciatus
435 3654 542 3709 sibi
584 3669 778 3710 nomen
844 3656 1243 3723 vindicaverat,
1306 3672 1337 3711 a
1407 3657 1721 3714 Crescentio

166 3734 501 3813 Nomentano,
538 3747 631 3815 qui
658 3746 918 3817 patricius
945 3746 1246 3814 dicebatur,
1276 3762 1412 3818 papa
1440 3748 1721 3804 ordinatus

164 3838 259 3895 est,
312 3836 508 3906 quique
558 3839 1060 3917 etiamsecundum
1098 3839 1392 3917 Othonem
1448 3843 1720 3899 ordinavit

168 3920 557 3997 imperatorem;
591 3942 775 4001 postea
809 3948 942 3987 vero
976 3948 1099 3987 cum
1132 3950 1328 4004 magno
1361 3936 1623 3991 dedecore
1650 3939 1719 3992 ab

167 4013 328 4069 eodem
356 4018 680 4077 Crescentio
707 4037 734 4074 a
760 4032 960 4093 papatu
994 4024 1251 4093 expulsus
1278 4035 1393 4097 est;
1424 4036 1477 4082 et
1499 4027 1717 4096 quidam

168 4097 372 4162 Ioannes
392 4109 746 4167 Placentinus
774 4114 1061 4184 episcopus
1079 4156 1093 4180 ,
1132 4114 1352 4172 Grtecus
1378 4133 1606 4188 genere,
1637 4118 1717 4175 le-

167 4195 356 4258 gatione
381 4201 605 4259 functus
638 4203 865 4261 Othonis
892 4204 1159 4274 junioris,
1190 4221 1219 4260 a
1250 4207 1716 4280 Constantinopoli

168 4283 382 4354 rediens,
429 4293 561 4348 dum
614 4293 839 4349 Romam
888 4311 1051 4352 causa
1099 4297 1363 4353 orationis
1403 4299 1640 4366 veniret,
1684 4317 1714 4357 a

1832 462 2141 528 truncavit;
2181 464 2355 534 ipsum
2411 480 2542 520 vero
2585 468 2894 536 pontificem
2926 470 3101 526 oculis
3128 471 3419 541 orbatum,

1832 555 2155 625 cmterisque
2179 557 2437 611 membris
2463 557 2821 621 debilitatum,
2848 561 2915 615 ad
2940 561 3175 617 dedecus
3197 574 3246 617 et
3271 565 3421 633 igno-

1832 646 2055 700 miniam
2098 647 2454 703 sacerdotalis
2509 649 2715 705 ordinis
2766 666 2863 719 per
2913 652 3121 721 plateas
3169 655 3422 713 Leontina:

1832 738 2070 792 civitatis
2104 739 2437 794 circumduci
2464 738 2649 807 jussit.
2680 739 2785 794 Sed
2819 751 2944 796 ante
2973 758 3136 811 quam
3167 762 3271 798 xxx
3304 747 3421 802 dies

1834 829 2208 898 implerentur,
2248 830 2428 884 anima
2469 839 2525 887 ct
2570 846 2799 902 corpore
2837 833 2951 902 ipse
2998 849 3092 889 rex
3137 836 3421 894 defunctus

1831 926 1932 974 est.
2634 992 2639 997 _

1908 1011 1977 1066 Et
2010 1012 2075 1067 de
2106 1012 2399 1069 Benedicto
2438 1011 2743 1068 Tusculano
2778 1012 2867 1082 qui
2903 1012 3193 1070 Henricum
3214 1057 3228 1081 ,
3253 1018 3422 1087 majoo

1831 1102 1908 1158 ris
1933 1101 2162 1159 Othonis
2190 1115 2462 1176 nepotem,
2488 1100 2673 1174 regem
2702 1103 3123 1161 Teutonicorum
3147 1108 3420 1164 ordinavit

1832 1194 2237 1264 imperatorem.
2291 1195 2358 1249 Et
2407 1196 2474 1249 de
2504 1200 2621 1263 ejus
2664 1193 2834 1249 fratre
2876 1193 3120 1262 Jaanne,
3166 1200 3257 1267 qui
3311 1215 3420 1253 uno

1831 1287 2129 1359 eodemque
2152 1287 2238 1343 die
2268 1296 2322 1343 et
2347 1285 2520 1341 laicus
2544 1286 2644 1339 fuit
2672 1298 2727 1339 et
2760 1286 3021 1354 pontifex.
3058 1287 3131 1341 De
3173 1288 3257 1342 his
3286 1288 3418 1341 mihi

1831 1376 2097 1433 silendum
2121 1392 2241 1432 esse
2264 1392 2367 1432 non
2402 1377 2634 1431 credidi.
2658 1376 2926 1431 Caeterum
2951 1378 2994 1432 si
3016 1378 3137 1448 quis
3158 1378 3225 1433 de
3248 1378 3398 1432 Theo

1833 1470 2082 1540 phylacto
2117 1467 2461 1534 Tuscuiano,
2495 1466 2730 1536 qualiter
2751 1466 2944 1523 Joanni
2972 1468 3242 1522 sacerdoti
3283 1484 3418 1522 ven-

1833 1560 2029 1614 diderit
2057 1570 2347 1629 papatum,
2383 1568 2439 1612 et
2485 1559 2759 1627 quomodo
2792 1573 2899 1613 uno
2940 1559 3241 1627 eodemque
3285 1568 3419 1612 teni-

1832 1664 1965 1718 pore
1994 1648 2428 1719 Theophylactus
2450 1656 2505 1702 et
2526 1647 2822 1718 Gregorius
2861 1656 2915 1703 et
2943 1646 3203 1702 Silvester
3229 1649 3415 1704 Roma-

1827 1756 1956 1795 num
1992 1755 2097 1795 non
2130 1741 2421 1810 regebant,
2455 1739 2550 1793 sed
2596 1739 2887 1793 vastabant
2926 1740 3330 1808 pontificatum;
3362 1751 3412 1796 et

1826 1832 2059 1901 qualiter
2107 1830 2372 1886 Henricus
2424 1846 2557 1897 rex,
2605 1830 2839 1885 Conradi
2890 1831 3065 1896 filius,
3112 1830 3415 1887 Romanam

1825 1921 2121 1977 Ecclesiam
2155 1936 2185 1974 a
2236 1920 2433 1974 talihus
2471 1920 2714 1989 pestibus
2760 1920 3037 1984 liberavit,
3066 1937 3268 1990 gnarus
3292 1937 3415 1976 esse

1824 2013 2086 2079 voluerit,
2119 2011 2260 2082 legat
2288 2010 2483 2065 librum
2515 2025 2675 2080 quem
2705 2009 2940 2076 dictavi,
2970 2010 3062 2079 qui
3103 2011 3417 2065 inscribitur

1825 2105 1904 2158 Au
1944 2118 2179 2167 Αιιιεωι,
2226 2110 2279 2156 et
2319 2102 2387 2156 ibi
2434 2101 2673 2155 inveniet
2721 2102 2835 2156 hare
2877 2102 3261 2156 ordinahilitcr
3290 2117 3415 2157 csse

1826 2196 2030 2263 digesta
2062 2190 2196 2262 (65).
2244 2191 2484 2245 Inveniet
2541 2200 2719 2245 autem
2752 2193 2822 2246 ibi
2881 2200 2937 2246 et
2987 2192 3220 2262 qualiter
3278 2208 3413 2262 papa

1826 2283 2073 2337 Clemens
2098 2282 2303 2335 electus
2340 2280 2440 2344 sit,
2481 2280 2784 2348 qualiterve
2827 2279 3092 2335 llenricus
3123 2296 3215 2335 rex
3246 2282 3415 2351 impe-

1825 2384 1975 2430 rator
2002 2374 2304 2428 ordinatus.
2337 2371 2402 2424 Et
2431 2371 2495 2426 de
2529 2372 2758 2443 Damaso
2789 2374 2905 2442 ejus
2936 2388 3252 2427 successore
3283 2382 3415 2443 quot

1826 2466 1878 2519 in
1912 2473 2110 2535 papatu
2143 2463 2358 2517 duxerit
2388 2463 2521 2517 dies.
2553 2462 2619 2516 Et
2646 2462 2712 2517 de
2738 2462 3003 2533 pr:eclaro
3034 2462 3238 2525 Leone,
3285 2464 3413 2532 quid

1826 2559 1878 2613 in
1912 2567 2107 2626 papatu
2157 2556 2366 2625 egerit,
2406 2554 2712 2625 qualiterve
2748 2555 2915 2608 vitam
2970 2554 3226 2608 finiret-it.
3258 2555 3321 2608 Et
3347 2556 3414 2609 de

1824 2652 2044 2708 Victore
2085 2650 2202 2721 ejus
2236 2662 2556 2703 successore
2597 2647 2726 2716 quid
2765 2647 2972 2717 egerit,
3002 2657 3096 2700 aut
3124 2649 3251 2717 quid
3296 2647 3413 2716 ejus

1824 2739 2157 2809 temporibus
2206 2753 2403 2793 novum
2446 2737 2710 2792 evenerit.
2742 2736 2810 2790 Et
2855 2736 2923 2792 de
2954 2737 3260 2806 Stephano,
3306 2737 3409 2793 ϐου

1825 2829 2045 2885 thifredi
2078 2828 2233 2883 ducis
2259 2843 2551 2898 germano,
2594 2835 2644 2882 et
2676 2827 2910 2897 qualiter
2936 2827 3050 2895 ejus
3081 2828 3412 2898 temporibus

1820 2918 2049 2977 Patarea
2075 2920 2189 2991 (64)
2214 2920 2354 2989 apud
2386 2917 2745 2973 Mediolanum
2775 2926 2963 2972 exorta
2992 2927 3096 2972 est.
3130 2918 3195 2971 Et
3226 2919 3290 2973 de
3316 2917 3411 2971 Ni-

1824 3013 1977 3070 colao
2002 3027 2139 3082 papa
2160 3052 2175 3077 ,
2218 3019 2273 3066 et
2313 3011 2378 3065 de
2404 3009 2499 3064 lite
2529 3024 2692 3079 quam
2742 3009 2931 3063 habuit
2959 3024 3082 3063 cum
3116 3008 3410 3062 licuedicto

1826 3105 2101 3167 invasore,
2125 3111 2180 3157 et
2203 3100 2333 3172 quid
2356 3101 2530 3172 egerit
2555 3101 2606 3153 in
2629 3108 2850 3169 papatu.
2870 3098 2933 3152 Et
2956 3101 3022 3153 de
3041 3098 3346 3151 Alexandro
3369 3098 3406 3151 ιι

1822 3209 1991 3265 papa,
2026 3203 2080 3249 et
2112 3194 2177 3248 de
2201 3190 2485 3262 lite‘quam
2513 3184 2702 3245 habuit
2727 3205 2848 3245 cum
2874 3188 3076 3244 Cadolo
3103 3186 3406 3252 Parmensi,

1822 3295 1877 3341 et
1899 3287 1967 3339 de
1996 3284 2113 3353 ejus
2145 3282 2394 3338 victoriis
2416 3322 2430 3349 ,
2464 3289 2519 3336 et
2543 3282 2672 3353 quid
2694 3274 2881 3351 'egerit
2909 3281 2961 3335 in
2994 3290 3226 3350 papatu,
3257 3289 3311 3333 et
3340 3278 3407 3334 de

1821 3377 1939 3447 ejus
1993 3377 2120 3432 fine.
2178 3376 2246 3429 Et
2302 3376 2370 3429 de
2426 3374 2658 3444 septimo
2708 3373 3009 3443 Gregorio,
3056 3381 3110 3427 et
3162 3373 3230 3424 de
3280 3370 3408 3439 ejus

1821 3470 2089 3528 electione
2113 3477 2167 3523 et
2195 3468 2304 3522 vita
2334 3476 2389 3521 et
2432 3465 2703 3531 moribus,
2750 3472 2807 3519 et
2842 3463 3076 3533 qualiter
3112 3463 3164 3515 in
3202 3460 3409 3516 Nativi—

1824 3572 1935 3618 tate
1959 3560 2169 3615 Domini
2199 3560 2263 3613 ad
2300 3558 2478 3613 altare
2523 3566 2725 3631 sancta;
2769 3555 2954 3609 Maria:
2987 3571 3016 3608 a
3044 3553 3262 3629 Cinlbio
3289 3555 3406 3608 viro

1821 3652 2029 3709 crudeli
2060 3659 2247 3721 captus
2278 3649 2376 3713 sit,
2410 3656 2465 3702 et
2490 3662 2556 3704 eo
2586 3647 2673 3702 die
2703 3646 2798 3701 Dei
2826 3646 2999 3717 gratia
3026 3645 3287 3700 liberatus
3313 3645 3403 3699 sit.

1822 3743 1998 3798 Etiam
2058 3743 2125 3797 de
2173 3755 2367 3812 guerra
2437 3754 2600 3809 quam
2672 3737 2933 3791 sustinuit
2985 3750 3106 3792 cum
3177 3735 3407 3791 llenri’co

1822 3840 2185 3910 imperatore,
2230 3844 2285 3891 et
2328 3835 2394 3891 de
2439 3834 2808 3891 controversia
2855 3834 3017 3904 quam
3066 3832 3253 3888 habuit
3283 3849 3405 3888 cum

1821 3928 2105 3992 Guiberto,
2133 3938 2188 3982 et
2212 3926 2279 3981 de
2298 3925 2556 3981 mrumnis
2578 3939 2712 3993 quas
2736 3924 2993 3979 suStinuit
3018 3963 3032 3988 ,
3073 3930 3129 3976 et
3166 3922 3233 3975 de
3263 3920 3408 3976 obsi—

1821 4021 1983 4076 dione
2012 4019 2248 4075 civitatis
2272 4026 2324 4072 et
2346 4033 2462 4083 sua,
2490 4016 2724 4086 qualiter
2750 4032 2780 4071 a
2811 4014 3049 4071 Roberto
3076 4014 3406 4068 Northman-

1821 4129 2017 4170 norum
2058 4115 2195 4168 duce
2242 4112 2313 4167 sit
2360 4110 2658 4187 liberatus,
2713 4118 2768 4164 et
2820 4109 3061 4183 qualiter
3108 4107 3265 4161 beato
3300 4106 3408 4160 fine

1821 4203 2123 4275 quieverit,
2152 4201 2494 4273 apertissime
2530 4199 2855 4255 declaratur.
2889 4198 3091 4254 Urbani
3124 4214 3250 4253 vero
3276 4215 3408 4267 pon-

1823 4294 1985 4349 tificis
2047 4301 2200 4358 acta,
2266 4299 2322 4346 et
2385 4290 2451 4345 de
2504 4288 2621 4358 ejus
2671 4288 2935 4354 victoria,
2991 4287 3036 4341 si
3096 4287 3217 4358 quis
3265 4288 3408 4342 seire

170 4376 364 4436 praefato
382 4381 701 4439 Crescentio
730 4392 782 4439 et
809 4400 837 4439 a
864 4385 1125 4441 Romanis
1150 4387 1381 4455 capitur,
1409 4397 1643 4455 tenetur,
1666 4400 1719 4447 et
1750 4400 1795 4454 Ι)
1823 4383 2089 4447 voluerit,
2118 4382 2261 4452 legat
2300 4380 2497 4435 librum
2550 4391 2711 4448 quem
2762 4377 2953 4447 scripsi
3000 4376 3079 4429 Au
3148 4375 3406 4432 Huconen

168 4457 271 4517 licet
289 4467 503 4542 invitus,
535 4491 671 4546 papa
697 4486 875 4549 tamen
903 4478 1084 4533 infelix
1107 4480 1395 4535 ordinatur
1418 4480 1713 4539 Romanus.

166 4550 298 4615 Quod
325 4563 550 4621 audiens
589 4580 685 4620 rex
717 4576 898 4622 mente
920 4567 1159 4625 eﬂ‘renus
1178 4609 1192 4636 ,
1220 4569 1449 4625 Romam
1493 4574 1714 4632 veniens

231 4701 329 4784 (Q3)
366 4707 636 4769 Hactenus
680 4722 762 4769 est
795 4716 934 4777 apud
990 4716 1244 4772 Albinum
1298 4719 1597 4777 scholarem
1647 4739 1716 4779 ex

172 4764 705 4855 {ianizonepreliqua
757 4764 884 4840 itein
941 4764 1597 4855 suntwlionizen'is’f's‘gl
1648 4764 1716 4849 2;

170 4840 329 4979 ἓξ)ξίξὲ
374 4840 721 4911 Οὸιιεοιίιῖηίδ
783 4858 1059 4912 canonica:
1118 4840 1475 4917 seuHOe—c‘r‘e'ti
1500 4840 1595 4918 Si;
1640 4840 1716 4920 .86

231 4980 328 5056 (64)
365 4988 437 5047 De
468 4993 721 5061 Patarea,
787 4995 840 5051 id
892 5005 976 5053 est
1025 4999 1223 5055 'naeresi
1286 5000 1713 5073 Patarenorum,

1822 4486 2212 4529 scntsnntcuu
2235 4512 2251 4539 ,
2281 4479 2336 4524 et
2372 4469 2445 4525 ibi
2481 4456 2721 4523 inveniet
2750 4467 2819 4522 ad
2853 4466 3069 4538 plenum
3116 4467 3407 4522 dilucidata

1820 4580 1941 4635 quae
1965 4564 2173 4620 volucri

1823 4720 2107 4777 Mediolani
2138 4734 2202 4775 eo
2234 4729 2475 4787 tempore
2521 4723 2743 4783 exorta,
2793 4717 3002 4789 legatur
3028 4715 3224 4789 Pagius
3265 4716 3404 4785 apud

1823 4794 2020 4847 Baron.
2071 4792 2138 4845 ad
2184 4807 2275 4845 an.
2326 4791 2495 4855 1058.
2531 4806 2585 4843 ιι.
2634 4788 2687 4842 3.
2742 4788 2950 4845 Rursus
3001 4790 3140 4841 idem
3197 4788 3407 4854 legatur

1823 4864 2021 4932 Pagius
2047 4863 2114 4915 ad
2146 4877 2235 4915 an.
2272 4860 2442 4923 10M,
2477 4876 2531 4932 ιι.
2568 4859 2670 4932 77~9
2691 4900 2706 4925 ,
2738 4859 2827 4932 ubi
2869 4857 3196 4932 Bonizonem
3231 4867 3312 4910 ter
3339 4858 3406 4910 de

1861 4928 2171 4988 ontiftcibus
2193 4932 2352 4986 Rom.
2386 4931 2670 4998 scripsisse
2717 4930 2973 4993 adnotat,
3019 4928 3289 4996 refertque
3335 4941 3403 4979 ex

1861 4951 2171 4988 OllllllCIDllS
2193 4951 2352 4986 “Olli.
2386 4951 2670 4998 εει-1951586
2717 4951 2973 4993 aunuwt,
3020 4951 3227 4996 relcrtq‘

1823 4951 2112 5059 EaIIIDCClO
2148 5011 2358 5071 partem
2386 5002 2529 5056 hanc
2557 5008 2885 5070 postremam
2920 4997 3227 5051 Bonizonis.

178 5108 3394 5151 W

846 5235 1677 5363 BONIZONIS
1771 5229 2701 5363 DECRETALE

182 5417 315 5522 (Vide
340 5436 1215 5522 _Ba_l'leriniorumdisquisitionem
1252 5449 1590 5522 deantiquis
1617 5448 2027 5522 collectionibus
2054 5458 2109 5505 et
2142 5447 2521 5522 collecloribus
2548 5458 2841 5509 canonum,
2883 5454 3012 5522 pa_rs_
3047 5455 3120 5507 tv,
3146 5437 3395 5522 captiui},

273 5504 560 5591 fatrologia:
580 5504 723 5578 tom.
752 5504 897 5590 [ΝΠ
918 5504 1390 5580 ρσιζὲδέῖ-ἐέι.
1422 5504 1542 5591 (ιιῖω
1572 5519 1624 5573 in
1654 5504 2075 5591 Prolegontenis
2103 5520 2170 5576 ad
2223 5504 2572 5583 Bonizouem,
2616 5530 2798 5586 supra,
2827 5504 3081 5584 praefatus
3106 5504 3195 5568 est
3216 5504 3394 5573 'Utll'e:

184 5570 188 5575 ’
270 5573 396 5653 lius.)
439 5570 495 5607 ’⁸³

1541 5681 1923 5698 ᾖ
