3852 6308
103 337 186 410 m-
249 363 252 366 .

1517 350 1894 408 EPISTOLA'I.

3231 375 3358 431 878-

106 482 265 541 puratn
296 483 308 519 :
335 457 522 522 necad
537 461 708 522 aliena
725 466 1071 537 diiudicanda
1085 469 1226 526 valet
1254 475 1377 528 esse
1404 469 1650 535 idoneus,
1681 476 1730 534 Α
1765 468 2044 526 transierit
2075 488 2089 524 :
2119 486 2242 528 cum
2268 473 2322 529 in
2372 475 2465 532 illo
2496 485 2727 549 tyranno
2752 485 3024 554 quondam
3069 486 3335 546 bonarum
3418 489 3423 494 ’

99 561 172 630 qui
220 574 308 630 per
339 559 525 614 illicito
563 559 735 613 aliena
759 551 1081 627 'dillluendo,
1140 563 1191 615 in
1242 562 1358 617 suis
1411 563 1654 618 moribus

101 651 336 705 invenitur
385 663 669 706 erroneus.
718 649 844 705 Haec
882 651 1102 706 interim
1157 667 1328 722 pauca
1381 653 1477 708 tibi
1524 668 1654 707 cou-

103 737 404 811 scripsimus,
463 751 515 795 te
560 740 858 810 impensius
910 741 1284 811 deprecantes,
1316 752 1374 798 ut
1402 744 1666 814 petulan-.

103 833 328 887 tissimam
359 831 598 904 linguam
651 843 797 888 tuam
846 832 1004 889 freno
1056 836 1430 905 temperantia:
1467 837 1652 892 mede-

104 925 232 989 teris,
266 940 330 980 ne
368 926 413 980 si
448 935 500 980 te
526 926 683 981 nobis
725 926 1042 983 esttibueris
1059 927 1314 983 Luscium
1342 928 1646 996 Lavinium,

102 1031 320 1086 cogamur
347 1018 397 1071 in
433 1027 485 1072 te
521 1026 766 1074 nostrum
814 1018 1187 1077 acutissimum
1218 1019 1439 1091 inﬁgere
1463 1021 1650 1091 genui-

99 1123 216 1161 num.
273 1106 386 1163 Scis
433 1107 576 1163 enim
617 1109 731 1178 jam
779 1125 880 1166 nos
931 1125 1089 1182 posse
1121 1110 1339 1166 liberius
1387 1112 1646 1177 scribere,

97 1199 193 1268 quia
228 1215 326 1254 non
353 1211 441 1256 est
475 1201 620 1256 unde
649 1212 703 1258 ιιι
728 1203 907 1273 possis
933 1203 1295 1272 proscribere.

596 1295 950 1352 ’EPISTOLA
986 1296 1050 1350 ΙΙΙ
1063 1337 1074 1354 .

668 1401 738 1440 ΔΙ)
772 1401 1014 1442 ευιιῡειι.

501 1474 580 1530 De
613 1478 792 1531 eodem
824 1488 1154 1547 argumento.
1543 1504 1549 1508 '
1615 1540 1625 1554 ,

147 1559 378 1620 tlanasSze
426 1563 718 1622 Bernensis
772 1567 1029 1624 Ecclesia:
1081 1569 1356 1626 obsessori
1386 1564 1471 1626 W.
1519 1587 1650 1643 pec-.

94 1643 228 1714 calor.
1534 1707 1536 1710 .
1555 1653 1558 1656 ί

145 1750 259 1817 Quid
279 1751 597 1819 dulcedinis,
620 1755 747 1825 quid
774 1756 1000 1822 amoris,
1049 1763 1339 1828 po‘Stquam
1373 1768 1476 1814 tuo
1507 1757 1641 1830 jugo

1753 559 1959 616 artium
2015 564 2241 634 vestigia
2291 566 2516 636 fuerint,
2553 572 2751 641 quibus
2791 577 3014 632 omnino
3053 588 3110 633 tu
3159 596 3334 647 cares,

1753 651 1846 708 ille
1867 655 2144 735 excell'uit.
2175 657 2244 712 Et
2294 659 2382 738 ille
2407 663 2626 732 quidem
2658 666 2918 724 ecclesias
2965 675 3334 734 construebat.

1753 759 1808 840 tu
1847 753 2087 810 dcstruis
2119 772 2134 808 :
2177 755 2267 811 ille
2299 759 2494 829 templa
2527 763 2737 819 Domini
2766 765 3086 833 adornabat,
3121 779 3174 824 ttt
3202 786 3337 840 spo-

1750 839 1851 898 lias
1882 857 1898 896 :
1928 843 2017 899 ille
2047 844 2330 918 religiosos
2381 849 2530 905 viros
2589 868 2694 906 non
2731 855 3076 911 mediocriter
3103 839 3335 914 honora-

1749 931 1861 999 bat,
1897 943 1951 989 tu
1989 952 2117 992 vero
2145 941 2511 1010 persequeris.
2539 940 2684 996 Nihil
2713 933 2877 1014 igitur
2907 946 2959 1000 in
3001 955 3053 1002 te
3081 963 3145 1003 ex
3177 949 3334 1006 bonis

1752 1023 1913 1092 illius,
1945 1027 2038 1082 sed
2069 1027 2185 1084 sola
2211 1030 2340 1084 vitia
2373 1031 2767 1102 demigrarunt.

1818 1116 1901 1171 Ah
1924 1119 1936 1170 !
1969 1119 2137 1188 pudet
2157 1123 2432 1176 recordari
2454 1125 2816 1193 miseriarum,
2834 1126 2970 1197 quas
2987 1128 3087 1184 sub
3107 1124 3196 1184 tuo
3217 1147 3335 1187 sere
3369 1151 3372 1154 λ

1749 1207 1844 1262 vili
1885 1210 2232 1282 barbaroque
2267 1215 2511 1269 dominio
2560 1231 2752 1284 passus
2788 1219 2936 1274 sum!
2975 1221 3142 1289 pudet
3176 1223 3340 1276 remi-

1653 1319 1662 1330 ί
1747 1299 1904 1366 nisci,
1932 1312 2134 1370 quanta
2176 1304 2309 1358 mihi
2338 1305 2477 1358 mala
2532 1320 2630 1375 pro
2654 1298 2834 1372 bouis,
2889 1310 3198 1379 quantaque
3240 1327 3338 1380 pro

1746 1393 2034 1451 dilectione
2059 1411 2179 1452 mea
2213 1397 2588 1454 conviciorum
2633 1399 2765 1455 mihi
2787 1398 2970 1468 jacula
3005 1402 3338 1471 vulneraque

1648 1523 1654 1530 .
1738 1484 2052 1556 jurgiorum
2094 1487 2378 1545 retulerisl
2411 1489 2681 1547 Prwtereo
2709 1492 2885 1548 minas
2916 1492 3050 1556 tuas,
3077 1496 3339 1562 prietereo
3428 1491 3434 1498 ’

1746 1577 1890 1654 quod
1939 1578 1994 1632 in
2050 1579 2165 1655 ipsa
2223 1579 2518 1636 festivitate
2562 1583 2706 1638 beati
2747 1582 2977 1653 Remigii
3023 1566 3202 1654 follem
3251 1601 3339 1640 me

1647 1701 1654 1716 ..
1743 1667 1908 1722 verbo
1939 1669 2142 1724 rustico
2172 1670 2482 1740 appellasti.
2515 1670 2625 1727 Nec
2647 1672 2844 1743 injuria
2869 1673 2920 1727 id
2944 1674 3185 1743 quidem.
3218 1673 3336 1730 Nisi

1742 1759 1897 1833 enim
1921 1775 2022 1832 ego
2070 1761 2209 1818 follis
2235 1762 2477 1830 fuissem,
2524 1764 2591 1818 ad
2634 1773 2686 1820 te
2731 1775 2842 1818 tam
2889 1765 3185 1832 immitem,
3225 1775 3337 1821 tam

96 1843 244 1896 nescio
285 1860 398 1914 quae
443 1837 662 1901 fortuna
708 1865 792 1903 me
844 1849 1107 1914 subdidit,
1135 1864 1260 1920 erga
1316 1863 1368 1905 te
1424 1866 1642 1922 semper
1677 1837 1718 1893 Β
1748 1857 1980 1915 trucem,
2023 1861 2134 1906 tam
2197 1853 2490 1908 violentam
2523 1893 2538 1919 ,
2575 1862 2682 1907 tam
2733 1854 3029 1908 immanem
3076 1853 3331 1921 bestiam,

94 1936 329 1990 habuerim
349 1938 372 2004 τ
394 1937 520 1993 hinc
541 1939 824 1996 evidenter
839 1941 1038 2009 elucet,
1071 1943 1214 2014 quod
1241 1959 1271 1997 a
1306 1952 1355 1998 te
1385 1943 1654 2014 l‘reqneu-.

93 2029 259 2084 tissime
296 2046 482 2099 passus
537 2023 899 2092 contumelias
927 2048 982 2090 et
1027 2045 1288 2100 terrores,
1337 2036 1416 2091 sic
1458 2046 1637 2091 tamen

90 2117 212 2184 iusta:
263 2121 648 2192 indignationis
716 2123 978 2194 impetum
1029 2125 1337 2190 refrenari,
1393 2132 1451 2177 ιιι
1501 2131 1648 2178 ιιιιιι-’

91 2219 218 2277 quam
242 2211 290 2265 in
309 2211 744 2284 derogation'em,
774 2230 1054 2286 nunquam
1083 2217 1136 2270 iu
1179 2216 1450 2272 amariora
1475 2219 1648 2271 verba"

93 2303 399 2372 proruperint.
437 2304 603 2360 Certe
634 2301 972 2361 mirabantur
997 2307 1047 2362 id
1079 2308 1243 2362 etiam
1274 2307 1638 2364 eonlatetales

92 2391 166 2455 tui,
191 2407 238 2447 et
259 2409 338 2450 me
364 2395 505 2451 inter
537 2397 1036 2454 turbulentissimas
1082 2399 1257 2454 minas
1285 2410 1408 2457 tuas
1432 2412 1487 2457 et
1507 2403 1636 2457 hor-

94 2481 209 2537 ridas
229 2485 378 2540 animi
413 2497 772 2557 tempestates
804 2489 1107 2544 inhabitare
1135 2499 1318 2545 mente
1345 2493 1634 2562 tranquilla

93 2576 338 2644 animoque
365 2577 804 2650 impertui-buhili
839 2582 1162 2648 consistere,
1205 2583 1356 2638 miris
1387 2583 1636 2641 laudibus

92 2663 375 2722 clfcrehant:
406 2680 463 2724 et
491 2686 555 2725 re
579 2686 706 2726 vera
736 2671 993 2727 sedebam
1035 2672 1090 2727 in
1137 2673 1370 2743 quodam
1403 2676 1634 2732 securis-

91 2756 195 2811 simo
216 2770 380 2830 portu,
401 2772 456 2818 et
488 2763 569 2817 illi
597 2775 790 2835 petrw,
813 2765 880 2821 de
905 2782 1010 2836 qua
1035 2767 1306 2836 quondam
1340 2769 1632 2824 Israelitica

93 2849 205 2917 plebs
249 2854 474 2919 bibebat,
522 2866 582 2913 et
636 2874 667 2912 a
713 2873 818 2928 qua
865 2858 1056 2915 Petrus
1087 2861 1408 2916 vocabulum
1445 2865 1630 2930 traxit,

94 2947 333 3002 :tnchoratn
360 2951 544 3006 cordis
571 2950 777 3006 habens
793 2949 1025 3012 allixam.
1047 2951 1248 3008 Omnes
1278 2953 1634 3008 turbulentius

93 3044 181 3092 tuas
217 3039 546 3112 impetusque
585 3041 855 3096 minarum
889 3043 1290 3114 verberumque
1340 3044 1628 3112 procellas,

93 3126 206 3182 velut
244 3141 656 3188 evanescentem
704 3133 911 3187 l'ttmutn
965 3148 1322 3204 spumantique
1377 3136 1628 3206 gurgitis,

90 3207 465 3281 contemnebam.

143 3315 310 3370 Verum
348 3319 472 3388 quia
524 3317 776 3388 quisquis
829 3333 970 3373 vera!
1027 3319 1334 3376 dilectionis
1385 3331 1631 3376 movetur

89 3400 261 3467 allecto,
300 3423 400 3462 non
433 3418 620 3478 potest
673 3413 739 3462 de
769 3407 1059 3479 cujuslibet
1087 3411 1318 3478 proximi
1357 3413 1628 3468 erratibus

91 3511 168 3551 non
199 3501 394 3567 dolere;
444 3504 572 3574 plus
619 3504 749 3568 tuis,
799 3503 994 3567 fateor,
1050 3504 1230 3569 l‘uriis,
1283 3520 1444 3574 quam
1494 3507 1629 3561 meis

89 3590 452 3661 ingetttisceham
485 3595 726 3666 injuriis,
770 3597 1029 3666 illumque
1057 3596 1383 3652 versiculum
1416 3612 1626 3652 mecura

89 3696 195 3752 sape
235 3689 576 3756 convolvens,
635 3687 779 3744 Erue
832 3707 866 3744 α
923 3689 1152 3758 framea,
1187 3688 1348 3754 Dens,
1393 3689 1626 3743 animum

91 3788 235 3842 nteant,
258 3791 299 3834 ει
323 3782 384 3836 de
406 3798 575 3837 ntanu
605 3783 750 3836 canis
789 3784 999 3836 unicum
1028 3797 1236 3846 nterim;
1285 3796 1384 3851 pro
1414 3790 1465 3836 lc
1493 3797 1626 3852 quo-

88 3870 363 3941 qtteiguitas
407 3876 473 3930 ad
518 3875 806 3929 Dominum
859 3891 1047 3945 preces
1097 3873 1367 3930 interdum
1393 3891 1515 3944 cum
1547 3875 1627 3928 la-

87 3960 247 4027 rt'puis
268 3963 630 4022 cllumlebam.
657 3963 774 4020 Non
797 3964 940 4018 onitu
973 3965 1042 4018 ita
1071 3965 1354 4035 cupiebam
1382 3966 1448 4020 de
1476 3965 1626 4021 cauis

88 4048 211 4116 Iulius
254 4058 493 4113 ntanibus
539 4057 783 4124 liberari,
833 4067 891 4112 ιιι
925 4067 979 4112 ιιι
1021 4059 1080 4112 in
1125 4058 1338 4114 caninis
1384 4058 1626 4114 moribus

87 4153 383 4206 perutanercs
407 4169 422 4207 :
447 4151 548 4207 sed
579 4160 660 4215 ut,
685 4152 730 4206 si
764 4151 880 4207 fieri
933 4161 1137 4222 posset,
1171 4151 1372 4207 mentis
1416 4151 1621 4206 saevitia

87 4247 352 4310 morumque
381 4240 716 4298 bcstialitate
745 4241 1011 4312 deposita,
1065 4252 1119 4296 tu
1168 4259 1383 4312 quoque
1411 4257 1622 4296 merum

87 4321 135 4377 de
154 4331 443 4387 suavissima
473 4333 746 4389 charitate
770 4375 785 4399 ,
816 4342 874 4388 et
897 4333 964 4387 de
1002 4332 1325 4387 charissima
1349 4334 1624 4388 suavitate

86 4417 318 4482 ganderes.
348 4426 392 4480 0
422 4426 642 4496 quoties
694 4425 917 4481 adhibui
967 4424 1061 4482 tibi
1091 4426 1447 4481 medicamina
1476 4426 1622 4478 Scri-

1743 1957 1848 1997 uon
1885 1943 2174 1998 venissem.
2211 1931 2284 2000 At
2335 1955 2484 2000 certe
2511 1945 2734 2002 onmiuo
2773 1945 3096 2017 stupendum
3127 1941 3246 2012 fuit,
3279 1958 3339 2002 ut

1748 2034 1840 2103 qui
1887 2033 2030 2090 follis
2071 2036 2253 2090 exstiti
2295 2037 2364 2092 ad
2393 2025 2446 2091 te
2473 2038 2764 2104 veniendo,
2800 2053 2906 2093 non
2931 2031 3120 2094 ﬁerem
3147 2034 3334 2095 [ιιιιίοτ

1741 2127 1844 2181 sub
1882 2136 1970 2181 tua
2005 2127 2290 2198 tyrannide
2317 2120 2671 2182 remanendo.
2702 2123 2972 2183 Praetereo
3003 2128 3204 2199 ~(planta
3238 2131 3338 2184 ima

1740 2216 2012 2290 probitate
2045 2217 2342 2273 tentaveris
2377 2233 2407 2270 a
2459 2210 2547 2273 ine
2570 2214 2878 2288 pecuniam,
2908 2221 3070 2290 quam
3092 2217 3333 2277 Romane

1743 2308 1922 2362 itineri
1949 2323 2291 2378 paraveram,
2319 2303 2650 2378 exterquere
2674 2325 2691 2373 ;
2727 2308 2928 2380 quibus
2961 2309 3189 2372 artibus,
3216 2309 3342 2382 qui-'

1742 2399 1843 2454 bus
1867 2399 2006 2453 dolis
2035 2413 2120 2452 me
2142 2411 2239 2469 per
2261 2397 2578 2453 Sarabaitas
2625 2408 2746 2454 tuos
2784 2412 2840 2456 et
2871 2389 3345 2458 circt'tmcelliones'

1753 2487 2201 2542 circumveneris.
2230 2486 2501 2544 Praetereo
2532 2487 2654 2542 illas
2674 2488 2886 2545 litteras
2915 2491 3055 2559 tuas,
3086 2503 3223 2562 quas
3239 2509 3343 2549 su-‘

1741 2593 1839 2648 per
1893 2595 2123 2650 persona
2179 2594 2298 2634 mea
2330 2570 2550 2635 domino
2594 2595 2714 2635 meo
2763 2569 3012 2638 Mettensi
3071 2585 3326 2654 episcopo

1737 2672 2114 2742 conscripsisti
2160 2689 2175 2728 :
2223 2677 2488 2742 praetereo
2521 2670 2648 2727 illas
2691 2687 2826 2742 quas
2853 2667 3089 2745 Cipui'no
3132 2673 3336 2732 clerico

1739 2765 2124 2821 transmisisti.
2151 2764 2275 2820 lllas
2307 2778 2599 2836 parumper
2628 2765 2912 2836 attingam,
2949 2781 3086 2838 quas
3113 2766 3333 2824 domino

1742 2857 2045 2927 apostolico
2101 2856 2178 2912 tui
2231 2856 2415 2912 mmcii
2473 2852 2848 2926 praalulerunt,
2898 2857 2952 2913 in
3009 2849 3209 2929 quibus
3253 2859 3333 2917 sic

1733 2949 1989 3006 vecordia
2023 2957 2115 3005 tua
2139 2958 2195 3005 et
2218 2939 2539 3019 improbitas
2568 2949 2764 3004 mentis
2795 2949 3063 3020 apparuit,
3119 2960 3178 3007 ut
3209 2967 3332 3008 cum

1733 3042 2028 3098 venerabili
2073 3057 2247 3113 papae,
2281 3052 2396 3096 tttnt
2430 3038 2587 3096 sacro
2623 3037 2833 3096 senatui
2878 3041 3046 3099 fueris
3095 3037 3333 3100 ludibrio

1737 3144 1793 3190 et
1861 3135 2098 3192 horrori.
2151 3122 2456 3189 Asserebas
2497 3133 2642 3188 enim
2685 3133 2740 3188 in
2788 3129 2896 3190 illis
2950 3132 3147 3192 litteris
3201 3129 3330 3202 tuis,

1741 3246 1758 3278 ι
1795 3242 1881 3282 me
1936 3227 2214 3283 hominem
2263 3240 2385 3282 esse
2425 3226 2738 3295 pacificum,
2776 3220 3034 3282 humilem
3087 3230 3143 3284 et
3177 3225 3334 3298 quic—'

1735 3328 1868 3384 tum,
1896 3316 2115 3371 lectioni
2145 3330 2362 3385 semper
2391 3315 2690 3380 intentum;
2730 3330 2794 3371 ac
2815 3332 2912 3388 per
2937 3317 3040 3374 hoc
3080 3330 3189 3373 non
3239 3332 3327 3372 me

1735 3411 2196 3480 Francigenarum
2231 3408 2446 3476 tuisque
2472 3407 2716 3465 moribus
2748 3410 3042 3466 convenire
3073 3427 3088 3466 :
3123 3421 3175 3466 te
3193 3409 3329 3481 qua;

1731 3502 1854 3556 dam
1886 3500 2158 3570 npiniouis
2205 3514 2341 3554 mea:
2391 3497 2688 3570 fragrantia
2713 3499 2895 3570 (quam
2925 3511 3103 3556 tamen
3132 3502 3186 3556 in
3241 3519 3328 3556 me

1730 3607 1854 3661 pax,
1888 3606 1994 3644 non
2033 3591 2205 3645 virtus
2234 3589 2541 3662 pepererat)
2569 3577 2872 3658 inductum,
2904 3594 2964 3646 ut
2999 3590 3130 3647 mihi
3161 3594 3210 3646 al
3231 3593 3323 3648 ba-

1732 3685 1860 3739 tiaat
1897 3682 2084 3737 Sancti
2123 3682 2358 3752 Remigii
2406 3669 2845 3739 "commendans.
2877 3703 2896 3736 ι
2930 3684 2975 3740 Ο
3021 3695 3322 3741 monstrum

1730 3777 2100 3845 nulla,virtute
2133 3777 2476 3855 redemptum
2504 3793 2535 3833 a
2561 3779 2740 3834 vitiis!
2784 3789 3018 3850 putasne
3047 3779 3323 3836 inferioris

1727 3883 1847 3923 csse
1869 3867 2087 3923 virtutis
2119 3869 2170 3923 in
2214 3883 2350 3938 pace
2375 3873 2767 3948 temperanter,
2797 3873 3038 3927 modeste
3067 3873 3322 3930 etsobrie

1726 3962 2062 4029 conversari,-
2091 3977 2254 4032 quam
2281 3963 2334 4039 in
2355 3960 2497 4018 bello
2519 3962 2719 4018 acriter
2737 3974 2790 4018 et
2813 3963 2888 4020 for
2902 3966 3029 4021 titer
3049 3953 3285 4036 praeliari
3311 4008 3322 4019 .

1727 4067 1852 4104 cum
1906 4068 2010 4122 pax
2075 4053 2249 4108 soleat
2301 4053 2476 4110 fortes
2536 4056 2702 4110 etiam
2757 4056 2969 4113 animos
3012 4073 3317 4114 enervare:

1727 4159 1902 4214 pugna
1937 4160 2065 4200 vero
2092 4145 2338 4202 imbelles
2365 4155 2421 4202 et
2457 4147 2672 4204 desides
2702 4147 2981 4204 roborare.
3016 4149 3172 4206 Unde
3209 4165 3319 4206 non

1728 4237 2001 4292 itmnerito
2033 4239 2122 4293 ille
2144 4239 2374 4312 insignis
2403 4251 2588 4296 orator
2613 4257 2764 4296 arma
2809 4250 2944 4310 toga:
2971 4243 3167 4298 cedere
3190 4257 3317 4313 per-

1726 4327 1918 4381 suadet
1964 4329 2264 4394 subtiliter,
2318 4331 2575 4385 nimirum
2626 4331 2980 4387 considerans
3026 4332 3311 4403 pauciores

1725 4432 1846 4472 esse
1875 4417 1968 4487 qui
2011 4419 2238 4498 possint
2287 4419 2341 4473 in
2371 4435 2503 4489 pace
2538 4421 2719 4478 vivere
2757 4423 3122 4490 continenter,
3155 4437 3316 4494 quam

85 4516 344 4574 pturanuu!
382 4517 610 4585 Quoties
651 4517 966 4573 cmlestibus
991 4519 1196 4576 verbis.
1220 4517 1372 4586 quasi
1397 4517 1621 4586 quibus-
1657 4531 1702 4590 υ
1731 4512 1822 4579 qui
1859 4511 1970 4580 pali
2003 4511 2279 4566 bellorum
2327 4511 2542 4568 labores
2575 4523 2629 4568 ct
2657 4516 2898 4598 pericula
2926 4516 3215 4587 patienter.

85 4600 179 4657 datu
202 4609 559 4678 carminibus,
613 4620 762 4666 tuum
815 4611 1017 4667 tentavi
1065 4609 1312 4678 tttitigarc
1351 4610 1616 4664 l'urorcm!

85 4699 256 4758 quoties
288 4704 448 4758 etiam
475 4703 733 4758 Threicia
771 4711 827 4758 et
874 4703 1128 4757 Davitlica
1155 4701 1365 4759 citltara
1396 4711 1623 4756 conatus

83 4798 172 4840 sum
197 4788 309 4846 illud
341 4793 421 4848 vel
443 4793 750 4864 expellere,
780 4792 868 4847 vel
917 4793 1108 4850 sedare
1137 4790 1484 4857 daemonium,
1514 4807 1621 4861 quo

83 4881 273 4936 vexaris.
317 4887 387 4940 At
414 4897 503 4954 tu,
544 4877 940 4941 immanissime
985 4883 1288 4949 hominum,
1320 4883 1439 4953 plus
1473 4884 1621 4938 aloes

79 4980 206 5030 quam
239 4974 406 5031 mellis
438 4977 668 5042 habens,
710 4991 990 5046 nunquam
1039 4975 1218 5030 dulcia
1265 4977 1467 5030 monita
1494 4992 1616 5031 sns-

80 5058 250 5128 ”illisli,
279 5081 374 5122 nec
415 5067 469 5122 in
514 5067 753 5137 pectoris
781 5068 854 5123 tui
894 5083 1025 5139 agro
1051 5067 1233 5122 divina
1279 5067 1483 5122 semina
1522 5083 1618 5122 co-

81 5146 278 5210 aiescere
300 5158 621 5227 permisisti,
651 5160 704 5214 iu
730 5159 1197 5230 quoimpiissima-
1228 5159 1540 5228 cupiditatis
1565 5169 1620 5214 et

80 5243 394 5309 cupidissima:
417 5251 712 5324 impietatis
742 5254 925 5324 planta
963 5254 1260 5311 convaluit.
1610 5314 1612 5316 _

133 5336 271 5398 Certe
293 5345 419 5402 olim
449 5348 589 5418 apud
613 5348 877 5417 quosdam
933 5345 1284 5416 philosophos
1310 5345 1376 5400 de
1406 5345 1617 5400 revolu-

81 5426 279 5491 tionihus
311 5441 611 5495 animarum
641 5439 863 5510 grandis
882 5448 998 5494 erat
1021 5438 1204 5508 Opinio
1237 5455 1251 5494 :
1281 5453 1400 5508 qua:
1425 5453 1522 5507 per
1563 5445 1617 5494 te

81 5531 168 5575 non
206 5524 429 5585 inaniter
473 5533 854 5596 conﬁrmatur,
891 5531 1044 5594 dum,
1065 5530 1208 5585 sicut
1238 5529 1338 5595 illi,
1368 5529 1600 5598 Euphor-

83 5607 182 5668 hutu
219 5617 267 5674 in
293 5619 670 5694 Pythagoram,
727 5623 805 5679 sic
855 5623 908 5678 in
966 5632 1018 5678 te
1055 5605 1376 5696 Cervasium
1425 5630 1618 5691 putent

82 5706 222 5759 nostri
249 5714 496 5782 temporis
537 5715 788 5770 homines
845 5729 969 5769 esse
1025 5710 1381 5768 transfusum.
1414 5709 1616 5765 "Verum

83 5799 233 5854 nonid
263 5815 357 5873 ego
394 5807 487 5862 tibi
540 5807 928 5873 concesserim,
992 5815 1050 5861 ut
1111 5805 1199 5860 illc
1257 5805 1309 5860 in
1369 5814 1419 5861 te
1473 5815 1617 5859 totus

1799 4604 1997 4661 Verum
2041 4605 2362 4661 l‘tducialiter
2387 4605 2617 4662 dixerim
2656 4623 2778 4664 eum
2823 4625 2930 4664 non
2975 4624 3137 4679 posse
3179 4609 3319 4666 bello

1727 4699 2110 4766 succmuberc,
2144 4715 2306 4770 quem
2351 4715 2458 4754 non
2507 4700 2678 4769 potuit
2719 4716 2830 4772 pax
2876 4702 3032 4773 longa
3075 4720 3318 4760 corrum-

1724 4802 1882 4856 pere;
1909 4799 1965 4844 et
1996 4797 2133 4845 testa
2155 4803 2276 4858 qua:
2304 4789 2358 4843 in
2387 4788 2544 4858 aquis
2563 4791 2738 4859 posita
2767 4807 2872 4847 non
2903 4792 3320 4859 mollescit,dis-

1723 4883 1876 4938 silire
1911 4882 1963 4936 in
1997 4883 2212 4958 ignibus
2242 4883 2435 4938 nescit.
2462 4882 2603 4938 Risit
2635 4884 2799 4954 igitur
2827 4885 3060 4942 domnus
3088 4897 3314 4956 aposto-

1721 4973 1860 5030 iicus
1881 4961 2000 5053 illas
2030 4975 2242 5053 litteras
2287 4957 2406 5030 tuas
2436 4993 2448 5028 :
2480 4983 2536 5030 et
2578 4991 2699 5046 quae
2745 4976 2796 5030 in
2843 4977 3097 5046 iniuriam
3139 4994 3314 5032 meam

1722 5050 2054 5122 transmissa:
2099 5051 2244 5133 sunt,
2284 5055 2500 5124 laudem
2549 5069 2681 5124 mihi
2723 5079 2780 5124 et
2821 5070 3050 5140 gloriam
3091 5083 3316 5139 pepere-

1720 5168 1866 5215 runt.
1885 5159 2124 5215 Contulit
2150 5174 2278 5230 ergo
2301 5161 2433 5216 mihi
2466 5161 2606 5216 idem
2636 5161 2960 5217 venerabilis
2985 5176 3122 5230 papa
3147 5161 3312 5216 abba-

1717 5251 1850 5305 tiam
1881 5249 2066 5304 Sancti
2107 5249 2336 5322 Remigii
2373 5250 2458 5307 vel
2493 5251 2781 5318 retinendi,
2819 5250 2905 5305 vel
2933 5249 3214 5306 deserendi
3243 5249 3310 5304 li-

1717 5342 1904 5398 beram
1957 5349 2281 5412 potestatem
2320 5358 2336 5398 :
2395 5342 2551 5411 isque
2591 5337 2682 5394 tibi
2728 5342 3037 5418 litterarum
3087 5356 3308 5396 suarum

1719 5435 2044 5492 auctoritate
2071 5435 2370 5504 mandavit,
2397 5444 2459 5490 ut
2488 5437 2624 5491 nihil
2648 5451 2715 5491 ex
2739 5435 3053 5504 supradicta
3092 5431 3308 5489 abbatia

1718 5525 1954 5592 faceres,
1984 5525 2088 5581 nisi
2134 5525 2280 5596 quod
2327 5526 2580 5582 voluntas
2605 5542 2720 5581 mea
2749 5525 3148 5594 consiliumque
3173 5541 3309 5595 prae-

1717 5619 2000 5674 scriberet.
2049 5617 2162 5688 Ego
2211 5619 2265 5673 in
2303 5619 2578 5674 redeundo
2602 5619 2689 5672 diu
2725 5632 2936 5673 mecum
2972 5619 3308 5687 multumque

1718 5710 2044 5777 deliberans,
2072 5725 2331 5784 meosque
2359 5724 2539 5764 mores
2564 5719 2789 5780 tuosque
2814 5708 3129 5778 collibrans,
3157 5725 3304 5788 sum-_

1719 5818 1864 5857 mum
1892 5802 2018 5856 duxi
2049 5801 2218 5866 nefas,
2246 5801 2289 5855 si
2318 5800 2400 5854 vel
2424 5815 2488 5853 ex
2519 5800 2722 5880 visione
2748 5815 2838 5857 tua
2869 5817 3020 5858 meus
3062 5817 3300 5872 unquam
