3848 6292
491 301 593 357 379
1629 285 2000 344 CCILLELMI
2040 280 2335 341 ABBATIS
2370 282 2428 338 S.
2465 280 2772 338 ARNULFI
3637 279 3731 341 mu

489 411 717 471 ulterius
755 388 1243 465 commacularetur
1284 410 1558 474 aspectus.
1614 401 1730 456 Non
1772 400 2081 468 estitaque
2108 400 2154 459 Α
2183 396 2490 466 prosiliens,
2541 412 2643 451 nec
2686 410 2772 451 me
2808 402 3017 451 terrere
3060 394 3246 461 minis,
3288 406 3393 450 nec
3430 392 3728 465 subplantam.

487 501 694 561 levitati
719 508 775 555 et
797 496 1175 555 inconstantiae
1204 496 1596 566 deputandum,
1627 493 1770 563 quod
1802 491 2103 547 abbatiam‘
2187 488 2420 557 insidiis,
2454 491 2700 544 nesciens
2730 488 2895 543 miser
2931 488 3031 544 sub
3058 488 3207 543 illius
3243 502 3331 542 me
3358 487 3544 556 capitis
3572 490 3712 546 umbra

489 603 639 649 tuam
686 588 1132 656 consortiumque
1162 594 1313 641 tuum
1354 583 1688 655 aufugerim;
1735 584 1897 654 idque
1951 580 2081 637 mibi
2189 577 2596 649 infatigabiliter
2637 577 2952 641 decertare,
2994 593 3024 631 a
3065 592 3173 646 quo
3211 575 3517 633 conculcari
3556 577 3713 636 leonem

491 682 767 759 perfacile,
794 679 1041 751 quisquis
1073 688 1122 732 te
1153 677 1416 748 agnoscit,
1455 674 1711 747 ignoscit.
2187 679 2243 727 et
2268 670 2559 726 draconem
2604 671 2730 724 tuba
2760 671 3071 741 prophetica
3112 679 3473 740 praeconatur.
3500 668 3563 725 Ut
3594 671 3715 739 igitur

1052 790 1388 849 EPISTULA
1426 789 1512 844 Iv.
2188 774 2292 816 non
2324 759 2397 815 illi
2433 759 2713 823 virulenta:
2734 760 2965 825 insidiae,
2991 759 3071 814 sic
3098 774 3200 814 nec
3220 761 3353 814 mibi
3383 760 3487 814 lico
3510 763 3711 831 propitio,

950 904 1019 942 AD
1057 899 1310 951 Quum”
1350 898 1619 937 “munt
2187 851 2386 921 quibus
2411 863 2506 905 eas
2536 849 2879 919 repellerem,
2908 850 3013 905 doli
3039 858 3090 905 et
3117 850 3335 904 astutia:
3365 850 3587 907 defuere.
3607 852 3715 909 Lict't

471 1040 478 1051 ,
704 981 957 1051 Ejusdem
986 976 1279 1049 argumenti
1307 992 1369 1029 ac
1404 975 1523 1028 dum
1550 975 1865 1043 superiores.

530 1062 537 1068 ’
568 1070 1011 1128 Desiderabiliter
1045 1066 1338 1123 venerabili
1388 1074 1441 1120 et
1466 1064 1850 1119 venerabiliter
1872 1063 2082 1119 deside-

488 1156 645 1219 rabili
676 1163 873 1215 domno
912 1170 967 1215 et
1010 1156 1161 1212 Patri
1203 1154 1291 1221 ll.,
1325 1153 1413 1209 W.
1448 1162 1729 1223 peccator,
1752 1152 2078 1218 orationem,

476 1254 792 1325 κῆρι-νῖιίιιιη.

560 1346 756 1416 Accepi
784 1344 995 1398 litteras
1025 1350 1145 1397 tuas
1168 1382 1182 1408 ,
1216 1340 1428 1396 litteras
1462 1354 1610 1411 purae
1657 1336 2078 1404 benevolentiae,

485 1422 698 1496 litteras
728 1434 1084 1493 Sincerissitni
1134 1434 1339 1489 amoris
1390 1433 1514 1504 igne
1563 1431 1855 1497 ferventes,
1897 1438 1951 1486 et
1993 1430 2082 1484 in-

490 1528 634 1587 tiniae
661 1528 966 1585 dilectionis
991 1526 1248 1582 inellabili
1278 1524 1566 1597 Splendore
1610 1522 1875 1578 lucentes.
1913 1521 1968 1576 ln
1996 1521 2082 1577 bis

486 1586 666 1678 imam
726 1620 921 1675 “ueris
978 1619 1084 1672 luis
1133 1586 1418 1671 assere'ms
1470 1623 1521 1669 le
1571 1628 1678 1670 non
1736 1613 2084 1669 mediocriter
2185 1586 2277 1643 illo
2303 1592 2571 1647 cervicem
2609 1587 2955 1643 inflexibilem
2987 1600 3042 1642 et
3074 1586 3547 1654 crectam,oculos
3579 1587 3721 1657 plenos

487 1711 769 1777 admirari,
794 1727 880 1766 me
909 1709 987 1764 sic
1011 1708 1147 1775 falli,
1175 1708 1253 1763 sic
1282 1706 1452 1775 decipi
1480 1705 1744 1775 potuisse,
1776 1713 1834 1759 ut
1858 1704 1910 1759 in
1938 1714 2080 1759 terra

2200 1678 2339 1736 iuriis
2374 1682 2478 1736 ltuc
2520 1680 2757 1750 illucque
2784 1688 3091 1743 currentes,
3136 1694 3299 1734 nares
3340 1678 3597 1747 spirantes
3625 1696 3716 1736 con-

487 1801 844 1866 Francorum,
892 1799 1047 1870 quasi
1086 1799 1141 1853 in
1173 1798 1293 1852 lacu
1325 1797 1570 1862 leonum,
1614 1810 1700 1850 me
1742 1810 1937 1865 passus
1979 1794 2078 1849 sint

2200 1782 2472 1842 .entptum,
2504 1786 2812 1828 sermonem
2878 1771 3090 1825 varium
3149 1769 3368 1839 sibique
3416 1769 3722 1837 dissimilem,

489 1904 599 1951 tam
631 1904 832 1949 temere
864 1892 1128 1961 facileque
1157 1889 1407 1945 contrudi
1436 1907 1451 1944 :
1482 1888 1784 1961 praesertim
1827 1902 1951 1942 cum
1991 1902 2076 1941 tne

2203 1866 2328 1919 nulla
2354 1866 2743 1936 consequentia
2767 1864 3023 1935 nullaque
3048 1864 3261 1920 ratione
3284 1865 3721 1930 constantem,bu-

486 1990 556 2044 ab
586 1990 689 2043 ltoc
720 1987 863 2043 letali
896 1986 1137 2041 facinore
1176 1985 1322 2040 illius
1346 1982 1742 2039 crucntissimae
1768 1981 1954 2037 beStiae
1981 1981 2078 2035 im-

2200 1973 2364 2013 neros
2384 1957 2694 2028 jactabiles,
2725 1959 2891 2030 pedes
2916 1957 3223 2023 instabiles,
3245 1958 3511 2013 incessum
3536 1956 3723 2028 inazqua-

486 2080 725 2134 tnanitas
779 2091 1039 2132 revocare
1090 2074 1375 2141 debuerit,
1432 2073 1645 2129 etiamsi
1701 2080 1897 2127 caetera
1946 2070 2079 2126 satis

2202 2064 2311 2113 em,
2343 2049 2782 2120 incompositum,
2808 2049 3144 2116 indecorum,
3177 2064 3373 2102 manus
3399 2051 3724 2117 rapaces,vio-

488 2170 671 2241 quieta
701 2178 922 2238 tutaque
954 2166 1153 2223 forent.
1182 2166 1382 2221 Fateor
1412 2166 1483 2220 ita
1517 2180 1660 2231 esse,
1696 2163 1900 2234 tibique
1923 2178 2078 2218 vera-

2202 2150 2374 2208 etttas,
2419 2152 2699 2213 promptas
2752 2142 2817 2196 ad
2861 2142 3061 2197 caedem
3101 2155 3156 2196 et
3196 2142 3266 2197 ad
3306 2140 3723 2211 injuriam'proxi-

486 2234 628 2318 eiter
657 2234 849 2316 nteanr
869 2260 1232 2315 temeritatem
1262 2272 1550 2328 meamque
1575 2255 1862 2310 stultitiam
1890 2253 2075 2320 oltjur-
2183 2250 2417 2328 “A'orl‘l'l-
2465 2235 2600 2290 Cum
2656 2235 2819 2328 ίεῖιυτ
2847 2235 2971 2328 hinc
3014 2235 3070 2289 in
3117 2236 3208 2328 “‘9
3258 2245 3533 2328 νθηξὲηυιεε
3567 2234 3725 2328 ξη-θωξδ

487 2352 659 2423 ganti,
678 2350 805 2417 quid
829 2349 1218 2416 excusationis,
1246 2348 1373 2419 quid
1403 2347 1735 2403 defensionis
1764 2346 2076 2408 obtentlam,

2200 2326 2336 2396 tigna
2382 2327 2778 2396 perspexerim,
2806 2325 3010 2380 ultimae
3038 2325 3264 2380 omnino
3306 2325 3534 2379 miseriae
3562 2324 3638 2376 fuit
3663 2323 3723 2375 sic

486 2458 575 2496 me
606 2458 711 2496 non
752 2442 953 2497 habere
995 2440 1281 2497 conﬁteor.
1313 2440 1513 2496 Verum
1556 2439 1720 2493 debes
1768 2437 2079 2491 meminisse

2200 2432 2275 2470 ine
2321 2417 2566 2485 potuisse
2614 2416 2967 2486 miltintetipsi
2998 2416 3301 2480 absentari,
3328 2424 3387 2468 ut
3429 2431 3635 2484 unquam
3658 2430 3725 2467 me

487 2530 821 2587 inﬁrmitatis
851 2532 1123 2596 humanae,
1151 2529 1553 2600 neminemque,
1572 2527 1709 2582 'dutn
1744 2529 1795 2581 itt
1826 2528 1928 2582 ltoc
1958 2541 2080 2581 cor-

2200 2526 2378 2581 tassus
2400 2512 2501 2567 sim
2534 2514 2651 2581 ejus
2680 2511 2764 2564 vel
2795 2512 3045 2565 convictu
3076 2510 3158 2564 vel
3189 2510 3463 2579 colloquio
3491 2506 3723 2561 maculari.

486 2639 618 2693 pore
645 2623 839 2679 mortis
868 2624 1091 2690 vivitur,
1125 2623 1199 2677 ita
1232 2622 1347 2677 fore
1379 2622 1706 2694 perfectum,
1737 2632 1924 2677 utnon
1953 2624 2080 2677 sub-

2200 2610 2357 2671 Spero
2384 2611 2564 2657 autent
2582 2602 2696 2673 jam
2729 2618 2813 2656 me
2849 2602 2917 2655 de
2943 2611 3142 2655 caetero
3168 2598 3716 2669 pt'0sp.:ctioretn,pur-

481 2688 664 2785 jaceat
703 2688 1087 2769 mutabilitatis
1119 2714 1345 2769 incerto.
1379 2688 1530 2782 -Quid
1570 2714 1715 2768 enim
1767 2713 1963 2767 mirum
1994 2730 2080 2769 tne

2200 2695 2470 2764 gatiorem,
2504 2688 2917 2765 cautioreinque
2940 2692 3219 2757 futurum;
3262 2693 3306 2747 si
3354 2702 3526 2747 tamen
3552 2690 3724 2745 ttttnilii

487 2806 677 2862 alienis
721 2807 951 2863 cessisse
1000 2807 1265 2872 consiliis,
1307 2814 1362 2861 et
1412 2822 1443 2861 a
1494 2806 1807 2861 stabilitatis
1850 2806 2080 2877 propria:

2200 2785 2439 2856 )pitulari
2494 2801 2600 2842 non
2657 2788 2865 2842 almuas
2894 2827 2910 2852 ,
2960 2785 3323 2857 precibusque
3391 2782 3726 2854 potentissimis

487 2898 746 2953 ﬁrmitate
772 2899 1053 2967 paululum
1088 2898 1374 2963 titubasse,
1399 2914 1522 2953 cum
1551 2906 1605 2953 et
1628 2897 1818 2963 David,
1846 2876 2080 2966 pruden-

2200 2892 2380 2948 tgere,
2420 2887 2482 2933 ut
2537 2880 2653 2933 lucc
2683 2879 2835 2941 mibi,
2868 2893 2990 2947 quae
3019 2894 3084 2932 ex
3123 2878 3364 2947 quadam
3404 2877 3588 2931 mentis
3606 2876 3726 2930 ovili-

488 2988 730 3045 tiSsiznus
753 2990 1162 3060 prophetarum,
1178 2991 1322 3045 servi
1343 2991 1397 3045 in
1419 2989 1695 3045 dominum
1721 2989 2081 3061 Mipltibosctlt
2184 2979 2296 3026 ιθίθ
2315 2980 2594 3027 comma“
2616 2981 2725 3039 es"
2749 2971 3026 3040 ῐ¹τ⁰¹³¹Ρδί⁰
3054 2971 3386 3025 mmmam“
3419 2967 3557 3024 V313-

2187 958 2317 1015 ergo
2339 943 2483 998 illius
2509 958 2595 997 me
2609 942 2738 1015 jttgo
2761 944 3083 1014 subjecerim
3109 944 3484 1014 imprudenter
3501 946 3562 999 ad
3587 948 3713 1001 modi-

2186 1048 2330 1097 cum,
2355 1038 2535 1087 tamen
2559 1032 2781 1089 toleravi
2809 1032 3097 1103 patienter,
3133 1034 3279 1089 evasi
3309 1035 3587 1104 sapienter.

2256 1124 2457 1180 Verum
2506 1142 2611 1181 non
2652 1126 2875 1182 minimo
2920 1129 3124 1198 pudore
3167 1126 3494 1193 confundor,
3526 1144 3601 1185 me
3630 1130 3719 1201 plus

2094 1264 2099 1267 _
2184 1216 2480 1271 credidisse
2506 1218 2685 1272 verbis
2717 1218 2931 1282 alienis,
2961 1232 3122 1288 quam
3156 1219 3336 1274 oculis
3361 1219 3494 1274 meis
3523 1236 3536 1271 :
3563 1229 3609 1274 ct
3628 1236 3717 1275 Clltl‘i

2186 1306 2240 1361 in
2288 1306 2380 1362 illo
2423 1307 2553 1362 mibi
2583 1309 2746 1361 totius
2778 1310 3135 1378 malignitatis
3164 1308 3362 1363 indicia
3407 1321 3718 1377 apparerent,

2186 1416 2273 1455 me
2293 1416 2416 1456 cum
2447 1401 2536 1456 illo
2567 1401 2650 1456 vel
2674 1403 2773 1459 sub
2795 1404 2886 1458 illo
2918 1403 3264 1460 consensisse
3295 1414 3493 1472 puncto
3519 1406 3720 1472 temporis

2186 1493 2467 1549 immorari
2506 1494 2891 1552 miserabiliter
2920 1496 3205 1553 erubesco.
3248 1496 3413 1552 Certe
3444 1496 3657 1550 videbant
3680 1500 3719 1550 in

487 3082 827 3136 accusationi
865 3081 1014 3137 falsae
1042 3083 1370 3149 crediderit;
1402 3092 1458 3139 ct
1482 3081 1667 3138 Josias‘
1700 3098 1793 3137 rex
1838 3083 1926 3139 ille
1954 3099 2081 3139 san-
2122 3145 2153 3149 _
2756 3063 3097 3118 ΕΜδΤθίδΑ
3147 3062 3209 3116 νο

488 3169 782 3237 ctissitnus,
816 3171 1096 3240 unicteque
1124 3172 1341 3241 pietatis
1374 3174 1426 3231 in
1476 3172 1786 3239 Dominum,
1819 3188 1917 3243 pro
1953 3188 2079 3243 rege
2108 3145 2155 3208 c
2630 3172 2699 3211 Αι)
2740 3172 3026 3212 “meum”
3062 3172 3338 3221 QUEM“-

492 3258 842 3331 Assyriorum
890 3263 945 3317 in
988 3260 1207 3319 Necltao
1259 3278 1437 3335 regem
1484 3263 1703 3335 Egypti
1746 3279 2080 3336 consurgens

2296 3249 2459 3305 Illum
2495 3250 2564 3304 ad
2602 3266 2763 3305 unum
2802 3249 2973 3304 Deum
3002 3251 3350 3321 quarreudum
3388 3251 3623 3304 hortatur.

485 3346 699 3403 Domini
729 3349 1112 3420 provocaverit
1140 3350 1310 3418 iram;
1341 3369 1460 3422 quae
1491 3361 1693 3421 tamen,
1719 3368 1788 3408 ne
1816 3354 1948 3409 tanti
1978 3354 2079 3409 viri
2253 3342 2621 3399 Dilectissimo
2669 3344 2823 3397 fratri
2871 3342 2959 3405 Α.,
2987 3341 3077 3397 W.
3103 3352 3384 3414 peccator,
3421 3343 3607 3397 intima:
3624 3340 3727 3396 diie-

484 3441 742 3495 meritum
798 3440 1102 3511 deperiret,
1134 3445 1443 3499 transitoria
1474 3459 1633 3515 ptena
1668 3456 1950 3515 morteque
1994 3461 2078 3501 se-
2182 3437 2378 3492 CliOIIiS
2409 3434 2677 3491 ασοοιιιηιο

408 3576 409 3581 η
485 3531 614 3587 data
648 3542 731 3588 est
760 3536 1071 3605 temporali.
1102 3537 1217 3592 Non
1250 3545 1334 3592 est
1380 3538 1546 3607 igitur
1586 3539 2003 3607 admirandum,
2033 3541 2077 3595 si
2252 3528 2453 3583 Omnes
2478 3529 2696 3598 quidem
2744 3528 2994 3583 homines
3022 3528 3115 3599 qui
3163 3543 3336 3584 sacrae
3382 3527 3501 3583 ﬁdei
3539 3527 3725 3595 clagu'r

486 3630 541 3675 ct
569 3636 668 3676 nos
704 3625 796 3694 qui
848 3626 1179 3683 involvimur
1221 3630 1460 3685 tenebris
1508 3640 1884 3699 peccatorum,
1918 3632 1969 3686 in
2001 3632 2079 3686 lu-

2200 3619 2345 3674 ,ionis
2395 3620 2589 3674 divina:
2643 3636 2870 3675 munere
2921 3620 3249 3691 gloriantur,
3291 3622 3449 3677 decet
3492 3630 3654 3675 sancte
3683 3627 3724 3671 et

484 3711 640 3767 brico
670 3713 865 3771 itinere
896 3716 1165 3784 labimur,
1197 3728 1254 3774 ct
1287 3720 1338 3772 in
1369 3720 1571 3774 nostris
1598 3720 1842 3775 consiliis
1871 3722 2077 3791 caliga-
2181 3710 2527 3766 laudabililel‘
2558 3711 2894 3766 conversari-
2929 3711 3100 3782 Hujus
3144 3720 3329 3766 iamet!
3360 3712 3549 3782 υθεοιὶί
3586 3711 3722 3779 maius

485 3818 648 3859 mus:
683 3820 806 3859 cum
841 3806 977 3863 tales
1011 3810 1252 3880 tantique
1299 3812 1400 3865 viri
1444 3811 1765 3881 ignorantia:
1806 3814 2077 3881 potuerint

2200 3804 2268 3859 tis
2319 3805 2531 3874 pondus
2590 3803 2878 3868 incumbit,
2927 3805 3018 3873 qui
3068 3803 3446 3859 excellentiori
3495 3803 3723 3873 proposito

483 3896 671 3951 nubilo
699 3898 1009 3967 obscurari,
1038 3903 1089 3955 itt
1122 3917 1355 3971 quorum
1393 3904 1507 3957 vita
1546 3914 1600 3958 et
1630 3902 1870 3961 moribus
1899 3906 2077 3962 lumen

2200 3909 2307 3949 suas
2337 3895 2550 3949 animas
2596 3895 2899 3950 voluntarie
2929 3895 3306 3967 subjugantes,
3353 3897 3608 3966 animique
3640 3893 3721 3947 ier-

476 3984 707 4056 iuslilia:
734 4000 789 4045 cl
813 3992 942 4047 solis
966 3995 1131 4049 etiam
1162 3997 1384 4051 claritas
1416 3996 1738 4067 refulgebat.
2183 4003 2313 4044 vore
2345 3988 2581 4044 mirabili
2629 3990 2873 4063 omnium
2915 3999 3308 4059 praeceptorum
3360 3989 3623 4045 cacumina
3654 4001 3721 4042 su-

554 4080 622 4135 Et
667 4097 768 4152 ego
802 4084 1025 4153 quidem
1054 4088 1289 4157 quadam
1319 4087 1539 4143 virtutis
1573 4087 1811 4158 imagine
1838 4104 1956 4144 sum
1984 4090 2079 4146 de-
2182 4083 2471 4154 pergressi.
2504 4084 2557 4138 in
2586 4082 2785 4138 Christi
2815 4097 3044 4153 corpore
3079 4084 3235 4153 quasi
3286 4084 3531 4154 quaedam
3568 4081 3720 4139 claris-

480 4183 692 4242 Ccplus,
724 4183 778 4229 ct
810 4185 868 4230 ut
895 4176 1038 4231 illius
1068 4180 1195 4233 ferae
1226 4179 1480 4247 pessima:
1520 4181 1862 4252 monstrique
1894 4183 2079 4237 horri—
2180 4177 2317 4230 situa
2343 4176 2543 4232 lumina
2573 4177 2826 4231 emicant.
2852 4177 2988 4232 Cum
3024 4176 3172 4232 enim
3198 4176 3451 4248 coniugia
3478 4174 3722 4248 apostolico

480 4264 605 4319 bilis
630 4267 835 4322 saevitia
869 4269 1048 4325 minus
1084 4282 1544 4342 prospectaretur,
1570 4285 1961 4344 prOSpectaque
1990 4293 2078 4331 ca-

2200 4282 2275 4320 ire
2304 4265 2613 4331 laudentur,
2638 4276 2693 4321 et
2721 4280 2785 4321 ex
2820 4264 3170 4322 facultatibus
3200 4267 3317 4322 suis
3338 4277 3541 4337 partem
3566 4278 3719 4335 paupe-

480 4371 721 4426 veretur,
756 4361 969 4419 miseris
1012 4366 1290 4420 monachis
1327 4375 1380 4421 et
1409 4366 1606 4423 alllicto
1638 4368 1755 4424 loco
1779 4386 1942 4425 causa
1980 4371 2079 4426 fuit
2182 4359 2333 4414 ribus
2353 4370 2662 4430 θιόείιηιεε,
2692 4360 2851 4415 δθάοθ
2872 4363 3177 4425 beillorum.
3209 4374 3539 4429 camposque
3556 4358 3719 4428 Elysios

480 4450 710 4506 intentio
742 4455 1074 4513 consulendi.
1114 4456 1477 4514 Pollicebatur
1522 4460 1665 4515 enim
1706 4460 1795 4516 ille
1839 4478 1970 4533 aper
2011 4462 2077 4519 de
2109 4498 2155 4557 ο
2181 4462 2610 4523 consequantur.
2660 4454 2745 4509 isti
2798 4462 2978 4507 tamen
3023 4450 3149 4506 vim
3199 4452 3542 4521 perfecimus
3578 4462 3720 4506 sum

480 4544 616 4598 silva
646 4548 877 4615 crebris,
910 4553 1247 4623 multumque
1286 4553 1619 4609 terribilibus
1643 4553 1985 4623 iuramentis,
2017 4574 2074 4614 se

2200 4546 2362 4599 minia
2414 4545 2644 4600 visibilia
2677 4556 3119 4613 contemnentes,
3154 4551 3326 4620 ipsam
3373 4549 3547 4605 subito
3578 4558 3719 4600 mou:-

478 4636 694 4691 vineam
738 4639 947 4695 Domini
996 4656 1270 4713 nunquam
1302 4644 1527 4701 ulterius
1560 4646 1942 4716 depasturum,
1975 4664 2075 4704 nec

2200 4636 2298 4692 lem
2326 4636 2568 4706 arripere
2600 4638 2924 4707 maluerunt,
2965 4655 3128 4710 quam
3166 4657 3235 4696 ex
3269 4642 3359 4697 liis
3390 4638 3719 4710 temporalibus

479 4730 546 4783 de
573 4742 639 4784 ea
662 4730 958 4803 quidquam
988 4732 1320 4802 ablaturum,
1349 4734 1449 4791 nisi
1476 4736 1619 4805 quod
1649 4736 1700 4790 ei
1724 4726 1914 4793 manus
1944 4754 2075 4794 mea:

2200 4729 2376 4798 gradus
2400 4728 2632 4796 elﬁcere,
2654 4732 2850 4800 quibus
2895 4732 2961 4787 ad
3008 4733 3157 4788 illam
3184 4735 3585 4790 conscenditur.
3616 4731 3719 4783 Sane

477 4831 777 4892 spontanea
820 4823 1036 4896 largitio
1068 4826 1407 4881 contulisset.
1439 4826 1684 4892 Credidi,
1717 4827 1920 4895 fateor,
1952 4843 2075 4898 pro-

2200 4820 2319 4889 [trod
2350 4821 2532 4876 omnia
2574 4822 2881 4878 referantur
2910 4824 2976 4879 ad
3010 4826 3331 4893 mouadetn,
3372 4837 3429 4881 et
3453 4826 3573 4897 quia
3597 4834 3720 4891 super

476 4915 828 4973 missionibus
856 4917 994 4987 ejus,
1029 4934 1137 4974 non
1172 4919 1305 4975 levis
1330 4918 1512 4974 meriti
1547 4920 1853 4975 minimaeve
1893 4936 2071 4978 remu-

2200 4911 2447 4979 tniversa,
2478 4927 2598 4983 quae
2623 4928 2721 4982 per
2747 4914 2917 4984 ipsam
2949 4914 3093 4970 facta
3121 4926 3270 4984 sunt,
3296 4927 3480 4973 teneat
3500 4915 3720 4987 principa-

476 5009 776 5065 nerationis
801 5009 1074 5067 arbitrans
1104 5010 1241 5077 fore,
1274 5011 1319 5065 si
1342 5025 1440 5080 per
1469 5026 1555 5064 me
1585 5019 1769 5081 posset
1795 5011 1939 5069 illius
1961 5022 2073 5068 tru-

2204 5019 2291 5057 um
2326 5004 2610 5075 Scriptura
2641 5006 2729 5061 illa
2761 5009 2893 5063 satis
2922 5008 3205 5065 evidenter
3247 5011 3514 5078 ostendit,
3541 5023 3646 5079 qua:
3675 5008 3721 5059 dc

426 5178 429 5183 ἡ
475 5095 714 5155 calentia
740 5101 1052 5169 temperari.
1082 5102 1151 5154 At
1174 5101 1261 5155 ille
1294 5101 1677 5172 rapacissimus
1700 5101 1856 5173 lupus
1881 5103 2073 5162 callide
2176 5097 2439 5167 δηρῐειιιὶλι
2471 5099 2719 5169 loquens,
2747 5101 2879 5157 Cum
2914 5121 3052 5172 una.
3086 5104 3287 5175 ἱηιιυῑι,
3329 5106 3422 5172 εει»
3455 5105 3617 5159 omnia
3650 5115 3719 5168 Po“

472 5189 804 5248 blandiendo
850 5200 905 5245 et
947 5191 1081 5248 falsa
1111 5193 1434 5263 pollicendo,
1483 5195 1705 5249 omnino
1750 5195 2075 5251 moliebatur
2174 5203 2291 5249 test.
2313 5196 2379 5253 Et
2399 5216 2562 5256 unam
2593 5213 2652 5254 se
2679 5215 2707 5251 a
2734 5197 2960 5252 Domino
2982 5208 3170 5267 petere
3191 5197 3479 5252 l’salntista
3502 5204 3719 5250 testatur

473 5282 764 5337 abbatiolae
796 5290 1025 5347 nostrae,
1057 5298 1176 5353 qua:
1206 5300 1306 5355 pro
1348 5284 1565 5340 modulo
1608 5300 1707 5339 suo
1756 5287 1889 5341 satis
1924 5287 2072 5342 ordia
2175 5296 2229 5342 ct
2257 5303 2382 5344 arca
2409 5304 2530 5360 quae
2570 5305 2599 5344 a
2634 5288 2744 5345 Noe
2774 5296 3087 5346 constructa
3111 5298 3215 5357 est,
3246 5288 3339 5344 ubi
3369 5299 3622 5344 mensura
3643 5295 3722 5335 εἰε-

472 5383 601 5429 nata
626 5374 867 5446 satisque
894 5376 1189 5447 composita
1230 5376 1530 5445 videbatur,
1560 5377 1775 5432 dentem
1816 5377 2067 5450 inﬁgere;
2174 5376 2299 5433 litus
2327 5378 2526 5435 dantur
2546 5423 2560 5447 ,
2594 5381 2647 5435 in
2680 5380 3026 5438 inferioribus
3064 5390 3434 5438 trecentorum
3461 5378 3720 5436 cubitorum

474 5473 531 5519 et
568 5480 689 5535 quae
725 5466 1035 5538 pestilentia
1080 5484 1177 5525 sua
1212 5468 1565 5541 protriverat,
1613 5468 1668 5523 in
1709 5468 1928 5526 malitia:
1962 5486 2072 5527 sua:
2175 5470 2584 5542 longitudinem,
2619 5484 2677 5530 et
2704 5475 3099 5546 quinquaginta
3136 5474 3480 5531 latitudinem
3506 5468 3725 5528 habuisse

474 5566 721 5613 ventrem
746 5575 964 5634 quoquo
990 5563 1148 5619 modo
1180 5563 1358 5618 aliena
1395 5562 1758 5631 consciscere.
1790 5563 1893 5630 Qui
1925 5572 2070 5633 post-
2172 5561 2536 5620 describitur:
2568 5581 2689 5635 quae
2729 5576 2907 5622 tamen
2942 5568 3008 5622 ad
3042 5568 3237 5636 altiora
3264 5557 3725 5639 cortsurgenscosi‘

477 5666 641 5745 quam
665 5667 723 5709 se
750 5656 883 5711 vidit
908 5656 1108 5712 frustra
1161 5658 1257 5712 niti
1300 5665 1554 5727 artesque
1590 5671 1651 5710 su
1674 5675 1716 5713 IS
1742 5659 1843 5714 sibi
1878 5674 2066 5729 parum
2175 5669 2261 5711 tttr
2293 5659 2344 5711 in
2371 5668 2679 5729 angustum,
2714 5660 2788 5715 ita
2834 5670 2891 5715 ut
2921 5661 3206 5717 suztitttitas
3240 5660 3361 5731 ejus
3396 5662 3446 5717 in
3478 5660 3624 5715 unius
3646 5666 3721 5705 cu-

479 5747 809 5815 ᾑτοίεριιθῑε,’
836 5750 888 5803 iit
918 5759 1156 5818 apertam
1190 5751 1453 5806 insaniam
1482 5751 1805 5822 solitumque
1829 5753 2063 5808 furorem
2174 5748 2267 5803 bili
2300 5749 2532 5818 spatium
2565 5751 2903 5806 tcrminetur.
