3852 6308
116 374 193 434 881

1512 357 1890 416 EPISTOLE.

3238 362 3344 421 88?.

175 485 318 543 Vides
351 496 477 554 ergo
498 476 768 550 quomodo
799 476 1049 532 universa
1087 478 1402 543 reotgantur
1432 471 1499 525 al
1541 485 1657 527 mo-
1688 476 1732 534 Λ
1763 471 1842 526 sic
1882 471 2236 540 impatientia:
2276 471 2426 528 virus
2467 472 2897 543 longanimitatis
2931 474 3178 531 antidoto
3209 484 3345 534 tem-

115 579 313 635 nudent:
344 588 500 644 quam
526 571 613 640 qui
645 570 696 624 in
718 566 970 639 praesenti
997 565 1232 636 potuerit
1259 562 1522 626 obtinere,
1541 561 1655 632 jam

114 670 321 743 profecto
362 666 490 722 illud
546 665 598 719 in
642 664 744 718 hac
786 661 1118 717 mortalitate
1160 661 1536 731 consequitur,
1587 658 1655 714 ad

111 740 229 833 iiuod
256 761 305 815 in
345 758 431 812 illa
463 753 857 810 resurrectione
894 752 1166 807 communi
1196 752 1374 808 omnis
1405 758 1654 807 creatura

112 851 354 910 rationalis
373 858 555 907 sancta
583 857 638 904 ct
667 846 865 902 munda
892 845 1142 902 devenire
1159 844 1457 901 contendit.
1482 843 1653 906 Tunc,

110 960 154 1001 ut
186 932 364 1000 divina:
406 942 599 997 littera:
644 938 989 1015 pollicentur,
1036 936 1141 993 erit
1186 937 1325 991 Deus
1366 935 1547 990 omnia
1601 934 1653 987 in

108 1037 342 1100 omnibus,
373 1051 497 1109 cum
527 1030 814 1088 tradiderit
844 1029 1011 1085 Filius
1054 1044 1280 1098 regnum
1313 1027 1422 1084 Deo
1463 1035 1518 1081 et
1552 1026 1655 1082 Pa-

109 1132 182 1197 tri,
211 1130 259 1185 id
284 1137 367 1185 est
388 1144 510 1185 cum
551 1125 765 1194 ﬁdeles,
816 1124 867 1179 in
908 1122 1103 1192 quibus
1147 1138 1288 1177 nunc
1336 1130 1521 1191 regnat
1565 1119 1655 1174 ille

109 1239 183 1292 per
208 1222 384 1286 fidem,
415 1221 483 1275 ad
518 1217 1029 1290 contemplationem
1064 1216 1158 1271 Dei
1193 1222 1248 1271 et
1286 1214 1462 1270 Patris
1502 1222 1654 1284 opta-

109 1316 257 1368 biliter
280 1313 613 1383 feliciterque
656 1308 988 1381 perduxerit.
1026 1307 1162 1362 Iluic
1188 1306 1656 1363 excellentissima:

108 1404 266 1459 visioui
298 1403 510 1476 Moyses
538 1403 624 1458 ille
664 1400 967 1474 iegislator.
994 1408 1048 1457 et
1078 1399 1492 1456 ardentissimus
1522 1397 1657 1454 divi-

107 1498 262 1551 nitatis
289 1504 518 1565 amator,
555 1494 784 1549 liberum
824 1492 1078 1563 cupiebat
1123 1490 1383 1545 adhibere
1429 1502 1654 1558 conspe-

105 1596 244 1655 ctum,
284 1585 497 1656 quando
541 1599 669 1640 cum
715 1583 943 1638 Domino
988 1582 1237 1653 loquens,
1263 1588 1321 1633 ut
1365 1588 1419 1636 et
1459 1587 1656 1634 semet-

107 1677 248 1744 ipsum
289 1676 603 1747 dignaretur
655 1674 963 1739 ostendere,
1008 1674 1357 1730 devotissime
1396 1670 1656 1743 precaba-

105 1779 193 1825 tur.
223 1768 446 1826 Noverat
475 1767 624 1824 enim
655 1769 739 1824 vir
761 1766 856 1823 ille
881 1767 1146 1824 mirabilis
1183 1749 1450 1823 summam
1486 1761 1655 1819 beati-

106 1863 311 1918 tudinem
359 1860 474 1917 fore
509 1875 692 1916 rerum
733 1860 976 1915 omnium
1026 1858 1348 1929 principium
1376 1855 1655 1918 contueri,
1690 1842 1732 1900 Β

100 1963 147 2008 et
186 1953 315 2009 illam
365 1954 650 2010 monadem
702 1952 902 2007 mentis
950 1951 1263 2022 complecti,
1315 1965 1346 2004 a
1385 1963 1491 2019 qna
1533 1947 1656 2002 titti-

104 2058 229 2101 versa
262 2052 476 2101 sumunt
518 2043 808 2116 originem,
838 2051 893 2098 et
914 2041 972 2098 in
1002 2057 1106 2114 qua
1150 2041 1352 2097 habent
1386 2037 1566 2095 omnia
1594 2035 1656 2090 ii-

106 2152 220 2191 nem.

157 2228 317 2286 Claret
343 2230 506 2302 igitur
534 2236 752 2300 quantae
776 2226 994 2283 virtutis
1035 2233 1358 2297 quantaeque
1395 2232 1657 2295 praestan-

92 2321 174 2399 tia:
196 2322 273 2393 sit,
301 2320 444 2375 omni
488 2320 740 2383 simulari
776 2335 872 2390 spe
904 2318 1201 2388 mundique
1224 2315 1486 2371 felicitate
1514 2311 1653 2381 reje-

103 2420 189 2475 cta,
216 2410 329 2466 illud
370 2412 596 2469 unicum
635 2412 836 2468 bonum
880 2419 1159 2481 appetere,
1213 2410 1280 2463 ad
1329 2408 1474 2479 quod
1519 2407 1653 2462 tanti

106 2502 185 2557 viri
221 2505 518 2576 suspirabat
564 2505 814 2561 intentio.
868 2503 1023 2561 Unde
1060 2513 1117 2559 et
1150 2503 1202 2559 in
1246 2502 1655 2573 regeneratioue

103 2611 201 2651 cum
223 2597 405 2653 sederit
436 2597 616 2654 Filius
650 2596 888 2652 hominis
924 2597 975 2651 iu
1012 2597 1143 2652 sede
1182 2596 1484 2664 majestatis
1510 2610 1655 2659 suae,
1726 2650 1731 2651 ,

106 2687 197 2757 jure
215 2705 242 2746 a
269 2689 860 2762 Dominojudiciariam
899 2689 1167 2760 accipient
1189 2698 1530 2760 potestatem,
1564 2689 1657 2759 qui

107 2780 195 2849 ejus
215 2784 503 2840 dilectionis
529 2783 731 2839 intuitu
755 2783 936 2839 omnia
959 2782 1320 2852 reliquerint:
1352 2782 1479 2852 quia
1511 2790 1564 2836 et
1604 2780 1659 2835 id

108 2890 357 2948 congruere
389 2878 668 2952 aequitati,
696 2876 1007 2948 quicunque
1045 2892 1239 2932 sanum
1280 2876 1459 2945 sapit,
1495 2873 1655 2930 intel-

108 2965 223 3035 ligit,
275 2980 327 3025 ut
368 2974 459 3041 qui
512 2972 570 3027 in
629 2971 1071 3041 peregrinatione
1114 2970 1380 3025 veraciter
1427 2968 1659 3023 humiles

108 3058 390 3125 exstiterint,
413 3062 529 3117 sint
559 3062 612 3115 in
638 3061 813 3132 patria
841 3060 1086 3133 gloriosi.

162 3148 283 3205 inter
310 3151 682 3221 hujuscemodi
707 3167 839 3225 ergo
862 3153 1059 3207 heroos
1097 3150 1278 3206 sedem
1320 3159 1371 3204 te
1413 3149 1657 3203 eminen-

107 3237 328 3295 tissimam
382 3242 708 3313 adepturum
749 3250 901 3297 certa
932 3256 1018 3297 me
1052 3240 1198 3311 cogit
1224 3241 1365 3295 ratio
1392 3241 1603 3310 opinari
1640 3258 1651 3293 :
1685 3226 1729 3286 C

110 3330 206 3396 quia
223 3339 276 3385 ut
294 3334 355 3387 ad
378 3342 588 3389 tantam
612 3333 970 3390 humilitatem
998 3334 1390 3402 descenderes,
1424 3348 1530 3388 non
1573 3343 1654 3399 te,

109 3428 153 3473 ut
177 3423 437 3492 quosdam,
475 3425 790 3483 recordatio
816 3435 1183 3497 peccatorum,
1236 3426 1331 3482 sed
1378 3425 1658 3481 laudabili-

110 3518 175 3563 ter
197 3522 300 3593 acta
323 3515 428 3570 vita
457 3516 714 3586 superior
737 3517 1032 3587 patriaeque
1057 3517 1298 3573 cmlestis
1330 3516 1657 3573 desiderium

108 3600 336 3660 inritavit.
379 3605 614 3677 Semper
656 3607 820 3675 igitur
863 3607 938 3663 sis
960 3609 1410 3678 circumspectus,
1445 3622 1659 3678 semper

108 3693 167 3747 sis
190 3698 447 3766 providus,
475 3699 738 3769 omnique
769 3701 947 3755 studio
974 3710 1194 3772 totaque
1215 3700 1516 3756 intentione
1537 3715 1657 3757 cor-

110 3786 173 3840 dis
197 3790 405 3858 enitere,
435 3801 497 3848 ut
524 3791 593 3846 de
624 3791 779 3846 bonis
804 3806 1020 3862 semper
1041 3794 1109 3846 ad
1135 3792 1339 3862 optima
1371 3800 1659 3849 transeun-

109 3875 163 3930 do
182 3919 196 3943 ,
225 3880 370 3939 linem
404 3884 578 3939 facias
605 3884 939 3940 concordare
961 3884 1259 3955 principio;
1291 3900 1391 3941 nec
1420 3886 1527 3941 ulla
1558 3885 1659 3942 ho-

108 3966 187 4023 stis
210 3974 404 4043 antiqui
454 3972 823 4029 fraudulentia
862 3974 1117 4041 vioietur,
1154 3976 1299 4048 quod
1334 3974 1404 4033 ab
1431 3975 1659 4046 integri-

110 4068 196 4116 tate
212 4068 423 4136 sumpsit
445 4067 757 4123 exordium.
789 4067 905 4122 Non
942 4068 1192 4132 aliorum,
1232 4084 1436 4138 quasso,
1471 4078 1660 4139 torpor

108 4157 230 4207 tuum
256 4154 409 4211 faciat
441 4167 631 4228 tepere
662 4155 928 4211 fervorem
949 4198 963 4221 ,
993 4174 1096 4212 nec
1119 4174 1308 4215 eorum
1334 4159 1578 4229 exempla
1608 4168 1659 4214 te

109 4243 513 4315 negligentiorem
572 4246 844 4314 eﬂiciant,
900 4249 992 4319 qui
1061 4252 1403 4320 prwtendunt
1470 4251 1659 4306 habitu

109 4336 222 4399 quod
272 4340 510 4397 moribus
575 4339 956 4409 insequuntur.
1017 4339 1169 4395 Multi
1228 4342 1428 4397 etenim
1493 4341 1656 4406 tales,

108 4426 223 4490 quod
270 4438 318 4483 te
360 4430 532 4487 latere
575 4446 681 4485 non
731 4430 995 4500 arbitror,
1036 4432 1139 4487 sub
1185 4432 1425 4503 angelico
1469 4433 1656 4489 habitu

1757 577 1969 632 perare,
2008 573 2067 617 ut
2096 573 2149 617 et
2180 562 2447 633 patienter
2479 562 2742 618 malorum
2770 565 3165 633 improbitatem
3199 566 3345 624 fera-

1759 672 1899 722 mus,
1942 670 2045 711 nec
2089 671 2324 726 unquam
2364 656 2534 710 bonos
2565 665 2785 725 propter
2819 657 3085 726 pessimos
3123 640 3371 733 desera-g'

1724 774 1728 777 '
1759 764 1898 804 ntus.

1829 843 1927 899 Hic
1954 852 2007 898 tu
2036 859 2123 901 me
2158 840 2382 898 forsitan
2413 854 2631 914 argues,
2658 855 2755 895 cur
2786 840 2899 909 ipse
2930 840 3075 896 Beati
3107 842 3338 914 Remigii

1758 937 2030 994 abbatiam
2060 946 2169 992 tam
2195 936 2306 992 cito
2336 934 2602 1005 facileque
2630 930 2978 1002 reliquerim;
3017 951 3140 991 cum
3161 937 3218 991 in
3250 937 3341 991 illo

1757 1029 1984 1099 collegio
2027 1028 2264 1084 dubitari
2311 1042 2417 1082 non
2467 1026 2638 1098 possit
2680 1028 2943 1097 quosdam
2988 1027 3133 1083 viros
3177 1028 3343 1082 bone-

1757 1124 2023 1181 stissimos
2050 1124 2302 1189 inveniri,
2320 1138 2388 1179 ex
2419 1138 2648 1194 quorum
2677 1122 3184 1180 benevolentissima
3214 1124 3345 1180 chao

1760 1215 1927 1271 ritate,
1948 1226 2051 1272 cett
2072 1215 2115 1271 ri
2152 1214 2456 1270 debuerunt
2500 1214 2809 1271 tolerabiles
2838 1213 3097 1284 judicari.
3124 1212 3343 1278 Fateor,

1759 1308 1956 1379 partim
1983 1308 2131 1377 justa
2162 1308 2279 1363 base
2322 1317 2413 1361 tua
2448 1305 2755 1376 oltjurgatio
2784 1306 3078 1373 videretur,
3111 1306 3216 1360 nisi
3257 1304 3346 1360 ille

1758 1400 2019 1471 pestilens
2052 1409 2272 1455 truncus
2312 1396 2577 1465 ficulnus,
2624 1396 2816 1452 inutile
2864 1395 3105 1468 lignum,
3145 1406 3345 1451 terram

1759 1489 1904 1547 illam
1928 1489 2309 1546 miserabiliter
2326 1497 2667 1559 occupasset,
2695 1487 2795 1544 sub
2816 1487 2970 1557 cujus
2989 1488 3180 1543 umbra
3205 1487 3349 1542 nulla

1757 1582 1973 1655 quidem
2000 1584 2141 1639 bona
2168 1590 2396 1653 possunt
2423 1584 2632 1638 semina
2661 1584 2896 1650 exoriri,
2930 1582 3028 1639 sed
3065 1589 3121 1637 et
3157 1581 3201 1636 si
3240 1596 3348 1649 qua

1758 1687 1946 1733 exorta
1990 1677 2228 1743 fuerant,
2274 1686 2595 1735 enecentur.
2638 1676 2718 1732 lta
2757 1676 2902 1733 enim
2943 1674 3035 1731 illa
3084 1683 3347 1730 venenata

1759 1779 1813 1823 et
1839 1768 2179 1824 atttarissima
2217 1769 2382 1823 arbor
2411 1769 2699 1825 tenebrosa
2742 1777 2828 1824 est
2860 1776 2915 1823 et
2947 1766 3251 1830 condensa,
3291 1775 3350 1819 ut

1758 1874 2083 1931 quocunque
2128 1859 2349 1916 brachia
2397 1869 2638 1917 tortuosa
2695 1859 3116 1928 mortiferosque
3165 1873 3350 1913 rantes

1758 1952 2095 2017 extenderit,
2135 1951 2343 2009 nullum
2375 1952 2482 2008 illic
2521 1952 2603 2008 sol
2628 1952 2850 2023 justitite
2891 1951 3180 2020 lumenque
3211 1949 3347 2005 veri.

1760 2043 1885 2099 tatis
1912 2043 2115 2098 habere
2146 2042 2321 2112 possit
2349 2057 2650 2099 accessum.
2680 2040 2812 2096 Tale
2848 2041 3012 2112 igitur
3042 2048 3350 2095 monstrum

1758 2146 1811 2192 et
1837 2137 2214 2206 hujuscemodi
2255 2137 2532 2207 aufugisse
2568 2142 2897 2206 portentum,
2934 2147 3040 2188 non
3066 2129 3349 2200 impatien-

1759 2230 1847 2285 tia:
1875 2239 1930 2285 et
1957 2228 2330 2285 inconstantius
2361 2228 2525 2291 vitio,
2569 2228 2663 2282 sed
2705 2240 2933 2282 summa:
2971 2223 3162 2278 virtuti
3190 2236 3349 2277 sum.-

1761 2337 1964 2395 ntazqtte
1991 2331 2073 2376 est
2101 2318 2397 2393 prudentiae
2423 2322 2812 2391 deputandum.

2318 2434 2653 2491 EPISTOLA
2697 2434 2781 2487 V'l.

2380 2543 2446 2583 AD
2486 2543 2724 2583 EUMDEXI.

1859 2620 1901 2674 Α
1940 2621 2205 2689 proposito
2249 2620 2450 2688 fervore
2485 2620 2750 2690 deﬁcienti
2789 2620 3001 2690 exponit
3041 2634 3240 2671 arcana

2373 2691 2585 2759 judicia
2625 2689 2744 2744 Dei.

1834 2780 2007 2839 Fratri
2041 2783 2130 2847 A.,
2160 2781 2246 2835 W.
2275 2790 2548 2852 peccator,
2579 2780 2692 2837 sole
2729 2780 2939 2847 vestiri,
2966 2788 3021 2835 et
3044 2778 3226 2832 lunam
3254 2772 3350 2831 ha-

1760 2876 1889 2931 bere
1916 2876 2017 2931 sub
2048 2876 2297 2948 pedibus.

1833 2967 2102 3035 Quoniam
2132 2967 2383 3039 quisquis
2415 2979 2557 3020 veras
2585 2962 2896 3019 dilectionis
2928 2960 3240 3017 stimulatur
3269 2957 3351 3012 af-

1761 3061 1927 3127 fectu,
1957 3077 2063 3117 non
2108 3062 2288 3117 minus
2317 3058 2692 3131 proximorum
2719 3070 2882 3127 quam
2923 3055 3039 3111 suis
3078 3051 3349 3125 provecti-

1765 3156 1864 3212 bus
1903 3156 2230 3221 colizetatur,
2279 3153 2770 3226 congratulatorias
2804 3151 2901 3208 tibi
2933 3152 3147 3207 litteras
3178 3160 3357 3217 nuper

1764 3248 2131 3305 transmisisse
2166 3263 2253 3304 me
2276 3248 2522 3312 memini,
2555 3260 2781 3317 sperans
2829 3254 2932 3301 true
2979 3241 3355 3301 conversionis

1761 3341 2034 3413 principio
2078 3342 2244 3399 totius
2297 3342 2423 3396 vitae
2468 3348 2713 3394 tenerem
2760 3338 3034 3407 ﬁnemque
3088 3333 3354 3405 propositi

1764 3448 2171 3505 responsurum.
2204 3433 2307 3500 At,
2338 3441 2399 3487 ιιι
2427 3430 2560 3486 mihi
2599 3429 2824 3485 relatum
2865 3436 2981 3490 est,
3008 3427 3167 3496 longe
3197 3425 3357 3479 aliter

1761 3541 1821 3581 se
1850 3541 1936 3581 res
1970 3525 2153 3589 habet,
2194 3533 2351 3595 teque
2377 3522 2644 3578 malorttm
2682 3517 3031 3588 improbitate
3057 3514 3352 3579 devictum,

1762 3617 2037 3687 patientiae
2056 3616 2302 3688 clypeum
2329 3614 2626 3685 projecisse
2653 3630 2666 3666 :
2699 3627 2807 3682 quo
2843 3611 2888 3665 si
2916 3609 3078 3665 vellet
3116 3620 3207 3663 tua
3239 3607 3353 3661 fra-

1763 3707 1991 3761 ternitas
2016 3704 2371 3768 communiri,
2414 3718 2539 3759 cum
2582 3717 2648 3758 ex
2690 3700 3047 3772 quorumdam
3102 3698 3355 3755 meliora-

1760 3797 1930 3862 tione,
1960 3805 2070 3853 tum
2106 3811 2174 3852 ex
2205 3793 2493 3852 tolerantia
2525 3794 2889 3864 pessimorum
2922 3807 3029 3847 non
3070 3789 3355 3846 minimum

1763 3888 1857 3942 tibi
1881 3887 2088 3943 lucrum
2123 3887 2336 3943 virtutis
2361 3892 2719 3941 aceresceret.

1831 3978 2025 4048 Agitur
2066 3978 2211 4033 enim
2254 3976 2412 4032 modo
2447 3974 2706 4029 ineffabili
2749 3974 3051 4042 ordineque
3079 3970 3351 4035 mirabili,

1762 4080 1821 4127 ut
1866 4086 2084 4141 semper
2133 4071 2432 4126 electorum
2476 4069 2698 4123 utilitati
2753 4068 3106 4138 reprobnrum
3152 4068 3356 4121 serviat.

1760 4164 1938 4219 omnis
1978 4162 2325 4234 improbitas;
2372 4175 2549 4232 eoque
2588 4160 2777 4230 purius
2805 4157 2918 4214 veri
2964 4158 3223 4214 lsraeiitae
3253 4174 3356 4213 rte-

1762 4254 2203 4324 lestidivinoque
2251 4251 2454 4308 lumine
2504 4253 2871 4324 perfruantur,
2901 4265 3009 4319 quo
3030 4250 3357 4320 profundius

1761 4345 1876 4401 suis
1901 4344 2140 4400 tenebris
2163 4358 2382 4413 suasque
2412 4342 2635 4414 caligini
2667 4339 2908 4412 Egyptii
2940 4340 3354 4410 immerguntur.

1763 4437 1995 4493 Mentior
2022 4436 2068 4491 si
2096 4451 2202 4490 non
2235 4435 2310 4490 ita
2338 4450 2494 4491 sacra
2519 4442 2861 4493 contestatur
2890 4432 3139 4497 historia,
3162 4447 3282 4501 qua:
3301 4431 3358 4487 ir.

109 4513 412 4627 delitescunt,
444 4538 680 4592 quorum
716 4523 796 4578 sic
824 4524 1023 4579 misera
1054 4533 1138 4580 est
1166 4525 1509 4580 conversatio
1542 4534 1659 4579 tan-
1693 4568 1740 4628 υ
1766 4530 1856 4585 illa
1884 4528 2235 4601 percussione
2261 4527 2608 4599 Memphitica
2641 4528 2782 4598 apud
2810 4525 3096 4598 Egyplios
3117 4524 3359 4596 palpabi-

112 4617 241 4680 taque
266 4616 385 4672 vita:
410 4616 768 4688 perversitas,
801 4624 857 4671 ut
886 4616 1044 4672 bonis
1063 4618 1225 4672 etiam
1252 4619 1527 4673 mentibus
1550 4618 1663 4689 ple-

113 4718 304 4775 rumque
341 4712 480 4764 sacri
524 4709 785 4780 propositi
834 4710 1225 4781 pmnitudinem
1265 4711 1542 4780 ingerunt,
1580 4712 1663 4765 vi-

111 4799 255 4863 taeque
286 4797 570 4853 deterioris
589 4807 840 4854 contactu
867 4807 1065 4854 sanctae
1090 4800 1436 4870 ccelestisque
1463 4801 1665 4857 militiae

112 4895 195 4935 non
218 4885 455 4944 desinant
482 4890 780 4944 obscurare
806 4890 1036 4944 nitorem
1064 4908 1077 4943 :
1111 4891 1201 4960 qui
1230 4907 1329 4960 per
1356 4909 1415 4947 se
1446 4893 1664 4961 quidem

112 4985 291 5045 semper
310 4980 625 5048 prmclarus,
658 4995 873 5051 semper
908 4982 1138 5046 lucidus,
1175 4998 1267 5037 seu
1295 4998 1389 5052 per
1417 4985 1666 5054 egregius

113 5075 198 5118 est.

170 5160 230 5215 At
248 5160 377 5219 bene
404 5162 692 5220 fundatum
722 5162 965 5217 animum
998 5175 1086 5218 res
1108 5178 1213 5218 non
1236 5163 1340 5220 ista
1365 5165 1662 5235 perturbat,

117 5259 197 5300 nec
214 5262 328 5306 eum
349 5268 378 5306 a
407 5268 624 5309 summo
644 5267 831 5308 amore
856 5251 1167 5324 disjungere
1197 5252 1486 5323 cujuslibet
1508 5254 1666 5310 mali-

118 5335 189 5391 tias
228 5342 364 5399 Valet
404 5347 743 5417 improbitas.
777 5346 892 5402 Scit
937 5344 1080 5400 enim
1125 5346 1177 5400 in
1220 5348 1498 5403 Dominica
1541 5366 1666 5405 arca

118 5443 259 5493 grana
282 5436 419 5492 inter
439 5439 621 5508 paleas
649 5454 885 5510 gemere,
923 5454 1020 5494 nec
1046 5453 1164 5494 eam
1198 5452 1451 5510 oportere
1474 5442 1671 5497 divinm

120 5521 441 5586 discussionis
464 5531 768 5587 ventilabro
784 5573 800 5599 ,
824 5533 930 5588 nisi
956 5533 1010 5586 in
1040 5531 1149 5588 [ine
1177 5534 1384 5599 saeculi,
1410 5550 1669 5605 pernum-

121 5609 257 5671 dari:
283 5622 384 5676 scit
410 5624 461 5677 in
492 5624 746 5694 praesenti
772 5625 1049 5693 piscatura
1090 5628 1238 5683 verbi
1266 5644 1463 5699 sageua
1504 5630 1672 5686 bonos

126 5705 370 5780 malosque
394 5714 569 5783 pisces
591 5715 860 5779 concludi,
888 5732 986 5773 nec
1007 5734 1100 5776 eos
1129 5735 1287 5791 posse
1317 5721 1418 5775 nisi
1448 5722 1499 5776 in
1532 5722 1673 5779 litto-

126 5808 175 5849 τε
214 5806 464 5872 separari.
498 5806 585 5865 Sic
628 5820 754 5880 ergo
793 5809 1054 5871 debemus
1100 5812 1338 5870 anitnum
1381 5813 1669 5873 moderari.

1768 4622 1844 4679 les
1866 4623 2136 4688 tenebras,
2164 4620 2305 4691 apud
2333 4610 2543 4691 plebem
2570 4634 2699 4674 vero
2724 4619 2960 4674 tidelium
2994 4618 3357 4673 clarissimam

1768 4716 1941 4771 lucem
1972 4714 2140 4770 fuisse
2158 4722 2573 4769 commemorat.
2607 4712 2701 4768 Sic
2744 4713 3000 4767 nitnirunt
3034 4710 3086 4767 lti
3128 4712 3235 4766 duo
3262 4725 3357 4779 po-

1766 4808 1877 4879 puli
1900 4807 2305 4873 discernuntur,
2336 4814 2396 4862 ut
2428 4806 2557 4862 licet
2592 4807 2645 4861 in
2671 4821 2777 4860 una
2814 4805 3096 4875 provincia
3132 4804 3264 4867 sint,
3300 4801 3361 4856 ii-

1766 4908 1853 4955 eet
1878 4900 2069 4955 eadem
2096 4906 2503 4954 commorentur
2527 4898 2581 4952 in
2605 4898 2791 4960 domo,
2832 4897 2970 4953 alter
2994 4907 3175 4951 tamen
3212 4907 3358 4948 sem-

1769 5005 1865 5061 per
1917 4990 1969 5045 in
2023 4989 2249 5055 lumine,
2301 4989 2441 5045 alter
2476 4990 2530 5045 in
2580 4989 2820 5045 tenebris
2860 4990 3199 5044 obversetur.
3247 4983 3361 5038 Nec
3424 4996 3427 4999 '

1770 5082 1966 5136 mirmu
1996 5080 2047 5136 id
2074 5081 2315 5151 quidem.
2339 5081 2512 5136 Tanta
2533 5088 2615 5136 est
2643 5080 2792 5135 enim
2819 5079 2961 5134 illius
2982 5076 3252 5133 oblecticii
3282 5075 3363 5129 lu-

1772 5174 1957 5241 minis,
1992 5173 2271 5244 divinique
2326 5174 2549 5244 fulgoris
2591 5173 2856 5243 poteutia,
2908 5180 2967 5225 ut
3010 5171 3175 5225 corda
3212 5183 3363 5239 quas—-

1770 5280 1987 5335 cunque
2014 5265 2270 5336 tetigerit,
2296 5266 2481 5320 statim
2513 5265 2785 5320 iiiuminet
2825 5273 2880 5319 et
2922 5263 3212 5318 accendat:
3241 5276 3364 5329 qua:

1773 5372 1901 5412 vero
1924 5372 2021 5412 suo
2034 5354 2359 5426 iudicaverit
2391 5357 2613 5426 indigna
2636 5362 2910 5418 contactu,
2942 5354 2992 5407 iu
3016 5367 3111 5407 sua
3134 5352 3366 5421 caligine

1775 5450 2061 5506 tenebrosa
2106 5458 2161 5505 et
2206 5447 2400 5520 frigida
2448 5457 2815 5520 perseverent.
2845 5450 2955 5502 Cur
3002 5462 3129 5500 vero
3161 5461 3227 5499 ex
3261 5461 3364 5499 una

1776 5541 2095 5612 perdi-tionis
2127 5556 2306 5597 massa
2336 5542 2580 5603 omnium
2624 5540 2901 5595 hominum
2933 5555 3102 5612 genus
3131 5554 3371 5594 emerse-

1777 5634 1866 5697 rit,
1896 5641 1952 5688 et
1975 5633 2228 5703 originali
2250 5638 2497 5703 peccato
2526 5633 2840 5703 priusquam
2870 5639 3225 5687 renascantur
3253 5646 3368 5686 om-

1777 5739 1874 5778 nes
1907 5732 2191 5779 teneantur
2226 5724 2476 5789 obnoxii,
2504 5741 2600 5778 cur
2632 5724 2753 5778 aliis
2783 5726 2955 5794 gratia
2989 5722 3367 5780 conversionis

1780 5817 1959 5871 divina
1996 5798 2354 5885 inspiratione
2382 5824 2693 5886 praestetur,
2729 5815 2818 5870 alii
2849 5825 3026 5872 autem
3060 5814 3113 5869 in
3150 5812 3368 5885 propria
