3848 6292
497 395 614 451 ’883

1614 381 1984 443 δυιυιιεωιι
2013 383 2304 464 ᾹΒΒᾹἹΊξ
2333 384 2388 440 S.
2419 381 2722 445 ARNULFI

3609 363 3717 433 su

486 506 882 564 obscuratione
935 511 1320 574 permaneant;
1383 517 1488 556 non
1562 502 1810 564 humanm
1864 499 2088 553 rationis
2120 505 2160 561 Α
2193 498 2374 570 biliter
2416 497 2596 552 divina
2640 504 2717 551 est
2763 493 3104 568 prmdicamla
3129 493 3358 562 iustitia,
3387 506 3498 562 qua:
3517 493 3582 548 sic
3605 487 3711 552 mori

499 597 775 662 examine,
812 609 912 651 nec
939 595 1182 650 mortalis
1207 593 1406 664 ingenii
1437 603 1522 647 est
1551 592 1751 646 trutina
1780 591 2087 661 ponderan-

503 690 648 744 tium.

573 781 772 836 Verum
793 796 861 836 ex
888 779 993 846 bac
1017 779 1133 850 ipsa
1156 776 1321 833 divini
1359 775 1723 846 profunditate
1743 773 1932 845 judicii
1961 773 2090 826 illud

500 873 794 928 salubriter
826 872 1206 936 admonemur,
1257 885 1325 927 ne
1372 869 1530 924 facile
1583 879 1890 937 lemereque
1941 865 2093 920 infir-

499 979 713 1018 morum
751 963 980 1018 fratrum
1010 963 1284 1020 consortia
1317 962 1671 1018 deseramus:
1702 961 1826 1030 quia
1859 958 1987 1029 quid
2024 959 2092 1013 de

471 1053 587 1108 -bis
619 1053 782 1120 judex
814 1053 903 1122 ille
931 1054 1328 1109 secretissimus
1357 1053 1410 1108 in
1434 1053 1650 1108 occulto
1672 1052 1955 1121 disponat,
1985 1065 2089 1103 non

501 1154 588 1200 cst
639 1145 865 1200 idoneus
906 1154 1096 1201 noster
1119 1145 1586 1218 comprehendere
1631 1143 1957 1198 intellectus.
2007 1141 2093 1196 Fit

478 1238 647 1292 .enim
675 1237 1026 1307 plerumque,
1064 1248 1124 1292 ut
1157 1237 1212 1291 hi
1252 1236 1343 1306 qui
1397 1235 1648 1290 videntur
1685 1233 1917 1304 Opprimi
1957 1248 2092 1302 pon-

489 1330 633 1383 ιιι-ω
663 1327 1004 1396 delictorum,
1036 1337 1092 1383 et
1130 1328 1184 1382 in
1225 1327 1495 1398 aquilonis
1529 1327 1792 1380 lateribus
1819 1325 2088 1388 residere,

491 1419 683 1473 subito
708 1418 889 1472 divina
911 1417 1264 1488 inspiratione
1301 1418 1636 1489 compnncti.
1669 1418 1948 1488 culparum
1974 1431 2093 1472 sor—
2169 1432 2176 1434 '

501 1507 598 1562 des
625 1508 904 1562 excutiant
931 1515 989 1562 et
1023 1508 1076 1562 in
1103 1517 1247 1564 terra
1270 1508 1493 1563 australi
1521 1522 1618 1578 per
1639 1521 1804 1578 opera
1833 1506 2089 1560 virtutum

501 1599 605 1654 sibi
636 1600 828 1655 domos
849 1599 1140 1656 :edificent.

575 1692 729 1758 Quod
755 1698 878 1747 cum
911 1692 980 1746 ita
1014 1691 1106 1758 sit,
1139 1690 1548 1746 immanissima:
1594 1699 1677 1747 est
1700 1689 1923 1745 omnino
1953 1688 2092 1746 into.-

505 1781 856 1853 lerabilisque
882 1783 1150 1853 superbia:
1189 1783 1390 1840 interni
1418 1792 1473 1839 et
1501 1783 1694 1840 aeterni
1727 1781 1928 1852 judicis
1957 1779 2093 1837 velle

2194 590 2466 644 hominem
2504 597 2817 658 pecranlem
2857 585 3094 656 addixit,
3131 595 3190 638 ut
3219 583 3268 638 ei
3295 592 3503 660 propter
3528 585 3714 641 incertos

2191 697 2348 739 casus
2368 681 2609 752 quotidie
2639 680 2974 754 immineret;
3006 689 3228 750 propter
3246 677 3548 734 brevitatem
3573 692 3714 734 autem

2192 775 2348 847 longe
2380 789 2484 828 non
2519 782 2700 844 posset
2747 771 2958 830 abesse.
2990 771 3231 828 Providit
3271 769 3514 839 nimirum
3551 785 3716 826 summa

2191 869 2454 926 Divinitas
2485 870 2760 927 hominem
2798 882 2957 939 posse
2983 863 3373 936 cupiditatibus
3407 861 3644 926 reluctari,
3667 863 3709 918 il-

2189 959 2475 1032 iicitasque
2503 959 2760 1016 cohibere
2800 957 3044 1021 laetitias,
3086 955 3130 1010 si
3173 968 3350 1025 poenae
3379 951 3588 1006 formido
3607 967 3718 1007 sem-

2189 1069 2288 1124 per
2320 1052 2436 1122 ejus
2491 1059 2616 1107 ante
2671 1049 2857 1106 oculos
2915 1056 3251 1104 versaretur.
3305 1044 3436 1112 Quis
3477 1044 3604 1097 enim
3642 1045 3719 1098 sub

2193 1147 2382 1202 mortis
2427 1152 2573 1200 metu
2627 1141 2837 1214 positus
2879 1140 2968 1195 vel
3013 1139 3299 1194 minimam
3342 1135 3408 1190 de
3443 1134 3583 1188 rebus
3617 1141 3719 1187 tem—

2191 1238 2469 1310 poral‘ibns
2498 1236 2677 1306 capiat
2717 1234 3077 1305 voluptatem,
3107 1246 3265 1302 quas,
3299 1227 3428 1284 velit
3460 1227 3608 1294 nolit,
3635 1227 3724 1286 ipsc

2192 1331 2263 1385 sit
2297 1327 2624 1400 relicturus?

2263 1420 2384 1476 lam
2412 1436 2542 1491 ergo
2569 1421 2756 1476 videre
2783 1415 3039 1490 perfacile
3067 1422 3170 1480 est,
3203 1413 3426 1489 quantis
3450 1411 3518 1466 ilh
3545 1409 3722 1464 dellcinli

2193 1515 2302 1570 sint
2329 1513 2642 1569 fluminibus
2671 1512 3060 1584 lacrymarum,
3093 1509 3185 1579 qui
3226 1503 3525 1562 medicinali
3562 1504 3723 1556 [lumini

2193 1589 2482 1660 severitate
2509 1611 2817 1678 contempta
2835 1642 2849 1666 ,
2876 1601 2948 1655 ita
2973 1598 3143 1656 semel
3176 1612 3234 1652 se
3263 1594 3555 1665 iniquitatis
3577 1593 3726 1647 dedi-re

2194 1693 2484 1768 profundo,
2512 1706 2573 1751 ut
2602 1709 2860 1766 revocare
2895 1693 3122 1766 gradum
3154 1701 3486 1759 superasque
3507 1700 3727 1758 emergere

2197 1791 2263 1844 ad
2304 1804 2468 1843 auras
2500 1803 2598 1844 nec
2625 1787 2876 1852 valeant,
2925 1799 3023 1859 nec
3067 1783 3234 1839 velint
3270 1780 3512 1834 ulterius.
3542 1777 3727 1843 Quorum

481 1876 805 1944 praevenire
831 1877 1182 1942 sententiam,
1213 1885 1270 1932 et
1299 1877 1680 1935 discretionem
1711 1875 1964 1945 piscium,
2003 1872 2095 1943 qui
2129 1869 2173 1924 Β
2200 1881 2501 1936 mirabilem
2523 1921 2538 1946 ,
2588 1882 2697 1936 imo
2751 1877 3118 1934 miserabnem
3161 1875 3463 1932 εποίιειιοπι
3500 1871 3730 1926 manus.

505 1969 824 2024 earumdem
852 1976 1318 2028 sacramentorum
1345 1969 1553 2023 retibus
1582 1964 2012 2032 concluduntur,
2043 1964 2097 2018 in

479 2060 763 2132 ,prmsenti
797 2074 1056 2123 exercere
1083 2061 1303 2125 conari,
1352 2063 1673 2132 priusquam
1719 2060 1888 2115 maris
1915 2059 2097 2112 littora

507 2151 918 2222 contingantur.
951 2149 1120 2208 Certe
1145 2152 1254 2206 hoc
1283 2151 1480 2216 divinae
1523 2149 1716 2204 litterae
1742 2149 1966 2211 docent,
1997 2145 2099 2200 hoc

496 2243 690 2298 omnis
717 2241 887 2298 series
909 2241 1318 2312 Scripturarum
1341 2243 1483 2297 bene
1510 2239 1754 2296 consulta
1787 2237 2096 2308 respondet,

513 2336 686 2390 bonos
719 2349 751 2389 a
797 2333 960 2388 malis
1002 2335 1218 2391 interim
1254 2336 1418 2390 corde
1443 2333 1686 2404 separari
1728 2332 1947 2393 debere,
1992 2345 2096 2383 non

508 2441 905 2498 corporegnec
935 2427 1176 2500 locorum
1221 2427 1620 2500 longinquitate
1640 2465 1656 2488 ,
1683 2424 1778 2479 scd
1805 2424 2096 2479 alTectttttm

509 2517 791 2588 qualitate.
827 2515 1024 2574 Veniet
1051 2517 1330 2592 profecto,
1361 2517 1542 2571 veniet
1573 2515 1662 2568 illa
1699 2515 1850 2578 dies,
1896 2514 1949 2567 in
1991 2527 2097 2582 qua

511 2613 658 2672 inter
679 2628 848 2684 pecus
875 2609 1223 2678 macilentam
1251 2617 1307 2665 et
1336 2608 1556 2679 pingue,
1591 2605 1734 2661 inter
1763 2619 1929 2676 pecus
1965 2603 2104 2658 aric-

511 2712 626 2756 tnm
666 2711 724 2758 et
748 2691 1044 2761 hircorum,
1077 2707 1264 2769 pastor
1296 2696 1384 2752 ille
1430 2695 1544 2751 falli
1581 2693 1796 2750 nescius
1817 2692 2099 2762 judicabit.

512 2792 670 2850 Tunc
713 2792 926 2852 occulta
973 2792 1328 2854 tenebrarum
1377 2789 1598 2844 omnino
1634 2787 2000 2857 producentur
2045 2785 2099 2837 in

511 2883 656 2952 luce,
689 2899 788 2940 nec
813 2883 914 2958 sub
942 2881 1119 2936 crinis
1161 2879 1391 2950 pellibus
1419 2877 1600 2949 lupina
1629 2875 1794 2935 corda
1821 2889 1884 2931 se
1915 2883 2102 2929 conte-

513 2985 644 3048 gent
669 2993 685 3032 :
713 2977 841 3048 quia
873 2991 940 3031 ex
985 2959 1517 3044 ipsiusbeatissima:
1551 2969 1966 3026 resurrectionis
1997 2969 2103 3020 vir-

513 3077 632 3124 tute
676 3067 1030 3140 potentiaque
1078 3066 1384 3137 proveniet,
1431 3074 1492 3120 ut
1536 3063 1725 3134 quales
1770 3062 1859 3116 hic
1903 3061 2100 3130 singuli

513 3158 671 3216 fuere
708 3159 764 3218 in
791 3159 1060 3222 moribus,
1093 3158 1228 3214 tales
1254 3157 1363 3213 illic
1389 3163 1691 3227 appareant
1726 3155 1780 3209 in
1813 3154 1946 3224 ipsis
1976 3167 2100 3208 cor-

513 3249 762 3322 poribus.
796 3248 1040 3320 Deuique
1059 3250 1341 3307 ideoritro
1368 3250 1571 3306 mundo
1613 3249 1699 3302 illa
1730 3245 1997 3299 luminosa
2027 3242 2102 3298 ci-
2131 3237 2176 3298 C

516 3337 656 3393 ritas
702 3338 1368 3414 comparaturhquoniam
1407 3337 1694 3396 clarissimi
1731 3335 1859 3390 vitri
1899 3335 1952 3388 in
1984 3347 2102 3386 mo-

515 3441 656 3492 rem,
687 3427 952 3500 quidquid
993 3427 1066 3492 ibi
1095 3429 1328 3484 interius
1355 3428 1463 3492 erit
1487 3468 1503 3492 ,
1531 3427 1774 3484 exterius
1810 3423 2102 3486 eminebit,

515 3520 756 3590 ipsaque
800 3521 1186 3591 conceptioues
1227 3521 1534 3584 animorum
1571 3517 1897 3592 mirabiliter
1926 3517 2106 3586 subja-

512 3612 715 3680 cebunt
740 3613 1062 3682 conspectui,
1087 3611 1388 3668 oculorum.
1419 3612 1586 3682 Ergo,
1615 3609 1969 3670 dilectissime
1998 3607 2106 3662 fra-

514 3711 623 3767 ter,
654 3703 732 3760 ad.
754 3702 900 3764 illam
927 3702 1253 3766 ineffabilem
1287 3703 1582 3773 puritatem
1616 3702 1822 3757 sanctis
1864 3701 2108 3754 moribus

513 3802 617 3852 nos
642 3801 924 3865 paremus,
958 3789 1084 3844 boni
1116 3789 1216 3860 ipsi
1248 3789 1454 3856 simus;
1491 3803 1738 3859 quosque
1785 3787 2008 3842 trahere
2040 3787 2106 3842 ad

513 3877 754 3956 meliora
787 3894 894 3935 non
939 3895 1273 3953 possumus,
1336 3881 1738 3952 patientissime
1789 3879 2103 3954 toleremus.

515 3969 668 4046 Valle.
946 3987 948 3989 ·

1079 4044 1412 4105 ENSTOLA
1459 4043 1568 4112 VII.

885 4134 954 4188 Al?
991 4134 1091 4172 Α...
1132 4132 1534 4172 ΡΒΛΕΟΕΡΤΟΒΕΙ
1574 4132 1734 4172 ευωι.

739 4189 903 4243 Illum
927 4193 1001 4241 ad
1033 4189 1213 4242 menti
1241 4197 1588 4258 contemptum
1619 4188 1881 4242 hortatur.

501 4317 504 4321 .
585 4274 912 4345 Prmceptori
926 4291 1025 4333 suo
1041 4277 1104 4330 Α.
1116 4275 1226 4341 ,W.
1243 4285 1518 4346 peccator,
1532 4275 1716 4348 fugere
1729 4293 1758 4330 a
1775 4276 1912 4332 facie
1927 4291 2106 4330 arcus.

585 4366 965 4432 Consideranti
1005 4367 1139 4429 mihi
1200 4367 1379 4426 studia
1429 4364 1860 4438 cupiditatesque
1910 4375 2111 4422 morta-

514 4456 673 4522 lium,
724 4467 872 4514 tanta
913 4459 1224 4524 admiratio,
1270 4466 1562 4527 tantusque
1583 4466 1774 4529 stupor
1793 4457 2108 4524 oﬂ‘unditur,

514 4555 576 4603 ut
599 4563 722 4603 cum
755 4549 1006 4623 Sa‘tyrico
1025 4549 1334 4606 exclamare
1365 4547 1662 4618 compellar
1692 4559 1713 4600 :

588 4636 635 4693 Ο
660 4655 815 4700 curas
839 4640 1133 4703 hominum,
1156 4655 1186 4693 ο
1204 4647 1461 4708 quantum
1496 4647 1573 4692 est
1596 4638 1653 4693 in
1679 4637 1832 4693 rebus
1851 4639 2041 4692 inane!

586 4729 720 4798 Quis
753 4731 900 4787 enim
947 4747 1055 4786 non
1085 4728 1564 4786 vehementissime
1604 4730 1906 4786 admiretur
1959 4738 2110 4785 tanta

507 4824 748 4882 miseros
793 4824 1043 4888 homines
1087 4821 1387 4893 cupiditate
1433 4824 1658 4893 raptari,
1683 4831 1743 4878 ut
1785 4839 1973 4879 eorum
2005 4822 2114 4877 avi-

515 4919 674 4974 ditati
709 4933 815 4996 non
863 4918 1032 4993 ratio,
1065 4931 1172 4973 non
1219 4913 1497 4983 voluntas,
1551 4930 1660 4972 non
1691 4916 1923 4986 denique
1951 4916 2114 4970 timor

516 5006 778 5085 Domini,
823 5006 985 5061 finem
1032 5005 1302 5076 imponat?
1347 5004 1436 5060 Fit
1460 5005 1606 5061 enim
1650 5004 1848 5061 mirum
1893 5004 1946 5060 in
1997 5019 2112 5059 mo-

511 5097 684 5164 dum,
722 5106 783 5152 ut
826 5107 1032 5168 quanto
1075 5097 1229 5170 plura
1271 5097 1688 5171 congesserint,
1742 5105 1893 5152 tanto
1939 5097 2114 5167 magis

513 5186 830 5258 cupiditatis
878 5188 1086 5245 facibus
1147 5188 1532 5257 iuardescant,
1591 5194 1914 5259 crescatque
1959 5202 2115 5243 amor

515 5280 761 5355 nummi,
799 5289 1060 5358 quantum
1084 5280 1198 5353 ipsa
1223 5281 1453 5354 pecunia
1473 5282 1694 5358 crescit.
1730 5279 1888 5336 Unde
1919 5279 2115 5336 ineffa~

2200 1989 2306 2045 que
2332 1974 2653 2046 supplicium
2684 1987 2792 2044 quo
2831 1970 3040 2025 facilius
3065 1969 3350 2029 evitarem,
3382 1966 3449 2019 ad
3494 1978 3618 2016 vene
3639 1962 3728 2029 phi-

2203 2067 2461 2138 losophia:
2489 2067 2698 2130 sinum,
2745 2064 3122 2134 gremiumque
3156 2075 3244 2114 me
3283 2056 3504 2113 contuli.
3542 2055 3731 2109 Medctur

2201 2159 2344 2214 enim
2376 2159 2464 2213 illa
2489 2158 2704 2220 animis,
2739 2157 2928 2211 inanes
2971 2151 3368 2208 sollicitudines
3409 2148 3640 2210 detrahit,
3665 2161 3732 2198 cu-

2203 2249 2517 2321 piditatibus
2569 2246 2795 2311 liberat,
2826 2245 2976 2315 pellit
3005 2245 3248 2298 timores.
3275 2241 3447 2297 Tanta
3483 2247 3640 2292 autent
3669 2236 3733 2304 ju-
3832 2257 3833 2274 ι

2202 2341 2471 2406 cunditas,
2507 2348 2724 2410 tamque
2753 2335 3144 2392 inaestimabilis
3172 2341 3258 2389 est
3281 2333 3397 2402 rjns
3421 2329 3733 2404 pulchritudo,
3832 2373 3833 2376 η

2205 2441 2263 2485 ιιι
2307 2445 2444 2485 unus
2485 2431 2600 2484 dies
2638 2409 2780 2484 bene
2824 2436 2878 2482 et
2906 2443 2975 2481 ex
3009 2424 3298 2495 prmceptis
3320 2419 3434 2488 ejus
3456 2430 3734 2488 actus,pec-
3832 2409 3833 2480 ἶ

2203 2523 2349 2579 cauti
2379 2519 2770 2576 immortalitati
2798 2518 3114 2588 dignissime
3144 2522 3509 2585 przepouatur.

2273 2611 2437 2666 Vides
2480 2611 2666 2681 igitur,
2711 2608 2755 2662 si
2795 2622 2881 2662 me
2930 2605 3138 2676 diligis,
3191 2610 3398 2674 quanta
3447 2601 3513 2654 sit
3543 2598 3736 2653 tibicuun

2203 2703 2566 2760 exsultatione
2597 2701 2909 2767 lmtandum,
2934 2698 3026 2768 qui
3057 2697 3187 2750 mihi
3221 2695 3384 2749 talem
3413 2681 3641 2763 sponsam
3658 2692 3737 2746 ele-
3832 2731 3833 2754 χ

2205 2797 2400 2868 gcrim,
2433 2795 2584 2864 cujus
2622 2808 2746 2850 cum
2778 2788 2973 2854 forma,
3009 2800 3121 2844 lum
3155 2787 3402 2842 suavitas
3427 2785 3578 2840 rebus
3601 2784 3737 2838 omui-
3832 2847 3833 2868 χ

2203 2880 2304 2943 bus
2330 2886 2618 2944 antecellit.
2651 2885 2770 2938 Jam
2811 2897 2944 2951 ergo
2985 2881 3128 2936 sicca
3163 2879 3458 2949 lacrymas,
3485 2874 3738 2931 cobibelle-

2207 2991 2348 3046 una,
2383 2991 2598 3033 omnem
2640 2987 2932 3030 maerorem
2981 2969 3236 3041 expellite
3267 2986 3282 3020 :
3315 2982 3416 3038 pro
3444 2974 3580 3021 certo
3614 2977 3741 3017 nove-

2205 3073 2281 3126 ris
2325 3087 2410 3125 mc
2455 3077 2662 3140 partem
2713 3067 2972 3140 optimam
3019 3063 3270 3133 elegisse.
3304 3060 3548 3122 Credite,
3580 3056 3741 3112 credilo

2205 3161 2368 3227 mihi,
2397 3160 2653 3216 succedet
2678 3156 2966 3211 humilitati
2987 3153 3314 3213 sublimitas,
3347 3149 3593 3220 lacrymis
3615 3147 3742 3204 risus.

2209 3254 2409 3308 divitim
2435 3251 2739 3322 paupertati
2769 3267 2782 3303 :
2819 3262 3012 3318 magna
3059 3254 3187 3301 sunt
3231 3243 3378 3298 enim
3409 3257 3526 3312 quae
3553 3241 3648 3295 suis
3678 3237 3744 3291 ilh

2209 3346 2547 3401 amatoribus
2587 3343 2890 3415 pollicetur.
2924 3340 2986 3394 Et
3023 3354 3081 3394 re
3103 3352 3232 3392 vera
3267 3335 3394 3404 quis
3421 3333 3638 3414 cogitare
3661 3327 3746 3382 sui-

2209 3439 2357 3492 ficiat
2381 3477 2395 3502 ,
2423 3447 2655 3507 quantas
2706 3433 2971 3502 sapientia
3020 3427 3376 3485 dilectoribus
3414 3425 3524 3478 suis
3557 3435 3668 3491 opes
3696 3417 3746 3471 sit

2207 3531 2502 3594 collatura,
2539 3544 2662 3582 cum
2693 3528 2815 3597 ejus
2857 3537 3041 3578 amore
3076 3525 3332 3589 suscepta
3361 3522 3636 3598 paupertas
3663 3511 3745 3580 ipsa
3832 3547 3833 3554 η

2209 3623 2476 3678 delectet?
2517 3619 2653 3675 l-luic
2677 3634 2804 3689 ergo
2831 3602 3110 3671 adhaerere
3142 3612 3276 3667 mihi
3306 3611 3507 3666 bonum
3537 3617 3636 3668 est,
3661 3602 3748 3657 nul-

2209 3716 2398 3786 lusque
2418 3728 2653 3783 unquam
2688 3711 2850 3765 fuerit
2891 3709 3028 3774 dies,
3055 3707 3147 3785 qui
3177 3719 3268 3761 me
3299 3703 3371 3759 ab
3399 3701 3514 3772 ejus
3541 3697 3747 3768 atnplcxi-
3832 3767 3833 3770 η

2209 3807 2310 3863 bus
2331 3814 2386 3860 et
2412 3818 2601 3858 amore
2629 3799 2871 3856 divellat.
3623 3798 3630 3812 ‘

2199 3919 2202 3924 '
2285 3899 2480 3972 Verum
2507 3896 2551 3952 si
2578 3910 2736 3950 nosse
2760 3891 3038 3948 desideras
3067 3887 3211 3961 quali
3261 3888 3316 3944 in
3350 3885 3544 3943 castris
3567 3882 3667 3952 ejus
3689 3895 3750 3934 re-
3832 3895 3833 3898 η

2210 3991 2330 4063 gula
2362 3975 2678 4051 militemus,
2703 3986 2938 4041 breviter
2962 3982 3057 4037 tibi
3091 3982 3234 4036 illam
3259 3978 3623 4035 describimus.
3648 3971 3754 4024 Sunt

2211 4081 2368 4137 nobis
2416 4086 2612 4135 cuncta
2660 4075 3003 4137 communia,
3031 4087 3201 4127 unum
3252 4086 3382 4136 cor,
3444 4081 3546 4121 una
3586 4063 3748 4123 anima,

2210 4193 2377 4236 unum
2409 4175 2660 4244 idemque
2690 4170 3065 4244 pr0positum:
3096 4169 3271 4223 virtus
3317 4173 3500 4220 autem
3543 4159 3748 4216 obedien-

2215 4267 2300 4324 tia:
2330 4269 2410 4323 sic
2436 4264 2745 4336 praapOIlet,
2777 4270 2841 4338 ut
2875 4276 2998 4317 cum
3047 4257 3205 4314 nobis
3229 4254 3551 4312 incredibile
3583 4252 3641 4306 sit
3669 4256 3752 4301 stu-

2213 4344 2358 4416 dium
2399 4357 2640 4431 legendi,
2669 4354 2849 4411 nullus
2872 4363 3049 4409 tamen
3081 4347 3409 4407 obedientiae
3429 4345 3661 4417 praeferre
3683 4353 3750 4390 au-

2214 4456 2340 4509 deat
2367 4450 2675 4514 lectionem.
2702 4449 2777 4504 De
2800 4446 3035 4519 gratuita
3063 4460 3193 4500 vero
3218 4450 3540 4512 paupertate
3561 4435 3668 4505 quid
3695 4447 3752 4483 re-
3832 4487 3833 4492 η

2219 4549 2420 4610 feram,
2450 4559 2574 4601 cum
2619 4557 2781 4598 omne
2829 4538 2972 4610 quod
3010 4551 3310 4608 corporeus
3349 4547 3544 4590 sensus
3574 4523 3747 4593 attingit

2217 4641 2288 4694 sit
2324 4639 2479 4695 nobis
2505 4635 2727 4692 omnino
2767 4629 3130 4699 contemptui,
3171 4627 3526 4694 animumque
3567 4631 3751 4673 avocan-

2215 4739 2297 4786 tes
2320 4744 2348 4782 a
2380 4740 2607 4797 corpore
2632 4733 3054 4778 consuescamus
3086 4715 3271 4770 mori?
3303 4712 3544 4768 Arduum
3590 4706 3633 4761 id
3664 4700 3754 4770 qui-

2215 4823 2337 4880 dem
2367 4795 2528 4890 atque
2549 4815 2785 4878 difiicilc,
2812 4813 2936 4882 quis
2961 4809 3154 4881 negat?
3179 4807 3288 4862 Sed
3325 4813 3505 4860 tamen
3525 4802 3636 4860 hoc,
3653 4795 3754 4890 duce

2213 4883 2576 4986 philosophia,
2602 4891 2700 4960 nos
2741 4903 3012 4982 credimus
3032 4897 3342 4955 effecturos.
3395 4893 3518 4947 "me
3561 4897 3633 4944 est
3674 4883 3753 4985 vita

2215 4975 2507 5060 laudabilis
2531 5041 2546 5064 ,
2585 5011 2746 5069 quam
2782 4979 3028 5063 tenemus
3063 5009 3080 5044 :
3131 4989 3245 5044 haec
3275 5001 3403 5041 vera
3436 4975 3754 5069 philosophia,

2218 5095 2285 5149 ad
2335 5107 2496 5163 quam
2545 5059 2630 5153 ιε’,
2678 5102 2711 5140 o
2762 5061 2972 5145 amice,
3009 5079 3321 5135 invitamus.
3363 5072 3516 5142 Quod
3555 5071 3595 5125 si
3636 5078 3678 5119 te
3708 5059 3757 5112 ad

2220 5187 2364 5240 hanc
2391 5183 2660 5237 adducere
2691 5191 2797 5232 non
2831 5174 3077 5236 valuere,
3116 5177 3172 5223 tu
3203 5183 3289 5222 me
3321 5167 3392 5221 ab
3413 5165 3502 5220 illa
3533 5166 3757 5226 nunquam
3832 5205 3833 5208 η

2219 5279 2475 5335 abduces.
2505 5271 2662 5337 Vale,
2693 5279 2750 5324 et
2773 5267 3034 5322 miserere
3055 5263 3250 5319 anima:
3275 5267 3405 5315 tuae.

2142 4563 2212 4656 D.

1383 5409 1919 5487 ADNOTATIONES
1958 5409 2033 5483 IN
2060 5407 2436 5477 GUILLELMI
2477 5399 2879 5462 EPISTOLAS.

1077 5573 1132 5612 IN
1168 5568 1468 5610 ειηετοιω
1504 5567 1544 5608 Ι.

591 5630 646 5690 lu
683 5627 863 5699 prima
899 5629 1010 5699 hac
1039 5626 1296 5699 epistola
1319 5624 1630 5699 Willelmus
1671 5622 2114 5699 Gregoriopapaa

520 5699 611 5757 Vll
643 5695 948 5770 gratulatur
987 5698 1061 5770 de_
1075 5695 1212 5763 'ejus
1251 5695 1544 5770 electione,
1569 5695 1944 5770 qtnecoutigit
1971 5707 2113 5770 anno

523 5763 692 5836 i073;
731 5779 848 5822 tum
887 5766 1158 5831 significat
1195 5780 1253 5820 sc
1285 5763 1610 5836 postulatum
1644 5766 1708 5818 ad
1749 5765 1986 5836 regimen
2015 5763 2112 5817 ab-

523 5835 688 5910 igatis:
713 5838 902 5902 Sancti
934 5836 1166 5906 Remigii
1198 5835 1341 5910 apud
1369 5835 1588 5902 Remos,
1611 5851 1731 5910 quze
1754 5843 1876 5907 post
1900 5835 2108 5900 obitum

2225 5544 2494 5602 llerimari
2508 5555 2652 5596 anno
2675 5537 2802 5593 1071
2826 5540 3339 5609 pastore_vacave_rat
3354 5531 3524 5609 ,quod
3534 5542 3657 5609 prius
3668 5521 3757 5609 sui:
3832 5555 3833 5564 η

2222 5594 2704 5684 ξιξ-ιέέῆιέίιξιβιιε
2735 5594 2997 5684 spectant
3021 5594 3448 5684 Gregoriipaﬁte
3469 5594 3761 5684 iiii-cpistola
3832 5609 3833 5680 ξ

2262 5670 2484 5742 naniam)
2495 5682 2748 5736 nimirum
2766 5670 2896 5732 'Iibri
2919 5677 3076 5748 primi
3095 5670 3323 5742 cpistola
3346 5672 3434 5735 15,
3453 5672 3517 5723 ad
3531 5670 3762 5722 Manassen

2262 5703 2468 5742 nautam
2495 5703 2748 5736 llllltll‘ltlll
2777 5703 2896 5732 ttul'l
2919 5703 3076 5748 "tium
3095 5703 3323 5742 qustum
3349 5703 3434 5735 ιυ,
3453 5703 3747 5723 "uale-uuae“

2219 5703 2516 5812 aemo‘rum
2535 5749 2882 5821 pontificem,
2911 5751 3020 5821 qua
3051 5762 3172 5800 eum
3202 5753 3384 5797 monet
3417 5751 3496 5820 ut.
3522 5757 3586 5821 ne
3619 5749 3747 5821 tuoua

2219 5810 2355 5886 ciios
2387 5810 2734 5902 Rciuigianos
2781 5810 3010 5891 amplius
3049 5825 3228 5882 vexet,
3267 5822 3436 5882 utque
3476 5810 3619 5880 juxta
3643 5817 3752 5859 cauo
