3848 6292
482 328 583 401 887

503 469 1531 499 Mm.—

1597 335 1653 391 S.
1696 336 2066 392 GL’ILLELMI
2107 334 2398 392 ABBA'HS
2437 330 2758 390 MRSAUG.

2181 476 3695 505 *Μὴν-*Ἦ

1266 625 1729 719 ORATIO
1802 626 2193 720 DOMNI
2273 630 2943 769 GUILLELMI

896 820 976 879 In
1007 818 1673 881 commomoratiomS.
1706 819 2056 897 Augustini
2081 830 2231 885 ante
2269 802 2802 883 consecrationem
2830 822 3028 883 missa:
3067 821 3352 883 dicenda.

1698 983 1957 1055 (Μιιιιιι.
1989 968 2228 1039 ᾸηαΙεσι.
2261 999 2313 1053 p.
2342 984 2499 1056 ‘60.),

1968 1150 2299 1161 σι*

560 1295 875 1362 Memento,
923 1294 1187 1361 Domine,
1242 1293 1439 1349 anima:
1479 1291 1663 1347 famuli
1707 1294 1784 1348 tui
1826 1292 2080 1351 Patricii.

485 1397 542 1443 et
589 1387 800 1442 famula:
848 1394 954 1441 tua:
995 1386 1219 1441 Mouica:
1247 1401 1261 1440 :
1293 1393 1350 1441 et.
1387 1386 1431 1439 si
1469 1384 1598 1455 quid
1642 1400 1740 1455 pro
1771 1386 1952 1439 anima
1984 1386 2078 1440 filii

486 1480 729 1550 ipsorum
766 1460 973 1534 domini
1002 1479 1106 1533 mei
1138 1478 1447 1548 Augustini,
1482 1476 1821 1532 dilectissimi
1865 1476 2079 1533 confes-

486 1572 630 1627 soris
679 1572 778 1636 tui,
837 1571 972 1627 mihi
1019 1571 1220 1626 misero
1266 1570 1538 1641 peccatori
1580 1571 1710 1624 licet
1757 1569 1841 1624 vel
1892 1570 2081 1625 intimo

486 1665 669 1720 cordis
710 1663 903 1720 affectu
953 1664 1285 1729 desiderare,
1344 1665 1549 1719 utinam
1602 1679 1704 1719 non
1770 1664 2081 1719 omnimodo

487 1756 759 1811 inutiliter
784 1757 898 1826 ipsa
933 1757 1028 1811 tibi
1075 1773 1191 1812 mea
1225 1756 1478 1827 loquatur
1506 1757 1774 1813 voluntas.
1811 1758 1935 1814 Scio
1961 1758 2082 1829 qni-

488 1850 635 1915 dem,
669 1850 894 1906 Domine
914 1890 931 1911 .
960 1859 1015 1905 et
1045 1866 1143 1921 pro
1171 1860 1322 1906 certo
1351 1866 1588 1922 agnosco
1617 1867 1739 1908 esse
1777 1868 1859 1907 me
1891 1868 2083 1922 pecca-

487 1946 691 2007 torem,
730 1951 786 1997 et
812 1941 1269 2006 infelicissimum,
1306 1952 1362 1997 et
1387 1944 1597 1997 cunctis
1622 1943 1943 1999 criminibus
1985 1945 2082 1998 oh-

490 2036 739 2100 noxium,
768 2046 932 2106 atque
963 2036 1253 2091 immensis
1289 2038 1587 2093 sceleribus
1636 2038 2078 2107 coinquinatum;

488 2129 641 2187 illum
665 2141 843 2184 autem
890 2129 1061 2185 fuisse
1110 2132 1161 2185 in
1212 2132 1311 2185 hac
1362 2131 1613 2201 praesenti
1647 2132 1751 2186 vita
1799 2140 2079 2193 sanctum,

486 2221 693 2291 justum
738 2232 793 2277 et
826 2222 1004 2293 pium,
1036 2223 1393 2293 omnibusque
1426 2224 1719 2278 virtutibus
1760 2224 2084 2279 mirabiliter

491 2325 846 2383 exornatum;
892 2331 1035 2370 nunc
1078 2325 1260 2371 autem
1305 2317 1449 2370 omni
1501 2318 1704 2371 honore
1744 2328 1797 2371 et
1826 2316 1994 2388 gloria
2029 2316 2081 2370 in

490 2418 782 2477 conspectu
839 2417 933 2463 tuo
968 2409 1201 2464 miriﬁce
1254 2411 1601 2465 sublimatum
1627 2452 1642 2473 ,
1684 2411 1775 2465 ubi
1822 2411 1992 2480 magis
2020 2426 2085 2464 ac

488 2500 664 2567 magis
694 2496 1104 2566 gloriﬁcetur'et
1140 2500 1518 2571 niagniticetur
1561 2502 1808 2556 desidero
1849 2511 1905 2555 et
1935 2510 2083 2569 opto,

489 2600 571 2654 et,
602 2592 652 2644 in
684 2600 945 2659 quantmn
976 2605 1307 2661 prmsumere
1339 2592 1532 2655 audeo,
1558 2605 1746 2645 exoro.
1780 2591 1932 2659 Quod
1958 2604 2088 2645 vero

392 2742 397 2747 δ
490 2692 591 2749 per
617 2696 738 2735 eum
772 2682 973 2753 ingenti
1008 2683 1366 2748 necessitate,
1403 2691 1582 2751 tamen
1633 2699 1754 2739 cum
1802 2684 2091 2752 quantula-

492 2785 707 2840 cunque
755 2771 860 2827 tide
903 2788 1171 2843 exposco,
1218 2783 1271 2827 tu
1321 2775 1707 2844 benignissime
1754 2776 2087 2831 occultorum

495 2865 784 2933 cognitor,
826 2876 1085 2921 scrutaris
1129 2867 1293 2922 corda
1352 2876 1407 2921 et
1457 2881 1617 2922 renes
1664 2868 1840 2930 Dens,
1873 2867 2090 2923 intende

492 2954 742 3024 placatus
763 2996 787 3020 ,,
810 2965 1081 3024 quatenus
1127 2956 1343 3011 meritis
1364 2965 1418 3011 et
1446 2950 1925 3011 intercessionibus
1951 2955 2090 3025 ejus,

495 3044 850 3113 omniumque
902 3056 1215 3100 sanctorum
1266 3054 1524 3110 tuorum,
1593 3045 1838 3101 absolvas
1899 3060 1986 3101 me
2039 3056 2093 3102 et

497 3149 688 3188 onmes
737 3132 939 3191 fratres
970 3145 1189 3191 nostros
1219 3136 1287 3192 ab
1325 3136 1471 3191 omni
1499 3136 1712 3192 vinculo
1741 3136 2090 3201 delictorum,

500 3233 557 3278 et
614 3226 805 3281 denuo-
833 3235 942 3280 tam
990 3226 1176 3293 nobis,
1224 3240 1384 3298 quam
1438 3229 1715 3296 omnibus,
1755 3243 1852 3298 pro
1896 3228 2094 3298 quibus

500 3326 651 3371 tuam
675 3318 1020 3378 clementiam
1048 3334 1358 3385 exoramus,
1391 3317 1561 3376 facias
1585 3321 1881 3376 secundum
1915 3318 2094 3376 multi-

503 3409 747 3464 tudinem
778 3410 1187 3467 miserationum
1215 3420 1454 3471 tuarum.
1482 3411 1609 3467 Mihi
1631 3427 1847 3484 quoque
1866 3414 2094 3470 obsecro

499 3500 566 3554 de
603 3499 721 3568 ejus
777 3502 1260 3559 intercessionibus
1310 3514 1365 3559 et
1417 3506 1629 3560 meritis
1675 3507 1900 3568 donari.
1951 3506 2095 3576 quod

498 3601 648 3647 certe
698 3593 832 3648 meis
867 3609 971 3649 non
1004 3611 1220 3652 mereor
1259 3596 1509 3666 adipisci,
1538 3596 1789 3653 videlicet
1822 3608 1881 3652 ut
1923 3599 1991 3654 de
2016 3598 2097 3653 di-

494 3682 725 3739 vinitate
746 3692 909 3754 atque
940 3685 1760 3743 humanitatedileCtissimiFilii
1788 3689 1863 3743 tui
1888 3688 2095 3743 Domini

497 3776 672 3830 nostri
689 3775 819 3832 Jesu
833 3776 1037 3833 Christi
1063 3778 1115 3834 id
1144 3794 1357 3837 merear
1382 3782 1583 3837 sentire
1605 3782 1745 3850 quod
1773 3782 1884 3851 ipse
1907 3782 2098 3848 sensit,

500 3868 644 3922 scire
680 3868 821 3939 quod
870 3870 1048 3934 scivit,
1088 3871 1389 3945 intelligere
1438 3873 1581 3943 quod
1639 3874 1928 3938 intellexit,
1980 3890 2099 3931 cre-

502 3958 631 4015 dere
661 3962 803 4031 quod
834 3962 1082 4028 credidit,
1127 3964 1349 4035 diligere
1376 3966 1520 4035 quod
1548 3965 1774 4031 dilexit,
1802 3968 2100 4036 prmdieare

502 4052 671 4107 etiam
710 4052 917 4109 valeam
946 4056 1089 4124 quod
1122 4057 1325 4111 docuit.
1357 4057 1581 4122 Precor,
1612 4059 1859 4124 Domine,
1892 4061 2101 4115 utsub—

500 4144 753 4200 veniente
797 4154 849 4200 et
886 4157 1237 4203 succurrente
1278 4164 1400 4203 cum
1448 4158 1536 4204 tua
1595 4149 1796 4220 pietate
1850 4153 2099 4207 omnium

500 4226 815 4289 sanctorum
850 4244 1064 4291 tuormn
1099 4238 1533 4307 supplicatione,
1569 4256 1692 4296 cum
1725 4242 1941 4297 sincera
1974 4243 2100 4309 (ide,

503 4340 626 4381 cum
657 4343 751 4399 spe
771 4344 985 4394 secura,
1004 4345 1128 4384 cum
1145 4332 1417 4387 eharitate
1436 4349 1539 4388 non
1575 4334 1700 4388 ficta
1731 4335 1978 4390 ultimum
2007 4351 2102 4390 va-

501 4416 644 4473 leam
675 4420 923 4490 spiritum
963 4420 1169 4479 cillare.
1210 4423 1316 4480 Sed
1344 4433 1398 4480 et
1432 4425 1572 4482 diem
1615 4427 1762 4481 illum
1800 4437 1855 4482 et
1889 4428 2101 4495 horam,

502 4512 853 4582 migrationis
882 4516 1136 4572 videlicet
1178 4518 1373 4573 anima:
1412 4536 1546 4575 mea:
1586 4520 1652 4575 de
1680 4538 1925 4591 corpore,
1957 4531 2099 4592 peto,

504 4603 767 4668 Domine,
808 4615 868 4659 ut
922 4620 1026 4660 non
1073 4608 1359 4677 permittas
1412 4624 1499 4664 me
1556 4612 1861 4681 pernicioso
1909 4614 2103 4667 timore

505 4693 759 4760 horrere,
804 4695 897 4749 sed
927 4696 1007 4750 sic
1033 4697 1214 4766 potius
1256 4697 1422 4752 facias
1456 4700 1633 4754 vivere
1654 4739 1668 4765 ,
1697 4709 1757 4754 ut
1805 4700 1933 4754 mibi
1963 4717 2105 4755 con-

508 4799 728 4865 gruum,
758 4796 813 4843 et
855 4789 1161 4858 proficuum
1182 4831 1197 4855 ,
1235 4801 1289 4846 et
1317 4791 1447 4846 utile
1496 4792 1740 4861 sitvellc
1771 4793 2017 4857 dissolvi,
2049 4803 2105 4850 et

506 4894 630 4933 cum
658 4880 874 4936 Christo
896 4898 1034 4938 esse.
1069 4882 1295 4939 Dissolvi
1323 4884 1467 4939 enim
1494 4893 1693 4940 etcum
1718 4882 1934 4939 Christo
1956 4900 2107 4951 esse,

506 4982 656 5027 certe
706 4975 838 5028 nihil
872 4966 1099 5041 melius,
1135 4976 1267 5030 nihil
1321 4976 1638 5043 gloriosius,
1669 4977 1800 5030 nihil
1857 4975 2100 5043 felicius,

509 5065 640 5118 nihil
679 5066 1011 5135 jucundius,
1046 5067 1177 5121 nihil
1228 5067 1631 5136 delectabilius,
1678 5069 1809 5123 nihil
1858 5069 2101 5134 dulcius,

508 5154 644 5206 nihil
674 5156 925 5222 suavius,
961 5156 1096 5209 nihil
1127 5156 1435 5221 amabilius,
1467 5157 1609 5211 nihil.
1628 5157 1933 5226 optabilius,
1969 5157 2101 5213 nihil

511 5248 945 5303 desulerabilius.
974 5247 1179 5301 Tamen
1205 5248 1249 5301 si
1284 5247 1463 5303 adhuc
1500 5264 1819 5318 permanere
1858 5252 1909 5305 in
1941 5265 2103 5307 carne

512 5350 733 5409 propter
777 5353 1129 5408 quoscunque
1178 5340 1545 5393 necessarium
1574 5350 1691 5402 est,
1724 5342 1852 5410 quid
1894 5342 2104 5397 dicam?

508 5427 676 5483 Certe
704 5429 954 5497 quamvis
982 5437 1265 5498 torquente
1293 5431 1618 5486 conscientia
1642 5432 1798 5489 valde
1826 5434 1926 5488 sibi
1962 5435 2103 5490 male

509 5521 755 5582 conseia,
778 5519 975 5583 dicam,
1002 5519 1179 5585 Pater,
1204 5522 1379 5576 dicant
1411 5520 1565 5576 :Fiat
1593 5523 1838 5580 voluntas
1866 5527 1987 5579 tua!
2020 5524 2099 5579 Tn

520 5611 666 5664 enim
696 5610 785 5677 qui
812 5611 952 5665 nosti
984 5611 1144 5666 etiam
1176 5613 1312 5667 bene
1360 5614 1434 5667 uti
1473 5612 1630 5667 malis
1658 5653 1674 5678 ,
1729 5622 1782 5669 tu
1815 5616 1961 5671 solus
1997 5618 2105 5673 scis

517 5716 687 5769 quare
740 5701 841 5755 hoc
898 5702 1105 5769 fecisti,
1164 5705 1367 5759 habens
1422 5714 1743 5776 potestatem
1790 5723 1858 5763 ex
1913 5710 2101 5764 eadem

518 5795 619 5848 luti
664 5810 844 5851 massa
893 5796 1038 5852 aliud
1089 5813 1182 5854 vas
1224 5798 1415 5860 facere
1463 5801 1512 5856 in
1548 5801 1840 5871 honorem,
1872 5804 2016 5860 aliud
2048 5805 2103 5859 in

2121 2640 2164 2693 Β

2114 1277 2161 1336 Α
2188 1297 2601 1364 contumeliam,
2628 1300 2881 1369 potestati
2916 1307 3020 1353 tua:
3074 1300 3298 1355 ncmlne
3345 1302 3619 1367 resistente,
3640 1322 3713 1361 ne»

2186 1389 2332 1444 mine
2382 1387 2734 1459 prohibente,
2793 1390 3011 1445 nemine
3056 1391 3478 1446 contradicente.
3520 1392 3578 1447 Et
3618 1397 3711 1463 quid

2184 1484 2562 1540 contradicere
2582 1492 2756 1555 potest
2767 1492 3013 1538 creatura
3027 1483 3296 1549 Creatori,
3313 1482 3513 1539 factura
3526 1486 3714 1542 Factori?

2180 1574 2433 1645 Nunquid
2483 1576 2614 1630 dicit
2670 1576 2983 1646 ﬁgmentum
3034 1575 3083 1629 ei
3130 1576 3222 1645 qui
3253 1591 3312 1632 se
3367 1576 3717 1643 finxitzQuare

2185 1682 2271 1721 tne
2297 1667 2377 1721 sic
2409 1666 2649 1721 ﬁtixisti?
2675 1667 2885 1736 Quippe
2903 1666 2990 1722 cui
3016 1668 3098 1721 vis
3115 1667 3414 1727 misereris,
3435 1678 3485 1719 et
3507 1683 3642 1737 quem
3660 1670 3717 1722 vis

2185 1758 2425 1813 induras.
2463 1759 2807 1829 Quapropter
2856 1759 3030 1813 nescit
3081 1760 3243 1812 homo
3296 1759 3533 1813 mortalis
3577 1768 3715 1811 utram

2184 1852 2332 1915 odio,
2362 1868 2429 1905 an
2453 1866 2637 1906 amore
2664 1852 2855 1922 dignus
2885 1852 2983 1915 sit,
3011 1852 3103 1905 sed
3134 1851 3317 1906 omnia
3366 1851 3420 1906 in
3464 1851 3622 1907 futuro
3655 1868 3715 1907 re.

2184 1953 2471 1998 servantur
2509 1943 2737 1997 incerta.
2792 1941 2968 1997 Unum
3014 1952 3197 1996 autem
3235 1950 3475 2004 certum,
3521 1941 3717 2003 ﬁrmum,

2183 2035 2374 2093 Stahile
2398 2046 2453 2089 et
2480 2044 2734 2105 perpetua
2754 2035 3279 2090 constatmternitate
3303 2034 3727 2096 immntabile.sci-

2186 2128 2308 2183 licet
2332 2129 2627 2198 quodDens
2652 2144 2732 2195 es,
2765 2129 2907 2198 quod
2948 2128 3293 2197 onmipotens
3328 2144 3419 2191 es,
3442 2128 3572 2198 quod
3598 2129 3725 2183 bonos

2187 2237 2266 2277 cs.
2286 2223 2425 2293 Ergo
2456 2222 2506 2275 in
2536 2222 2693 2275 nobis
2718 2232 2771 2275 et
2802 2222 2868 2275 de
2890 2221 3047 2274 nobis
3070 2221 3211 2289 quod
3243 2221 3442 2274 bonum
3468 2230 3542 2274 est
3568 2221 3611 2274 in
3635 2237 3726 2274 con-

2186 2324 2374 2385 spectu
2406 2323 2516 2377 tuo,
2536 2313 2956 2368 clementissime
2985 2313 3164 2375 Pater,
3199 2312 3313 2372 fiat,
3348 2312 3470 2366 liat!
3494 2312 3545 2365 In
3571 2312 3727 2367 ditionc

2191 2410 2408 2478 quidem
2439 2417 2527 2461 tua
2554 2416 2748 2461 cuncta
2789 2416 2915 2461 sunt
2944 2407 3141 2474 posita,
3175 2414 3231 2461 et
3255 2421 3361 2459 non
3394 2416 3473 2460 est
3500 2406 3580 2475 qui
3601 2408 3732 2473 ιιοδιέι

2191 2501 2445 2556 resistere
2472 2498 2729 2552 voluntati
2773 2507 2892 2550 ture.
2930 2496 2987 2551 Si
3033 2496 3343 2551 decreveris
3389 2496 3597 2550 salvare
3634 2511 3729 2557 nos.

2192 2595 2448 2648 continuo
2488 2590 2843 2646 liberabimnr
2880 2606 2893 2643 :
2950 2600 2977 2642 a
3008 2587 3163 2657 cujus
3208 2587 3543 2641 liherationis
3576 2589 3726 2657 gratia,

2193 2699 2261 2740 ne
2291 2682 2581 2738 multitudo
2608 2698 2673 2736 ac
2700 2680 3016 2753 magnitudo
3044 2691 3396 2751 peccatorum
3431 2695 3643 2735 meorum
3674 2679 3730 2731 la-

2193 2777 2339 2833 ciant
2368 2787 2641 2831 extorrem
2671 2784 2726 2829 et
2752 2775 3051 2845 indignum,
3078 2772 3242 2841 jube,
3268 2773 3522 2835 Domine,
3543 2772 3731 2826 miserri-

2195 2884 2340 2925 mam
2398 2874 2637 2923 animam
2684 2882 2859 2921 meam
2933 2865 3249 2930 consolari,
3312 2866 3456 2933 quod
3509 2863 3731 2918 misereris

2194 2963 2467 3025 onmium,
2496 2969 2550 3013 et
2588 2959 2717 3013 nihil
2763 2958 2922 3012 odisti
2951 2957 3191 3012 omnium
3240 2971 3363 3027 qnze
3400 2952 3733 3016 iecisti,dissi-

2196 3050 2409 3104 mulans
2440 3060 2658 3119 peccata
2695 3048 2971 3103 hominum
3002 3055 3224 3117 pmpter
3247 3047 3623 3117 pmnitentiam.
3653 3044 3732 3098 Fac

2196 3158 2325 3213 ergo
2357 3157 2476 3208 mo,
2514 3140 2774 3205 Domine,
2804 3139 3040 3194 fructum
3088 3139 3311 3210 dignum
3359 3135 3735 3207 ptenitentiazla-

2196 3249 2340 3290 cere.
2374 3233 2512 3297 Fac,
2551 3232 2819 3302 piissime,
2857 3240 2918 3284 ut
2954 3237 3247 3299 antequam
3300 3230 3353 3282 in
3405 3226 3735 3297 desperationis

2195 3326 2515 3384 barathrum
2533 3323 2792 3388 incidam,
2812 3331 3104 3393 antequam
3120 3338 3205 3376 me
3234 3337 3382 3376 mors
3409 3329 3635 3390 occupet,
3658 3335 3732 3372 an-

2200 3432 2416 3493 tequam
2450 3421 2564 3475 dies
2592 3420 2779 3474 ultima
2825 3419 2960 3473 mihi
3002 3419 3210 3474 aditum
3264 3417 3597 3480 intercludat,
3620 3416 3673 3470 da
3695 3425 3737 3467 ut

2201 3514 2436 3569 inveniat
2464 3527 2653 3567 servus
2671 3521 2792 3567 tuus
2817 3526 2911 3565 cor
2930 3526 3088 3564 suum
3116 3510 3183 3564 ad
3207 3510 3338 3564 satis
3364 3509 3458 3563 tibi
3484 3507 3741 3563 faciendum

2200 3622 2300 3675 pro
2325 3605 2489 3660 tantis
2524 3613 2741 3673 tamque
2781 3599 3137 3657 horribilibns
3166 3615 3235 3655 ac
3268 3598 3516 3655 nefandis
3545 3596 3738 3652 crimini-

2201 3701 2321 3760 bus,
2372 3697 2569 3767 quibus
2609 3708 2698 3749 mo
2720 3693 2985 3749 confiteor
3011 3692 3305 3746 obnoxium
3347 3690 3601 3761 majestati
3639 3697 3735 3747 tute,

2200 3797 2256 3843 et
2280 3802 2441 3857 quam
2474 3785 2822 3857 gravissimo,
2847 3783 2985 3838 heu!
3014 3783 3118 3837 heu
3144 3784 3160 3837 l
3185 3798 3347 3853 quam
3386 3778 3737 3837 damnabiliter!
3830 3780 3831 3825 ζ

2204 3878 2309 3934 Sed
2337 3889 2414 3944 tu,
2447 3876 2868 3933 clementissimo
2891 3883 2945 3929 et
2972 3874 3217 3945 piissime
3248 3874 3412 3940 Deus,
3439 3880 3661 3928 avertens
3682 3869 3737 3921 ιι·
3830 3894 3831 3963 ι

2127 3993 2168 4050 C
2202 3971 2340 4026 ciem
2365 3979 2511 4024 tuam
2546 3969 2613 4023 ab
2641 3969 2728 4023 his
2750 3966 2905 4021 malis
2928 4003 2943 4031 ,
2988 3965 3095 4020 noli
3149 3980 3240 4020 me
3289 3965 3578 4020 secundum
3604 3973 3741 4016 actum

2202 4078 2381 4116 meum
2400 4060 2671 4129 judicare,
2702 4059 2797 4112 sed
2832 4057 3128 4112 clementer
3156 4055 3576 4110 satisfactionem
3606 4066 3739 4105 nteant
3830 4040 3831 4099 ἓ

2202 4154 2525 4222 suscipiens,
2546 4148 2739 4206 exaudi
2760 4162 2865 4214 me,
2885 4157 2945 4203 ut
2961 4148 3042 4203 vel
3062 4163 3202 4203 nunc
3223 4162 3393 4217 prope
3412 4144 3564 4201 ﬁnem
3585 4157 3741 4205 meum,

2202 4263 2325 4303 cum
2355 4246 2471 4314 jam
2524 4245 2753 4300 multum
2803 4260 2909 4298 non
2941 4241 3289 4297 laboraturus
3318 4255 3467 4305 sum,
3494 4237 3651 4292 omnia
3680 4235 3740 4287 in-

2205 4338 2403 4392 teriora
2437 4348 2558 4391 mea
2605 4335 2710 4389 tuis
2740 4334 2945 4389 sanctis
2989 4348 3099 4387 non
3139 4330 3410 4402 negligam
3442 4344 3603 4399 neque
3624 4323 3740 4379 diffe-

2203 4447 2321 4487 ram
2352 4442 2622 4500 oceupare
2648 4426 2944 4497 obsequiis.
2988 4425 3231 4479 Illumina
3253 4465 3270 4490 ,
3298 4438 3511 4494 quaeso,
3540 4419 3741 4480 Domine,

2204 4530 2442 4577 mentem
2477 4534 2654 4573 meam
2692 4517 2759 4571 ad
2793 4516 3256 4586 investigandam,
3291 4522 3348 4569 et
3383 4509 3743 4582 inquirendam.

2204 4625 2260 4669 et
2304 4611 2653 4667 scrutandam
2707 4608 2959 4665 semitam
3008 4607 3392 4660 mandatorum
3445 4614 3670 4661 tuorum,
3703 4609 3743 4649 ιιι

2204 4706 2348 4761 nulla
2397 4703 2527 4759 mihi
2572 4704 2680 4774 jam
2737 4700 3043 4757 dominetur
3071 4697 3349 4768 iniquitas,
3396 4711 3569 4766 neque
3610 4688 3741 4762 possi-
3830 4762 3831 4767 γ

2203 4798 2367 4852 deant
2398 4809 2485 4849 me
2508 4791 2711 4849 domini
2743 4791 2945 4858 absque
2978 4800 3030 4842 te
3062 4802 3077 4841 :
3114 4790 3208 4843 sed
3246 4798 3299 4843 tu
3335 4785 3603 4856 possideas
3624 4796 3741 4849 roga.

2208 4899 2264 4944 tu
2318 4887 2616 4942 domineris
2665 4885 2799 4939 mei.
2820 4882 2950 4937 Peto
2975 4891 3027 4936 tu
3047 4920 3064 4947 ,
3094 4880 3512 4949 benignissime,
3544 4879 3660 4932 doce
3685 4884 3746 4925 me
3830 4934 3831 4937 η

2207 4979 2389 5035 facere
2427 4979 2761 5034 voluntatem
2809 4982 2986 5037 tuam,
3020 4974 3145 5043 quia
3180 4981 3235 5026 tu
3276 4986 3337 5026 es
3368 4971 3618 5025 Dominus
3642 4968 3745 5020 [lens

2205 5087 2380 5137 meus,
2414 5080 2467 5128 et
2493 5085 2593 5140 ego
2618 5082 2806 5122 servus
2834 5075 2955 5119 tuus
2982 5073 3039 5118 et
3085 5064 3228 5118 [ilius
3271 5062 3483 5117 ancilla:
3518 5072 3640 5115 ture.
3660 5054 3746 5111 Fiat

2204 5165 2370 5235 igitur
2410 5177 2553 5217 nunc
2601 5158 2767 5223 mihi,
2799 5157 3022 5210 Domine
3043 5194 3059 5219 ,
3095 5170 3193 5225 per
3215 5154 3451 5225 gratiam
3495 5163 3657 5213 tuam,
3688 5155 3751 5207 ut,

2208 5256 2455 5312 abdicata
2479 5252 2625 5308 omni
2657 5248 3026 5305 dominatione
3064 5247 3349 5309 vitiorum,
3380 5261 3486 5299 non
3514 5240 3743 5311 superbia,

2135 5350 2181 5407 D
2208 5361 2311 5399 non
2345 5343 2597 5405 avaritia,
2628 5356 2733 5394 non
2772 5338 3005 5401 luxuria,
3035 5352 3141 5392 non
3176 5336 3263 5390 ille
3292 5336 3533 5389 omnium
3569 5328 3745 5399 iniquis-

2208 5440 2469 5496 simornm
2499 5434 2902 5505 iniquissimus,
2933 5432 3177 5487 omnium
3213 5430 3651 5500 nequissimorum
3675 5436 3745 5476 ne-

2209 5529 2526 5600 quissimus,
2582 5523 2899 5593 impiissima
2943 5521 3285 5587 crudelitate,
3325 5532 3381 5575 et
3422 5516 3743 5575 crudelissima
3830 5536 3831 5583 ι

2212 5622 2621 5693 importunitate
2642 5619 3014 5683 intolerabilis,
3032 5617 3303 5688 pessimus
3323 5616 3648 5688 blasphemiae
3666 5611 3747 5679 spi-
3830 5622 3831 5679 ς

2212 5717 2369 5778 ritus,
2412 5729 2518 5769 non
2545 5712 2649 5765 ulla
2675 5711 2926 5765 vitiorum
2952 5710 3120 5779 pestis
3151 5712 3333 5764 valeat
3358 5720 3586 5764 mentem
3609 5716 3746 5757 meam
3830 5708 3831 5771 ξ

2212 5806 2322 5863 ullo
2351 5806 2509 5861 modo
2535 5802 2793 5866 evellere,
2827 5811 2920 5857 aut
2962 5810 3208 5857 avertere
3237 5817 3267 5857 a
3299 5802 3496 5857 ﬁducia
3520 5801 3749 5854 immensis
