3848 6292
500 336 596 391 801

501 452 728 505 tionibus
758 453 831 503 sic
870 452 1061 504 habet:
1092 450 1330 503 Fuit.....
1374 464 1477 500 non
1529 446 1709 500 minus
1751 448 1801 499 in
1842 447 2083 499 carmine

499 538 663 591 quam
714 524 766 573 in
813 523 1060 575 oratione
1111 520 1285 575 soluta
1336 519 1798 591 exercitatuskin
1840 517 2081 591 lauribus

498 588 713 660 quoque
741 591 1090 658 cmnpositns,
1131 600 1377 644 maturus
1417 588 1957 660 etreligiosissimus,
1988 589 2078 656 qui

499 659 698 743 fratres
728 662 779 714 iu
814 662 961 743 ρωῃί
994 659 2081 743 puritateregularisobservantizeﬂprae-

498 734 777 786 cessit.....
814 724 1042 801 Scripsit
1076 731 1218 785 inter
1245 724 1439 801 caelera
1475 728 1845 801 opuscula...”
1882 724 2076 801 Vitam,

496 798 963 857 conversationem
994 812 1047 856 et
1071 800 1329 855 miracula
1355 800 1683 854 sanctissimi
1713 798 1925 852 abbatis
1944 798 2078 853 Wil-

500 871 665 926 hvlmi
711 872 838 926 bino
887 872 1181 936 volumine,
1229 871 1371 939 quod
1415 880 1599 939 postea
1652 868 1821 923 frater
1858 870 2076 939 quidam

498 940 861 997 abbreviavit.
904 942 1137 1011 Scripsit
1184 951 1241 1005 et
1272 940 1347 995 De
1382 940 1586 995 musica
1634 955 1857 1011 parvum
1886 950 1940 994 et
1971 956 2076 993 non

496 1012 739 1067 inutilem
766 1010 1309 1075 lihellum,homilias
1340 1026 1555 1079 quoque
1587 1012 1653 1063 ad
1697 1010 1890 1065 fratres
1942 1024 2079 1063 non-

498 1082 709 1147 nullas,
739 1099 859 1150 quae
910 1083 1170 1153 lleymoui
1226 1081 1662 1153 ilalberstadensi
1712 1081 1965 1153 cpismpo
2012 1094 2075 1153 ex

493 1168 679 1207 errore
701 1154 975 1207 multolies
991 1151 1247 1222 ascripta:
1271 1152 1731 1222 inveniuntur”...
1757 1151 2080 1218 (Iompilavit

493 1234 547 1278 ct
571 1225 673 1276 alia
702 1226 945 1293 qtnedam
985 1221 1346 1293 synthemata.
1380 1221 1463 1276 Ex
1494 1223 1574 1275 his
1610 1223 1714 1275 duo
1742 1222 1922 1293 colligi
1960 1238 2080 1293 pos-

493 1241 547 1278 Cl
571 1241 673 1276 ana
702 1241 945 1293 fllliBtlillll
985 1242 1007 1277 s
1052 1241 1346 1277 ntuemata.
1380 1241 1463 1276 nx
1494 1241 1574 1275 ms
1610 1241 1714 1275 auo
1750 1241 1921 1291 COlttgt
1960 1241 2078 1291 pos-

492 1307 611 1347 sunt
644 1308 662 1345 :
693 1295 942 1363 prinmm,
993 1241 1276 1363 gegmonis
1318 1295 1481 1346 nostri
1533 1292 1782 1360 apuscula
1826 1292 2078 1346 nonnulla

500 1362 762 1435 ilaymoni
810 1362 1263 1419 llalberstadicnsi
1305 1363 1503 1435 tributa
1538 1362 1732 1435 fuisse;
1774 1374 1818 1435 et
1847 1364 2076 1432 quidem,

493 1445 549 1487 ut
590 1433 926 1506 prosequitur
977 1434 1439 1506 Trithemiusfita
1489 1433 1711 1506 confuse
1764 1434 2078 1506 plerumque

496 1515 603 1559 tam
652 1504 806 1561 istius
853 1507 1055 1574 scripta
1085 1519 1251 1573 quam
1291 1504 1436 1559 illius
1476 1505 1759 1559 commista
1806 1504 2083 1568 videntur,

494 1580 657 1644 quod,
692 1577 792 1630 nisi
826 1578 1042 1631 lectoris
1069 1574 1292 1645 provida
1334 1575 1603 1644 sagacitas
1631 1590 1693 1627 ea
1727 1575 1939 1628 noverit
1967 1576 2077 1628 dis-

495 1662 744 1709 cernere,
797 1664 899 1703 non
959 1646 1117 1700 facile
1146 1646 1513 1699 cui‘dchcant
1559 1645 1813 1707 attribui,
1862 1645 2077 1714 phrasis

495 1717 857 1771 differentiam
901 1719 1043 1772 haud
1093 1715 1427 1785 intelligens,
1467 1714 1645 1770 valeat
1682 1714 1949 1785 judicare.
1980 1714 2077 1768 Se-

495 1732 857 1771 uuterentiam
901 1732 1043 1772 uana
1093 1732 1257 1769 ltllClll
1299 1732 1427 1777 eus,
1467 1732 1645 1770 valeat
1682 1732 1949 1780 Juatcarc.
1980 1732 2075 1768 ne-

492 1788 685 1845 cundo.
717 1805 781 1840 ex
808 1805 967 1856 supra
1004 1786 1234 1839 laudatis
1265 1732 1541 1838 ii‘rithemii
1587 1786 1751 1839 verbis
1781 1780 2075 1856 colligimus

494 1859 629 1913 beati
656 1854 921 1911 Wilhelmi
964 1856 1155 1919 Vitam,
1186 1872 1343 1925 quant
1379 1856 1531 1909 hodie
1575 1857 1728 1909 unico
1773 1854 2075 1909 libro’com-

493 1929 798 1992 prehensum
826 1929 1094 1990 habemus,
1134 1928 1360 1995 primum
1386 1928 1441 1979 in
1473 1926 1578 1980 duo
1620 1926 1883 1979 volumina
1914 1926 2077 1995 fuisse

493 1998 732 2053 divisam.
769 1998 981 2064 Verani,
1023 2007 1078 2050 ut
1103 2008 1156 2049 ut
1185 1998 1273 2063 sit,
1309 1997 1445 2065 idem
1471 2012 1672 2065 semper
1694 2007 1766 2049 est
1793 1995 2079 2064 lleymonis

493 2068 649 2135 fctus,
683 2071 937 2139 quicum
984 2069 1138 2138 fuerit
1184 2067 1317 2139 beati
1352 2064 1625 2139 Wilhelmi
1670 2066 1976 2139 discipulus,
2015 2083 2077 2121 ea

491 2155 608 2204 qum
637 2137 813 2191 coram
846 2141 1039 2193 viderat
1067 2148 1113 2191 et
1149 2137 1415 2201 audierat,
1447 2137 1653 2205 scriptis
1697 2137 1987 2203 mandavit,
2020 2147 2075 2191 ut

492 2209 598 2276 ipse
641 2226 744 2262 non
794 2211 949 2262 semel
994 2209 1205 2263 disertis
1252 2208 1420 2261 verbis
1472 2217 1724 2272 testatur,
1772 2217 1821 2260 et
1867 2208 2075 2277 quidem

492 2295 635 2349 nam.
674 2279 745 2332 24
794 2297 848 2333 se
891 2281 964 2349 pii
1017 2277 1194 2331 Patris
1248 2280 1404 2349 morti
1454 2276 1754 2349 interfuisse
1800 2276 2073 2333 memorat.

492 2347 624 2421 Qua:
649 2366 767 2403 vero
798 2346 1111 2404 Trithemius
1144 2350 1207 2403 de
1242 2348 1423 2421 eodem
1462 2346 1744 2421 Wilhelmo
1773 2349 2078 2421 inutraque

492 2416 885 2489 Hirsaagicnsis
931 2421 1180 2474 Chronici
1251 2419 1476 2472 editione
1522 2419 1695 2489 habet,
1744 2416 2077 2486 potissimum

487 2488 758 2559 desumpta
788 2501 907 2544 sunt
937 2507 1001 2544 ea;
1023 2492 1121 2544 hac
1161 2489 1301 2553 Vita,
1339 2505 1495 2560 quant
1514 2488 1986 2560 lt_i_c_e.'chibebimus
2012 2506 2078 2544 ea:

488 2556 681 2613 Carolo
711 2560 975 2631 Stengelio
1014 2560 1268 2614 monacho
1317 2556 1501 2615 Sancti
1549 2556 1819 2631 Udalrici,
1844 2561 1932 2631 qui
1960 2577 2075 2614 eam

487 2646 605 2682 cum
656 2628 1099 2686 observationibus
1142 2641 1188 2685 et
1235 2631 1372 2685 notis
1419 2628 1677 2700 singulari
1722 2628 1896 2684 libello
1939 2632 2075 2700 typis

486 2700 645 2753 edidit
680 2703 930 2773 Augusta:
969 2701 1357 2756 Vindelicorum
1388 2697 1526 2773 anno
1563 2697 1733 2765 1611,
1768 2701 1857 2753 sed
1903 2697 2078 2769 prius-

484 2787 642 2839 quam
671 2770 787 2825 eam
814 2772 1144 2842 proferamus
1168 2812 1182 2833 ,
1232 2770 1486 2825 nonnulla
1533 2773 1587 2824 in
1630 2781 1951 2842 antecessum
1980 2788 2076 2841 pro

486 2856 630 2911 more
679 2854 854 2902 nostro
902 2841 1222 2897 observanda
1268 2851 1410 2905 sunt,
1459 2857 1580 2911 quae
1623 2841 1954 2911 potissimum
2010 2860 2076 2897 ea:

489 2909 774 2966 'I‘rithcmio
824 2914 1216 2975 ntutuabimur,
1261 2909 1478 2967 caneris
1511 2913 1565 2964 in
1611 2909 1761 2966 notas
1817 2913 1884 2965 ad
1941 2911 2075 2970 Viue

484 2980 868 3055 ipsiustextum
896 2986 1119 3055 rejectis.

556 3051 610 3104 2.
641 3051 1018 3125 De_Wilhe[mi
1069 3054 1370 3125 parentibus
1412 3062 1459 3107 et
1493 3052 1633 3125 ejus,
1656 3052 1712 3106 in
1737 3055 2073 3125 monasterio

485 3120 667 3177 Sancti
714 3120 1091 3178 Emnterammi
1142 3125 1450 3179 educatione
1502 3123 1633 3177 nihil
1694 3122 2071 3179 observandum

484 3195 712 3266 occurrit
743 3208 933 3264 printer
972 3211 1034 3249 ea
1073 3212 1190 3266 qua:
1230 3195 1286 3247 in
1329 3195 1453 3266 ejus
1484 3191 1602 3246 Vita
1651 3194 1929 3266 habentur,
1960 3212 2072 3266 nec

482 3264 691 3337 animus
720 3263 795 3319 est
824 3268 888 3320 de
910 3268 977 3319 iis
1006 3263 1403 3337 omnibusque:
1435 3263 1697 3337 [gesserit]
1740 3264 1815 3317 vel
1836 3265 1909 3337 ,in
1947 3264 2073 3320 llir-

483 3335 750 3401 saugiensi
800 3338 1147 3399 monasterio,
1195 3336 1272 3389 vel
1313 3337 1369 3389 in
1414 3335 1534 3389 aliis
1564 3335 1895 3388 monasteriis
1941 3353 1972 3388 a
2018 3354 2072 3390 se

480 3408 759 3476 exstructis
789 3416 879 3460 aut
926 3408 1185 3476 reparatis
1216 3406 1300 3460 hic
1346 3406 1516 3476 fusius
1555 3407 1858 3476 agere;ised
1900 3424 2071 3476 pauca

481 3473 809 3547 solummodo
836 3478 919 3531 hic
948 3473 1270 3547 proferemus
1298 3473 1364 3529 ad
1388 3473 1707 3531 illustranda'
1744 3475 1880 3529 beati
1900 3473 2081 3531 abba?

394 3559 403 3565 '
481 3544 559 3617 tis
599 3555 771 3614 gesta,
808 3565 925 3617 qua:
949 3544 1016 3601 ’in
1046 3544 1188 3601 'Vita
1228 3548 1615 3606 desiderantur,
1656 3562 1749 3599 nec
1785 3547 1940 3614 facile
1980 3564 2073 3615 po-

481 3615 701 3687 tuissent
724 3615 869 3685 intra
894 3628 1139 3673 notarum
1171 3617 1545 3687 marginalium
1579 3626 1743 3670 metas
1787 3618 2065 3687 coarctari.

483 3682 796 3756 ii’ilhelmus
823 3689 997 3753 itaque
1026 3690 1081 3741 in
1108 3682 1346 3741 abbatem
1373 3687 1436 3740 ab
1464 3685 1924 3756 Ilirsaugiensibus
1957 3698 2067 3756 post

485 3752 772 3835 lv‘riderici
796 3752 1283 3835 exauctorationem
1326 3752 1681 3835 _c00ptatus,'
1721 3752 2069 3835 consentiente

481 3825 695 3891 proprio
720 3826 906 3881 abbate
934 3844 1050 3891 suo,
1082 3825 1427 3896 Hirsaugiam
1453 3825 1604 3881 venit
1631 3842 1773 3879 anno
1810 3826 1947 3882 1009
1985 3828 2069 3881 die

480 3892 551 3945 ‘28
598 3896 788 3950 mensis
834 3896 988 3952 Maii.
1043 3897 1429 3952 Possessionem
1462 3895 1685 3951 abbatia:
1724 3896 1840 3949 iniit
1888 3898 1974 3951 die
2017 3912 2069 3951 tv

485 3960 851 4037 NonasJunii
883 3977 1145 4035 sequente.
1181 3968 1247 4022 At
1275 3967 1477 4037 nescius
1508 3975 1641 4029 erat,
1673 3967 1837 4037 inquit
1865 3966 2069 4021 Trithe-

480 4033 637 4097 mius',
672 4033 993 4105 injuriaram
1021 4054 1139 4108 qua:
1166 4038 1222 4091 in
1270 4036 1598 4108 Fridericum
1637 4033 1799 4091 illata:
1826 4038 2064 4106 fuerant;

479 4120 611 4172 quas
637 4121 753 4159 cum
785 4106 1069 4163 rescivisset
1093 4149 1109 4173 ,
1150 4109 1390 4163 comitem
1426 4106 1761 4162 Adelbertum
1789 4108 2062 4164 exhortari

479 4176 669 4247 empit,‘
698 4188 967 4247 quatenus
1000 4180 1167 4233 virum
1201 4179 1479 4233 innoxium
1527 4177 1772 4246 dignitati
1822 4194 1933 4233 sum
1983 4195 2065 4233 re-

479 4245 752 4311 stitueret,
787 4247 940 4317 cujus
980 4249 1155 4305 locum
1208 4265 1274 4304 eo
1316 4250 1533 4304 vivente
1566 4263 1832 4317 occupare
1864 4250 2063 4304 nemini

462 4317 690 4383 penitus
733 4318 942 4375 liceret.
973 4319 1099 4374 Jant
1144 4321 1262 4374 ideo
1295 4319 1521 4373 reditum
1568 4320 1788 4389 parabat
1821 4319 1901 4389 vir
1942 4337 2064 4374 san-

476 4397 619 4450 ctus,
650 4405 713 4442 ne
738 4389 859 4443 talis
888 4408 942 4446 se
976 4392 1212 4445 criminis
1241 4390 1547 4460 participem
1572 4388 1801 4457 faceret.
1835 4388 1939 4444 Sed
1982 4400 2063 4445 ta-

476 4472 593 4530 men
635 4470 813 4529 postea
844 4463 1069 4530 fratrum
1093 4461 1324 4530 omnium
1351 4462 1587 4530 precibus
1618 4460 1797 4513 cedere
1825 4471 2058 4528 coactus,

476 4528 548 4599 ita
576 4528 825 4583 remansit
845 4528 932 4593 ut,
964 4531 1156 4585 vivente
1194 4528 1499 4595 Friderico,
1540 4546 1807 4599 nunquam
1846 4530 2061 4585 benedi-

474 4597 696 4670 ctionem
745 4600 810 4653 ab
856 4602 1096 4670 episcopo
1142 4602 1446 4670 susceperit,
1497 4616 1590 4653 nec
1640 4597 1811 4654 locum
1855 4602 2059 4657 abbatis

475 4667 692 4723 voluerit
720 4667 996 4739 occupare.
1028 4667 1133 4724 Hic
1180 4667 1615 4740 fuit‘ﬂirsaugia:
1651 4681 1822 4725 status
1867 4673 1936 4724 ad
1964 4690 2061 4726 an-

475 4752 599 4789 num
626 4750 920 4810 sequentem
940 4781 954 4803 ,
982 4757 1113 4811 quo,
1142 4741 1387 4867 deguncto
1434 4739 1729 4805 Friderico,
1758 4740 2058 4797 Willelmus

475 4808 778 4861 solemniter
820 4810 884 4863 ab
924 4809 1171 4866 Henrico
1236 4812 1428 4867 nirensi
1468 4810 1697 4865 antistite
1738 4814 1791 4865 in
1822 4814 2058 4867 abbatem

473 4808 778 4861 solemni'ter
820 4810 884 4863 ab
924 4808 1428 4880 Henrico'Spirensi
1468 4810 1697 4865 antistite
1738 4814 1791 4865 in
1822 4814 2058 4867 abbatem

476 4880 774 4954 benedictus
805 4891 899 4934 est.
930 4881 995 4935 Id
1025 4883 1109 4936 die
1136 4897 1187 4937 tv
1221 4881 1406 4937 Nonas
1450 4882 1580 4939 Maii
1624 4882 1677 4937 in
1708 4882 1840 5005 festo
1871 4886 2060 4936 Ascen-

476 4948 636 5005 stonis
690 4949 978 5005 Dominica:
1027 4953 1225 5005 factum
1277 4953 1439 5005 fuisse
1484 4952 1665 5005 scribit
1742 4954 2053 5005 'rithemius:

473 4948 662 5022 sinitis
690 4949 978 5006 Dominica:
1026 4953 1225 5022 factum
1276 4953 1439 5022 fuisse
1484 4952 1665 5006 scribit
1708 4948 2053 5015 Trithemius;

473 5018 564 5092 sed
609 5019 663 5073 hi
711 5018 1035 5079 characteres
1080 5018 1432 5092 cbronologici
1478 5040 1581 5077 non
1624 5023 1740 5092 sibi
1776 5023 2054 5077 colum-ent.

477 5087 684 5163 I'Itenint
720 5091 784 5163 ab
831 5110 970 5148 anno
1026 5094 1161 5149 1050
1191 5097 1260 5148 ad
1290 5087 1450 5163 hujus
1498 5092 1679 5149 swculi
1709 5091 1867 5161 ﬁnem
1901 5094 2057 5148 semel

473 5162 708 5215 ascensio
741 5161 948 5217 Domini
978 5166 1031 5218 in
1059 5166 1197 5220 diem
1223 5161 1366 5219 Maii
1385 5165 1420 5218 4
1446 5164 1664 5225 incidit,
1696 5178 1834 5216 anno
1862 5164 2056 5217 scilicet

475 5228 633 5303 l060,
664 5234 753 5303 qui
777 5233 1122 5291 ordinationis
1151 5234 1419 5289 Wilhclmi
1450 5252 1561 5289 esse
1587 5233 1899 5303 non_potuit,
1924 5245 2057 5288 certe

475 5301 693 5357 necdum
740 5314 863 5357 tunc
907 5306 1067 5360 abbas
1121 5315 1232 5361 erat
1284 5304 1615 5359 Fridericus.
1685 5301 1817 5357 Vita:
1873 5315 2059 5358 auctor

470 5370 679 5446 beatum
706 5376 874 5429 virum
914 5377 1027 5446 ipsa
1058 5377 1142 5431 die
1186 5375 1518 5446 Ascenaionis
1546 5375 1599 5446 in
1630 5372 1812 5446 sedent
1845 5372 2058 5446 abbatis

470 5443 797 5500 Collocutum
827 5441 989 5509 fuisse
1010 5448 1216 5509 scribit,
1238 5462 1292 5501 Iv
1328 5443 1507 5500 Nonas
1539 5443 1711 5500 Junii.
1738 5441 1893 5509 Quod
1923 5461 2056 5498 non-

474 5514 575 5588 nis_i
600 5532 749 5588 anno
764 5514 906 5588 1071
939 5529 1227 5588 competere
1252 5526 1439 5586 potest.

542 5585 595 5638 5.
641 5584 952 5642 Wilhelmus
983 5584 1325 5642 in'abbatem
1370 5594 1734 5650 consecratus,
1780 5584 2056 5653 facultates

473 5658 777 5727 monasterii
824 5657 954 5711 adeo
996 5659 1212 5727 exiguas
1244 5658 1436 5712 invenit
1462 5668 1515 5712 at
1546 5656 1840 5724 quindecim
1869 5673 2052 5711 mona-

472 5726 581 5778 chis
603 5726 804 5798 alendis
830 5729 913 5779 vi:
936 5726 1258 5798 sufficerent;
1283 5728 1357 5781 illi
1387 5746 1501 5783 vero
1528 5730 1601 5782 ita
1625 5738 1772 5783 erant
1798 5727 2056 5781 Adclberli

472 5796 672 5849 comitis
711 5795 1231 5852 Calbensis'arbitrio
1279 5800 1519 5869 subjecti,
1551 5811 1605 5854 ut
1640 5801 1721 5855 via:
1767 5800 2055 5871 quidquam

1600 332 1657 387 S.
1685 330 2059 387 GUILLELMI
2084 330 2378 384 ABBA'I‘IS
2414 328 2618 385 lllRSA
2634 329 2745 386 UG.

3634 344 3713 401 851

2115 448 2157 503 Α
2186 447 2378 515 (rb-quc
2405 446 2520 526 ejus
2541 448 2797 526 permissu
2824 449 2885 526 in
2906 452 3219 526 monasterio
3244 452 3507 526 auderent.
3536 455 3591 509 Id
3609 458 3713 526 ferre

2188 534 2289 570 non
2315 519 2478 598 potuit
2506 517 2771 598 piissimus
2800 518 2988 598 abbas:
3017 519 3197 584 Quare
3235 533 3347 598 post
3386 524 3561 598 multos
3594 517 3711 598 s'ttpe-

2189 598 2331 641 ratos
2359 587 2584 648 labores,
2609 588 2832 640 obtinuit
2861 590 3070 643 tandem
3095 608 3125 643 a
3154 594 3339 644 cernite
3359 594 3438 644 sui
3460 587 3714 653 monastbrii

2185 657 2499 733 libertatem,
2532 659 3069 733 quant‘imperatoria'
3113 662 3441 715 auctoritatis
3479 666 3713 733 diplomate

2184 737 2232 797 et
2283 730 2473 781 summi
2539 728 2802 796 pontiﬁcis
2856 731 3255 797 conﬁrmatione
3319 734 3480 786 asseri
3532 728 3713 793 curavit.

2187 795 2488 878 glriusque,
2520 795 2999 878 ponti/icis_scilicet
3029 810 3074 854 et
3095 803 3360 878 Augusti,
3384 804 3574 878 [ituras
3595 810 3715 878 refert

2188 867 2500 946 Trithemius
2540 869 2594 921 in
2640 870 2797 923 veteri
2838 878 2888 946 et
2926 886 3057 946 nova
3086 867 3348 946 Chronici
3374 867 3716 946 llirsaugiensis

2182 938 2429 1011 editione,
2463 954 2699 1011 qua:__an
2741 940 2935 1011 eadem
2976 941 3079 1011 sint
3113 958 3244 1011 quas
3284 940 3418 996 Vita:
3443 938 3715 1002 auctorlau-

2182 1010 2347 1083 davit,
2370 1006 2481 1083 _a_l_ii
2488 1006 2828 1083 judicabant.
2856 1006 3168 1083 Bertholdus
3193 1011 3529 1067 Wilhelmum
3551 1016 3714 1083 lattdat,

2182 1080 2319 1148 quod
2370 1079 2753 1201 llirsaugiense
2800 1082 3211 1146 monasterium,
3238 1083 3393 1144 itam
3422 1085 3475 1138 in
3520 1079 3717 1143 :ediliriis

2183 1166 2342 1201 uuam
2371 1150 2421 1201 in
2448 1166 2572 1201 reau
2599 1149 2784 1201 aribtts
2807 1149 3121 1201 disciplinis-
3151 1152 3471 1201 mirabiliter
3492 1156 3701 1201 exaltari!

2183 1166 2342 1217 quam
2371 1150 2421 1203 in
2448 1149 2784 1220 regularibus
2807 1149 3122 1219 disciplinis,
3151 1152 3471 1209 mirabiliter
3492 1156 3714 1219 exaltant,

2184 1221 2465 1295 ipsumque
2510 1220 2791 1290 privilegio
2833 1221 2979 1295 sedis
3020 1224 3330 1295 apostolica:
3370 1226 3467 1278 sub
3504 1224 3717 1295 Gregorio

2183 1305 2314 1359 papa
2364 1292 2413 1344 in
2463 1302 2783 1361 perpetuum
2832 1291 3117 1347 libertarit.
3159 1293 3423 1348 Creterunt
3464 1291 3713 1352 Willetius:

2180 1363 2276 1414 hoc
2312 1371 2463 1428 pacto
2508 1364 2572 1415 ab
2620 1371 2921 1416 exterarum
2959 1364 3091 1433 jugo
3136 1380 3257 1418 cum
3304 1365 3427 1419 suis.
3462 1367 3715 1431 absolutus,

2182 1442 2488 1505 totumasese
2516 1433 2584 1485 ad
2615 1449 2821 1505 gregem
2850 1448 3003 1486 suum
3024 1434 3371 1505 pascendum,
3394 1446 3441 1505 et
3465 1440 3716 1492 monasterii

2181 1502 2405 1569 a'di/icia
2452 1500 2802 1556 restaurando
2846 1500 3115 1559 convcriit.
3154 1506 3305 1558 Anno
3352 1503 3479 1559 1071
3525 1509 3715 1571 ecclesia,

2178 1588 2335 1638 quam
2363 1572 2426 1625 ab
2459 1575 2612 1625 annis
2659 1573 2834 1626 decent
2878 1572 3192 1628 Adalbertus
3228 1575 3582 1638 inchoaverat,
3622 1594 3721 1632 cou-

2180 1651 2455 1715 summatq
2472 1652 2520 1695 et
2549 1652 2855 1696 consecrata
2896 1653 2970 1697 est
2999 1646 3064 1698 ab
3093 1646 3334 1715 episcOpo
3372 1644 3615 1712 Spirensi,
3636 1664 3717 1701 rem

2182 1714 2291 1778 ipso
2322 1712 2510 1785 comite
2538 1722 2891 1785 promovente,
2917 1715 3007 1785 qui
3044 1712 3131 1769 ρκ’
3150 1712 3455 1769 monasterii
3494 1719 3717 1785 perturba-

2183 1793 2294 1855 tore
2320 1783 2375 1835 in
2400 1782 2517 1855 ejus
2541 1783 2865 1851 defensorem
2901 1782 2947 1838 et
2985 1784 3366 1855 benefactorem
3388 1782 3503 1853 jam
3535 1798 3717 1841 mutatus

2180 1852 2373 1921 fuerat.
2404 1852 2632 1906 Multum
2660 1854 2817 1925 etiam
2841 1852 3119 1909 creverunt
3136 1852 3444 1911 monasterii
3468 1856 3717 1925 facultates,

2181 1933 2440 1977 crescente
2487 1924 2869 1977 monachorum
2914 1942 3151 1981 numero.
3191 1925 3437 1989 Etenim,
3469 1929 3538 1979 uti
3578 1929 3715 1981 scribit

2185 1991 2524 2066 Tritlteirtius,
2554 1992 3184 2066 lucrifa‘oieudiﬂanimas
3219 1998 3453 2066 gratiam
3481 2012 3512 2051 a
3534 1996 3717 2052 Domino

2180 2062 2517 2137 singularem
2531 2074 2905 2137 promeruerat
2919 2062 3254 2137 Wilhelmas',
3280 2066 3435 2137 cujus
3455 2068 3717 2135 operatione

2183 2081 2506 2187 suigtuarem
2531 2081 2905 2126 promeruerat
2925 2081 2976 2119 νγ
2991 2081 3254 2132 unetmus,
3280 2082 3435 2137 CUJlIS
3455 2081 3717 2135 operatione

2183 2151 2270 2207 tuu
2299 2144 2382 2189 tos
2408 2145 2464 2190 et
2490 2148 2627 2207 pene
2655 2134 3074 2207 innumerabiles
3101 2137 3168 2189 ad
3212 2138 3418 2192 Christi
3448 2139 3717 2207 obsequium

2182 2205 2249 2277 in
2288 2206 2679 2277 monasterium
2721 2206 3105 2277 convertit.....
3144 2207 3505 2262 substantiam
3547 2205 3718 2277 quoque

2180 2276 2258 2330 rei
2298 2275 2582 2331 familiaris
2614 2276 2966 2345 temporalem
3013 2292 3080 2331 ex
3124 2278 3490 2333 oblationibus
3527 2275 3716 2331 fidelium

2180 2346 2331 2419 brevi
2366 2356 2606 2419 tempore
2636 2347 2689 2400 in
2716 2346 2901 2419 multis
2933 2345 3088 2402 valde
3123 2349 3514 2419 augmentavit.
3542 2348 3716 2402 Centum

2179 2417 2558 2488 quinquaginta
2583 2417 2829 2488 monachi
2870 2432 2934 2488 ea:
2963 2434 3021 2471 eo
3061 2417 3293 2488 tempore
3326 2434 3524 2488 semper
3559 2419 3605 2472 in
3635 2436 3720 2470 mo-

2182 2485 2810 2556 nasterio'Hirsaugiensi
2856 2486 3002 2556 fuere
3027 2488 3121 2541 sub
3153 2485 3714 2555 Wilhelmi‘discipliua,

2181 2568 2227 2612 et
2278 2557 2397 2611 licet
2447 2556 2599 2610 multi
2653 2556 2950 2626 frequenter
2990 2559 3059 2612 ad
3102 2558 3212 2612 alia
3253 2561 3562 2613 monasteria
3588 2560 3721 2626 refor-

2181 2628 2374 2682 manda
2409 2628 2599 2683 exinde
2628 2629 2927 2683 transmissi
2975 2629 3207 2698 fuerint,
3249 2631 3526 2683 statimea:
3563 2629 3630 2681 Itis
3651 2629 3718 2697 qui

2180 2699 2244 2753 de
2289 2714 2417 2752 novo
2463 2698 2533 2751 ad
2584 2700 2931 2752 ntonasticam
2978 2700 3138 2753 vitam
3166 2701 3483 2753 accedebant
3521 2715 3721 2753 numerus

2180 2768 2269 2824 ille
2293 2768 2876 2838 instaurabaturtQua:
2905 2785 3023 2823 vero
3050 2769 3247 2838 fuerint
3288 2786 3469 2825 eorum
3492 2770 3577 2822 sub
3604 2778 3720 2820 muto

2184 2838 2345 2893 Patre
2387 2838 2643 2910 exercitia
2696 2837 2972 2910 Trithemii
3006 2837 3173 2893 verbis
3222 2856 3481 2910 exponere
3508 2840 3637 2908 juvat
3670 2854 3720 2910 es

2181 2926 2317 2963 nova
2364 2909 2611 2964 Chronici
2656 2908 2891 2977 ejusdem
2929 2911 3232 2964 monasterii
3261 2908 3519 2976 editione,
3551 2910 3622 2963 ubi
3647 2908 3719 2962 sub

2179 2980 2335 3048 ﬁnem
2366 2980 2494 3034 anni
2518 2977 2656 3033 1070
2679 2979 2755 3034 sic
2782 2979 2933 3033 habet
2962 2996 2981 3033 :
3154 3024 3157 3025 ν

2250 3051 2303 3105 Δ.
2353 3049 2419 3120 Hi
2476 3064 2691 3120 semper
2740 3059 2897 3104 erant
2930 3050 3145 3120 divinis
3197 3050 3447 3105 laudibus
3496 3050 3636 3104 dediti
3679 3059 3722 3101 et

2179 3119 2435 3183 orationi,
2461 3120 2796 3175 meditationi
2843 3135 2907 3174 ac
2928 3119 3143 3175 lectioni
3175 3131 3486 3176 sanctarum
3520 3120 3719 3189 Scriptur-

2100 3167 2144 3230 C
2177 3167 3718 3263 .1;sarissas;fasin.fin:an".Ir'azig.'.;saiaaa.

2174 3260 2475 3317 cwlestium
2505 3261 2683 3316 minus
2711 3260 3047 3316 videbantur
3068 3262 3268 3329 idonei,
3318 3261 3622 3317 necessariis
3649 3261 3722 3312 dc-

2172 3332 2501 3402 putabantur
2542 3331 2816 3386 laboribus
2872 3346 3149 3396 manuum,
3204 3341 3262 3387 ut
3302 3333 3503 3386 nullmn
3551 3341 3719 3398 tempus

2174 3406 2314 3459 inter
2365 3417 2460 3457 eos
2500 3402 2790 3457 transirent
2815 3403 3071 3457 otiosum.
3104 3403 3299 3459 Sciens
3327 3413 3506 3457 autem
3544 3410 3720 3456 sanctus

2170 3474 2356 3538 Pater,
2383 3473 2722 3543 experientia
2756 3472 3096 3527 laudabiliter
3130 3474 3350 3538 doctus,
3402 3470 3719 3543 necessarium

2172 3544 2370 3599 mentis
2399 3542 2654 3619 pabulum
2696 3542 3160 3619 divinarumesse
3198 3544 3481 3619 lectionem
3521 3542 3719 3619 Scriptu-

2172 3630 2375 3675 rarum,
2408 3613 2763 3684 duodecimo
2810 3614 3090 3684 monachis
3135 3615 3250 3671 suis
3299 3613 3717 3684 scriptoresopti-

2172 3700 2289 3740 mos
2339 3682 2823 3755 instituittqnibus
2859 3692 2918 3737 ut
2952 3678 3164 3739 divina:
3190 3678 3563 3755 auctoritatis
3587 3682 3717 3736 libros

2170 3765 2224 3811 ct
2263 3764 2577 3810 sanctorum
2603 3753 2826 3809 Patrum
2853 3763 3116 3810 tractauis
3147 3756 3512 3811 rescriberent
3536 3753 3715 3808 deman-

2171 3827 2338 3880 davit.
2370 3826 2537 3880 Erant
2569 3834 2773 3895 praeter
2790 3825 2894 3895 hos
2923 3835 2979 3880 et
3014 3824 3107 3880 alii
3149 3827 3447 3894 scriptores
3472 3824 3718 3895 sinecerto

2172 3910 2417 3962 numero,
2450 3896 2540 3966 qui
2566 3892 2681 3965 pari
2727 3894 3002 3965 diligentia
3057 3892 3356 3965 scribendi,
3405 3892 3717 3950 voluminibus

2168 3981 2389 4035 Operam
2415 3967 2816 4038 impendebant.
2840 3967 2907 4020 Et
2930 3966 3015 4021 his
3040 3968 3293 4021 omnibus
3316 3975 3544 4038 praeerat
3570 3975 3737 4038 Inous:

2169 4043 2302 4091 clins
2330 4052 2489 4101 unus,
2522 4037 2575 4092 in
2603 4037 2750 4091 omni
2788 4050 2991 4105 genere
3014 4036 3365 4092 scientiaruiu
3397 4036 3714 4093 doctissimus,

2169 4108 2258 4178 qui
2312 4108 2599 4177 unicuique
2649 4108 3052 4178 rescribendum
3100 4123 3235 4178 opus
3284 4108 3505 4178 aliquod
3557 4108 3715 4160 bonum

2170 4176 2496 4248 injnngeret,
2514 4176 2816 4247 merulaque
2839 4176 3194 4248 uegligentiirs
3210 4176 3717 4248 scribéntiumcmeuo

2167 4247 2344 4302 daret.
2372 4247 2536 4302 Multa
2562 4248 2758 4302 fratres
2778 4263 2875 4316 per
2900 4247 3159 4318 temporis
3185 4264 3407 4303 cursum
3437 4247 3717 4315 rescripsere

2168 4318 2464 4382 volumina,
2513 4318 3071 4389 additWTrithemius,
3123 4334 3357 4389 quorum
3411 4331 3580 4374 tamen
3622 4327 3716 4389 pars

2167 4389 2387 4444 minima
2423 4389 2473 4441 in
2519 4389 2622 4443 hoc
2662 4388 3035 4459 llirsangiensi
3086 4386 3421 4446 monasterio
3466 4386 3711 4459 remansit:

2168 4468 2388 4513 sanctus
2411 4460 2610 4513 ctenim
2657 4457 2842 4523 Pater,
2868 4455 2959 4529 qui
3004 4459 3211 4516 lucrum
3238 4470 3295 4515 et
3324 4461 3605 4515 utilitatem
3627 4455 3717 4507 ani-

2094 4522 2141 4584 D
2167 4534 2376 4601 marum
2405 4530 2615 4584 cunctis
2638 4529 2821 4601 mundi
2856 4522 3016 4584 rebus
3041 4546 3258 4596 semper
3279 4530 3585 4601 prmposuit,
3607 4539 3712 4601 quo.

2167 4598 2513 4670 ticsrfratres
2561 4615 2662 4670 pro
2710 4599 3096 4655 reformatione
3145 4601 3211 4654 ad
3269 4596 3713 4655 alia—monasteria

2164 4669 2479 4731 destinavit,
2512 4669 2680 4741 libros
2710 4679 2762 4724 et
2797 4685 3135 4741 quaecunque
3174 4672 3256 4726 cis
3296 4672 3605 4741 videbantur
3645 4678 3716 4719 ne-

2164 4741 2422 4814 ecssaria,
2464 4740 2633 4793 libera
2681 4748 2736 4814 et
2783 4740 3082 4814 spontanea
3119 4742 3396 4814 voluntate
3442 4740 3606 4814 dedit,
3634 4746 3713 4814 etc.

2164 4812 2208 4865 Ο
2238 4812 2410 4864 virum
2442 4825 2539 4881 per
2566 4813 2745 4883 omnia
2787 4808 3135 4875 laudabilem,
3165 4812 3256 4881 qui
3307 4813 3520 4865 animas
3556 4808 3715 4883 Christi

2162 4879 2454 4952 sanguine
2490 4882 2668 4937 redem
2715 4890 2795 4935 tas
2858 4884 3157 4936 commodis
3187 4879 3552 4937 'transeuntis
3614 4879 3715 4953 lucri

2163 4953 2471 5004 nrrenosuit.
2529 4961 2585 5004 et
2640 4897 2871 5004 ariornm
2922 4953 3143 5004 utilitati
3198 4954 3527 5004 consulens.
3570 4945 3715 5004 mundi

2163 4945 2471 5020 prmposuit,
2529 4961 2585 5005 et
2640 4945 2871 5006 aliorum
2922 4953 3143 5006 utilitati
3198 4954 3527 5013 consulens,
3570 4945 3715 5004 mundi

2161 5023 2439 5089 perituras
2478 5022 2695 5077 divitias
2747 5023 3273 5095 minimequmsivit
3299 5023 3313 5075 Ι
3344 5021 3595 5095 Profecto
3638 5020 3714 5095 ista

2163 5095 2333 5168 virtus
2357 5101 2779 5168 paucorutnest
2816 5093 3145 5168 ut__abbates
3172 5094 3392 5168 propria
3425 5093 3712 5168 monasteria

2162 5164 2273 5217 suis
2300 5164 2573 5219 denudent
2600 5163 2680 5218 vel
2712 5164 2995 5219 ornatibus
3028 5165 3111 5219 vel
3148 5163 3451 5227 codicibus,
3474 5171 3529 5217 et
3557 5163 3712 5229 inopia:

2161 5234 2488 5290 subveniunt
2513 5233 2765 5289 aliorum.

2230 5304 2285 5360 5.
2318 5302 2523 5377 Prwter
2551 5304 2644 5359 hos
2685 5308 2890 5377 Centum
2937 5315 2984 5359 et
3026 5306 3405 5377 quinquaginta
3454 5302 3711 5377 pugnacitas.

2159 5391 2290 5447 quos
2338 5376 2393 5447 in
2452 5373 2820 5447 Hirsaugiensi
2866 5370 3094 5430 cwriobio
3148 5370 3433 5447 sub'beati
3490 5370 3712 5447 Wilhelatt'

2160 5445 2434 5516 disciplina
2464 5443 2666 5499 vixisset
2692 5446 2947 5510 diximus,
2979 5446 3069 5500 alii
3113 5457 3257 5501 erant
3296 5446 3513 5505 fratres,
3538 5443 3709 5516 barbati

2160 5533 2249 5570 seu
2294 5515 2549 5571 Conversi
2579 5516 2735 5580 dicti,
2783 5518 2872 5587 qui
2918 5517 3084 5569 labori
3129 5534 3386 5570 manuum
3429 5515 3711 5587 potissimm

2162 5588 2493 5651 insistentes,
2554 5585 2929 5640 monachorum
2979 5588 3408 5656 contemplationi
3457 5585 3707 5657 deditorum

2161 5658 2526 5713 sastentationi
2568 5658 2861 5711 necessaria
2899 5652 3191 5726 providere
3213 5658 3490 5711 curabant.
3526 5654 3590 5707 Ex
3618 5652 3707 5726 bis.

2162 5731 2324 5799 inquit
2357 5727 2695 5799 Trithentius,
2725 5720 3147 5783 orantbmnium
3181 5729 3380 5781 artium
3408 5720 3705 5780 mechanica-

2165 5817 2278 5855 HIIII
2312 5798 2620 5866 peritissimi
2654 5807 2988 5869 operatorcs,
3024 5800 3114 5870 qui
3142 5814 3333 5854 omnes
3377 5799 3534 5851 totius
3556 5805 3705 5849 urna.

2108 1807 2151 1866 Β
