3852 6308
438 340 545 394 899

1517 332 1573 389 S.
1607 331 1981 389 GUILLELMI
2010 326 2299 385 ABBATIS
2324 326 2649 382 HlltSAUG.

3608 329 3707 384 θαι

439 460 615 503 sancto
642 449 746 515 ﬁne
770 450 979 515 quievit.
1010 445 1071 497 Id
1113 463 1212 500 non
1246 448 1410 499 solum
1457 464 1521 500 ea:
1552 447 1837 499 Trithemio
1863 447 2024 499 disci-
2056 450 2099 502 Λ
2131 443 2357 496 uasterio
2386 441 2685 515 exturbare,
2716 441 2960 515 quamvis
2984 456 3087 494 non
3115 440 3287 494 solani
3316 442 3427 507 ipse
3446 458 3563 494 cum
3609 447 3711 496 suis

437 539 574 580 mus,
602 518 691 572 sed
713 520 869 570 etiam
897 533 961 570 ex
986 516 1289 580 Berlholdo,
1319 517 1609 571 llermanni
1636 519 2021 576 continuatorc,

437 592 525 659 qui
553 592 648 643 hoc
675 588 785 659 ipso
835 598 1062 659 tempore
1092 589 1148 640 in
1197 588 1317 659 illis
1351 588 1591 659 partibus
1621 587 1897 640 scribebat.
1934 585 2031 659 Sic

438 657 629 730 quippe
652 657 829 730 habet,
863 658 931 730 ad
961 670 1161 730 annum
1191 657 1695 730 1099εᾼιιςιὺριΊιιε
1714 657 2025 730 eomespite

440 727 854 791 recordationis,
880 728 932 781 in
963 728 1220 782 ﬁdelitate
1246 727 1419 782 sancti
1453 728 1595 781 Petri
1636 736 1821 781 contra
1847 727 2031 781 schiss

442 797 797 865 maticosjam
820 815 885 853 ex
915 798 1138 867 antiquo
1169 798 1619 860 studiosissinms,
1640 808 1696 851 et
1720 800 1935 851 deruunt
1958 812 2037 851 ex.

438 871 636 925 comite
660 870 957 923 monachus
986 870 1182 934 factus,
1211 869 1438 923 feliciter
1462 869 1603 922 diem
1626 868 1820 923 clausit
1845 878 2033 923 extre-,

439 958 586 995 nmm
614 956 642 992 λ
669 938 788 992 Kal.
833 938 1103 1002 Octobris,
1138 950 1193 993 et
1242 940 1294 993 in
1345 940 1693 1002 monasterio,
1733 939 1876 1007 quod
1908 939 2022 1007 ipse

438 1013 503 1065 de
538 1011 771 1078 propriis
800 1011 1122 1075 construxit,
1162 1012 1212 1063 in
1242 1026 1349 1079 quo
1372 1010 1745 1064 monachicum
1778 1010 2022 1062 habitum

348 1108 353 1117 π
439 1081 700 1148 suscepit,
744 1079 1038 1134 honoriﬁce
1091 1081 1369 1149 sepelitur,
1437 1081 1645 1135 scilicet
1705 1079 2025 1150 llirsaugiac,

438 1152 762 1221 praesidente
789 1151 1006 1205 domino
1039 1150 1357 1208 Gebchardo
1383 1151 1595 1205 abbate.

509 1222 599 1275 22.
643 1221 736 1275 llis
768 1222 985 1289 denique
1018 1222 1371 1291 temporibus,
1401 1233 1455 1275 ut
1482 1221 1794 1274 Trithemius
1824 1220 2022 1286 scribit,

440 1292 751 1363 claruerunt
776 1292 827 1344 in
859 1294 1190 1363 monasterio
1244 1292 1614 1363 Ilirsaugiensi
1644 1292 1743 1345 sub
1773 1292 2027 1359 niagiste—

441 1364 523 1416 rio
554 1361 845 1433 beatissimi
879 1361 1058 1417 Patris
1084 1363 1355 1417 Wilbelmi
1390 1361 1571 1433 plures
1616 1362 1861 1416 monachi
1892 1379 2028 1433 prae

440 1433 570 1487 clari
621 1442 675 1486 et
736 1432 992 1503 insignes,
1030 1449 1260 1502 quorum
1317 1432 1483 1502 aliqui
1522 1434 1739 1486 fuerunt
1787 1432 1839 1486 in
1875 1432 2021 1486 omni

439 1518 637 1573 genere
678 1504 1068 1571 scripturarum
1106 1505 1425 1568 doctissimi,
1475 1503 1691 1573 quidam
1720 1503 2027 1557 sanctitatis

439 1575 634 1627 metito
650 1573 892 1640 gloriosi,
917 1574 1155 1628 nonnulli
1180 1576 1408 1629 scientia
1432 1572 1834 1642 sct'iptttrstruttt
1866 1572 2025 1628 simul

439 1661 504 1698 ac
553 1645 673 1698 vita:
715 1645 909 1698 merito
947 1660 1130 1698 coram
1164 1645 1272 1700 Deo
1321 1656 1376 1700 et
1430 1646 1739 1711 hominibus
1767 1660 2035 1698 consum—

440 1715 593 1769 Inati.
632 1714 697 1767 Et
721 1714 852 1768 adeo
877 1725 1011 1779 erat,
1052 1716 1217 1783 inquit
1252 1714 1604 1769 Udalricusin
1630 1714 2025 1784 pru'l'ationead

2126 515 2180 565 in
2211 512 2513 580 apostolicw
2538 512 2674 564 sedis
2706 510 2997 565 ubcdientia
3032 524 3344 573 remaneret,
3380 516 3471 564 sed
3494 523 3541 565 et
3566 517 3713 567 etiam

2127 582 2265 636 alios
2292 584 2575 635 titubantes
2605 583 2963 649 confirmaret,
3013 583 3280 635 deviantes
3314 596 3610 649 remearet,
3658 604 3711 636 uc

2127 654 2348 723 denique
2374 669 2550 706 omnes
2566 653 2622 705 in
2647 668 2742 705 suo
2766 653 3083 705 monasterio
3105 654 3355 723 reciperet
3368 670 3431 705 ac
3452 657 3714 707 eauti-iret.

2131 721 2298 776 Tanta
2326 733 2437 776 erat
2461 723 2579 791 ejus
2608 723 2906 776 sanctitatis
2956 724 3153 785 opinio.
3204 721 3312 775 Hic
3336 726 3545 791 quippe,
3574 738 3713 778 utan

2130 792 2473 854 Trithemius,
2522 802 2744 847 sanctus
2799 794 2901 847 iste
2949 792 3277 847 Wilhelmus
3319 794 3414 847 Dei
3468 793 3711 855 famulus,

2129 878 2406 932 uiniquam
2459 862 2638 917 induci
2683 863 2856 932 potuit
2901 873 2961 916 ut
3012 864 3380 918 schismaticis
3428 863 3713 920 Ecclesiam

2130 935 2341 988 Domini
2399 934 2849 988 couturbantibus
2895 933 2980 988 vel
3019 934 3353 988 consentiret
3395 936 3451 988 in
3497 938 3711 999 modico,

2127 1005 2210 1058 vel
2272 1005 2812 1075 εοιιιιιιιιιιίιξειιτξι....2
2868 1003 2973 1058 Hic
3020 1014 3105 1075 est
3153 1005 3378 1075 denique
3401 1004 3711 1060 Wilhelums

2128 1076 2299 1130 abbas
2354 1075 2733 1130 sanctissimus
2783 1073 2983 1137 Christi
3045 1073 3300 1138 fatnnlus,
3347 1077 3440 1144 qui
3480 1079 3711 1130 ordinem

2128 1146 2238 1200 divi
2269 1146 2445 1199 Patris
2476 1146 2647 1200 nostri
2684 1145 2957 1216 Benedicti
2982 1161 3080 1199 suo
3109 1155 3371 1215 tempore,
3408 1161 3549 1216 pene
3567 1148 3712 1201 colla.

2127 1232 2283 1286 psum
2314 1216 2366 1270 in
2399 1216 2713 1283 Germania,
2743 1225 2799 1269 et
2840 1214 3233 1270 deformatum’
3262 1214 3556 1271 insolentia
3606 1234 3707 1272 mo-

2130 1288 2453 1351 nachorum,
2483 1287 2789 1342 inStaurare
2816 1295 2871 1340 et
2901 1286 3203 1340 reformare
3231 1288 3466 1353 studuit,
3501 1298 3557 1341 et
3582 1289 3711 1357 plus

2128 1374 2289 1427 quam
2322 1357 2900 1421 centunttnonasteria
2931 1367 3040 1411 tam
3071 1372 3169 1427 pler
3206 1373 3266 1413 se
3296 1374 3463 1426 quam
3501 1373 3629 1412 suos
3654 1360 3711 1412 ad

2128 1417 2415 1499 pristinam
2446 1420 2712 1497 regularis
2738 1428 3038 1495 disciplina:
3059 1417 3469 1499 observantiam
3500 1446 3710 1483 revoca.

2127 1494 2297 1553 ξιιμ...
2353 1499 2475 1565 Ηὶα
2506 1494 2729 1580 denique
2774 1494 3115 1580 Willieltnus,
3147 1494 3711 1580 llirsaugiertsiunrler

2129 1583 2429 1639 quaterque
2480 1569 2856 1632 sanctissimus
2906 1569 3095 1633 abbas,
3150 1581 3275 1623 octo
3307 1570 3483 1623 nostri
3523 1571 3712 1624 ordinis

2131 1643 2519 1695 monachorum
2542 1639 2790 1695 coenobia
2822 1641 2876 1693 in
2907 1640 3136 1695 diversis
3184 1639 3488 1708 provinciis
3537 1642 3705 1692 funda

2129 1712 2225 1764 vit.
2260 1711 2515 1765 lfuindem
2540 1710 2780 1779 pluribus
2835 1711 3022 1763 laudat
3076 1710 3398 1763 Bertholdus
3437 1709 3710 1765 "mani

440 1784 874 1859 Consuetudines
906 1781 1297 1859 Cluniacenses,
1345 1781 2023 1859 Wilhelmidiscipulorum
2060 1800 2102 1859 Β
2131 1784 2485 1845 continuatur,
2515 1782 2604 1851 qui
2633 1792 2681 1835 et
2710 1781 2965 1835 nonnulla
3016 1782 3345 1859 monasteriis
3393 1783 3460 1833 ab
3508 1798 3567 1859 eo
3602 1798 3710 1859 rati-

440 1875 473 1910 a
507 1856 658 1910 rebus
686 1858 904 1910 terrenis
929 1855 1102 1910 aliena
1134 1860 1481 1918 conversatio,
1541 1865 1596 1909 nt
1630 1857 1678 1910 hi
1715 1872 1819 1909 non
1862 1856 2023 1909 aliam

440 1927 609 1980 vitam
636 1942 799 1995 quam
838 1928 1019 1997 illam,
1068 1944 1188 1997 qua:
1241 1940 1324 1982 est
1377 1929 1614 1983 cuilcstis
1654 1937 1707 1981 et
1748 1937 2025 1995 perpetua,

445 2007 846 2064 c.\'spcct.trcnt.
898 1996 1052 2051 Hanc
1083 2014 1260 2051 coram
1303 2001 1522 2052 miratus
1559 2005 1633 2052 est
1685 2008 1896 2051 sanctus
1929 1998 2030 2048 An-

441 2066 668 2131 selmus;
697 2083 817 2119 nam
847 2070 891 2120 si
924 2068 1205 2121 ’l'rilhemio
1236 2069 1365 2136 ﬁdes
1380 2082 1474 2132 est,
1510 2068 1845 2137 llirsangiam
1871 2067 2026 2132 venit,

441 2137 616 2207 ibique
646 2139 897 2205 transegit
931 2140 1327 2207 quatuordecim
1369 2141 1500 2205 dies,
1532 2142 1582 2192 in
1613 2140 1782 2193 medio
1804 2138 2029 2205 [ratium

440 2209 592 2329 quasi
633 2224 767 2261 unus
802 2225 867 2261 ea;
888 2208 995 2261 illis
1046 2210 1299 2275 residens,
1348 2210 1646 2279 colloquens
1692 2226 1808 2264 cum
1843 2210 1916 2261 eis
1969 2209 2032 2261 de

443 2278 728 2329 .,'c'rinturis
757 2282 972 2329 sanctis.
999 2280 1062 2329 de
1100 2280 1425 2329 institutione
1455 2297 1657 2329 morum
1685 2278 2030 2329 reaularium.’

443 2278 728 2345 Sc’riptnris
757 2282 972 2343 sanctis,
999 2280 1062 2333 de
1100 2280 1425 2335 institutione
1455 2278 1657 2335 morum
1685 2278 2030 2346 regularium,‘

444 2351 508 2399 de
533 2365 710 2401 amore
736 2348 831 2401 Dei
853 2350 1252 2417 animarumque
1278 2353 1468 2417 salute,
1517 2351 1931 2419 respondensque
1961 2351 2029 2401 ad

443 2420 619 2490 omnia
664 2418 889 2485 {ratium
935 2422 1276 2490 interrogata.
1321 2421 1470 2475 Certe
1512 2418 1738 2490 ex’ipso
1788 2418 2030 2473 Anselm'o

446 2476 695 2561 discimus
735 2505 852 2542 eum
881 2491 1005 2561 olim
1034 2491 1086 2543 id
1115 2476 1456 2561 desiderasse.
1493 2490 1580 2545 Sic
1609 2476 1799 2561 quippe
1840 2492 2033 2561 episto—

438 2558 551 2611 lam
577 2561 646 2611 ad
676 2560 885 2613 beatum
940 2560 1277 2614 Willielmum
1323 2563 1569 2631 scriptam
1618 2558 1876 2615 concludit
1921 2578 1934 2612 :
1975 2560 2030 2614 Si

443 2644 681 2696 pricscns
710 2644 887 2684 CSSCIII
928 2647 1112 2684 coram
1166 2633 1317 2687 γοὺίε
1350 2644 1404 2687 Cl
1450 2647 1633 2686 coram
1668 2641 1856 2686 sancta
1899 2647 2034 2685 (2011·-

443 2701 754 2769 gregationc
784 2711 989 2764 vestra,
1020 2701 1086 2756 de
1118 2717 1220 2769 qua
1256 2703 1421 2756 multa
1450 2702 1589 2757 bona
1623 2720 1652 2756 a
1700 2702 1881 2755 multis
1904 2717 2030 2755 coa-

441 2770 683 2824 corditer
736 2772 918 2835 audio,
974 2771 1201 2841 supplici
1238 2784 1418 2827 mente
1478 2783 1644 2827 totmn
1684 2788 1880 2841 corpus
1908 2788 2032 2843 pro-

442 2851 767 2905 sternerem,
797 2851 851 2895 et
887 2851 943 2893 ιιι
974 2858 1057 2897 Inc
1088 2845 1369 2906 honorum,
1396 2860 1514 2912 quae
1538 2845 1676 2898 Deus
1697 2853 1953 2909 operatur
1980 2843 2032 2895 in

444 2920 629 2966 vestro
695 2913 1046 2978 monasterio,
1108 2913 1163 2965 in
1229 2923 1547 2981 perpetuum
1605 2913 1924 2981 participem
1979 2912 2031 2965 in

445 2980 684 3035 fraterna
741 2982 1010 3037 charitate
1050 2980 1438 3043 concederetis
1468 2980 1729 3051 peterem.
1764 2983 1869 3035 Sed
1901 2998 2033 3048 quo-

445 3052 592 3122 niam
621 3066 719 3120 ego
750 3052 851 3105 hoc
903 3068 1009 3105 non
1065 3068 1301 3120 possunt,
1352 3068 1618 3122 pnesumo
1652 3069 1754 3107 non
1804 3053 1870 3105 de
1901 3053 2032 3107 meis

445 3121 677 3182 meritis,
726 3122 821 3175 sed
872 3122 937 3175 de
984 3133 1165 3193 vestra
1204 3121 1491 3178 sanctitate
1524 3140 1714 3193 rogare
1736 3134 1791 3175 ut
1817 3137 1909 3176 vos
1933 3124 2034 3178 hoc

447 3207 544 3259 pro
572 3208 656 3264 me
688 3208 794 3244 non
825 3192 1110 3264 humiliato
1150 3209 1400 3261 corpore,
1443 3196 1538 3248 sed
1581 3192 1808 3264 benigna
1855 3205 2035 3248 mente

446 3263 517 3314 ab
544 3262 748 3316 eisdem
782 3263 908 3317 liliis
947 3264 1144 3318 vestris
1174 3264 1301 3317 mihi
1329 3268 1525 3333 petatis
1550 3276 1604 3319 et
1629 3262 1750 3319 cum
1782 3264 1886 3317 illis
1906 3280 2034 3318 con-

447 3333 679 3414 t_cdal'is_
706 3334 908 3414 Yalcle.
948 3333 1075 3387 lla'c
1114 3334 1331 3414 epistola
1364 3336 1532 3388 locum
1559 3337 1713 3414 habet
1747 3336 1880 3387 inter
1903 3334 2034 3414 alias

447 3404 679 3457 Anselini
707 3404 840 3457 libro
871 3421 908 3467 ι,
935 3421 1079 3457 ιιιιιιι.
1121 3404 1222 3466 56;
1250 3423 1363 3459 eam
1412 3423 1525 3459 rem
1558 3407 1873 3459 'I'rithcmius
1903 3407 2034 3458 inte-

441 3492 616 3545 grant,
669 3478 970 3545 aliquidem
1028 3476 1397 3545 interpolatum
1452 3480 1651 3531 exhibet
1704 3478 1756 3529 in
1816 3488 2035 3545 utraque

443 3544 689 3598 Chronici
721 3544 1120 3615 llirsaugiensis
1166 3544 1419 3612 editione,
1450 3548 1537 3600 ubi
1578 3545 1831 3601 nonnulla
1876 3544 2038 3599 interc

443 3628 693 3669 terniuur
730 3618 793 3669 de
822 3615 1192 3685 Ilirsauyiensi
1243 3617 1644 3673 buutiAnsclnii
1675 3618 1884 3677 itinere,
1917 3634 2038 3685 quia

443 3688 499 3738 in
535 3685 654 3739 aliis
682 3688 997 3739 editionibus
1024 3704 1127 3740 non
1154 3688 1426 3740 habentur.
1456 3686 1689 3740 Fallitur
1718 3688 1873 3739 etiam
1900 3687 2034 3740 idem

445 3765 651 3825 auctor,
685 3773 802 3808 cum
833 3757 1007 3808 scribit
1041 3758 1176 3809 hanc
1224 3757 1495 3825 epistolam
1548 3777 1577 3810 ιι
1612 3759 1758 3809 beato
1786 3757 2032 3810 Auselmo

443 3824 968 3900 iam‘Cuutuaricnsi
1017 3828 1423 3900 archiepiscopo,
1466 3831 1553 3900 qui
1598 3826 1796 3900 ιξοιιιαέΔ
1828 3836 2034 3900 noverat

454 3894 813 3957 Willielmum,
841 3907 1117 3949 exaratum
1143 3898 1337 3964 fuisse;
1369 3894 1501 3950 illud
1555 3898 1691 3950 enim
1719 3896 1797 3949 vel
1834 3914 1897 3950 ea:
1939 3899 2037 3950 hoc

449 3981 556 4035 uno
592 3975 792 4018 constat
831 3982 939 4018 esse
986 3966 1179 4033 falsum
1217 3968 1355 4034 quod
1383 3968 1659 4020 Anselmus
1693 3968 1898 4019 nonnisi
1922 3977 2033 4035 post

456 4033 726 4093 ll’ilhclmi
758 4050 974 4089 mortem
1030 4042 1081 4090 in
1134 4039 1306 4091 sedem
1355 4036 1786 4092 Cuntuariensent
1835 4033 2036 4091 erectus

447 4106 628 4174 fuerit.
1380 4148 1383 4151 ν

521 4178 609 4230 2‘5.
658 4175 872 4246 Referre
900 4195 1000 4231 non
1034 4190 1179 4233 racat
1204 4180 1382 4234 omnia
1414 4188 1687 4233 auctorum
1714 4180 2033 4244 testimonia,

448 4265 567 4316 qua?
588 4247 648 4319 in
684 4247 948 4319 ll’ilhelmi
975 4252 1477 4305 commendationem
1508 4253 1700 4319 scripta
1726 4260 1868 4304 sunt.
1893 4251 2034 4306 Sun.~

447 4329 530 4391 cto
575 4318 787 4391 Magoni
830 4319 1254 4375 Cluuiurensiuni
1310 4321 1486 4382 abbati
1541 4318 2034 4391 conjunctissimum

448 4389 609 4461 fuisse
639 4387 703 4441 ea:
742 4387 861 4461 Vita
892 4391 1032 4459 infra
1061 4393 1275 4459 patebit.
1306 4392 1512 4444 Laudat
1542 4387 1656 4461 ejus
1684 4394 2035 4445 humilitatem

447 4458 606 4510 simul
636 4470 680 4510 et
715 4458 1017 4512 charitateni
1048 4458 1224 4515 beatas
1266 4458 1577 4525 Udalricus,
1615 4465 1940 4528 potissimum
1980 4465 2034 4516 in

449 4529 761 4596 pra’latione
808 4529 926 4581 libri
983 4547 1042 4584 ιιι
1093 4531 1543 4586 Consuetudinum
1587 4533 2032 4597 Clilniaccnsitun,

452 4598 709 4672 υθέ-εαηέ-
733 4600 893 4672 ιριίιιδ
943 4601 1216 4670 religionis
1266 4604 1592 4671 praecipuum
1619 4616 1916 4658 anmtorem
1942 4621 2036 4672 ape

449 4668 627 4742 pellat.
665 4665 865 4742 Eiiituit
896 4665 1219 4742 potissimum
1247 4665 1361 4742 ejus
1399 4665 1628 4742 Charitas
1658 4676 1711 4726 in
1751 4665 2039 4742 suscipiené

450 4736 844 4813 ais_exsit_libus,
866 4741 961 4813 qui
990 4739 1215 4807 fervente
1250 4736 1386 4796 inter
1409 4740 1715 4812 Gregorium
1738 4736 2035 4813 pontiﬁcem

449 4819 495 4861 et
530 4806 819 4883 Henricunt
844 4806 1134 4883 Angustum
1164 4812 1402 4875 dissidio,
1433 4806 1578 4866 sedes
1608 4806 1851 4883 ιιι-ομι·ἰιι.ς
1881 4806 2037 4867 relin-

449 4895 607 4948 quere
646 4880 811 4930 coarti
862 4880 930 4931 ad
973 4878 1348 4950 llirsaugiense
1391 4878 1766 4936 monasterium
1801 4885 1935 4937 velut
1969 4886 2038 4937 ad

449 4961 619 5023 tutum
648 4960 851 5023 portum
882 4951 1267 5023 roidugiebant.
1304 4952 1477 5016 Multi,
1505 4954 1670 5023 inquit
1700 4954 2035 5020 'l'rithcmius,

448 5021 550 5073 viri
576 5021 697 5075 boni
731 5020 897 5073 Deum
927 5022 1197 5086 timentes,
1243 5025 1490 5090 comites,
1526 5020 1779 5089 barones,
1813 5024 2035 5090 milites,

450 5091 662 5146 nobiles
689 5102 741 5145 et
782 5091 1066 5161 ignobiles,
1093 5094 1280 5147 clerici
1312 5104 1367 5148 et
1402 5094 1544 5158 laici,
1585 5096 1777 5150 divites
1830 5105 1885 5148 et
1930 5110 2038 5150 me—

448 5164 687 5227 diocres,
717 5165 807 5231 qui
842 5162 1053 5216 animas
1082 5180 1210 5219 suas
1249 5182 1278 5219 a
1304 5166 1686 5221 comnmnione
1727 5166 2038 5222 schismati-

448 5250 638 5288 cormn
715 5234 1092 5290 innnaculatas
1152 5238 1429 5294 custodire
1482 5238 1773 5303 volebant,
1835 5236 2038 5292 relictis

448 5304 708 5371 castellis,
735 5304 986 5359 domibus
1026 5317 1077 5361 et
1108 5307 1354 5362 ecclesiis
1383 5307 1515 5370 suis,
1548 5309 1615 5363 ad
1651 5308 2036 5364 monasterium

449 5374 859 5453 llirsaugiense,
898 5377 1053 5445 quasi
1100 5379 1171 5453 ad
1228 5379 1498 5434 civitatem
1528 5380 1817 5453 quamdam
1846 5376 2035 5453 rcfugii

448 5449 731 5517 venerant.
774 5462 1002 5514 quorum
1061 5450 1244 5517 plures
1296 5459 1500 5504 mutato
1553 5451 1739 5504 habito
1788 5449 2035 5503 monachi

449 5513 576 5589 facti
608 5527 751 5579 sunt,
775 5513 830 5570 et
853 5517 1033 5586 plures
1057 5513 1109 5571 in
1148 5521 1331 5574 habitu
1372 5522 1600 5589 pristino
1629 5521 1734 5575 Deo
1769 5530 1823 5575 et
1855 5536 2039 5573 mona-

449 5585 572 5660 chis
616 5595 821 5660 saneta:
858 5585 1297 5660 congregationis
1326 5585 1495 5660 usque
1549 5593 1614 5644 ad
1655 5602 1885 5645 mortem
1925 5607 2038 5644 ser-

450 5656 700 5730 ὶιὶεειοιιιιι.⁸
725 5654 938 5730 _M_irari
973 5654 1154 5713 iiut'em
1206 5662 1339 5714 subit
1388 5654 1527 5730 quod
1555 5677 1614 5714 eo
1646 5674 1893 5730 tempore,
1935 5677 2038 5728 quo

451 5723 629 5799 ueteri
649 5725 856 5777 ubbates
887 5737 930 5778 et
953 5730 1177 5795 episcopi
1208 5749 1238 5781 α
1261 5723 1606 5784 srhisinatiris
1628 5723 2034 5799 expellebantur,

453 5795 631 5849 nullus
655 5805 826 5847 tuinen
850 5812 1079 5864 unquam
1112 5817 1270 5853 ausus
1303 5803 1455 5866 fuerit
1492 5795 1826 5855 l‘l'ilhelinum
1866 5818 1892 5854 e
1927 5818 2036 5853 mo-

2130 1863 2329 1905 strncta
2370 1862 2460 1905 aut
2494 1850 2791 1905 restaurata
2839 1862 3086 1905 recenset.
3143 1850 3495 1915 Wilbelmus,
3540 1852 3707 1919 inquit.

2132 1924 2233 1991 ιιιιυ
2263 1923 2537 1976 ιιιίξιιιοι·ἰ;ι⁸
2569 1922 2973 1993 llirsaugiensis
3016 1922 3206 1985 abbas,
3258 1922 3313 1987 in
3366 1937 3528 1979 causa
3554 1923 3709 1975 sancti

2132 1993 2275 2048 Petri
2303 1993 2755 2059 ferventissimus,
2788 2002 2843 2047 et
2871 1994 2923 2048 in
2954 1994 3261 2061 monastira
3309 1994 3565 2063 religione
3600 2000 3708 2045 stu-

2133 2065 2493 2124 diosissimus,
2527 2072 2712 2132 utpote
2735 2063 3025 2118 multorum
3054 2063 3221 2117 Pater
3244 2063 3703 2125 monasteriorum,

2134 2150 2190 2189 ιιι
2224 2134 2391 2188 Nonis
2415 2134 2539 2188 Julii
2575 2135 2841 2205 migravit
2872 2136 2939 2188 ad
2993 2134 3303 2188 Dominum.
3352 2134 3452 2205 llic
3495 2134 3707 2202 primum

2134 2206 2518 2275 llirsangiense
2550 2204 2941 2275 monasterium
2978 2214 3085 2257 tam
3142 2205 3195 2258 in
3257 2204 3507 2259 :editiciis
3565 2219 3709 2272 quam

2137 2279 2189 2329 in
2256 2274 2593 2345 regularibus
2662 2274 2963 2345 disciplinis
3049 2275 3711 2345 mirabiliterexultavit,

2137 2344 2421 2415 ipsumdue
2462 2346 2745 2416 privilegio
2800 2344 2946 2401 Sedis
2978 2346 3292 2415 apostolicae
3330 2344 3433 2399 sub
3473 2345 3712 2413 Gregorio

2135 2433 2270 2486 papa
2303 2417 2354 2470 in
2379 2426 2695 2487 perpetuum
2729 2416 2998 2471 liberavit.
3017 2417 3175 2469 Plura
3202 2417 3368 2471 etiam
3403 2419 3709 2487 monasteria

2134 2504 2201 2542 cx
2248 2488 2459 2557 integro
2503 2502 2891 2557 usquequaque
2942 2488 3289 2552 consu'uxit;
3350 2488 3458 2541 duo
3514 2486 3709 2557 quidem

2136 2560 2187 2612 in
2213 2556 2581 2626 Nigra-Silva,
2616 2556 2780 2611 unnm
2810 2559 2988 2612 sancti
3015 2557 3143 2611 Geor
3162 2558 3254 2626 gii.
3292 2559 3527 2611 alterum
3556 2556 3709 2611 sancti

2135 2629 2475 2699 Grcgorii....
2537 2629 2661 2684 item
2696 2628 2858 2699 aliud
2901 2629 2975 2699 ad
3001 2627 3526 2697 Duplicem-Aquam
3566 2640 3712 2697 prope

2138 2697 2463 2759 Danubium.
2506 2700 2633 2753 item
2658 2698 2799 2752 aliud
2828 2700 2879 2751 in
2908 2697 3355 2768 Wirceburgensi
3389 2699 3709 2768 episcopatu,

2138 2771 2190 2823 in
2230 2770 2345 2823 loco
2368 2770 2458 2848 qui
2490 2769 2770 2848 Cautbcrg
2801 2769 3049 2848 dicitur._
3078 2769 3478 2848 Schafus-euse
3509 2781 3705 2848 quoque

2137 2842 2549 2904 tnonasterimn,
2580 2838 2994 2895 l’etrishusense
3038 2840 3089 2893 in
3135 2841 3252 2907 ripa
3297 2838 3706 2906 Rheni.jatuda-

2136 2911 2263 2964 dum
2300 2911 2564 2964 wditicata
2612 2910 2952 2979 regularibus
2982 2909 3284 2978 disciplinis
3327 2912 3579 2963 instituit.
3614 2907 3709 2960 Sed

2137 2991 2187 3033 et
2218 2982 2321 3034 alia
2362 2981 2679 3050 quamplura
2733 2981 2784 3033 in
2820 2981 3047 3033 diversis
3096 2981 3439 3049 regionibus,
3484 2991 3711 3050 tumpcr

2137 3067 2195 3104 se
2245 3062 2353 3105 tmn
2381 3047 2479 3120 per
2526 3047 2628 3106 sibi
2658 3050 2949 3118 subjectos,
2973 3060 3026 3102 et
3051 3050 3117 3103 de
3150 3047 3291 3104 novo
3323 3050 3487 3120 fecit,
3516 3060 3570 3105 et
3603 3047 3701 3116 iam

2140 3121 2278 3175 facta
2313 3119 2652 3191 regularibus
2682 3121 2987 3191 disciplinis
3019 3122 3276 3175 instituit.
3305 3119 3375 3174 Et
3395 3133 3511 3190 post
3532 3124 3710 3191 multa:

2138 3194 2280 3246 Ante
2311 3190 2491 3245 otiniia
2538 3195 2590 3247 in
2636 3192 2726 3245 illo
2754 3194 2990 3245 studium
3021 3194 3342 3246 monasticae
3375 3190 3711 3246 districtionis

2138 3263 2433 3332 praevaluit,
2465 3263 2515 3315 in
2541 3278 2647 3333 quo
2674 3272 2813 3316 lotus
2836 3264 2973 3317 adeo
3004 3262 3255 3315 ell'erhuit
3280 3278 3348 3316 ac
3374 3263 3421 3316 si
3454 3276 3707 3330 nunquam

2138 3334 2279 3386 aliud
2317 3333 2518 3402 aliquid
2564 3333 2726 3387 studii
2774 3334 3038 3386 habuerit.
3086 3333 3216 3386 Erat
3249 3333 3397 3387 enim
3429 3335 3707 3386 mit-esurio

2136 3405 2364 3469 ctitatis,
2417 3415 2618 3457 sanetie
2669 3403 3052 3473 simplicitatis,
3103 3405 3524 3458 ferventissima:
3550 3402 3709 3457 chari-

2139 3477 2288 3537 tatis,
2325 3474 2434 3528 Deo
2461 3477 2615 3528 vivus
2644 3485 2698 3529 et
2743 3470 2940 3528 Sicanio
2980 3475 3296 3529 cruciﬁxus.
3336 3474 3512 3541 Quem
3554 3472 3709 3525 Domi-

2139 3547 2319 3599 tninus
2350 3546 2401 3599 in
2432 3555 2711 3598 senectute
2751 3546 2890 3598 bona
2925 3546 2991 3600 ad
3019 3555 3281 3599 mternam
3310 3547 3549 3614 patriam
3574 3557 3706 3595 revo-

2137 3617 2303 3678 cavit,
2351 3615 2436 3670 cui
2492 3617 2603 3683 ipse
2650 3634 2678 3668 a
2733 3614 3019 3682 juventute
3053 3615 3108 3669 in
3155 3615 3260 3669 hac
3293 3615 3709 3684 peregrinatione

2138 3687 2412 3740 indefesso
2444 3686 2460 3738 1
2481 3689 2627 3739 diore
2650 3686 2889 3739 servivit.

2208 3757 2296 3810 24.
2361 3756 2609 3810 bxterior
2660 3756 2926 3819 Willielmi
2974 3756 3168 3825 species
3219 3758 3431 3827 egregie
3474 3756 3707 3809 internas:

2143 3827 2305 3880 animi
2325 3827 2438 3896 ejus
2467 3827 2879 3895 magnitudinem
2921 3826 3357 3897 reprrcsentabat.
3383 3826 3707 3897 llanchrout

2138 3915 2202 3951 ex
2224 3899 2472 3968 antiquis,
2501 3899 2575 3949 uti
2605 3898 2811 3962 asserit,
2845 3896 3193 3951 monumentis
3216 3908 3492 3968 acceperat
3536 3896 3707 3949 Tritic-

2139 3970 2297 4033 mius,
2316 3966 2557 4021 describit
2581 3968 2662 4021 his
2687 3968 2853 4020 verbis
2878 3969 2930 4021 in
2960 3979 3180 4038 utraque
3204 3966 3458 4038 Chronici
3485 3968 3706 4038 editione:

2143 4040 2270 4092 Erat
2302 4040 2382 4091 vir
2421 4054 2516 4109 per
2544 4038 2726 4092 omnia
2759 4039 2953 4107 dignus
2979 4037 3205 4101 honera,
3256 4037 3416 4104 cujus
3437 4037 3595 4091 etiam
3621 4038 3707 4109 dis-

2139 4110 2334 4178 positio
2387 4106 2635 4177 corporis
2688 4106 2974 4176 quennlam
3024 4109 3347 4163 reverentia:
3406 4109 3605 4161 cultum
3653 4106 3708 4178 ab

2141 4175 2769 4249 intuentibusexigabat.
2805 4180 3025 4233 Statura
3052 4179 3321 4247 siquidem
3352 4194 3626 4247 preacius,
3663 4175 3705 4224 in

2141 4251 2409 4304 anteriore
2434 4250 2677 4317 corporis
2706 4260 2859 4316 parte
2882 4250 3084 4313 calvus;
3103 4250 3239 4316 pilos
3266 4249 3320 4302 in
3346 4250 3559 4318 reliquo
3579 4260 3704 4318 raros

2141 4320 2393 4384 habebat,
2425 4316 2617 4374 faciem
2642 4320 2841 4374 cerulci
2874 4322 3015 4373 misti
3076 4320 3333 4374 albedine
3379 4316 3577 4375 coloris
3607 4316 3703 4386 ραις

2140 4392 2325 4445 chram
2381 4401 2436 4445 ct
2495 4390 2885 4459 aliquantulum
2941 4392 3305 4460 l’irotlttctaiii,
3344 4402 3706 4454 manuumque

2141 4461 2338 4532 digitos
2365 4461 2584 4531 pulchra
2624 4461 2952 4530 longitudine
2978 4462 3222 4526 subtiles,
3248 4477 3316 4515 ac
3347 4470 3523 4515 totum
3545 4472 3707 4525 corpus

2141 4533 2318 4585 dcoita
2351 4533 2698 4602 preportione
2744 4534 2809 4584 ad
2867 4532 3120 4585 virtutem
3176 4532 3357 4585 fuerat
3399 4533 3699 4585 ordinatum.

2146 4603 2255 4674 Vox
2291 4603 2364 4656 illi
2398 4603 2619 4674 grandis
2646 4613 2806 4672 atque
2844 4603 3012 4674 virilis
3041 4612 3179 4663 erat,
3221 4602 3409 4669 qualis
3435 4619 3551 4656 cum
3578 4610 3701 4652 uatu-

2141 4673 2237 4726 t'ali
2271 4673 2502 4741 quodam
2532 4683 2724 4727 ornatu
2779 4673 3083 4736 verborum,
3150 4683 3426 4742 optimum
3474 4682 3705 4742 quemque

2139 4738 2412 4798 oratorem
2475 4745 2655 4797 facere
2710 4746 3036 4797 consuevit:
3080 4738 3220 4797 unde
3278 4744 3333 4796 in
3395 4738 3703 4797 exhortando

2140 4816 2368 4868 multum
2397 4814 2585 4877 valuit,
2628 4815 2726 4888 ita»
2753 4824 2809 4867 ut
2859 4814 3142 4888 dulcedine
3196 4815 3366 4873 vocis,
3424 4824 3481 4868 et
3508 4810 3702 4888 ῳιειὼιιι

2140 4887 2463 4938 auctoritate
2492 4886 2759 4941 sermonis
2784 4885 3179 4940 modestissime
3207 4895 3506 4952 praestans,
3525 4885 3702 4936 annuo:

2140 4957 2447 5010 amlitorum
2512 4956 2562 5008 in
2610 4972 2705 5009 sua
2739 4956 3015 5009 videretur
3038 4956 3241 5009 habere
3270 4967 3558 5023 potestate,
3600 4952 3702 5002 dum

2140 5026 2399 5095 quidquid
2452 5027 2633 5081 dicere
2702 5026 2990 5091 voluisset,
3055 5026 3365 5078 admirabili
3441 5024 3700 5095 facilitate.

2140 5093 2647 5167 pulcliritudincque
2725 5098 3063 5151 auditoribus
3140 5096 3313 5163 potuit
3388 5093 3685 5167 persuadere

2140 5160 2573 5222 Commendabat
2597 5168 2647 5221 in
2680 5182 2744 5219 eo
2773 5168 2986 5220 dicendi
3018 5160 3210 5234 periiia
3254 5160 3528 5229 naturam,
3554 5172 3606 5213 ut
3628 5160 3700 5234 ita.

2139 5239 2241 5294 cile
2280 5238 2655 5308 persuadendo
2681 5237 2922 5292 alliceret
2945 5229 3297 5307 quoscunque
3322 5238 3586 5292 sermonis
3609 5229 3702 5284 dul~

2140 5309 2331 5363 ccdinc
2357 5308 2765 5379 voluissel,etc.
2860 5377 2868 5379 _
3158 5378 3187 5379 η
3227 5377 3234 5379 ξ
3316 5378 3321 5379 ν
3626 5370 3636 5379 .

2212 5379 2302 5433 25.
2348 5378 2621 5432 Nonnulla
2649 5377 2901 5442 opuscula
2930 5379 3092 5432 edidit
3128 5377 3470 5440 ll’ilhelmus,
3500 5377 3699 5446 quam}!

2139 5452 2273 5504 inter
2299 5440 2690 5503 ecclesiasticos
2726 5450 3004 5516 scriptores
3048 5449 3222 5502 locum
3270 5440 3582 5516 meruerunt.
3634 5440 3699 5491 bl

2138 5523 2214 5574 sic
2248 5532 2514 5591 enumerat
2546 5515 2859 5591 Trithemius
2908 5521 2963 5572 in
3017 5522 3173 5591 reteri,
3217 5518 3467 5572 Chronic:
3505 5515 3699 5591 llirsal‘

2140 5592 2331 5660 giensis
2352 5590 2577 5643 editione
2605 5605 2622 5643 :
2649 5590 2880 5658 Scripsit
2904 5592 2970 5643 de
3000 5590 3226 5654 musica,
3247 5592 3314 5643 de
3344 5585 3697 5660 compositione

2141 5652 2477 5724 iuonoeordi,
2515 5662 2582 5715 de
2609 5652 2903 5715 astrolabio
2929 5670 2985 5714 et
3024 5660 3155 5731 ejus
3202 5652 3603 5731 eotnpositioue,
3642 5652 3698 5699 «κ

2140 5732 2537 5801 compositione
2600 5746 2819 5800 quoque.
2886 5730 3191 5801 horologii,
3259 5732 3327 5783 de
3391 5730 3698 5801 correcti?!“

2140 5794 2386 5856 I’salicrii
2418 5812 2466 5857 et
2495 5802 2560 5856 de
2589 5794 2798 5855 ratione
2828 5794 3485 5870 colnputi'ccclesiastica.
3520 5794 3697 5848 Eadm
