3852 6308
438 341 544 398 905

1558 333 1616 391 S.
1652 326 2033 413 GUlLLELMl
2065 325 2359 415 ABBATIS
2382 327 2707 385 liiRSAUG.

441 467 576 521 tum,
606 467 704 523 spe
743 453 1081 519 roboratam,
1111 451 1381 507 cbaritate
1417 448 1719 505 radicatam
1749 454 1804 500 et
1843 442 2034 497 111111111-
2065 443 2113 499 Α
2141 439 2398 513 lacrymis
2443 441 2822 512 interpellabat
2851 440 3161 508 Dominum.
3195 452 3254 498 ut
3284 443 3357 500 de
3383 454 3617 500 terrenae
3640 463 3729 514 po-

443 557 583 610 tum,’
619 551 881 618 omnique
921 563 1133 601 morum
1166 545 1437 616 probitate
1464 544 1803 603 decoratum,
1848 539 2033 607 provi-

440 638 623 693 dentia
669 640 760 694 Dei
796 640 1185 710 omnipotentis
1226 637 1595 709 llirsaugiensi
1624 634 1873 691 emnobio
1909 649 2035 703 pro-

438 731 676 785 visorem
726 732 1021 787 chtinavit
1054 731 1122 785 ad
1155 730 1407 786 solatium
1439 727 1753 784 multorum.
1788 724 2033 794 Denique

440 822 639 879 fratres
670 825 722 880 in
758 826 948 881 eodem
981 826 1232 881 (-(enobio
1277 824 1386 878 Deo
1418 822 1739 886 servientes,
1754 835 1893 911 ‘cum
1919 816 2030 886 jam

443 915 676 971 fuissent
730 929 942 973 rectore
980 917 1249 983 destituti,
1279 914 1422 969 dulei
1461 912 1578 983 ejus
1627 910 1844 967 ruumre
1888 910 2033 965 dele-

436 1007 593 1073 ctati,
624 1009 883 1063 honestos
912 1008 1118 1078 legatos
1163 1010 1231 1062 ad
1274 1022 1397 1062 eum
1429 1005 1765 1061 evocandum
1821 1003 2035 1057 direxe-

440 1107 587 1152 runt.
618 1101 689 1153 At
717 1099 827 1164 ille,
857 1114 1021 1153 causa
1052 1099 1287 1166 cognita,
1316 1112 1420 1151 non
1450 1109 1507 1150 se
1534 1096 1583 1148 111
1608 1092 1917 1162 superbiam
1940 1108 2035 1146 ex-

439 1190 583 1256 tulit,
625 1191 717 1245 sed
747 1188 967 1261 jejuniis
998 1200 1051 1245 et
1075 1190 1412 1245 orationibus
1457 1203 1678 1252 vacans,
1704 1185 1906 1255 junctis
1946 1202 2031 1241 se-

437 1298 562 1335 cum
611 1282 987 1352 spiritualibus
1040 1281 1376 1347 hominibus,
1433 1279 1645 1334 Domini
1698 1278 2029 1334 voluntatem

438 1376 634 1430 hacin
669 1390 727 1429 re
756 1376 1107 1446 qttmrendatn
1156 1374 1373 1429 statuit.
1428 1373 1653 1428 Domum
1700 1381 1920 1441 accepta
1968 1371 2032 1425 li-

439 1474 644 1537 rentia,
699 1474 823 1529 licet
872 1474 997 1529 boni
1052 1475 1257 1545 quique
1294 1475 1342 1528 ei
1398 1474 1913 1542 congratularentur
1966 1474 2034 1528 de

439 1565 664 1619 honoris
706 1565 1043 1633 pnelatione,
1085 1566 1188 1621 sibi
1242 1576 1422 1621 tamen
1461 1568 1717 1624 dolebant
1751 1566 1895 1636 quod
1942 1582 2034 1621 ea-

445 1665 628 1709 terent
668 1654 789 1724 ejus
820 1655 1210 1712 familiaritatis
1241 1666 1295 1711 et
1333 1657 1604 1715 aifatninis
1644 1658 1897 1730 prardulei
1945 1675 2034 1713 so—

440 1746 667 1803 lamine.
697 1747 791 1803 llle
827 1764 957 1804 vero
1006 1764 1111 1804 non
1160 1766 1410 1821 quaerens
1461 1769 1581 1823 qua:
1608 1767 1705 1807 sua
1753 1760 1897 1816 sunt,
1937 1752 2029 1805 sed

436 1856 558 1909 qua:
592 1841 803 1897 Domini
846 1842 1108 1915 (Philipp.
1150 1860 1220 1910 tt,
1275 1844 1392 1914 21),
1419 1845 1697 1915 professus
1723 1855 1805 1901 est
1835 1862 1895 1900 se
1926 1862 2029 1899 non

442 1934 605 1988 aliter
662 1936 890 1990 omnino
938 1951 1336 1992 consensurum
1391 1938 1665 2003 electioni,
1723 1939 1823 1992 nisi
1883 1940 2033 2007 prius

438 2022 582 2077 idem
614 2024 925 2079 etenobium
964 2026 1187 2095 integra:
1221 2027 1540 2081 redderetur
1571 2028 1827 2082 libertati.
1865 2027 2033 2098 Igitur

436 2112 562 2182 quia
604 2111 656 2167 in
705 2113 794 2184 jus
847 2116 1126 2185 proprium
1176 2116 1278 2170 hoc
1324 2116 1465 2171 ident
1512 2119 1901 2173 monasterium
1952 2119 2030 2187 (3)

434 2204 762 2259 Adelberlus
809 2221 992 2261 comes
1021 2216 1076 2262 et
1127 2209 1424 2264 admeatus
1458 2210 1701 2279 cjusdent
1753 2210 1856 2265 loci
1906 2227 2031 2264 cum

436 2296 550 2351 suis
577 2300 894 2366 parentibus
922 2299 1228 2371 redegerat,
1257 2310 1309 2355 et
1336 2317 1469 2372 pene
1500 2304 1861 2368 destrinxerat,
1886 2318 2031 2356 cetu-

438 2397 592 2456 perta
638 2388 737 2442 viri
770 2389 863 2443 Dei
900 2394 1208 2447 constantia
1239 2404 1293 2450 et
1325 2394 1794 2465 magnanimitate,
1831 2394 1881 2448 in
1914 2410 2031 2449 om-

438 2480 600 2535 nibus
627 2496 684 2534 se
710 2481 759 2534 ei
792 2482 1295 2552 obtemperaturum
1325 2486 1636 2541 simulabat.
1676 2486 1810 2541 Cum
1841 2487 2030 2542 eodem

438 2585 676 2641 namque
699 2573 857 2627 beato
889 2574 1005 2630 viro
1027 2586 1237 2631 curtem
1270 2578 1471 2647 regiam
1512 2578 1663 2643 adiit,
1689 2593 1752 2632 ac
1782 2578 2028 2632 δίει-1111111

438 2661 637 2714 astutia
687 2662 1107 2735 chirographum
1142 2667 1437 2723 inﬁdeliter
1462 2668 1785 2737 composuit,
1837 2668 1926 2722 illo
1958 2666 2031 2720 nil

434 2753 644 2808 sinistri
697 2770 807 2824 pra:
846 2757 1153 2814 columbina
1185 2760 1535 2830 simplicitate
1578 2762 1906 2832 suspicante,
1944 2777 2031 2815 re-

434 2847 635 2913 gioque
685 2845 861 2914 sigillo
907 2848 1037 2902 illud
1080 2850 1284 2904 ﬁrmari
1316 2850 1647 2919 impetravit.
1695 2851 2031 2905 Adveniente

436 2933 602 3004 igitur
630 2935 906 2992 Dominica
938 2941 1289 3006 Ascensione,
1321 2958 1441 3011 qua:
1468 2941 1558 2996 illo
1580 2958 1724 2997 anno
1750 2944 1932 2998 evenit
1975 2960 2028 2998 tv

436 3022 616 3082 Nonas
631 3026 775 3084 Junii
798 3027 893 3101 (V.
924 3028 1163 3095 0bserv.,
1190 3047 1245 3084 n.
1276 3030 1354 3099 2),
1386 3041 1681 3086 convocata
1706 3032 2027 3088 clericorum

434 3125 493 3170 et
545 3116 811 3175 laicorum
868 3121 1233 3187 multitudine,
1266 3123 1508 3177 omnium
1553 3124 1828 3180 communi
1883 3134 2024 3187 voto.
2056 3158 2100 3220 ρ

437 3206 525 3262 hic
563 3211 904 3265 vcneramlus
962 3211 1190 3277 electus,
1244 3212 1510 3276 laudatus,
1574 3223 1627 3268 et
1682 3230 1807 3269 cum
1863 3214 2028 3270 nimia

435 3298 791 3357 inundatione
813 3301 1035 3357 ﬁetumn
1074 3304 1125 3357 111
1153 3304 1336 3358 sedem
1366 3305 1577 3359 abbatis
1600 3314 1683 3359 est
1711 3304 2026 3361 collocatus.

435 3390 552 3457 Qua
586 3392 849 3464 dignitate
878 3405 1148 3464 suscepta,
1175 3395 1595 3465 cmpitcwlestis
1621 3397 1785 3451 studii
1816 3397 2028 3452 fervore

436 3492 615 3541 tatito,
657 3487 830 3557 magis
897 3489 1245 3543 inardescere
1295 3498 1499 3558 quanto
1555 3504 1616 3544 se
1668 3489 2028 3557 cognoscebat

431 3578 649 3633 (λειω-15
711 3581 943 3651 exempli
998 3582 1173 3651 gratia
1235 3580 1515 3649 przclatum
1564 3596 1722 3645 esse,
1760 3596 2029 3651 suumque

434 3685 599 3738 sagax
649 3672 887 3725 studium
920 3688 1085 3742 super
1110 3673 1293 3726 omnia
1352 3675 1618 3728 convertit
1650 3674 1717 3728 ad
1766 3676 2026 3729 observa-

438 3762 642 3815 tionem
688 3764 966 3833 religionis
997 3767 1332 3821 monasticae.
1362 3766 1555 3823 Alacer
1586 3776 1702 3823 erat
1734 3769 1788 3823 111
1824 3770 2028 3827 exhor—

438 3852 605 3908 tando
630 3894 644 3920 ,
691 3869 912 3911 severus
944 3856 995 3910 in
1024 3858 1391 3926 corripiendo.
1431 3858 1572 3914 Nulli
1602 3860 1815 3915 invidus
1837 3902 1853 3928 ,
1898 3862 2028 3916 eba-

438 3944 601 3999 ritate
655 3944 883 4001 diﬁ'usus
923 3958 976 4001 et
1014 3948 1261 4016 largitate
1301 3950 1511 4003 exstitit
1555 3949 1863 4005 muniﬁcus.
1893 3952 2023 4004 (lum

435 4037 707 4107 gravitate
732 4037 904 4094 dulcis
932 4039 980 4093 ei
1026 4038 1317 4093 aﬂ‘abilitas
1355 4040 1551 4104 inerat,
1595 4055 1688 4109 per
1718 4056 1879 4109 quam
1910 4060 2027 4117 cor—

435 4129 591 4183 dibus
622 4130 873 4185 ltuznanis
912 4130 1154 4185 suaviter
1186 4130 1464 4186 inﬂuebat.
1517 4131 1803 4201 Negotium
1843 4134 2027 4202 singu-

431 4222 608 4278 lorum
642 4239 706 4279 ac
733 4224 776 4278 si
804 4225 1082 4296 proprium
1114 4225 1443 4289 aestimabat,
1475 4226 1792 4296 peregrinos
1815 4236 1868 4281 et
1893 4244 2024 4297 pane

430 4334 589 4390 peres
644 4329 872 4390 paterno
933 4316 1128 4374 al'feCtu
1169 4318 1426 4385 fovebat,
1482 4320 1780 4391 sarpiSsime
1831 4329 2026 4373 exutus

430 4410 652 4479 propria
693 4409 918 4465 camisia
967 4408 1198 4481 aliisque
1253 4409 1597 4466 vestimentis
1647 4411 1829 4466 miseri
1874 4424 2024 4473 artus

433 4501 669 4569 legebat.

503 4590 559 4645 5.
604 4590 751 4646 Inter
797 4594 914 4649 haec
964 4611 1093 4665 ergo
1144 4596 1404 4650 exercitia
1458 4600 1742 4661 virtutmn,
1785 4597 2020 4667 quadam

434 4679 731 4734 tentatione
775 4682 1034 4752 probatus
1078 4694 1161 4740 est
1190 4686 1366 4755 potius
1399 4701 1560 4755 quam
1593 4686 1878 4756 pulsatus;
1905 4702 2026 4755 quae

434 4771 684 4842 probatio
711 4774 809 4828 sibi
842 4774 1055 4843 quidem
1086 4776 1150 4830 ad
1176 4791 1462 4844 coronam,
1495 4777 1867 4850 llirsaugiensi
1898 4793 2026 4835 vero

433 4865 687 4918 ccenobio
714 4865 779 4919 ad
811 4866 1238 4923 stabilimentum
1289 4882 1342 4923 et
1374 4872 1765 4928 munimentum
1799 4875 2021 4944 profuit.

434 4954 569 5013 Nam
606 4959 973 5029 supradictutn
998 4960 1415 5031 chirographum
1442 4961 1710 5018 libertatis
1731 4966 2024 5022 inﬁdeliter

431 5050 821 5120 compositum,
844 5061 1052 5105 secrete
1078 5050 1181 5106 sibi
1208 5052 1513 5108 insinuante
1536 5053 1763 5126 conjuge
1781 5050 2023 5126 111-11111111ιί

430 5144 666 5211 comitis,
698 5144 938 5212 rescivit,
969 5153 1043 5210 et,
1073 5145 1174 5200 sub
1199 5144 1423 5199 obtentu
1441 5147 1714 5218 pnedieta:
1733 5149 2021 5218 libertatis,

430 5232 497 5287 de
526 5235 756 5305 pristina
788 5233 1049 5289 violentia
1103 5250 1167 5291 ac
1215 5235 1553 5306 subjectione
1583 5237 1779 5310 injusta
1810 5237 2027 5295 llirsau-

433 5327 637 5396 giensis
668 5327 892 5383 claustri
928 5328 1001 5382 nil
1056 5330 1345 5395 minutum,
1388 5333 1480 5386 sed
1507 5333 1686 5402 potius
1719 5340 1937 5387 auctum
1971 5342 2023 5386 et

434 5420 773 5474 roboratum.
809 5418 923 5473 Tali
977 5430 1157 5475 autem
1188 5424 1597 5492 perturbatione
1627 5424 2021 5494 aliquantulum

432 5519 732 5565 coannotus
764 5522 986 5583 propter
1016 5522 1217 5568 statuat
1250 5513 1379 5582 loci,
1418 5515 1654 5571 assiduis
1685 5517 1943 5587 precibus
1968 5527 2023 5569 et

504 5644 580 5712 (3)
644 5645 719 5699 De
758 5644 1186 5717 rllirsaugiensis
1247 5654 1564 5707 monasterii
1624 5652 2022 5707 restauratione

431 5723 480 5766 et
512 5726 712 5796 cotntte
745 5716 1298 5796 Λ.1;11111·1;1ῖ1›-11111111115
1332 5727 1382 5778 itt
1417 5725 1604 5796 Edogio
1645 5723 1680 5779 ν
1728 5722 2018 5788 Friderici,

429 5800 592 5853 supra
627 5790 690 5837 ai
726 5801 923 5836 annum
966 5788 1109 5841 lU'iU.

2141 535 2356 588 testatis
2388 534 2520 604 jugo
2564 535 2802 605 cripcret
2836 534 3013 590 locum
3050 550 3214 605 quem
3262 551 3366 605 pro
3413 551 3517 591 suo
3548 554 3731 594 amore

2138 637 2453 696 susceperat
2510 629 2826 695 regendum.
2880 626 3069 698 itaque
3099 629 3422 685 misericors
3451 630 3723 693 Dentium,

2137 718 2252 787 qui,
2278 719 2431 789 juxta
2458 736 2644 775 vocem
2675 718 2999 784 Psalmistze,
3030 737 3193 790 prope
3213 733 3289 775 est
3321 721 3565 774 omnibus
3586 724 3729 775 iuo-

2138 810 2375 863 cnntibns
2398 827 2515 864 cum
2543 811 2597 864 in
2622 811 2838 866 veritate
2868 810 3046 883 (Prol.
3077 826 3260 875 cxuv,
3287 812 3403 882 18),
3444 814 3729 881 611111110-

2140 904 2253 958 viso
2300 888 2550 960 eutndem
2589 906 2839 960 comitem
2887 917 3038 961 tanta
3076 906 3449 962 circumdedit
3494 908 3729 961 adversi.

2139 1004 2248 1049 tate
2300 1007 2356 1049 111
2387 1010 2523 1067 pene
2565 998 2879 1065 desperaret
2937 998 3102 1053 ttllmu
3130 998 3397 1052 evadendi
3443 998 3649 1053 aditum
3674 1014 3727 1052 se

2137 1102 2297 1157 posse
2329 1089 2586 1158 reperire.
2621 1088 2696 1143 l‘a
2724 1090 3075 1154 constrictus,
3105 1090 3255 1144 omni
3280 1089 3581 1144 devotione
3607 1106 3729 1142 mo-

2137 1181 2314 1235 silium
2366 1194 2422 1237 et
2448 1182 2708 1238 auxilium
2754 1184 3120 1254 spiritualium
3163 1184 3413 1238 virorum
3455 1187 3721 1252 expetivit.

2138 1273 2238 1341 Qui
2272 1274 2529 1329 dixerunt
2557 1292 2680 1329 eum
2714 1276 3004 1331 nonaliter
3041 1293 3335 1333 evasurum
3359 1287 3516 1331 tanta
3543 1279 3725 1332 discri-

2138 1366 2303 1430 tnina,
2337 1366 2437 1422 nisi
2465 1382 2589 1421 cum
2621 1368 2767 1422 ontni
2812 1369 2917 1422 ﬁde
2950 1368 3185 1423 libertati
3220 1369 3485 1423 redderet
3516 1368 3721 1424 111ωο-

2137 1460 2377 1529 giensetn
2420 1459 2597 1514 locutu
2646 1476 2807 1530 quem
2862 1460 3062 1529 injuste
3118 1463 3462 1532 possederat.
3496 1464 3721 1529 Quorum

2137 1553 2378 1608 consiliis
2401 1553 2776 1622 acquiescens,
2810 1553 2912 1607 ﬁde
2950 1555 3160 1624 integra
3190 1570 3251 1609 se
3276 1554 3564 1609 abdicavit
3590 1558 3721 1609 omni

2130 1642 2255 1712 jure
2285 1645 2632 1713 proprietatis
2654 1643 2896 1713 ejusdem
2924 1645 3048 1711 loci,
3074 1655 3126 1699 et
3157 1646 3719 1716 chirographumcnm

2137 1736 2283 1790 omni
2350 1737 2629 1809 diligentia
2697 1738 2995 1791 secundum
3060 1738 3355 1792 consilium
3428 1739 3721 1792 timentium

2067 1808 2107 1863 Β
2141 1828 2306 1883 Deum
2333 1808 2581 1900 componi
2610 1829 2755 1907 fecit,
2788 1831 2954 1899 priori
2989 1830 3361 1901 chirographo
3400 1833 3723 1902 penitasde-

2136 1920 2243 1976 leto
2296 1932 2457 1993 atque
2517 1923 2750 1992 abjeeto.
2804 1922 3100 1992 Postquam
3154 1937 3338 1978 autem
3390 1926 3721 1979 venerandus

2137 2013 2297 2068 Pater
2324 2014 2643 2068 Wilbelmus
2669 2015 2888 2085 proprio
2918 2014 3101 2069 labore
3146 2025 3201 2069 et
3238 2016 3517 2070 industria
3540 2032 3714 2068 novum

2136 2106 2553 2176 chirographum
2578 2106 2974 2161 studiosissime
2992 2108 3325 2176 composuit,
3353 2108 3585 2177 ipsemet
3602 2106 3715 2161 iliud

2136 2201 2245 2271 regi
2281 2200 2511 2256 llenrico
2538 2201 2686 2271 regio
2707 2200 2882 2272 sigillo
2911 2201 3281 2257 roborandum
3304 2201 3531 2256 obtulit.

2205 2291 2259 2344 4.
2304 2291 2421 2358 Quo
2444 2293 2509 2345 ad
2542 2301 2726 2347 Votum
2751 2291 3051 2363 completo,
3091 2294 3282 2347 statuit
3314 2293 3489 2347 etiam
3516 2301 3718 2360 aposto-

2134 2380 2295 2437 licam
2359 2383 2540 2437 sedem
2600 2383 2772 2448 adire,
2836 2393 2894 2438 et
2947 2383 3290 2454 privilegium
3358 2382 3714 2453 llirsaugiensi

2134 2474 2381 2530 cmuobio
2406 2477 2704 2530 secundum
2732 2475 2868 2531 scita
2893 2491 3164 2532 canonum
3193 2478 3505 2547 acquirere.
3530 2477 3655 2531 Dein
3678 2480 3715 2531 fc

2136 2564 2242 2617 iter
2270 2579 2574 2634 aggressus,
2635 2580 2892 2635 prospero
2939 2580 3102 2620 cursu
3132 2564 3369 2619 nontam
3398 2566 3565 2619 venit.
3597 2564 3665 2618 111
3692 2582 3717 2618 ι

2134 2654 2355 2710 domino
2377 2655 2676 2726 apostolico
2704 2656 2878 2711 beatae
2905 2656 3182 2711 memoria:
3212 2655 3485 2727 Gregorio
3500 2658 3714 2726 benigne

2132 2761 2441 2822 susceptus,
2475 2750 2712 2821 cognitis
2762 2748 2944 2803 causis
2982 2763 3216 2818 quarum
3247 2750 3429 2818 gratia
3460 2750 3709 2804 1110111110-

2134 2841 2716 2909 nerat,libentissime,
2756 2850 2917 2909 prout
2944 2840 3314 2910 eompetebat,
3356 2842 3569 2895 annuit.
3588 2839 3709 2893 Nam

2131 2934 2475 3005 privilegium
2525 2932 2826 3003 apostolica
2857 2934 3184 2988 auctoritate
3218 2933 3442 3002 plenum
3471 2934 3576 2988 sibi
3598 2949 3717 2987 con-

2135 3027 2378 3094 tradidit,
2414 3026 2582 3082 et‘ob
2611 3027 3007 3081 munimentum
3059 3026 3473 3097 llirsaugiensis
3498 3029 3711 3082 caenobii

2133 3120 2555 3191 chirographum
2585 3135 2751 3175 untun
2778 3120 2846 3174 ab
2884 3134 2951 3176 eo
2980 3131 3259 3188 receptum
3291 3119 3347 3172 in
3372 3119 3580 3174 scrinio
3604 3137 3713 3174 sano

2132 3210 2207 3265 eti
2248 3211 2392 3266 Petri
2450 3211 2773 3265 recondidit.
2830 3210 3160 3280 Aliquandiu
3191 3227 3324 3282 ergo
3378 3212 3452 3266 ibi
3485 3213 3713 3267 densiora.

2134 3309 2251 3369 tus,
2316 3302 2694 3371 graviSsimam
2757 3301 3133 3357 inﬁrmitatem
3187 3303 3412 3365 incidit,
3478 3305 3705 3358 horribili

2133 3392 2277 3446 cuitu
2303 3392 2507 3447 ventris
2541 3392 2814 3448 inﬁatioue
2846 3394 3135 3448 tenebatur
3158 3411 3483 3465 oppressus,
3508 3398 3640 3451 adeo
3662 3406 3712 3447 ut

2134 3500 2399 3555 nusquam
2423 3496 2607 3556 posset
2644 3502 2890 3556 gressum
2924 3503 3175 3553 movere;
3229 3504 3473 3558 cumque
3499 3490 3587 3543 diu
3624 3492 3710 3542 hac

2133 3577 2451 3632 inﬁrmitate
2480 3578 2773 3642 laboraret,
2798 3590 2851 3633 et
2881 3579 2999 3649 ejus
3024 3582 3373 3650 recuperatio
3412 3584 3713 3653 desperare-

2136 3677 2221 3723 tur
2253 3670 2419 3723 etiam
2452 3686 2480 3725 a
2511 3672 2857 3739 peritissimis
2913 3673 3172 3737 medicis,
3237 3673 3481 3743 quadarn
3537 3677 3620 3730 die
3661 3690 3709 3729 se

2132 3761 2254 3816 duci
2284 3763 2541 3832 prascepit
2590 3764 2657 3817 ad
2693 3763 2868 3817 altare
2905 3762 3120 3819 Sancta:
3147 3764 3334 3819 Maria:
3364 3781 3584 3836 semper
3610 3766 3707 3817 Vir-

2130 3852 2291 3922 ginis,
2322 3854 2694 3921 reclinatoque
2721 3864 2912 3910 ventre
2938 3857 3185 3910 sauciata
3206 3856 3277 3909 ad
3293 3857 3497 3921 altare,
3527 3858 3708 3912 intimis

2130 3944 2383 4012 precibus
2412 3942 2688 4016 flagitabat
2743 3946 3039 4001 remedium
3072 3946 3334 4016 piissime:
3360 3949 3455 4003 Dei
3491 3947 3706 4003 Genito-

2130 4038 2227 4089 cis.
2256 4036 2485 4089 Tantam
2514 4052 2664 4104 spem
2690 4047 2855 4106 atqtte
2877 4037 3035 4091 ﬁdem
3065 4040 3239 4107 gratia
3284 4037 3378 4093 Dei
3404 4040 3705 4095 amore-del»

2128 4128 2362 4182 eissinne
2382 4128 2678 4184 Genitricis
2721 4145 2833 4185 sum
2862 4140 3152 4186 consecuta
3188 4139 3294 4186 est.
3337 4131 3539 4187 Subito
3568 4148 3703 4185 nam-

2129 4235 2232 4288 que
2257 4230 2443 4274 contra
2494 4236 2645 4290 spem
2674 4222 2915 4277 omnium
2946 4222 3111 4293 coepit
3141 4223 3553 4285 convalescere.
3575 4240 3631 4277 ar
3656 4238 3704 4275 se

2129 4312 2251 4366 cibo
2275 4312 2522 4376 reﬁcere,
2548 4324 2601 4367 et
2631 4329 2735 4368 non
2770 4325 2891 4384 post
2913 4314 3131 4385 longum
3192 4325 3412 4384 tempus
3468 4317 3523 4371 in
3566 4333 3698 4372 suam

2128 4403 2327 4467 locum,
2355 4404 2567 4459 cunctis
2593 4406 3008 4474 gratulantibus,
3044 4421 3298 4460 reversus
3326 4418 3416 4462 est

2056 4532 2103 4590 η
2201 4497 2253 4551 5.
2296 4497 2373 4552 Eo
2430 4508 2678 4567 tempore
2730 4498 2972 4555 laeclesia
3025 4498 3297 4555 catholica
3328 4501 3699 4557 miserabiﬁac

2124 4589 2433 4644 detestabili
2463 4590 2758 4646 schismate
2788 4592 2866 4661 (4)
2892 4591 2960 4647 ab
2984 4593 3218 4647 inimicis
3252 4593 3583 4649 Christianae
3600 4592 3703 4646 ani-

2128 4680 2257 4735 tatis
2309 4681 2676 4736 scindebatur.
2739 4680 2847 4737 Sed
2899 4681 3024 4752 quia
3081 4681 3168 4738 hic
3216 4698 3348 4739 vere
3391 4683 3699 4754 Deodiguos

2127 4773 2250 4845 igne
2282 4775 2447 4829 divini
2502 4776 2705 4830 amoris
2739 4785 2884 4830 totus
2932 4776 3312 4841 incanduerat,
3358 4791 3429 4833 ae
3459 4779 3570 4832 zelo
3601 4774 3699 4829 aui-

2127 4880 2338 4920 tnarum
2367 4863 2651 4933 aestuabat,
2694 4866 2899 4921 salubri
2928 4865 3158 4921 consilio
3184 4881 3411 4937 quoque
3454 4867 3519 4922 ad
3543 4866 3695 4920 unita-

2127 4969 2237 5015 tem
2283 4961 2540 5018 Ecclesia:
2595 4958 2881 5014 tenendam
2933 4958 3376 5029 servandamqne
3423 4958 3693 5015 animabat.

2125 5053 2190 5107 Et
2220 5054 2346 5123 quia
2371 5050 2604 5123 simplici
2632 5066 2698 5106 ac
2733 5065 2872 5122 puro
2921 5050 3079 5107 oculo
3110 5049 3199 5104 tali
3232 5049 3528 5107 insistebat
3556 5062 3695 5117 nego-

2128 5142 2226 5208 tio,
2250 5142 2513 5213 quidquid
2539 5142 2751 5213 agebat,
2777 5152 3101 5196 cunctorum
3127 5139 3511 5208 religiosorum
3524 5136 3695 5194 animis

2124 5234 2536 5305 complaeebat;
2596 5234 2855 5305 quidquid
2888 5234 3124 5299 dicebat,
3173 5236 3425 5288 ontnium
3457 5236 3691 5289 bonorum

2125 5328 2288 5380 corda
2315 5329 2506 5381 intimo
2534 5327 2737 5381 amoris
2766 5325 2959 5381 aﬁectu
2989 5325 3319 5382 delectabat.
3345 5327 3483 5381 Cum
3511 5322 3687 5379 colam.

2126 5420 2251 5474 bina
2297 5420 2646 5489 simplicitate
2701 5427 2909 5473 tantum
2963 5418 3135 5487 viguit
3193 5418 3247 5472 in
3300 5433 3366 5472 eo
3405 5416 3689 5485 sententia:

2125 5513 2323 5565 astutia
2382 5521 2442 5565 ut
2499 5514 2567 5567 ab
2612 5510 2771 5580 hujus
2822 5509 3002 5565 szeculi
3038 5510 3404 5578 prudentibus
3441 5512 3685 5565 videretur

2198 5646 2273 5717 (:1)
2317 5648 2503 5700 Exstat
2540 5663 2603 5699 ea
2650 5645 2717 5698 de
2766 5659 2824 5699 re
2854 5644 3103 5715 Gregorii
3136 5642 3496 5717 \'l_li_cpis:ola
3544 5640 3604 5693 ad
3629 5638 3681 5688 Α.

2122 5715 2497 5774 l‘ataviensem
2520 5720 2903 5785 θρίω-0111111101
2927 5726 3169 5771 nostrum
3197 5715 3558 5776 thbel.nuni,
3584 5720 3687 5778 qtae

2125 5801 2206 5844 est
2238 5791 2357 5845 libri
2391 5805 2441 5846 υς
2472 5804 2497 5843 s
2533 5789 2732 5843 t'unda.
