3852 6308
39 401 129 456 905

1588 395 1766 452 VITA.

3179 366 3386 464 eos.

41 527 207 568 omnes
235 509 543 582 prmeedere
570 510 623 566 in
651 508 960 582 prudentia,
1011 518 1066 564 et
1115 507 1350 564 adivina
1384 508 1601 578 sapien-
1631 513 1676 570 Λ
1705 506 1960 562 omnibus
2015 505 2324 578 exemplum
2375 507 2512 563 bene
2561 509 2770 567 vivendi
2829 513 2943 569 fieri
3012 517 3282 593 studebat.

42 605 160 660 tibus
182 605 313 658 mire
337 603 610 658 coleretur
640 619 734 672 pro
762 618 907 671 pura:
940 603 1132 656 utentis
1163 600 1491 656 innocentia.

25 701 29 766 ξ
97 699 142 750 6.
183 697 351 750 Tanta
383 697 667 751 charitatis
699 696 953 750 aflluebat
985 696 1315 766 benignitate
1343 705 1400 749 ut
1432 695 1606 750 nemi-

41 806 143 842 nem
180 789 418 857 perfecte
456 790 640 843 divino
694 791 917 843 servitio
966 790 1272 858 cupientem
1317 805 1374 844 se
1401 789 1603 843 manci-

43 895 166 946 pare,
219 895 315 946 pro
348 889 671 947 paupertate
722 896 818 933 sua
864 882 1186 949 despiceret,
1235 881 1503 936 neminem
1534 882 1602 935 ob

43 971 337 1036 imperitiam
367 972 652 1023 refutaret.
681 971 897 1026 Nobiles
921 988 982 1025 ac
1011 972 1289 1041 ignobiles,
1329 973 1522 1026 divites
1549 980 1604 1028 cl

43 1077 300 1129 pauperes,
340 1063 494 1115 vir-os
520 1079 582 1114 ac
614 1063 890 1126 mulieres,
924 1065 989 1116 ad
1018 1073 1387 1131 contemptum
1416 1065 1599 1119 mundi

45 1152 290 1213 incitabat,
320 1168 384 1207 ac
410 1152 656 1222 singulos
684 1154 748 1208 ad
775 1171 1014 1208 aurorem
1037 1155 1271 1209 cmlestis
1296 1155 1415 1210 vita:
1437 1156 1600 1212 verbo

43 1253 85 1295 et
126 1245 362 1313 exemplo
419 1247 776 1300 accendebat.
827 1246 990 1300 Multa
1043 1248 1382 1318 hospitibus,
1433 1249 1598 1303 multa

45 1338 341 1406 pauperibus
387 1337 784 1404 distribuebat;
843 1356 944 1395 nec
978 1350 1157 1394 tamen
1186 1342 1599 1395 conunissorum

44 1429 120 1480 sibi
152 1444 324 1483 curam
354 1433 741 1501 postponchat,
776 1434 868 1487 sed
909 1450 1032 1488 cum
1089 1444 1314 1504 paterna
1340 1435 1601 1489 sollicitu-

47 1521 166 1581 dine,
197 1529 248 1574 et
289 1536 410 1576 cum
448 1539 641 1592 magna
700 1525 984 1580 charitatis
1041 1526 1322 1581 affectione
1350 1527 1600 1582 omnibus

44 1613 315 1665 necessaria
352 1613 795 1670 administrabat.
832 1616 887 1670 Si
930 1633 1033 1686 qua
1060 1633 1188 1671 vero
1216 1617 1289 1671 rei
1319 1616 1600 1672 familiaris

45 1701 235 1767 penuria
261 1699 575 1770 ingruebat,
607 1704 744 1758 hanc
774 1721 878 1759 non
903 1705 1077 1760 solum
1111 1706 1470 1771 tolerabilem,
1505 1709 1599 1765 sed

46 1802 223 1860 gratam
265 1795 365 1848 sibi
425 1795 650 1865 suisque
703 1797 898 1852 blande
932 1808 987 1852 et
1015 1799 1154 1852 virili
1179 1801 1600 1855 commonitione

1776 596 1828 650 8.
1871 595 2012 650 Inter
2038 597 2136 652 has
2161 613 2288 667 ergo
2314 598 2555 668 aliasque
2577 603 2825 666 virtutes,
2870 621 3030 674 quam
3069 608 3281 664 sincera

1705 697 1759 742 et
1788 688 2026 759 perfecta
2084 689 2186 743 fide
2241 689 2487 758 polleret,
2515 692 2688 746 tmllus
2718 709 2896 748 sermo
2925 698 2989 749 ad
3016 699 3281 766 integrum

1704 781 1977 850 explicare
2009 780 2169 835 valet.
2199 781 2309 836 llac
2338 784 2478 836 enim
2512 785 2705 839 virtute
2736 787 2896 840 veluti
2933 787 3095 843 lorica
3128 791 3284 844 indu-

1707 881 1811 939 tus,
1856 872 1997 926 virili
2024 874 2204 926 animo
2233 888 2459 944 quicque
2506 877 2729 930 adversa
2763 879 2979 943 devicit,
3004 897 3065 934 ac
3091 883 3286 951 sapius

1703 965 1962 1018 nonnulla
2022 963 2281 1030 difficilia,
2321 982 2384 1022 ac
2415 969 2598 1022 multis
2629 983 2762 1038 pene
2814 971 3161 1041 impossibilia
3195 993 3283 1044 ag-

1702 1071 1939 1124 gressus,
1969 1057 2195 1111 Domino
2223 1058 2536 1126 adjuvante,
2563 1061 2704 1116 felici
2729 1062 2920 1118 effectu
2949 1067 3281 1120 terminavit.

1706 1147 1774 1200 Ut
1805 1148 1948 1200 enim
1985 1145 2051 1199 de
2083 1148 2328 1216 pluribus
2371 1165 2538 1217 pauca
2571 1166 3012 1215 commemorem,
3043 1153 3168 1206 dum
3199 1155 3287 1209 die

1701 1240 1937 1308 quodam
1966 1250 2190 1294 sanctus
2215 1239 2374 1295 Pater
2402 1241 2467 1295 de
2507 1257 2563 1295 re
2589 1241 2839 1296 familiari
2872 1252 3132 1298 tractaret
3161 1261 3284 1299 cum

1701 1329 1968 1384 fratribus
2006 1331 2278 1385 exteriora
2313 1332 2738 1399 providentibus,
2783 1333 2921 1386 inter
2944 1345 3137 1388 caetera
3169 1352 3289 1404 qua».

1700 1420 2141 1484 conferebantur,
2166 1423 2639 1486 denuntiaverunt,
2671 1439 2769 1494 pro
2799 1427 3029 1494 quadam
3061 1427 3291 1481 inevita-

1700 1513 1789 1567 bili
1845 1514 2206 1577 necessitate,
2260 1515 2595 1570 necessarias
2644 1531 2764 1570 esse
2824 1518 3061 1587 quinque
3117 1517 3287 1572 libras

1699 1604 1930 1675 argenti.
1963 1605 2097 1660 Cum
2129 1621 2258 1661 vero
2288 1622 2387 1662 nec
2420 1607 2470 1661 in
2505 1618 2758 1678 promptu
2786 1624 2879 1664 eas
2909 1611 3151 1674 haberet,
3189 1627 3288 1666 nec

1699 1711 1872 1766 usque
1901 1697 2039 1751 scita
2077 1697 2268 1754 saltem
2320 1701 2658 1756 mutuatione
2701 1704 2987 1773 acquirere
3018 1704 3286 1764 valerent.

1699 1797 1755 1844 et
1809 1789 2100 1844 imminens
2129 1793 2430 1846 necessitas
2459 1803 2678 1863 urgeret
2726 1795 2843 1850 sine
2877 1795 2980 1849 ulla
3025 1796 3284 1851 dilatione

48 1884 274 1951 faciebat,
327 1902 588 1943 asserens
647 1890 785 1944 hanc
837 1906 959 1946 esse
1013 1891 1334 1946 dilectorqu
1393 1893 1594 1948 Christi

1703 1879 2006 1950 persolvere
2035 1881 2202 1951 ipsam
2230 1882 2537 1951 pecuniam,
2568 1884 2660 1940 tali
2690 1886 3098 1955 perturbatione
3119 1904 3286 1942 coan-

49 1976 404 2046 probationem,
441 1990 499 2035 et
534 1981 577 2034 si
608 1981 866 2050 patientia
907 1997 1029 2036 cum
1054 1982 1352 2050 gratiarum
1381 1985 1600 2040 actione

51 2081 98 2120 ac
117 2084 314 2134 precum
349 2069 792 2140 frequentatione
811 2073 1044 2140 adesset,
1071 2073 1258 2143 procul
1287 2073 1449 2128 dubio
1475 2090 1596 2130 mox

53 2161 349 2216 manifestam
403 2179 432 2217 a
472 2164 582 2218 Deo
611 2174 893 2220 venturam
953 2166 1403 2221 consolationem.
1446 2168 1600 2235 Quod

50 2256 200 2323 utique
219 2266 296 2310 est
319 2257 668 2312 evidentibus
694 2273 834 2328 saepe
857 2258 1188 2313 declaratum
1213 2259 1446 2324 indiciis,
1473 2260 1600 2314 dum

56 2352 91 2402 ei
124 2351 168 2403 in
195 2353 330 2407 omni
361 2353 616 2423 angustia
668 2353 927 2408 Dominus
969 2353 1166 2408 ostium
1216 2353 1602 2410 misericordias

60 2455 164 2504 sine,
189 2441 282 2496 fide
310 2452 361 2497 et
393 2445 655 2513 precibus
694 2444 950 2513 pulsanti,
981 2446 1193 2511 aperire
1218 2444 1472 2515 dignatus
1494 2454 1603 2501 est.

57 2529 186 2586 Fama
210 2533 365 2603 igitur
388 2535 645 2606 vulgante
691 2537 806 2603 ejus
829 2535 1125 2590 laudabiles
1157 2549 1311 2591 actus
1334 2537 1596 2608 undique,

57 2621 106 2672 ad
135 2637 237 2675 eum
261 2625 412 2694 quasi
446 2625 517 2679 ad
545 2625 742 2680 bonum
775 2628 996 2682 odorem
1023 2627 1223 2682 Christi
1251 2627 1436 2683 fideles
1466 2644 1601 2684 con-

58 2710 275 2779 fluebant;
304 2717 529 2785 quidam
565 2718 753 2787 utique
775 2720 1057 2788 cupientes
1088 2719 1163 2772 ιιιὶ
1207 2717 1324 2786 ejus
1358 2718 1604 2774 saluber-

61 2804 176 2857 rimis
211 2808 468 2874 consiliis,
530 2809 620 2864 alii
679 2824 808 2863 vero
854 2810 970 2879 ejus
1007 2811 1346 2865 orationibus
1370 2827 1426 2865 se
1453 2827 1603 2867 eom-

64 2897 348 2963 mendantcs,
381 2901 604 2971 plurimi
635 2903 822 2967 etiam,
846 2901 1055 2972 abjecta
1079 2903 1322 2958 smculari
1357 2906 1599 2971 sarcina,

62 2987 371 3055 magisterium
401 2992 527 3059 ejus
555 2991 885 3065 deligebam.

113 3075 154 3128 7.
189 3081 256 3133 Ad
304 3082 670 3138 ministerium
727 3084 894 3138 divini
949 3083 1106 3139 ofﬁcii
1165 3101 1263 3154 pro
1295 3086 1602 3143 humilitate

65 3164 232 3220 nolebat
265 3183 520 3238 paratura
583 3173 756 3237 indui,
809 3189 928 3243 qme
951 3173 1236 3245 aurifrigio
1265 3175 1345 3228 vel
1374 3176 1599 3243 alicujus

65 3258 236 3322 pretiosi
265 3263 463 3316 metalli
511 3263 782 3318 intextura
816 3280 937 3319 esse
967 3275 1180 3320 ornata.
1216 3266 1599 3323 Detestabatnr

64 3348 189 3402 etiam
230 3354 618 3410 osculationcm
673 3372 865 3411 manus
919 3366 974 3412 et
1013 3373 1246 3428 genuum
1285 3360 1516 3425 abbatis,
1545 3369 1601 3415 et

63 3441 236 3497 omnino
280 3445 437 3500 talem
465 3448 917 3504 consuetudinem
946 3451 1289 3517 abscidisset,
1337 3452 1438 3507 nisi
1467 3468 1594 3508 eum

64 3532 255 3588 seniores
281 3536 414 3592 hanc
439 3539 808 3594 reverentiam
837 3542 905 3595 ab
924 3540 1004 3596 eis
1034 3541 1310 3611 suscipere
1332 3542 1418 3596 vix
1451 3558 1601 3598 com-

66 3622 298 3686 pulissem.
319 3627 574 3696 Quolibet
613 3630 730 3685 loco
757 3641 1091 3702 praeeuntem
1124 3643 1449 3689 conventum
1491 3635 1600 3689 fra-

68 3719 172 3767 trum
193 3718 541 3790 subsequens,
596 3731 650 3776 et
674 3722 964 3793 diligenter
995 3724 1308 3794 inspiciens,
1333 3729 1599 3796 geruendo

65 3803 366 3874 etplorando,
389 3811 691 3881 oculosque
746 3829 868 3867 cum
895 3814 1061 3868 corde
1090 3815 1156 3869 ad
1188 3816 1386 3871 coelum
1416 3817 1596 3872 levan-

68 3890 132 3956 do,
155 3911 235 3965 pro
261 3903 334 3956 eis
360 3905 628 3959 attentius
652 3905 863 3960 orabat.
899 3906 980 3960 Ad
1011 3922 1250 3962 mensam
1279 3909 1322 3964 si
1356 3909 1483 3978 quid
1509 3925 1596 3966 ac-

68 3989 256 4047 curatius
280 4007 596 4065 apparatum
631 3997 702 4051 illi
736 3997 1086 4066 cire-rebatur,
1117 4000 1294 4054 innuit
1323 3998 1595 4070 offerenti,

70 4074 101 4127 si
136 4083 352 4140 erunibus
394 4088 764 4143 communiter
821 4099 1206 4158 apponeretur.
1270 4090 1326 4146 Si
1383 4094 1594 4161 annuit,

71 4165 397 4253 aliquantulum
455 4179 584 4233 inde
637 4181 906 4250 gustavit;
950 4180 1033 4234 sin
1061 4190 1267 4247 autem,
1305 4183 1485 4238 statim
1519 4185 1598 4238 in-

73 4257 340 4322 firmioribus
381 4269 769 4325 distribuebat.
825 4272 1149 4327 Deliciarum
1205 4282 1261 4329 et
1313 4275 1593 4345 epularum

71 4346 401 4427 diversitatem,
429 4376 555 4431 qua:
581 4372 704 4416 sunt
726 4361 963 4418 fomenta
995 4364 1246 4430 luxuriae,
1279 4377 1596 4424 contemne~

73 4436 154 4505 bat,
174 4451 329 4514 parvis
353 4470 415 4508 ac
438 4455 806 4511 mediocribus
823 4466 1112 4511 contentus
1142 4467 1283 4512 erat.
1313 4457 1592 4528 Siquidem

1626 3226 1674 3288 C

1701 1971 1901 2039 gustati
1953 1972 2276 2042 ignorabant
2299 1974 2574 2042 quomodo
2604 1986 2823 2045 possent
2855 1979 3127 2047 expedire.
3161 1979 3289 2033 Pius

1701 2070 1882 2116 autem
1918 2061 2097 2127 Pater,
2132 2063 2183 2116 in
2216 2065 2442 2119 Domino
2470 2065 2772 2132 confidens,
2830 2069 3008 2123 verbis
3034 2072 3252 2126 consola
3279 2103 3289 2112 -

1702 2154 1860 2208 toriis
1913 2155 2418 2224 pusillanlmitatem
2481 2157 2699 2212 illorum
2763 2161 2971 2215 studuit
3023 2163 3288 2223 animare.

1703 2247 1890 2304 dicens
1932 2247 2076 2302 nullo
2117 2248 2278 2302 modo
2318 2249 2383 2304 de
2419 2248 2511 2305 Dei
2541 2249 2914 2307 misericordia
2944 2253 3284 2308 diflidentlum

1701 2355 1842 2402 esse.
1883 2340 1994 2396 lllis
2023 2355 2158 2397 vero
2184 2356 2296 2410 pne
2322 2342 2596 2398 anxietate
2629 2344 2860 2413 tepidius
2891 2345 3288 2415 exeipientibus

1702 2432 1820 2503 ejus
1844 2434 2293 2502 consolationem,
2325 2443 2379 2490 et
2405 2433 2795 2490 afﬁrmantibus
2825 2453 2929 2491 non
2964 2454 3060 2508 pro
3087 2455 3164 2504 se,
3192 2443 3290 2494 sed

1701 2541 1802 2597 pro
1852 2528 2123 2582 comnmni
2154 2527 2481 2584 detrimento
2525 2537 2841 2598 angustatos
2877 2529 3062 2594 fuisse,
3096 2547 3126 2584 e
3165 2548 3291 2585 con-

1703 2635 1855 2676 sessu
1890 2621 2149 2684 surrexit,
2182 2631 2232 2677 et
2261 2621 2365 2677 illis
2389 2621 2506 2692 ejus
2538 2622 2769 2677 reditum
2824 2620 3286 2693 prmstolantibus,

1701 2715 1837 2770 exiit
1881 2715 2048 2780 foras,
2078 2715 2372 2788 implorans
2408 2718 2668 2773 auxilium
2712 2719 2943 2774 Domini.
2975 2720 3084 2776 Nec
3115 2732 3284 2788 mora,

1701 2809 1971 2878 benignus
2017 2810 2274 2866 Dominus
2312 2811 2484 2866 adfuit
2523 2812 2664 2868 fideli
2697 2813 2897 2867 faumlo
2926 2830 3040 2868 suo.
3076 2815 3151 2869 Ex
3190 2817 3288 2870 im-

1701 2901 1921 2968 proviso
1947 2915 2180 2971 namque
2204 2903 2422 2971 quidam
2479 2904 2695 2972 ignotus
2719 2907 3132 2975 superveniens,
3159 2924 3290 2962 con-

1703 2992 1819 3046 tulit
1845 2993 1892 3046 ei
1924 3009 2141 3049 omnem
2192 2996 2552 3065 quantitatem
2603 2999 2867 3065 pecunire.
2900 2998 3016 3052 Mox
3047 3014 3178 3069 ergo
3209 3016 3265 3052 rc

1702 3083 1878 3147 dieus,
1913 3083 2134 3153 protulit
2183 3085 2248 3138 de
2280 3101 2441 3138 manu
2474 3101 2569 3140 sua
2598 3087 2835 3157 quinque
2865 3088 3029 3143 libras
3051 3093 3287 3160 argenti.

1702 3185 1758 3230 et
1788 3175 1987 3230 fratres
2013 3175 2336 3230 charitative
2368 3177 2669 3248 corripiens
2691 3180 2767 3233 ait
2797 3197 2808 3232 :
2839 3180 2912 3233 lin
2946 3183 3098 3235 adest
3121 3197 3287 3250 pecu-

1708 3265 1794 3320 nia
1822 3280 1921 3334 pro
1949 3281 2053 3334 qua
2078 3265 2450 3346 pusillanimes
2501 3267 2627 3323 facti
2655 3270 2800 3326 estis.
2835 3271 3031 3328 Discite
3060 3274 3130 3325 nil
3159 3289 3289 3342 ergo

1702 3357 1814 3428 jam
1855 3358 2081 3413 ulterius
2113 3358 2178 3413 de
2208 3359 2491 3430 multiplici
2515 3360 2755 3418 bonitate
2779 3362 2870 3418 Dei
2901 3347 3288 3435 omnipotentis

1704 3451 2016 3519 desperare.

1775 3544 1828 3597 9.
1871 3543 1998 3599 Item
2029 3545 2138 3599 Deo
2167 3539 2414 3595 amabilis
2466 3539 2627 3596 Pater
2654 3541 2884 3612 quadam
2919 3542 3006 3597 die
3053 3542 3288 3598 diluculo

1703 3634 1980 3706 profectus
2009 3639 2074 3692 de
2103 3634 2454 3701 monasterio,
2491 3649 2597 3690 non
2639 3633 2793 3703 longe
2834 3635 3046 3688 obviam
3098 3636 3290 3690 habuit

1697 3730 1986 3798 quemdam
2040 3715 2458 3799 pauperdtlum,
2519 3741 2642 3782 cum
2701 3743 2868 3780 uxore
2923 3737 2972 3782 et
3034 3729 3283 3782 undecim

1703 3821 1828 3875 ﬁliis
1853 3822 2109 3891 parvulis,
2139 3821 2340 3876 obnixe
2389 3817 2509 3888 ejus
2559 3818 2958 3890 elcemosynam
3004 3819 3286 3891 postulan-

1703 3920 1831 3967 tem.
1885 3910 2106 3969 Fratres
2161 3921 2344 3968 autern
2395 3915 2485 3985 qui
2545 3911 2945 3968 comitabantur
2997 3928 3162 3977 eum,
3217 3912 3286 3965 de

1702 3995 1922 4054 cellario
1950 4016 2116 4071 panes
2154 4015 2377 4071 paucos,
2409 3997 2499 4070 qni
2550 3996 2636 4050 vix
2667 3997 2732 4051 ad
2782 4013 2946 4050 tutum
3000 3997 3283 4066 prandium

1700 4091 1888 4162 paucis
1922 4090 2172 4148 sufﬁcere
2223 4101 2464 4162 possent,
2517 4108 2698 4148 secum
2733 4089 3004 4152 tulerant;
3053 4104 3176 4141 nam
3230 4089 3286 4144 in

1701 4184 1932 4253 quodam
1960 4194 2117 4253 prato
2144 4185 2393 4253 pransuri
2443 4193 2621 4240 erant.
2661 4182 2802 4252 Ergo
2834 4182 2918 4235 vir
2951 4179 3164 4233 Domini
3202 4181 3286 4232 in-

1701 4275 1892 4330 vitavit
1921 4275 2309 4344 paupcrculunt
2343 4291 2465 4330 cum
2513 4290 2680 4328 uxore
2721 4283 2774 4327 et
2827 4272 2950 4327 filiis
2997 4272 3063 4324 ad
3113 4287 3283 4340 pran-

1701 4365 1866 4419 dium.
1924 4364 2307 4420 Residentibus
2353 4379 2484 4420 vero
2532 4364 2813 4426 omnibus,
2868 4377 2934 4416 ex
2991 4361 3281 4431 improvise

1698 4456 1889 4511 aderat
1915 4472 2022 4512 non
2066 4454 2276 4512 modica
2317 4456 2602 4511 multitudo
2631 4455 2895 4526 equitum,
2921 4454 3282 4524 popularium,

73 4544 332 4611 quocunque
378 4547 478 4601 sibi
538 4547 772 4602 eundum
828 4550 1127 4604 necessitas
1176 4551 1451 4618 exigebat,
1487 4568 1593 4606 non
1625 4587 1673 4647 υ
1702 4561 1802 4601 nec
1828 4550 1931 4602 non
1958 4556 2012 4602 et
2041 4561 2360 4616 pauperum.
2386 4545 2572 4616 Itaque
2597 4561 2694 4617 pro
2719 4545 2985 4616 parvitate
3011 4544 3284 4600 alimoniae

73 4633 252 4693 suPerbo
300 4651 435 4708 equo
486 4641 892 4707 delectabatur,
951 4641 1046 4696 sed
1099 4657 1272 4711 equa,
1331 4651 1424 4696 aut
1475 4643 1595 4698 vilis

74 4719 371 4784 “5"“i.d0rso
427 4731 746 4788 vehebatur.
778 4732 971 4787 Vestes
1012 4731 1233 4796 nitidas,
1266 4733 1596 4804 pmtiosiqtte

73 4808 238 4869 t'c-llcris
283 4819 560 4886 horrebat,
609 4823 847 4878 maxime
910 4824 1157 4878 manicas
1213 4824 1293 4878 vel
1328 4825 1592 4892 cucullas,

73 4910 172 4966 quas
202 4909 345 4965 etiam
377 4916 476 4970 sub
517 4916 960 4971 interminatione
1010 4917 1596 4974 excommunicationis

74 4989 346 5069 abscidebat,
388 5009 772 5078 variarumque
818 5023 1002 5062 rerum
1036 5009 1288 5062 utensilia
1322 5009 1596 5081 superfluo

75 5089 389 5160 elPompatico
409 5110 603 5155 ornatu
626 5101 899 5166 decorari,
923 5101 1190 5155 acerrima
1215 5104 1596 5158 exsecratione

78 5177 354 5242 Proliiltebat.
413 5190 670 5261 Quisquis
697 5191 1152 5253 obedientiarius,
1203 5190 1286 5245 vel
1311 5191 1448 5245 alius
1475 5195 1598 5262 quis

81 5272 282 5342 tentatus,
331 5282 409 5335 vel
461 5285 718 5338 maestitia
764 5293 1022 5354 gravatus
1065 5284 1133 5337 ad
1162 5299 1286 5339 eum
1342 5285 1594 5351 accessit,

81 5370 157 5412 non
191 5377 467 5435 spernendo
497 5377 576 5431 vel
609 5378 952 5441 detestanda,
1005 5377 1154 5432 illum
1185 5377 1597 5444 contristatum.

83 5454 149 5504 sed
171 5461 417 5521 mulcendo
443 5469 845 5524 etblandiendo
876 5470 1057 5524 verbis
1087 5469 1467 5525 consolatoriis
1497 5471 1596 5525 do-

83 5537 210 5632 lorem
230 5551 377 5620 ipsius
417 5561 680 5626 deliuivit,
722 5562 1010 5630 laetumque
1040 5577 1103 5616 ac
1130 5562 1450 5632 gaudentem
1479 5578 1508 5616 a
1541 5578 1600 5619 se

86 5629 258 5722 dimisit.
311 5643 545 5705 Lucerna
596 5654 740 5706 enim
782 5651 980 5706 ardens
1007 5661 1062 5706 et
1112 5651 1299 5706 lucens
1330 5651 1512 5722 (Joan.
1542 5669 1597 5718 v,

86 5719 152 5819 ξῦ)
204 5749 290 5788 ιιοιι
350 5744 443 5793 sub
499 5747 678 5799 modio
737 5747 928 5802 latebat
959 5788 974 5812 ,
1041 5747 1134 5801 sed
1187 5763 1350 5819 super
1402 5750 1598 5806 caude-

91 5811 250 5877 lahrnm
301 5835 653 5898 praeminebat
730 5811 968 5905 (Matth.
1020 5854 1091 5903 ν,
1171 5811 1281 5908 15)..
1367 5839 1595 5911 ἰειοοίιιιθ

315 5951 561 6013 Pet-ot.
610 5952 728 6015 CL.

1700 4641 1864 4695 sociis
1906 4640 2053 4693 beati
2090 4640 2189 4694 viri
2225 4640 2480 4704 turbatis,
2515 4639 2781 4709 simulque
2821 4639 3016 4693 rubore
3043 4637 3283 4702 suffusis,

1698 4733 1783 4787 vir
1832 4731 1944 4787 Deo
1975 4731 2168 4802 plenus
2215 4733 2372 4787 hilari
2424 4731 2572 4787 vultu
2629 4732 2705 4787 ait
2749 4735 2815 4786 ad
2862 4746 2996 4786 eos:
3033 4730 3284 4801 Quinque.

1698 4837 1886 4890 panes,
1939 4823 2136 4892 quibus
2190 4823 2450 4878 Dominus
2489 4823 2730 4894 quinque
2784 4822 2948 4877 millia
3003 4824 3282 4878 hominum

1697 4915 1870 4986 pavit,
1899 4917 2136 4986 quandiu
2176 4916 2372 4986 integri
2418 4925 2827 4981 remanserunt,
2879 4933 2979 4971 nec
3024 4918 3285 4988 multipli-

1701 5009 1805 5062 cati
1839 5019 1988 5073 sunt,
2023 5021 2121 5064 nec
2147 5009 2288 5064 ullus
2317 5026 2382 5064 ex
2409 5009 2514 5064 illis
2541 5019 2727 5079 pastus
2757 5020 2869 5074 est;
2911 5010 3126 5079 quando
3157 5025 3285 5063 vero

1701 5112 1730 5151 a
1766 5096 1996 5153 Domino
2049 5098 2208 5153 fracti
2243 5107 2393 5162 sunt.
2425 5101 2613 5170 utique
2665 5109 2791 5154 tunc
2841 5110 2966 5153 sunt
3026 5098 3285 5167 multipli-

1699 5190 1829 5257 cati,
1861 5199 1916 5245 et
1961 5191 2144 5262 plures
2171 5206 2237 5246 ex
2285 5191 2391 5246 illis
2425 5194 2560 5260 pasti
2590 5191 2742 5260 (Luc.
2773 5207 2848 5255 tv,
2887 5191 2971 5256 lt},
3008 5191 3112 5256 l7).
3159 5189 3283 5244 lla-e

1701 5281 1887 5337 dicens
1923 5293 2174 5351 prompto
2224 5284 2405 5338 animo
2434 5294 2490 5339 et
2534 5283 2679 5354 larga
2723 5299 2880 5336 ruanu
2926 5281 3286 5336 distribuebat

1701 5375 2051 5438 multitudini,
2078 5393 2198 5446 quze
2226 5377 2436 5440 aderat,
2484 5392 2647 5445 parva
2681 5374 2969 5436 alimenta;
3017 5391 3138 5443 qua:
3180 5375 3282 5427 fide

1699 5465 1814 5535 ejus
1856 5478 1910 5524 et
1940 5469 2148 5522 meritis
2197 5467 2518 5522 mirabiliter
2556 5484 2586 5521 a
2636 5467 2744 5521 Deo
2795 5466 2861 5520 ad
2905 5465 3282 5520 sufﬁcientiam

1701 5561 1946 5614 omnium
1978 5569 2102 5614 sunt
2129 5560 2501 5630 multiplicata.
2542 5559 2684 5614 Sane
2732 5559 2916 5614 multis
2961 5558 3284 5613 admiranti-

1700 5653 1802 5708 bus
1839 5652 1954 5720 ejus
1986 5653 2144 5709 lidem
2187 5666 2348 5722 atque
2395 5653 2776 5708 liberalitatem
2803 5693 2820 5719 ,
2870 5654 2936 5707 de
2972 5653 3159 5721 paucis
3203 5653 3282 5704 ci-

1701 5746 1870 5800 bariis
1901 5757 2028 5800 sunt
2069 5762 2256 5801 omnes
2284 5746 2494 5800 abunde
2543 5744 2749 5801 refecti.
2793 5745 3034 5816 Singulis
3068 5761 3197 5814 ergo
3232 5745 3282 5795 in

1699 5855 1795 5896 sua
1828 5855 1951 5894 cum
1982 5839 2176 5909 gaudio
2218 5837 2589 5901 redeuntibus,
2615 5839 2697 5892 vir
2729 5838 2835 5894 Dea
2862 5840 3061 5892 charus
3093 5849 3288 5906 supra-

2924 5949 3002 6007 '29
