1924 3146
268 176 320 200 ita:

435 168 447 177 ’
824 174 852 202 S.
864 173 1049 202 Gllll.LELMl
1063 174 1208 203 ABDATIS
1225 175 1387 205 lllﬂSAUG.

1833 176 1874 216 ἰιι

271 228 373 255 dictum
388 229 580 264 pauperculum
593 237 655 257 cum
671 234 755 257 uixere
770 231 797 257 et
808 229 871 257 ﬁliis
886 230 1009 263 retinttit,
1032 237 1065 257 ac
1078 234 1102 264 Λ
1117 231 1185 259 cidit
1199 232 1339 259 memoria.
1355 233 1441 267 Quam
1462 234 1506 262 illa
1517 235 1654 265 Γ,ιιιιιιῑοιιιπῖ
1677 237 1771 266 ail'ectn
1792 240 1873 271 derum.

269 273 352 310 longo
367 279 489 310 tempore
505 275 587 302 victui
604 276 759 303 necessaria
772 276 960 311 impendenda,
981 284 1065 311 usque

270 321 302 347 ad
318 328 434 348 messem
451 329 585 348 novantur
596 321 702 357 frugum
724 322 859 357 perduxit.

307 368 349 394 l0.
365 367 488 400 Quodam
504 370 586 395 etiam
608 366 740 403 tempor‘e,
756 370 820 395 dttm
839 368 967 396 transiret
982 376 1063 403 super

267 419 379 448 pontem
402 413 475 441 ﬂuvii
503 413 615 449 Nagalta
634 415 731 448 vocati,
760 414 879 441 obviavit
902 414 925 441 ei
951 421 1061 448 pauper.

268 459 314 494 qui
335 467 384 494 per
406 459 505 487 mullos
531 468 617 487 annos
637 461 663 487 in
688 460 903 495 cleetuosynaria
923 461 1002 487 domo
1016 460 1062 486 de-

268 507 412 539 cumbens,
427 514 480 533 non
494 506 574 533 aliter
586 514 695 543 quoque
717 514 842 542 gressum
857 506 993 538 movebat,
1010 505 1061 533 nisi

250 543 252 545 ’
268 551 372 578 duobus
388 551 493 579 baculis
513 552 564 579 sub
580 552 677 579 axellis
689 557 902 580 sustetttaretur.
916 552 982 579 Cum
995 558 1062 586 ergo

266 600 428 623 occurreret
446 596 533 624 eidem
550 597 659 632 pauperi
684 597 711 623 in
726 597 816 626 medio
838 597 930 632 pontis
950 605 1063 624 venera-

267 641 331 669 bilis
357 641 450 673 Pater,
467 642 492 669 vi
516 642 628 670 abstulit
645 643 670 670 ei
694 651 776 670 unum
790 643 927 675 baculum,
943 647 970 670 et
991 643 1060 670 ultra

259 681 405 726 paululum
420 695 580 723 progressus
594 697 655 716 cum
671 690 766 717 eodem
781 689 890 722 baculo,
905 689 959 716 ﬁxo
977 689 1059 725 gradu

263 733 424 767 subsistens,
443 741 540 769 egeno,
559 740 589 763 ut
613 736 647 763 ad
662 743 692 763 se
716 735 832 768 veniret,
862 736 1000 771 pratccpit.
1026 736 1061 762 At

263 779 308 806 ille
326 781 436 815 negavit
465 788 494 808 se
519 789 600 817 posse
632 781 759 809 incedere
785 782 845 809 sine
873 781 1059 809 sustentaculo

263 825 374 856 alterius
401 827 500 855 baculi.
526 827 561 855 Et
584 831 679 855 contra
704 828 795 856 senior
813 835 822 855 :
843 827 934 861 Certe,
960 828 1058 863 inquit,

261 871 326 899 hinc
352 881 404 901 non
428 874 564 907 recedam,
592 875 680 902 donec
703 874 797 902 venias
819 875 854 902 ad
880 882 934 902 me.
952 873 1059 910 Pauper

264 919 457 955 obtemperans
467 920 581 955 iussioni
597 921 665 956 ejus,
682 921 848 956 pedetentim
866 928 896 948 sc
913 921 1055 954 trahendo,

260 974 314 1000 quo
333 965 416 994 valuit
433 967 543 1000 annisu,
563 967 638 995 venit
664 968 697 994 ad
722 974 794 995 eum.
823 967 936 1000 Deinde,
954 966 1056 1001 rcjecto

259 1012 333 1039 omni
353 1013 549 1048 sustentaculo,
565 1021 659 1049 sospes
669 1018 696 1041 et
709 1013 852 1042 incolumis
864 1017 920 1042 toto
930 1021 1053 1049 corpore,

259 1058 345 1086 ﬁrmis
360 1059 474 1094 pedibus
492 1060 644 1088 incedebat.

296 1106 343 1133 Η.
363 1106 416 1134 Sed
440 1114 529 1142 neque
549 1107 601 1135 hoc
619 1108 728 1136 silentio
747 1109 854 1145 contegi
873 1109 984 1145 dignum
1005 1109 1055 1137 du-

256 1151 363 1192 cimus,
384 1154 455 1188 quod
476 1154 596 1189 propriis
614 1154 700 1183 oculis
713 1155 837 1188 vidimus
865 1161 892 1184 et
910 1156 1057 1192 perspexit

256 1205 328 1225 nms.
341 1197 458 1231 Quidam
478 1199 686 1234 Argenlinensis
696 1201 825 1228 Ecclesia:
838 1202 987 1230 canonicos
1001 1202 1052 1237 (5),

256 1242 435 1270 nobilissimis
456 1248 534 1271 ortus
559 1243 711 1279 natalibus,
732 1245 766 1272 ad
788 1246 982 1273 monasterium
1002 1247 1052 1274 viri

256 1288 305 1318 Dei
326 1288 410 1321 venit,
428 1294 456 1317 et
474 1290 574 1318 devote
592 1298 746 1326 susceptus,
765 1291 890 1320 devotius
909 1292 984 1320 vixit.
1000 1293 1055 1327 Qui

255 1342 320 1362 mox
342 1335 369 1362 in
392 1335 469 1363 initio
488 1337 675 1365 conversionis
694 1345 771 1371 suae,
790 1338 908 1374 paralysi
929 1339 1055 1366 dissolvio'

255 1386 300 1408 tur
321 1385 377 1409 toto
398 1389 522 1416 corpore,
552 1383 589 1410 ita
609 1388 655 1416 ut,
677 1389 788 1420 excepta
809 1385 899 1420 lingua
915 1405 923 1418 ,
948 1385 1049 1412 nttllutu

254 1427 409 1455 membrum
431 1434 605 1462 permaneret
631 1430 658 1459 in
685 1430 875 1466 conjunctione
900 1439 959 1458 sua.
985 1431 1050 1459 Erat

252 1474 326 1500 enim
357 1474 402 1501 ille
427 1474 497 1501 idem
518 1475 559 1502 vir
583 1476 745 1511 pra-pollens
773 1477 891 1512 quadam
918 1477 989 1505 acris
1009 1478 1051 1505 in-

251 1520 324 1554 genii
341 1521 500 1558 constantia
516 1542 523 1555 ,
548 1522 668 1552 scientiae
686 1527 713 1550 et
729 1522 891 1559 eloquentia:
910 1529 1047 1559 prteroga-

250 1567 326 1608 tim;
349 1573 382 1595 .et
407 1575 522 1601 necesse,
538 1573 597 1596 erat
627 1573 658 1596 ut
692 1569 736 1605 pio
756 1569 860 1597 Domini
882 1569 986 1605 ﬂagello
1007 1577 1049 1598 rc~

1115 278 1233 312 labatur,
1246 279 1292 306 sed
1304 288 1365 307 mox
1378 281 1403 307 in
1419 282 1559 316 pristinam
1573 283 1738 318 rigiditatem
1751 288 1871 317 revertitur.

1116 323 1192 357 Quod
1222 332 1282 351 mox
1311 331 1340 352 ut
1364 327 1459 359 sensit,
1484 327 1600 355 salutata
1627 329 1681 362 illa,
1697 335 1723 357 et
1738 331 1872 363 dissimulato

1115 370 1263 397 infortunio
1280 379 1338 404 suo,
1356 372 1382 399 in
1401 372 1495 400 cellam
1512 382 1589 401 suam
1605 382 1635 401 se
1660 377 1770 410 rect-pit,
1786 386 1873 408 nio-rens

1115 416 1310 451 aliquantulum
1333 417 1367 444 de
1391 418 1441 445 hoc
1459 419 1530 454 quod
1556 420 1665 447 accidit.
1686 421 1769 455 antn
1791 424 1824 455 vir
1843 427 1872 452 Dei
1916 452 1917 460 γ

1115 469 1175 489 mox
1208 470 1223 489 c
1257 463 1369 498 vestigio
1403 465 1584 498 suist-cutus,
1613 471 1641 494 et
1673 467 1768 501 spiritu
1796 469 1872 498 Domini

1113 507 1225 534 edoctus
1253 509 1325 542 quod
1348 515 1485 543 evenerat,
1516 518 1626 538 causam
1652 512 1748 547 quaerit
1776 514 1872 545 tristitia.

1111 550 1200 584 Quam
1226 552 1270 579 ille
1292 554 1360 581 satis
1376 554 1490 589 simplici
1508 560 1535 582 et
1550 556 1645 584 humili
1665 552 1779 592 prodidit
1795 561 1872 588 conde».
1916 552 1917 562 ‘

1109 598 1199 625 sione.
1228 598 1278 625 Cui
1305 599 1347 626 vir
1373 598 1427 627 Deo
1452 601 1546 636 plentts
1570 603 1764 633 consolationis
1786 606 1873 635 reddidit

1112 643 1194 670 verba
1213 664 1221 676 ,
1244 648 1271 671 et
1300 640 1498 680 apprehensum
1522 648 1663 676 dexteram
1693 649 1834 683 benedixit,
1854 657 1873 681 et

1111 689 1189 716 saluti
1209 689 1331 725 pristina:
1352 692 1479 720 restituit.
1562 691 1564 693 ’

1147 735 1191 763 12.
1211 736 1273 763 Alio
1294 737 1356 764 imlc
1380 742 1514 773 tempore,
1533 739 1647 767 fratrum
1669 740 1831 776 quorumdam
1853 744 1870 770 in

1111 781 1230 809 infcriori
1247 790 1354 814 eremo,
1380 784 1451 811 illius
1471 785 1602 820 permissu
1629 787 1707 821 quasi
1727 788 1870 815 crcmiiarum

1109 835 1186 855 more
1202 828 1397 861 victitantium,
1422 830 1518 857 ccllatn
1537 831 1674 864 visitavit;
1698 832 1789 868 quibus
1805 839 1870 860 tamen

1110 873 1254 901 adventum
1273 882 1350 902 suum
1367 875 1454 909 pridie
1480 877 1623 904 nuntiavit.
1640 877 1718 905 Unde
1738 879 1799 905 ultra
1811 888 1870 913 quant
1916 896 1917 900 η

1073 913 1094 940 Β
1107 918 1180 945 credi
1200 923 1288 953 potest
1302 919 1441 953 laetiﬁcat},
1458 925 1550 955 utpote
1568 922 1659 949 Patris
1677 924 1838 951 amantissimi
1853 931 1871 951 et
1916 928 1917 938 ‘

1107 964 1184 998 quasi
1199 965 1286 1000 angeli
1302 965 1350 993 Dei
1369 966 1525 994 visitatione
1540 967 1624 1003 digni,
1641 971 1871 1004 prmpirautormtii
1916 982 1917 986 η

1106 1017 1166 1045 quae
1180 1015 1255 1039 tanto
1268 1010 1341 1039 Patri
1356 1017 1433 1039 erant
1448 1014 1598 1041 necessaria
1609 1036 1617 1048 ,
1637 1020 1665 1041 et
1687 1023 1747 1042 eum
1766 1016 1871 1042 comitanv
1916 1039 1917 1043 η

1107 1056 1177 1084 tibus
1192 1063 1323 1092 congrua.
1341 1057 1409 1085 Erat
1431 1058 1502 1086 idem
1520 1059 1596 1087 locus
1619 1060 1739 1095 piscibus
1758 1061 1870 1095 capiendis

1105 1106 1196 1136 aptus,
1211 1106 1238 1129 et
1261 1102 1461 1131 adolescentior
1478 1104 1588 1139 quidam
1609 1105 1636 1133 in
1661 1113 1753 1133 eorum
1773 1114 1870 1134 comma-

1105 1147 1197 1179 nentia
1210 1168 1217 1181 ,
1235 1148 1388 1184 lutjusmodi
1411 1158 1493 1185 opera
1513 1151 1692 1179 exercitatus.
1716 1151 1779 1180 Huic
1794 1152 1870 1180 fratres

1103 1201 1277 1230 summopere
1306 1196 1474 1231 supplicant,
1497 1201 1526 1224 ut
1547 1197 1599 1225 sibi
1617 1204 1644 1225 et
1668 1198 1722 1225 illis
1738 1203 1869 1233 perstaret,
1916 1197 1917 1201 “

1103 1244 1130 1266 et
1150 1240 1176 1266 in
1195 1240 1334 1275 capiendis
1353 1241 1473 1277 piscibus
1495 1250 1604 1270 omnem
1633 1243 1790 1271 industriam
1809 1252 1871 1271 suam

1104 1286 1279 1320 impenderet.
1300 1287 1450 1322 Landarit,
1473 1289 1536 1317 fecit
1561 1291 1633 1325 quod
1662 1292 1763 1326 potuit;
1783 1292 1822 1319 sed
1836 1300 1869 1320 res

1103 1339 1260 1366 processum
1279 1341 1332 1360 non
1356 1334 1460 1361 habuit.
1477 1334 1543 1362 Nam
1561 1343 1623 1363 cum
1645 1341 1701 1364 tota
1722 1342 1793 1364 nocte
1811 1337 1869 1363 labo-

1102 1382 1184 1409 raret,
1211 1384 1238 1405 et
1252 1380 1402 1408 secundum
1418 1384 1511 1408 votum
1526 1389 1605 1409 suum
1622 1382 1691 1409 nihil
1706 1383 1808 1410 omnino
1820 1390 1871 1418 pro-

1103 1424 1211 1457 liceret,
1230 1426 1366 1461 promisso
1390 1435 1441 1455 suo
1456 1428 1537 1455 simul
1564 1433 1592 1456 et
1605 1430 1766 1457 verecundia
1790 1430 1870 1462 victis,

1101 1469 1202 1498 l‘urtunt
1229 1472 1255 1499 in
1283 1473 1418 1501 sociorum
1435 1482 1546 1502 suorum
1569 1477 1743 1511 praesumpsit
1762 1477 1871 1512 piscibus,

1099 1520 1127 1550 et
1153 1516 1268 1544 insolitae
1293 1519 1489 1554 magnitudinis
1519 1525 1633 1548 truttam
1658 1529 1738 1550 mane
1763 1522 1869 1552 fratribus

1099 1562 1205 1595 retulit,
1221 1569 1249 1591 et
1267 1572 1315 1592 eos
1333 1564 1360 1591 in
1388 1573 1442 1593 non
1457 1573 1540 1601 parva
1555 1567 1737 1596 admiratione
1750 1568 1868 1597 discedens

246 1606 428 1653 frenarent“
448 1622 493 1646 ,ne
507 1614 603 1648 forte,
624 1619 654 1642 ut
671 1622 749 1652 mens
766 1620 809 1643 est
824 1615 942 1643 hominis
960 1623 1045 1651 prona
1061 1609 1081 1640 C
1100 1608 1220 1645 reliquit.
1239 1609 1305 1637 Erat
1325 1606 1397 1639 inter
1416 1611 1517 1640 fratres
1532 1620 1603 1640 unus
1621 1614 1729 1643 altioris
1749 1619 1774 1642 et
1785 1616 1868 1650 ρει-δρῦς

252 1665 361 1694 semper
379 1659 413 1687 ad
432 1659 534 1687 malum
546 1679 554 1693 ,
586 1660 678 1695 aliquo
698 1665 779 1689 vento
807 1660 935 1689 elationis
955 1661 1057 1689 eleva-V

252 1708 350 1736 retur,
380 1711 408 1732 et
428 1714 488 1733 mox
510 1706 539 1736 in
558 1706 677 1734 immane
696 1706 875 1742 praecipitium
896 1706 1043 1734 laberetur.

251 1749 309 1781 Qua
330 1750 489 1778 inﬁrmitate
508 1752 544 1788 ita
565 1752 626 1787 plus
644 1747 715 1780 anno
733 1752 874 1787 :egrotavit
889 1757 918 1779 ut
933 1760 1043 1780 manttm

249 1795 284 1822 ad
304 1803 336 1822 os
356 1804 409 1822 non
431 1799 601 1833 porrigeret,
630 1797 701 1825 lattts
720 1798 771 1826 nisi
793 1798 909 1825 aliorum
927 1798 1054 1827 admini—.

249 1841 312 1867 culo
332 1849 384 1868 non
407 1832 543 1876 nuitaret,
573 1844 619 1872 sed
632 1863 641 1877 ,
662 1848 691 1871 ιιι
710 1832 869 1879 ριίὦὶοιυιη
889 1849 931 1872 est
944 1864 951 1877 ,
970 1845 1045 1872 omni

250 1888 437 1916 mctubrorum
453 1889 542 1921 ollicio
561 1894 677 1918 careret.
704 1889 765 1917 Jam
788 1894 894 1926 tempus
912 1890 1055 1918 miserim-5

249 1934 276 1960 di
307 1934 365 1968 ejus
387 1935 555 1969 advenerat,
574 1934 630 1969 jam
651 1935 781 1963 Dominus
806 1943 839 1962 ex
864 1935 920 1963 alto
939 1936 1055 1971 prospi--

249 1979 348 2011 ciebat,
364 1984 389 2007 ct
406 1988 472 2007 cccc
489 1980 573 2015 cmpit
592 1980 690 2008 virium
707 1979 833 2008 valetudo
850 1980 951 2014 redirc,
967 1988 1043 2008 man-

248 2025 363 2052 ducandi
391 2031 419 2053 et
448 2026 552 2061 legendi
583 2026 671 2061 gratia
690 2027 806 2059 sedero,
839 2034 962 2062 gressum
982 2033 1043 2062 rep-

250 2070 331 2097 tando
359 2070 556 2106 frequentare,
586 2071 633 2099 sed
666 2079 794 2099 manuum
813 2071 901 2100 ol'licio
931 2072 1042 2111 omnino

247 2116 417 2150 negabatur,
435 2117 565 2151 quoniam
587 2116 639 2144 hoc
656 2117 690 2144 ad
710 2117 839 2152 majorem
859 2117 965 2145 Domini
985 2118 1042 2153 glo-

247 2161 315 2188 tiam
339 2163 512 2190 servabatur.
536 2163 660 2196 Quadam
680 2163 724 2191 die
744 2164 786 2191 vir
801 2164 903 2191 domini
926 2161 1041 2191 Wilhel-

246 2215 307 2235 ntus
320 2208 416 2235 cellam
435 2209 495 2244 ejus
509 2209 636 2237 visitandi
652 2210 738 2245 gratia
760 2209 920 2245 ingreditur,
942 2214 1010 2238 etut
1023 2217 1040 2238 a
1056 2225 1059 2228 ‹

245 2254 360 2283 Doutino
375 2264 453 2283 usum
469 2257 586 2283 dextera:
602 2256 731 2291 precibus
754 2256 890 2284 obtineret
911 2257 1040 2285 adhorta-

245 2300 335 2328 batur.
352 2302 453 2329 Abuuit
469 2302 512 2329 ille
530 2310 592 2329 cum
614 2310 721 2329 summa
734 2303 922 2337 detestatione,
938 2304 1039 2331 conlir-

244 2356 322 2375 mans
335 2349 447 2375 omnino
461 2348 575 2375 salutem
589 2349 712 2383 corporis
724 2357 753 2377 se
764 2350 972 2386 parvipendere.
985 2350 1039 2379 Sed

243 2394 305 2429 pius
331 2394 412 2421 Pater
429 2398 500 2421 totus
522 2395 716 2432 compassionis
740 2401 768 2423 et
791 2396 984 2425 misericordia:
999 2397 1039 2424 vi-

245 2439 368 2466 sceribus
381 2439 490 2474 plenus,
509 2441 714 2475 apprehendens
735 2441 809 2469 illum
834 2441 968 2478 [manum]
993 2442 1039 2471 be-

243 2485 357 2518 nedicit,
379 2485 563 2519 deosculatur,
578 2491 605 2514 et
621 2487 753 2522 capellam
771 2493 871 2516 sanctae
886 2488 933 2516 Dei
957 2487 1038 2516 Geni—
1056 2499 1059 2502 ι

244 2530 321 2558 tricis
349 2538 512 2567 semperque
541 2532 653 2568 virginis
684 2533 776 2562 Maria:
802 2534 967 2570 ingreditur;
991 2534 1058 2563 ubi-

206 2596 213 2602 .
241 2577 381 2605 paululum
398 2577 425 2605 in
443 2579 566 2607 oratione
587 2585 759 2615 prostratus,
780 2579 917 2607 iniirmum
939 2580 1037 2610 iterum

242 2624 372 2659 visitavit,
384 2629 413 2652 et
432 2624 542 2653 dextera
557 2626 615 2661 ejus
632 2631 794 2661 recuperata
811 2626 957 2653 invenitur.
974 2626 1038 2655 Post

241 2679 345 2706 paucos
365 2672 424 2700 dies
444 2680 512 2700 uxor
527 2672 622 2701 lratris
638 2673 678 2701 sui
694 2673 887 2701 monasterium
902 2678 929 2701 et
948 2674 1036 2710 ipsum

243 2718 345 2747 visendi
360 2720 447 2755 gratia
463 2719 584 2752 advenit,
600 2722 627 2746 et
657 2719 714 2754 ipse
743 2719 809 2746 sella
833 2720 980 2754 gestatoria
1003 2720 1037 2748 ad

240 2772 300 2792 eam
325 2766 493 2801 deportatur,
510 2765 556 2792 ubi
573 2765 645 2792 inter
667 2765 855 2793 :ediilcationis
872 2771 900 2794 et
922 2766 1037 2794 familia-

240 2810 330 2838 vitatis
345 2811 498 2846 colloquia.
523 2814 627 2838 sanata:
661 2810 781 2838 dextera:
799 2818 855 2839 sua:
879 2817 976 2839 tnanus
993 2812 1036 2839 in—

278 2877 315 2910 (ῗὶ)
331 2875 600 2914 ls_cst__t}eb|_iardus.
616 2877 638 2904 si
658 2875 810 2914 Trithemio
829 2878 895 2906 ﬁdes
915 2883 967 2912 est,
987 2879 1032 2914 qui

242 2912 335 2947 peace
355 2911 383 2938 Β.
404 2911 550 2939 Wilbclmo
569 2913 718 2946 successit,
739 2921 770 2942 ac
791 2911 1028 2949 tandetn-Spiréu-
1056 2918 1058 2920 '

1097 1656 1213 1684 cacioris
1227 1656 1348 1696 ingenii,
1364 1657 1409 1692 qui
1424 1657 1560 1685 insuetum
1576 1659 1662 1694 piscis
1677 1660 1866 1696 magnitudinem

1096 1694 1247 1735 admirans,
1264 1702 1348 1738 cmpit
1364 1703 1521 1738 diligentius
1532 1703 1566 1731 de
1580 1711 1615 1732 eo
1630 1694 1801 1740 perscrutari.
1820 1705 1867 1732 Γή-

1097 1755 1170 1774 mum
1181 1767 1188 1780 ,
1205 1752 1235 1774 ut
1253 1746 1405 1782 bujttsmodi
1425 1749 1567 1777 hominum
1582 1757 1671 1785 genus
1689 1751 1772 1786 solet,
1786 1750 1866 1778 larium

1096 1799 1157 1820 cum
1173 1801 1277 1820 summa
1296 1794 1475 1822 detestatione
1490 1799 1583 1829 negat,
1598 1800 1625 1823 et
1640 1795 1803 1823 abominatur
1813 1804 1819 1828 ;
1829 1796 1866 1822 sed

1096 1846 1157 1866 cttm
1183 1839 1307 1867 dttlcibus
1334 1839 1445 1873 verbis,
1476 1845 1503 1868 et
1526 1841 1582 1868 veri
1606 1842 1716 1869 ratiore
1738 1847 1764 1869 et
1781 1849 1806 1869 re
1820 1842 1865 1876 ipsa

1095 1886 1277 1920 convincitur,
1292 1886 1398 1921 culpam
1415 1895 1491 1915 suam
1507 1888 1671 1923 simpliciter
1685 1888 1789 1916 fatetur.
1805 1886 1865 1915 Tunc

1094 1930 1202 1959 videres
1221 1932 1321 1960 fratres
1336 1932 1397 1961 illos
1415 1941 1468 1961 non
1485 1935 1590 1962 modice
1609 1934 1865 1970 contristatos,_etiu

1094 1977 1222 2012 ambiguo
1237 1977 1351 2013 positos,
1367 1978 1430 2013 quia
1444 1978 1545 2006 furtum
1561 1979 1665 2014 piscem
1682 1979 1863 2007 abominabian

1094 2021 1209 2056 fecerat,
1224 2027 1252 2051 et
1266 2024 1338 2059 quod
1352 2023 1408 2058 jam
1434 2025 1592 2052 adventanti
1618 2024 1693 2052 Patri
1709 2028 1864 2060 apponerttur

1094 2067 1121 2095 in
1146 2066 1354 2104 promptu'non
1384 2074 1457 2097 erat.
1479 2069 1557 2101 Tune
1583 2070 1715 2105 palliaute
1741 2070 1861 2101 cliaritate,

1093 2113 1195 2149 piscem
1216 2113 1289 2141 Patri
1310 2122 1446 2150 apponere
1465 2118 1602 2143 comtnuni
1630 2113 1745 2144 consilio
1762 2117 1858 2143 decrrvc‘

1092 2165 1201 2193 verunt,
1228 2164 1256 2188 et
1274 2167 1416 2188 excessum
1443 2161 1518 2188 illutn
1535 2160 1648 2196 jejuniis
1672 2166 1700 2189 et
1722 2160 1862 2188 orationibus

1093 2208 1163 2242 apud
1178 2215 1207 2236 se
1230 2208 1258 2235 in
1279 2209 1386 2236 occulto
1405 2208 1569 2237 abolendum
1584 2217 1645 2237 esse
1664 2213 1820 2241 statuerunt;
1836 2207 1860 2233 li-

1093 2255 1186 2282 mitem
1198 2253 1312 2289 justitize
1330 2259 1524 2288 excesserunt,
1551 2256 1661 2290 quando
1680 2257 1784 2283 modum
1798 2255 1818 2281 in
1829 2253 1859 2279 di-

1091 2300 1209 2329 lectione
1224 2309 1277 2328 non
1299 2306 1490 2330 servaverunt.
1504 2301 1564 2330 lam
1579 2303 1814 2337 advesperasccntc
1827 2299 1860 2325 die

1090 2346 1173 2375 Pater
1189 2347 1380 2375 desiderabilis
1394 2348 1522 2381 advenit,
1538 2349 1707 2382 occurritur,
1729 2347 1857 2382 suscipitur.

1090 2393 1124 2420 ad
1147 2393 1299 2421 orationem
1326 2394 1445 2422 ducitur.
1478 2394 1554 2422 Tunc
1581 2394 1775 2422 dilectissimus
1799 2392 1859 2421 Pllt‘r

1090 2439 1260 2467 charissimis
1287 2439 1350 2468 ﬁliis
1376 2440 1453 2474 plena
1476 2439 1649 2476 iucunditate
1664 2461 1672 2474 ,
1697 2441 1760 2476 quia
1776 2437 1859 2466 insolita

1089 2486 1180 2514 esurie
1201 2486 1357 2518 laboraret,
1384 2486 1510 2521 aperuit,
1543 2491 1571 2514 et
1594 2487 1616 2514 si
1633 2487 1698 2521 quid
1714 2482 1858 2522 pulmentaﬁi

1090 2532 1233 2564 haberent,
1248 2532 1332 2560 citius
1347 2539 1484 2568 apponere
1498 2533 1673 2567 prtemonuit.
1689 2532 1764 2560 Tunc
1777 2537 1860 2559 reum»

1088 2576 1175 2610 bitur,
1197 2581 1226 2604 et
1240 2577 1325 2612 piscis
1343 2577 1387 2604 ille
1401 2578 1556 2613 apponitttr,
1576 2583 1604 2605 et
1627 2586 1690 2605 cum
1706 2586 1804 2606 summa
1815 2576 1860 2603 dili-

1089 2623 1192 2658 gentia,
1209 2623 1274 2658 quid
1291 2622 1414 2651 facturus
1429 2624 1464 2651 sit
1478 2624 1520 2651 vir
1533 2624 1589 2651 Deo
1605 2624 1703 2659 plenus
1716 2624 1858 2652 observatur.

1088 2668 1134 2696 Ille
1143 2669 1226 2697 homo
1237 2669 1292 2696 Deo
1303 2669 1410 2704 hospite
1421 2669 1550 2697 edocetur
1564 2670 1701 2703 interiori,
1712 2676 1738 2698 et
1749 2670 1857 2705 quamvis.

1088 2720 1119 2743 ut
1135 2715 1295 2750 praedictum
1320 2719 1377 2748 est,
1399 2723 1452 2742 non
1473 2723 1585 2750 parvam
1608 2716 1709 2743 famem
1735 2719 1858 2752 palcl‘t‘lu‘.

1091 2767 1181 2790 tamen
1198 2762 1266 2789 mira
1281 2762 1484 2790 abominationc
1499 2763 1621 2798 apposita
1636 2764 1688 2791 sibi
1709 2767 1859 2791 exsecratur.

1089 2814 1118 2837 et
1130 2808 1205 2837 nihil
1223 2809 1334 2836 omnino
1349 2810 1482 2844 gnstando
1497 2809 1576 2845 quasi
1601 2810 1628 2838 iu
1649 2818 1761 2838 excessu
1779 2808 1859 2836 nimis

1089 2878 1126 2941 Elis
1146 2879 1290 2919 episcopus
1311 2878 1400 2908 iactus
1418 2883 1459 2920 est
1475 2900 1482 2914 ,
1507 2879 1540 2917 de
1560 2887 1614 2915 quo
1633 2879 1710 2916 plura
1731 2880 1793 2907 idem
1812 2876 1861 2905 Tri-

1111 2922 1215 2941 llellS.

1090 2919 1215 2942 tltcmtns.
