  <div class='ocr_page' id='page_1' title='image "/cluster/home/n/w/nwhite01/storage/ocr_20150623/150/hvd.32044015473788/458.png"; bbox 0 0 3852 6308; ppageno 0'>
   <div class='ocr_carea' id='block_1_1' title="bbox 142 426 222 487">
    <p class='ocr_par' dir='ltr' id='par_1_1' title="bbox 142 426 222 487">
     <span class='ocr_line' id='line_1_1' title="bbox 142 426 222 487; baseline 0 0"><span class='ocrx_word' id='word_1_1' title='bbox 142 426 222 487; x_wconf 78' lang='lat'><strong>909</strong></span> 
     </span>
    </p>
   </div>
   <div class='ocr_carea' id='block_1_2' title="bbox 1628 410 1803 471">
    <p class='ocr_par' dir='ltr' id='par_1_2' title="bbox 1628 410 1803 471">
     <span class='ocr_line' id='line_1_2' title="bbox 1628 410 1803 471; baseline 0.011 -3"><span class='ocrx_word' id='word_1_2' title='bbox 1628 410 1803 471; x_wconf 79' lang='lat' dir='ltr'><strong>VITA.</strong></span> 
     </span>
    </p>
   </div>
   <div class='ocr_carea' id='block_1_3' title="bbox 3230 404 3376 480">
    <p class='ocr_par' dir='ltr' id='par_1_3' title="bbox 3230 404 3376 480">
     <span class='ocr_line' id='line_1_3' title="bbox 3230 404 3376 480; baseline -0.007 -8"><span class='ocrx_word' id='word_1_3' title='bbox 3230 404 3336 472; x_wconf 66' lang='lat' dir='ltr'><strong>tuo</strong></span> <span class='ocrx_word' id='word_1_4' title='bbox 3373 477 3376 480; x_wconf 54' lang='grc'>,</span> 
     </span>
    </p>
   </div>
   <div class='ocr_carea' id='block_1_4' title="bbox 138 514 3336 611">
    <p class='ocr_par' dir='ltr' id='par_1_4' title="bbox 138 514 3336 611">
     <span class='ocr_line' id='line_1_4' title="bbox 138 514 3336 611; baseline -0.004 -16"><span class='ocrx_word' id='word_1_5' title='bbox 138 540 325 611; x_wconf 83' lang='lat' dir='ltr'><strong>rapitur.</strong></span> <span class='ocrx_word' id='word_1_6' title='bbox 358 533 517 593; x_wconf 83' lang='lat' dir='ltr'><strong>Nemo</strong></span> <span class='ocrx_word' id='word_1_7' title='bbox 542 533 945 607; x_wconf 74' lang='lat' dir='ltr'><strong>discipulorum,</strong></span> <span class='ocrx_word' id='word_1_8' title='bbox 988 532 1071 589; x_wconf 88' lang='lat' dir='ltr'><strong>vel</strong></span> <span class='ocrx_word' id='word_1_9' title='bbox 1110 529 1536 595; x_wconf 66' lang='lat' dir='ltr'><strong>adVenien&#39;tium,</strong></span> <span class='ocrx_word' id='word_1_10' title='bbox 1568 527 1653 586; x_wconf 98' lang='lat' dir='ltr'><strong>vel</strong></span> <span class='ocrx_word' id='word_1_11' title='bbox 1682 533 1733 592; x_wconf 78' lang='grc' dir='ltr'><strong>Α</strong></span> <span class='ocrx_word' id='word_1_12' title='bbox 1764 528 2078 587; x_wconf 84' lang='lat' dir='ltr'><strong>refectionis</strong></span> <span class='ocrx_word' id='word_1_13' title='bbox 2114 545 2317 602; x_wconf 84' lang='lat' dir='ltr'><strong>paucos</strong></span> <span class='ocrx_word' id='word_1_14' title='bbox 2344 524 2637 603; x_wconf 81' lang='lat' dir='ltr'><strong>pisciculos</strong></span> <span class='ocrx_word' id='word_1_15' title='bbox 2660 531 2708 590; x_wconf 87' lang='lat' dir='ltr'><strong>ei</strong></span> <span class='ocrx_word' id='word_1_16' title='bbox 2744 514 2958 592; x_wconf 85' lang='lat' dir='ltr'><strong>obtulit.</strong></span> <span class='ocrx_word' id='word_1_17' title='bbox 2998 529 3207 595; x_wconf 87' lang='lat' dir='ltr'><strong>dicens,</strong></span> <span class='ocrx_word' id='word_1_18' title='bbox 3236 544 3336 599; x_wconf 85' lang='lat' dir='ltr'><strong>pro</strong></span> 
     </span>
    </p>
   </div>
   <div class='ocr_carea' id='block_1_5' title="bbox 138 619 1681 696">
    <p class='ocr_par' dir='ltr' id='par_1_5' title="bbox 138 619 1681 696">
     <span class='ocr_line' id='line_1_5' title="bbox 138 619 1681 696; baseline -0.01 -9"><span class='ocrx_word' id='word_1_19' title='bbox 138 633 192 687; x_wconf 92' lang='lat' dir='ltr'><strong>ibi</strong></span> <span class='ocrx_word' id='word_1_20' title='bbox 214 627 539 696; x_wconf 88' lang='lat' dir='ltr'><strong>manentium,</strong></span> <span class='ocrx_word' id='word_1_21' title='bbox 567 628 729 682; x_wconf 90' lang='lat' dir='ltr'><strong>audet</strong></span> <span class='ocrx_word' id='word_1_22' title='bbox 764 624 996 682; x_wconf 88' lang='lat' dir='ltr'><strong>subitam</strong></span> <span class='ocrx_word' id='word_1_23' title='bbox 1044 623 1144 678; x_wconf 61' lang='lat' dir='ltr'><strong>viri</strong></span> <span class='ocrx_word' id='word_1_24' title='bbox 1190 621 1540 677; x_wconf 72' lang='lat' dir='ltr'><strong>mutationem</strong></span> <span class='ocrx_word' id='word_1_25' title='bbox 1569 619 1681 673; x_wconf 42' lang='lat' dir='ltr'><strong>in»</strong></span> 
     </span>
    </p>
   </div>
   <div class='ocr_carea' id='block_1_6' title="bbox 136 712 1652 791">
    <p class='ocr_par' dir='ltr' id='par_1_6' title="bbox 136 712 1652 791">
     <span class='ocr_line' id='line_1_6' title="bbox 136 712 1652 791; baseline -0.007 -15"><span class='ocrx_word' id='word_1_26' title='bbox 136 730 390 791; x_wconf 86' lang='lat' dir='ltr'><strong>terrogare,</strong></span> <span class='ocrx_word' id='word_1_27' title='bbox 434 714 526 774; x_wconf 89' lang='lat' dir='ltr'><strong>sed</strong></span> <span class='ocrx_word' id='word_1_28' title='bbox 562 714 911 773; x_wconf 84' lang='lat' dir='ltr'><strong>advenientes</strong></span> <span class='ocrx_word' id='word_1_29' title='bbox 949 715 1002 771; x_wconf 88' lang='lat' dir='ltr'><strong>in</strong></span> <span class='ocrx_word' id='word_1_30' title='bbox 1044 727 1252 772; x_wconf 88' lang='lat' dir='ltr'><strong>summa</strong></span> <span class='ocrx_word' id='word_1_31' title='bbox 1284 723 1435 770; x_wconf 90' lang='lat' dir='ltr'><strong>erant</strong></span> <span class='ocrx_word' id='word_1_32' title='bbox 1478 712 1652 767; x_wconf 87' lang='lat' dir='ltr'><strong>admi-</strong></span> 
     </span>
    </p>
   </div>
   <div class='ocr_carea' id='block_1_7' title="bbox 118 804 1653 874">
    <p class='ocr_par' dir='ltr' id='par_1_7' title="bbox 118 804 1653 874">
     <span class='ocr_line' id='line_1_7' title="bbox 118 804 1653 874; baseline -0.005 -8"><span class='ocrx_word' id='word_1_33' title='bbox 118 811 323 874; x_wconf 83' lang='lat' dir='ltr'><strong>ratione,</strong></span> <span class='ocrx_word' id='word_1_34' title='bbox 350 810 648 865; x_wconf 81' lang='lat' dir='ltr'><strong>habitantes</strong></span> <span class='ocrx_word' id='word_1_35' title='bbox 684 809 737 863; x_wconf 93' lang='lat' dir='ltr'><strong>in</strong></span> <span class='ocrx_word' id='word_1_36' title='bbox 771 809 1008 863; x_wconf 79' lang='lat' dir='ltr'><strong>maximo</strong></span> <span class='ocrx_word' id='word_1_37' title='bbox 1056 807 1267 862; x_wconf 84' lang='lat' dir='ltr'><strong>timore.</strong></span> <span class='ocrx_word' id='word_1_38' title='bbox 1313 804 1535 860; x_wconf 84' lang='lat' dir='ltr'><strong>Postera</strong></span> <span class='ocrx_word' id='word_1_39' title='bbox 1566 804 1653 859; x_wconf 90' lang='lat' dir='ltr'><strong>die</strong></span> 
     </span>
    </p>
   </div>
   <div class='ocr_carea' id='block_1_8' title="bbox 134 895 1655 969">
    <p class='ocr_par' dir='ltr' id='par_1_8' title="bbox 134 895 1655 969">
     <span class='ocr_line' id='line_1_8' title="bbox 134 895 1655 969; baseline -0.004 -11"><span class='ocrx_word' id='word_1_40' title='bbox 134 901 331 958; x_wconf 76' lang='lat' dir='ltr'><strong>maxima</strong></span> <span class='ocrx_word' id='word_1_41' title='bbox 359 900 570 956; x_wconf 88' lang='lat' dir='ltr'><strong>contriti</strong></span> <span class='ocrx_word' id='word_1_42' title='bbox 608 901 789 956; x_wconf 88' lang='lat' dir='ltr'><strong>cordis</strong></span> <span class='ocrx_word' id='word_1_43' title='bbox 826 898 1111 955; x_wconf 80' lang='lat' dir='ltr'><strong>devotione</strong></span> <span class='ocrx_word' id='word_1_44' title='bbox 1140 897 1350 969; x_wconf 82' lang='lat' dir='ltr'><strong>culpam</strong></span> <span class='ocrx_word' id='word_1_45' title='bbox 1380 904 1533 952; x_wconf 86' lang='lat' dir='ltr'><strong>suam</strong></span> <span class='ocrx_word' id='word_1_46' title='bbox 1575 895 1655 952; x_wconf 80' lang='lat' dir='ltr'><strong>fa-</strong></span> 
     </span>
    </p>
   </div>
   <div class='ocr_carea' id='block_1_9' title="bbox 133 989 1654 1065">
    <p class='ocr_par' dir='ltr' id='par_1_9' title="bbox 133 989 1654 1065">
     <span class='ocr_line' id='line_1_9' title="bbox 133 989 1654 1065; baseline -0.001 -17"><span class='ocrx_word' id='word_1_47' title='bbox 133 1003 300 1060; x_wconf 87' lang='lat' dir='ltr'><strong>tentur,</strong></span> <span class='ocrx_word' id='word_1_48' title='bbox 327 1001 380 1048; x_wconf 92' lang='lat' dir='ltr'><strong>et</strong></span> <span class='ocrx_word' id='word_1_49' title='bbox 405 1009 434 1048; x_wconf 88' lang='lat' dir='ltr'><strong>a</strong></span> <span class='ocrx_word' id='word_1_50' title='bbox 459 993 703 1065; x_wconf 87' lang='lat' dir='ltr'><strong>piissimo</strong></span> <span class='ocrx_word' id='word_1_51' title='bbox 735 992 898 1048; x_wconf 82' lang='lat' dir='ltr'><strong>Patre</strong></span> <span class='ocrx_word' id='word_1_52' title='bbox 950 992 1247 1048; x_wconf 91' lang='lat' dir='ltr'><strong>clementer</strong></span> <span class='ocrx_word' id='word_1_53' title='bbox 1282 989 1540 1061; x_wconf 84' lang='lat' dir='ltr'><strong>suscepti,</strong></span> <span class='ocrx_word' id='word_1_54' title='bbox 1586 1005 1654 1046; x_wconf 89' lang='lat' dir='ltr'><strong>ne</strong></span> 
     </span>
    </p>
   </div>
   <div class='ocr_carea' id='block_1_10' title="bbox 133 1079 1656 1153">
    <p class='ocr_par' dir='ltr' id='par_1_10' title="bbox 133 1079 1656 1153">
     <span class='ocr_line' id='line_1_10' title="bbox 133 1079 1656 1153; baseline -0.001 -17"><span class='ocrx_word' id='word_1_55' title='bbox 133 1079 346 1153; x_wconf 83' lang='lat' dir='ltr'><strong>deinceps</strong></span> <span class='ocrx_word' id='word_1_56' title='bbox 376 1081 575 1153; x_wconf 81' lang='lat' dir='ltr'><strong>aliquid</strong></span> <span class='ocrx_word' id='word_1_57' title='bbox 620 1080 927 1152; x_wconf 90' lang='lat' dir='ltr'><strong>hujusmodi</strong></span> <span class='ocrx_word' id='word_1_58' title='bbox 964 1088 1351 1152; x_wconf 74' lang='lat' dir='ltr'><strong>prtesumerent</strong></span> <span class='ocrx_word' id='word_1_59' title='bbox 1375 1120 1391 1145; x_wconf 85' lang='lat'><strong>,</strong></span> <span class='ocrx_word' id='word_1_60' title='bbox 1440 1080 1542 1136; x_wconf 88' lang='lat' dir='ltr'><strong>sub</strong></span> <span class='ocrx_word' id='word_1_61' title='bbox 1574 1079 1656 1135; x_wconf 85' lang='lat' dir='ltr'><strong>di-</strong></span> 
     </span>
    </p>
   </div>
   <div class='ocr_carea' id='block_1_11' title="bbox 132 1170 1147 1228">
    <p class='ocr_par' dir='ltr' id='par_1_11' title="bbox 132 1170 1147 1228">
     <span class='ocr_line' id='line_1_11' title="bbox 132 1170 1147 1228; baseline -0.002 -1"><span class='ocrx_word' id='word_1_62' title='bbox 132 1170 281 1227; x_wconf 85' lang='lat' dir='ltr'><strong>stricta</strong></span> <span class='ocrx_word' id='word_1_63' title='bbox 310 1171 737 1228; x_wconf 89' lang='lat' dir='ltr'><strong>interminatione</strong></span> <span class='ocrx_word' id='word_1_64' title='bbox 766 1171 1147 1228; x_wconf 84' lang='lat' dir='ltr'><strong>admonentur.</strong></span> 
     </span>
    </p>
   </div>
   <div class='ocr_carea' id='block_1_12' title="bbox 187 1260 1655 1334">
    <p class='ocr_par' dir='ltr' id='par_1_12' title="bbox 187 1260 1655 1334">
     <span class='ocr_line' id='line_1_12' title="bbox 187 1260 1655 1334; baseline 0.002 -18"><span class='ocrx_word' id='word_1_65' title='bbox 187 1260 260 1317; x_wconf 78' lang='lat' dir='ltr'><strong>l5.</strong></span> <span class='ocrx_word' id='word_1_66' title='bbox 297 1260 392 1318; x_wconf 87' lang='lat' dir='ltr'><strong>Per</strong></span> <span class='ocrx_word' id='word_1_67' title='bbox 422 1262 559 1319; x_wconf 90' lang='lat' dir='ltr'><strong>idem</strong></span> <span class='ocrx_word' id='word_1_68' title='bbox 585 1272 797 1334; x_wconf 88' lang='lat' dir='ltr'><strong>tempus</strong></span> <span class='ocrx_word' id='word_1_69' title='bbox 822 1262 969 1318; x_wconf 88' lang='lat' dir='ltr'><strong>misit</strong></span> <span class='ocrx_word' id='word_1_70' title='bbox 993 1261 1076 1317; x_wconf 89' lang='lat' dir='ltr'><strong>vir</strong></span> <span class='ocrx_word' id='word_1_71' title='bbox 1099 1262 1190 1318; x_wconf 89' lang='lat' dir='ltr'><strong>Dei</strong></span> <span class='ocrx_word' id='word_1_72' title='bbox 1220 1260 1287 1317; x_wconf 91' lang='lat' dir='ltr'><strong>de</strong></span> <span class='ocrx_word' id='word_1_73' title='bbox 1320 1260 1655 1319; x_wconf 88' lang='lat' dir='ltr'><strong>monasterio</strong></span> 
     </span>
    </p>
   </div>
   <div class='ocr_carea' id='block_1_13' title="bbox 132 1351 1655 1424">
    <p class='ocr_par' dir='ltr' id='par_1_13' title="bbox 132 1351 1655 1424">
     <span class='ocr_line' id='line_1_13' title="bbox 132 1351 1655 1424; baseline 0.001 -19"><span class='ocrx_word' id='word_1_74' title='bbox 132 1367 269 1406; x_wconf 89' lang='lat' dir='ltr'><strong>unum</strong></span> <span class='ocrx_word' id='word_1_75' title='bbox 292 1351 527 1422; x_wconf 87' lang='lat' dir='ltr'><strong>fratrem,</strong></span> <span class='ocrx_word' id='word_1_76' title='bbox 567 1353 785 1410; x_wconf 88' lang='lat' dir='ltr'><strong>nomine</strong></span> <span class='ocrx_word' id='word_1_77' title='bbox 817 1353 1148 1418; x_wconf 90' lang='lat' dir='ltr'><strong>Bennonem,</strong></span> <span class='ocrx_word' id='word_1_78' title='bbox 1178 1367 1301 1408; x_wconf 91' lang='lat' dir='ltr'><strong>cum</strong></span> <span class='ocrx_word' id='word_1_79' title='bbox 1332 1352 1655 1424; x_wconf 86' lang='lat' dir='ltr'><strong>quibusdam</strong></span> 
     </span>
    </p>
   </div>
   <div class='ocr_carea' id='block_1_14' title="bbox 130 1441 1657 1509">
    <p class='ocr_par' dir='ltr' id='par_1_14' title="bbox 130 1441 1657 1509">
     <span class='ocr_line' id='line_1_14' title="bbox 130 1441 1657 1509; baseline 0.002 -13"><span class='ocrx_word' id='word_1_80' title='bbox 130 1441 310 1498; x_wconf 80' lang='lat' dir='ltr'><strong>rusticis</strong></span> <span class='ocrx_word' id='word_1_81' title='bbox 354 1444 597 1500; x_wconf 85' lang='lat' dir='ltr'><strong>mercede</strong></span> <span class='ocrx_word' id='word_1_82' title='bbox 639 1443 946 1509; x_wconf 91' lang='lat' dir='ltr'><strong>conductis,</strong></span> <span class='ocrx_word' id='word_1_83' title='bbox 998 1453 1059 1499; x_wconf 92' lang='lat' dir='ltr'><strong>ut</strong></span> <span class='ocrx_word' id='word_1_84' title='bbox 1105 1442 1357 1499; x_wconf 87' lang='lat' dir='ltr'><strong>undecim</strong></span> <span class='ocrx_word' id='word_1_85' title='bbox 1398 1444 1657 1499; x_wconf 89' lang='lat' dir='ltr'><strong>carradas</strong></span> 
     </span>
    </p>
   </div>
   <div class='ocr_carea' id='block_1_15' title="bbox 131 1532 1654 1607">
    <p class='ocr_par' dir='ltr' id='par_1_15' title="bbox 131 1532 1654 1607">
     <span class='ocr_line' id='line_1_15' title="bbox 131 1532 1654 1607; baseline 0.003 -21"><span class='ocrx_word' id='word_1_86' title='bbox 131 1532 217 1587; x_wconf 85' lang='lat' dir='ltr'><strong>vini</strong></span> <span class='ocrx_word' id='word_1_87' title='bbox 239 1534 554 1591; x_wconf 71' lang='lat' dir='ltr'><strong>adveherent</strong></span> <span class='ocrx_word' id='word_1_88' title='bbox 576 1550 698 1593; x_wconf 92' lang='lat' dir='ltr'><strong>cum</strong></span> <span class='ocrx_word' id='word_1_89' title='bbox 727 1536 1016 1607; x_wconf 85' lang='lat' dir='ltr'><strong>plaustris;</strong></span> <span class='ocrx_word' id='word_1_90' title='bbox 1049 1537 1192 1606; x_wconf 89' lang='lat' dir='ltr'><strong>quod</strong></span> <span class='ocrx_word' id='word_1_91' title='bbox 1223 1535 1406 1590; x_wconf 88' lang='lat' dir='ltr'><strong>vinum</strong></span> <span class='ocrx_word' id='word_1_92' title='bbox 1434 1536 1654 1607; x_wconf 83' lang='lat' dir='ltr'><strong>quidam</strong></span> 
     </span>
    </p>
   </div>
   <div class='ocr_carea' id='block_1_16' title="bbox 129 1623 1655 1699">
    <p class='ocr_par' dir='ltr' id='par_1_16' title="bbox 129 1623 1655 1699">
     <span class='ocr_line' id='line_1_16' title="bbox 129 1623 1655 1699; baseline 0.005 -24"><span class='ocrx_word' id='word_1_93' title='bbox 129 1623 236 1679; x_wconf 79' lang='lat' dir='ltr'><strong>rivis</strong></span> <span class='ocrx_word' id='word_1_94' title='bbox 268 1623 623 1697; x_wconf 75' lang='lat' dir='ltr'><strong>Moguntinus,</strong></span> <span class='ocrx_word' id='word_1_95' title='bbox 673 1627 891 1682; x_wconf 87' lang='lat' dir='ltr'><strong>nomine</strong></span> <span class='ocrx_word' id='word_1_96' title='bbox 926 1626 1283 1699; x_wconf 78' lang='lat' dir='ltr'><strong>Wignandus,</strong></span> <span class='ocrx_word' id='word_1_97' title='bbox 1322 1626 1499 1683; x_wconf 82' lang='lat' dir='ltr'><strong>officio</strong></span> <span class='ocrx_word' id='word_1_98' title='bbox 1515 1629 1655 1683; x_wconf 73' lang='lat' dir='ltr'><strong>elia-</strong></span> 
     </span>
    </p>
   </div>
   <div class='ocr_carea' id='block_1_17' title="bbox 130 1716 1657 1789">
    <p class='ocr_par' dir='ltr' id='par_1_17' title="bbox 130 1716 1657 1789">
     <span class='ocr_line' id='line_1_17' title="bbox 130 1716 1657 1789; baseline 0.005 -22"><span class='ocrx_word' id='word_1_99' title='bbox 130 1716 271 1770; x_wconf 86' lang='lat' dir='ltr'><strong>ritatis</strong></span> <span class='ocrx_word' id='word_1_100' title='bbox 297 1718 586 1774; x_wconf 76' lang='lat' dir='ltr'><strong>transmisit</strong></span> <span class='ocrx_word' id='word_1_101' title='bbox 616 1717 1111 1789; x_wconf 78' lang='lat' dir='ltr'><strong>Hirsaugiensibus.</strong></span> <span class='ocrx_word' id='word_1_102' title='bbox 1144 1717 1201 1772; x_wconf 83' lang='lat' dir='ltr'><strong>In</strong></span> <span class='ocrx_word' id='word_1_103' title='bbox 1225 1719 1312 1773; x_wconf 89' lang='lat' dir='ltr'><strong>via</strong></span> <span class='ocrx_word' id='word_1_104' title='bbox 1339 1730 1519 1773; x_wconf 88' lang='lat' dir='ltr'><strong>autem</strong></span> <span class='ocrx_word' id='word_1_105' title='bbox 1551 1734 1657 1787; x_wconf 82' lang='lat' dir='ltr'><strong>qua</strong></span> 
     </span>
    </p>
   </div>
   <div class='ocr_carea' id='block_1_18' title="bbox 130 1802 1656 1875">
    <p class='ocr_par' dir='ltr' id='par_1_18' title="bbox 130 1802 1656 1875">
     <span class='ocr_line' id='line_1_18' title="bbox 130 1802 1656 1875; baseline 0.005 -18"><span class='ocrx_word' id='word_1_106' title='bbox 130 1818 225 1859; x_wconf 85' lang='lat' dir='ltr'><strong>cum</strong></span> <span class='ocrx_word' id='word_1_107' title='bbox 249 1802 420 1862; x_wconf 87' lang='lat' dir='ltr'><strong>eodem</strong></span> <span class='ocrx_word' id='word_1_108' title='bbox 456 1808 582 1864; x_wconf 87' lang='lat' dir='ltr'><strong>vino</strong></span> <span class='ocrx_word' id='word_1_109' title='bbox 620 1809 932 1875; x_wconf 86' lang='lat' dir='ltr'><strong>veniebant,</strong></span> <span class='ocrx_word' id='word_1_110' title='bbox 963 1809 1222 1875; x_wconf 81' lang='lat' dir='ltr'><strong>latrones,</strong></span> <span class='ocrx_word' id='word_1_111' title='bbox 1257 1819 1417 1864; x_wconf 90' lang='lat' dir='ltr'><strong>noctu</strong></span> <span class='ocrx_word' id='word_1_112' title='bbox 1442 1812 1656 1864; x_wconf 85' lang='lat' dir='ltr'><strong>irruen-</strong></span> 
     </span>
    </p>
   </div>
   <div class='ocr_carea' id='block_1_19' title="bbox 1756 618 3336 691">
    <p class='ocr_par' dir='ltr' id='par_1_19' title="bbox 1756 618 3336 691">
     <span class='ocr_line' id='line_1_19' title="bbox 1756 618 3336 691; baseline -0.003 -18"><span class='ocrx_word' id='word_1_113' title='bbox 1756 619 1990 674; x_wconf 79' lang='lat' dir='ltr'><strong>adventu</strong></span> <span class='ocrx_word' id='word_1_114' title='bbox 2035 619 2152 688; x_wconf 87' lang='lat' dir='ltr'><strong>ejus</strong></span> <span class='ocrx_word' id='word_1_115' title='bbox 2188 635 2248 675; x_wconf 88' lang='lat' dir='ltr'><strong>se</strong></span> <span class='ocrx_word' id='word_1_116' title='bbox 2277 621 2366 675; x_wconf 84' lang='lat' dir='ltr'><strong>ditt</strong></span> <span class='ocrx_word' id='word_1_117' title='bbox 2417 621 2753 691; x_wconf 82' lang='lat' dir='ltr'><strong>multumque</strong></span> <span class='ocrx_word' id='word_1_118' title='bbox 2793 621 2843 674; x_wconf 89' lang='lat' dir='ltr'><strong>itt</strong></span> <span class='ocrx_word' id='word_1_119' title='bbox 2888 619 3148 690; x_wconf 83' lang='lat' dir='ltr'><strong>piscando</strong></span> <span class='ocrx_word' id='word_1_120' title='bbox 3186 618 3336 671; x_wconf 82' lang='lat' dir='ltr'><strong>labo-</strong></span> 
     </span>
    </p>
   </div>
   <div class='ocr_carea' id='block_1_20' title="bbox 1753 702 3333 784">
    <p class='ocr_par' dir='ltr' id='par_1_20' title="bbox 1753 702 3333 784">
     <span class='ocr_line' id='line_1_20' title="bbox 1753 702 3333 784; baseline -0.001 -20"><span class='ocrx_word' id='word_1_121' title='bbox 1753 723 1927 777; x_wconf 88' lang='lat' dir='ltr'><strong>rasse,</strong></span> <span class='ocrx_word' id='word_1_122' title='bbox 1969 719 2026 767; x_wconf 87' lang='lat' dir='ltr'><strong>et</strong></span> <span class='ocrx_word' id='word_1_123' title='bbox 2084 711 2159 767; x_wconf 89' lang='lat' dir='ltr'><strong>nil</strong></span> <span class='ocrx_word' id='word_1_124' title='bbox 2210 712 2441 782; x_wconf 89' lang='lat' dir='ltr'><strong>amplius</strong></span> <span class='ocrx_word' id='word_1_125' title='bbox 2482 724 2685 784; x_wconf 84' lang='lat' dir='ltr'><strong>praeter</strong></span> <span class='ocrx_word' id='word_1_126' title='bbox 2723 712 2843 766; x_wconf 89' lang='lat' dir='ltr'><strong>illos</strong></span> <span class='ocrx_word' id='word_1_127' title='bbox 2886 702 2947 765; x_wconf 78' lang='lat' dir='ltr'><strong>Se</strong></span> <span class='ocrx_word' id='word_1_128' title='bbox 2985 724 3183 781; x_wconf 83' lang='lat' dir='ltr'><strong>capere</strong></span> <span class='ocrx_word' id='word_1_129' title='bbox 3231 723 3333 779; x_wconf 79' lang='lat' dir='ltr'><strong>po—</strong></span> 
     </span>
    </p>
   </div>
   <div class='ocr_carea' id='block_1_21' title="bbox 1756 798 3340 875">
    <p class='ocr_par' dir='ltr' id='par_1_21' title="bbox 1756 798 3340 875">
     <span class='ocr_line' id='line_1_21' title="bbox 1756 798 3340 875; baseline -0.002 -19"><span class='ocrx_word' id='word_1_130' title='bbox 1756 801 1958 858; x_wconf 79' lang='lat' dir='ltr'><strong>tuisse.</strong></span> <span class='ocrx_word' id='word_1_131' title='bbox 1998 801 2105 870; x_wconf 86' lang='lat' dir='ltr'><strong>Qui</strong></span> <span class='ocrx_word' id='word_1_132' title='bbox 2153 804 2337 859; x_wconf 81' lang='lat' dir='ltr'><strong>statim</strong></span> <span class='ocrx_word' id='word_1_133' title='bbox 2380 802 2639 875; x_wconf 72' lang='lat' dir='ltr'><strong>praecepit</strong></span> <span class='ocrx_word' id='word_1_134' title='bbox 2680 802 2728 857; x_wconf 90' lang='lat' dir='ltr'><strong>ei</strong></span> <span class='ocrx_word' id='word_1_135' title='bbox 2764 800 3007 872; x_wconf 84' lang='lat' dir='ltr'><strong>piscandi</strong></span> <span class='ocrx_word' id='word_1_136' title='bbox 3046 798 3221 872; x_wconf 88' lang='lat' dir='ltr'><strong>gratia</strong></span> <span class='ocrx_word' id='word_1_137' title='bbox 3268 799 3340 854; x_wconf 86' lang='lat' dir='ltr'><strong>ad</strong></span> 
     </span>
    </p>
   </div>
   <div class='ocr_carea' id='block_1_22' title="bbox 1756 891 3333 965">
    <p class='ocr_par' dir='ltr' id='par_1_22' title="bbox 1756 891 3333 965">
     <span class='ocr_line' id='line_1_22' title="bbox 1756 891 3333 965; baseline -0.001 -18"><span class='ocrx_word' id='word_1_138' title='bbox 1756 895 2020 965; x_wconf 76' lang='lat' dir='ltr'><strong>gurgitem</strong></span> <span class='ocrx_word' id='word_1_139' title='bbox 2049 894 2244 960; x_wconf 88' lang='lat' dir='ltr'><strong>redire,</strong></span> <span class='ocrx_word' id='word_1_140' title='bbox 2284 904 2339 951; x_wconf 89' lang='lat' dir='ltr'><strong>et</strong></span> <span class='ocrx_word' id='word_1_141' title='bbox 2361 896 2436 950; x_wconf 87' lang='lat' dir='ltr'><strong>nil</strong></span> <span class='ocrx_word' id='word_1_142' title='bbox 2462 897 2528 951; x_wconf 90' lang='lat' dir='ltr'><strong>de</strong></span> <span class='ocrx_word' id='word_1_143' title='bbox 2552 893 2925 949; x_wconf 89' lang='lat' dir='ltr'><strong>misericordia</strong></span> <span class='ocrx_word' id='word_1_144' title='bbox 2954 892 3046 948; x_wconf 88' lang='lat' dir='ltr'><strong>Dei</strong></span> <span class='ocrx_word' id='word_1_145' title='bbox 3072 891 3333 947; x_wconf 82' lang='lat' dir='ltr'><strong>diﬂldere.</strong></span> 
     </span>
    </p>
   </div>
   <div class='ocr_carea' id='block_1_23' title="bbox 1757 972 3339 1057">
    <p class='ocr_par' dir='ltr' id='par_1_23' title="bbox 1757 972 3339 1057">
     <span class='ocr_line' id='line_1_23' title="bbox 1757 972 3339 1057; baseline 0 -19"><span class='ocrx_word' id='word_1_146' title='bbox 1757 985 1911 1053; x_wconf 83' lang='lat' dir='ltr'><strong>Quod</strong></span> <span class='ocrx_word' id='word_1_147' title='bbox 1936 1000 2059 1042; x_wconf 90' lang='lat' dir='ltr'><strong>cum</strong></span> <span class='ocrx_word' id='word_1_148' title='bbox 2109 986 2199 1042; x_wconf 91' lang='lat' dir='ltr'><strong>ille</strong></span> <span class='ocrx_word' id='word_1_149' title='bbox 2247 972 2462 1043; x_wconf 88' lang='lat' dir='ltr'><strong>mature</strong></span> <span class='ocrx_word' id='word_1_150' title='bbox 2512 986 2736 1057; x_wconf 85' lang='lat' dir='ltr'><strong>implere</strong></span> <span class='ocrx_word' id='word_1_151' title='bbox 2774 994 3111 1056; x_wconf 84' lang='lat' dir='ltr'><strong>properaret,</strong></span> <span class='ocrx_word' id='word_1_152' title='bbox 3154 984 3339 1039; x_wconf 78' lang='lat' dir='ltr'><strong>laxato</strong></span> 
     </span>
    </p>
   </div>
   <div class='ocr_carea' id='block_1_24' title="bbox 1754 1073 3338 1147">
    <p class='ocr_par' dir='ltr' id='par_1_24' title="bbox 1754 1073 3338 1147">
     <span class='ocr_line' id='line_1_24' title="bbox 1754 1073 3338 1147; baseline 0.001 -18"><span class='ocrx_word' id='word_1_153' title='bbox 1754 1074 1859 1129; x_wconf 81' lang='lat' dir='ltr'><strong>&#39;reti</strong></span> <span class='ocrx_word' id='word_1_154' title='bbox 1892 1073 1945 1129; x_wconf 90' lang='lat' dir='ltr'><strong>in</strong></span> <span class='ocrx_word' id='word_1_155' title='bbox 1978 1090 2138 1147; x_wconf 89' lang='lat' dir='ltr'><strong>aqua,</strong></span> <span class='ocrx_word' id='word_1_156' title='bbox 2171 1076 2225 1130; x_wconf 91' lang='lat' dir='ltr'><strong>in</strong></span> <span class='ocrx_word' id='word_1_157' title='bbox 2272 1075 2438 1132; x_wconf 88' lang='lat' dir='ltr'><strong>verbo</strong></span> <span class='ocrx_word' id='word_1_158' title='bbox 2483 1075 2585 1131; x_wconf 88' lang='lat' dir='ltr'><strong>viri</strong></span> <span class='ocrx_word' id='word_1_159' title='bbox 2619 1075 2735 1141; x_wconf 87' lang='lat' dir='ltr'><strong>Dei,</strong></span> <span class='ocrx_word' id='word_1_160' title='bbox 2783 1076 2968 1131; x_wconf 92' lang='lat' dir='ltr'><strong>statim</strong></span> <span class='ocrx_word' id='word_1_161' title='bbox 3010 1084 3137 1130; x_wconf 88' lang='lat' dir='ltr'><strong>octo</strong></span> <span class='ocrx_word' id='word_1_162' title='bbox 3168 1073 3338 1131; x_wconf 85' lang='lat' dir='ltr'><strong>lucios</strong></span> 
     </span>
    </p>
   </div>
   <div class='ocr_carea' id='block_1_25' title="bbox 1757 1167 3344 1240">
    <p class='ocr_par' dir='ltr' id='par_1_25' title="bbox 1757 1167 3344 1240">
     <span class='ocr_line' id='line_1_25' title="bbox 1757 1167 3344 1240; baseline 0.002 -19"><span class='ocrx_word' id='word_1_163' title='bbox 1757 1167 2048 1223; x_wconf 88' lang='lat' dir='ltr'><strong>admodum</strong></span> <span class='ocrx_word' id='word_1_164' title='bbox 2091 1168 2324 1237; x_wconf 76' lang='lat' dir='ltr'><strong>grandes</strong></span> <span class='ocrx_word' id='word_1_165' title='bbox 2359 1168 2522 1240; x_wconf 89' lang='lat' dir='ltr'><strong>cepit,</strong></span> <span class='ocrx_word' id='word_1_166' title='bbox 2550 1176 2607 1223; x_wconf 90' lang='lat' dir='ltr'><strong>et</strong></span> <span class='ocrx_word' id='word_1_167' title='bbox 2639 1184 2762 1223; x_wconf 88' lang='lat' dir='ltr'><strong>cum</strong></span> <span class='ocrx_word' id='word_1_168' title='bbox 2792 1168 2993 1223; x_wconf 90' lang='lat' dir='ltr'><strong>eisdem</strong></span> <span class='ocrx_word' id='word_1_169' title='bbox 3044 1167 3223 1223; x_wconf 87' lang='lat' dir='ltr'><strong>adhuc</strong></span> <span class='ocrx_word' id='word_1_170' title='bbox 3247 1179 3344 1224; x_wconf 80' lang='lat' dir='ltr'><strong>re-</strong></span> 
     </span>
    </p>
   </div>
   <div class='ocr_carea' id='block_1_26' title="bbox 1758 1256 3342 1330">
    <p class='ocr_par' dir='ltr' id='par_1_26' title="bbox 1758 1256 3342 1330">
     <span class='ocr_line' id='line_1_26' title="bbox 1758 1256 3342 1330; baseline 0.003 -18"><span class='ocrx_word' id='word_1_171' title='bbox 1758 1256 1829 1314; x_wconf 89' lang='lat' dir='ltr'><strong>tis</strong></span> <span class='ocrx_word' id='word_1_172' title='bbox 1864 1257 1978 1313; x_wconf 91' lang='lat' dir='ltr'><strong>lino</strong></span> <span class='ocrx_word' id='word_1_173' title='bbox 2031 1258 2288 1315; x_wconf 85' lang='lat' dir='ltr'><strong>involutis</strong></span> <span class='ocrx_word' id='word_1_174' title='bbox 2341 1259 2409 1314; x_wconf 90' lang='lat' dir='ltr'><strong>ad</strong></span> <span class='ocrx_word' id='word_1_175' title='bbox 2455 1259 2649 1314; x_wconf 69' lang='lat' dir='ltr'><strong>viru&#39;tn-</strong></span> <span class='ocrx_word' id='word_1_176' title='bbox 2683 1259 2777 1315; x_wconf 90' lang='lat' dir='ltr'><strong>Dei</strong></span> <span class='ocrx_word' id='word_1_177' title='bbox 2833 1260 3130 1330; x_wconf 84' lang='lat' dir='ltr'><strong>repedavit.</strong></span> <span class='ocrx_word' id='word_1_178' title='bbox 3184 1258 3342 1317; x_wconf 83' lang='lat' dir='ltr'><strong>Tunc</strong></span> 
     </span>
    </p>
   </div>
   <div class='ocr_carea' id='block_1_27' title="bbox 1757 1348 3341 1422">
    <p class='ocr_par' dir='ltr' id='par_1_27' title="bbox 1757 1348 3341 1422">
     <span class='ocr_line' id='line_1_27' title="bbox 1757 1348 3341 1422; baseline 0.002 -18"><span class='ocrx_word' id='word_1_179' title='bbox 1757 1348 2179 1419; x_wconf 81' lang='lat' dir='ltr'><strong>benignissimus</strong></span> <span class='ocrx_word' id='word_1_180' title='bbox 2209 1349 2372 1405; x_wconf 88' lang='lat' dir='ltr'><strong>Pater</strong></span> <span class='ocrx_word' id='word_1_181' title='bbox 2419 1349 2581 1420; x_wconf 88' lang='lat' dir='ltr'><strong>jussit</strong></span> <span class='ocrx_word' id='word_1_182' title='bbox 2626 1365 2815 1406; x_wconf 91' lang='lat' dir='ltr'><strong>omnes</strong></span> <span class='ocrx_word' id='word_1_183' title='bbox 2852 1365 3117 1422; x_wconf 85' lang='lat' dir='ltr'><strong>pauperes</strong></span> <span class='ocrx_word' id='word_1_184' title='bbox 3155 1351 3246 1421; x_wconf 90' lang='lat' dir='ltr'><strong>qui</strong></span> <span class='ocrx_word' id='word_1_185' title='bbox 3283 1350 3341 1407; x_wconf 89' lang='lat' dir='ltr'><strong>in</strong></span> 
     </span>
    </p>
   </div>
   <div class='ocr_carea' id='block_1_28' title="bbox 1758 1438 3338 1514">
    <p class='ocr_par' dir='ltr' id='par_1_28' title="bbox 1758 1438 3338 1514">
     <span class='ocr_line' id='line_1_28' title="bbox 1758 1438 3338 1514; baseline 0.001 -18"><span class='ocrx_word' id='word_1_186' title='bbox 1758 1441 1946 1497; x_wconf 91' lang='lat' dir='ltr'><strong>eadem</strong></span> <span class='ocrx_word' id='word_1_187' title='bbox 1994 1440 2118 1496; x_wconf 88' lang='lat' dir='ltr'><strong>villa</strong></span> <span class='ocrx_word' id='word_1_188' title='bbox 2168 1451 2391 1513; x_wconf 83' lang='lat' dir='ltr'><strong>possent</strong></span> <span class='ocrx_word' id='word_1_189' title='bbox 2429 1442 2657 1497; x_wconf 86' lang='lat' dir='ltr'><strong>inveniri</strong></span> <span class='ocrx_word' id='word_1_190' title='bbox 2682 1443 2750 1497; x_wconf 90' lang='lat' dir='ltr'><strong>ad</strong></span> <span class='ocrx_word' id='word_1_191' title='bbox 2771 1438 3059 1514; x_wconf 85' lang='lat' dir='ltr'><strong>prandium</strong></span> <span class='ocrx_word' id='word_1_192' title='bbox 3091 1442 3338 1508; x_wconf 86' lang='lat' dir='ltr'><strong>invitari,</strong></span> 
     </span>
    </p>
   </div>
   <div class='ocr_carea' id='block_1_29' title="bbox 1748 1533 3343 1606">
    <p class='ocr_par' dir='ltr' id='par_1_29' title="bbox 1748 1533 3343 1606">
     <span class='ocr_line' id='line_1_29' title="bbox 1748 1533 3343 1606; baseline 0.001 -18"><span class='ocrx_word' id='word_1_193' title='bbox 1748 1536 1809 1589; x_wconf 87' lang='lat' dir='ltr'><strong>et</strong></span> <span class='ocrx_word' id='word_1_194' title='bbox 1858 1533 2074 1589; x_wconf 87' lang='lat' dir='ltr'><strong>eosdem</strong></span> <span class='ocrx_word' id='word_1_195' title='bbox 2132 1534 2310 1605; x_wconf 86' lang='lat' dir='ltr'><strong>pisces</strong></span> <span class='ocrx_word' id='word_1_196' title='bbox 2353 1535 2435 1591; x_wconf 89' lang='lat' dir='ltr'><strong>eis</strong></span> <span class='ocrx_word' id='word_1_197' title='bbox 2478 1536 2545 1590; x_wconf 89' lang='lat' dir='ltr'><strong>ad</strong></span> <span class='ocrx_word' id='word_1_198' title='bbox 2593 1533 2939 1590; x_wconf 81' lang='lat' dir='ltr'><strong>refectionem</strong></span> <span class='ocrx_word' id='word_1_199' title='bbox 2975 1544 3196 1605; x_wconf 85' lang='lat' dir='ltr'><strong>paratos</strong></span> <span class='ocrx_word' id='word_1_200' title='bbox 3241 1549 3343 1606; x_wconf 84' lang='lat' dir='ltr'><strong>ap-</strong></span> 
     </span>
    </p>
   </div>
   <div class='ocr_carea' id='block_1_30' title="bbox 1830 1641 1908 1679">
    <p class='ocr_par' dir='ltr' id='par_1_30' title="bbox 1830 1641 1908 1679">
     <span class='ocr_line' id='line_1_30' title="bbox 1830 1641 1908 1679; baseline 0 -1"><span class='ocrx_word' id='word_1_201' title='bbox 1830 1641 1908 1679; x_wconf 77' lang='lat' dir='ltr'><strong>Ill.</strong></span> 
     </span>
    </p>
   </div>
   <div class='ocr_carea' id='block_1_31' title="bbox 1756 1639 3342 1803">
    <p class='ocr_par' dir='ltr' id='par_1_31' title="bbox 1756 1639 3342 1803">
     <span class='ocr_line' id='line_1_31' title="bbox 1756 1639 3342 1803; baseline 0.002 -34"><span class='ocrx_word' id='word_1_202' title='bbox 1960 1714 2095 1771; x_wconf 85' lang='lat' dir='ltr'><strong>item</strong></span> <span class='ocrx_word' id='word_1_203' title='bbox 2118 1715 2245 1772; x_wconf 90' lang='lat' dir='ltr'><strong>dum</strong></span> <span class='ocrx_word' id='word_1_204' title='bbox 2265 1718 2508 1788; x_wconf 83' lang='lat' dir='ltr'><strong>quadam</strong></span> <span class='ocrx_word' id='word_1_205' title='bbox 2550 1715 2639 1772; x_wconf 89' lang='lat' dir='ltr'><strong>die</strong></span> <span class='ocrx_word' id='word_1_206' title='bbox 2674 1716 2758 1772; x_wconf 88' lang='lat' dir='ltr'><strong>vir</strong></span> <span class='ocrx_word' id='word_1_207' title='bbox 2783 1715 2878 1772; x_wconf 87' lang='lat' dir='ltr'><strong>Dei</strong></span> <span class='ocrx_word' id='word_1_208' title='bbox 2910 1715 3342 1787; x_wconf 88' lang='lat' dir='ltr'><strong>eleemosynario</strong></span> 
     </span>
    </p>
   </div>
   <div class='ocr_carea' id='block_1_32' title="bbox 1760 1810 3347 1883">
    <p class='ocr_par' dir='ltr' id='par_1_32' title="bbox 1760 1810 3347 1883">
     <span class='ocr_line' id='line_1_32' title="bbox 1760 1810 3347 1883; baseline -0.001 -18"><span class='ocrx_word' id='word_1_209' title='bbox 1760 1810 2083 1882; x_wconf 71' lang='lat' dir='ltr'><strong>prmciperet</strong></span> <span class='ocrx_word' id='word_1_210' title='bbox 2136 1820 2196 1866; x_wconf 90' lang='lat' dir='ltr'><strong>ut</strong></span> <span class='ocrx_word' id='word_1_211' title='bbox 2242 1813 2510 1883; x_wconf 85' lang='lat' dir='ltr'><strong>stipendia</strong></span> <span class='ocrx_word' id='word_1_212' title='bbox 2563 1811 2892 1883; x_wconf 87' lang='lat' dir='ltr'><strong>pauperibus</strong></span> <span class='ocrx_word' id='word_1_213' title='bbox 2939 1810 3102 1866; x_wconf 89' lang='lat' dir='ltr'><strong>solito</strong></span> <span class='ocrx_word' id='word_1_214' title='bbox 3141 1810 3347 1881; x_wconf 77' lang='lat' dir='ltr'><strong>largius</strong></span> 
     </span>
    </p>
   </div>
   <div class='ocr_carea' id='block_1_33' title="bbox 129 1898 3344 1974">
    <p class='ocr_par' dir='ltr' id='par_1_33' title="bbox 129 1898 3344 1974">
     <span class='ocr_line' id='line_1_33' title="bbox 129 1898 3344 1974; baseline 0.002 -26"><span class='ocrx_word' id='word_1_215' title='bbox 129 1904 208 1960; x_wconf 86' lang='lat' dir='ltr'><strong>tes,</strong></span> <span class='ocrx_word' id='word_1_216' title='bbox 229 1911 312 1967; x_wconf 89' lang='lat' dir='ltr'><strong>pro</strong></span> <span class='ocrx_word' id='word_1_217' title='bbox 330 1898 509 1970; x_wconf 88' lang='lat' dir='ltr'><strong>spoliis</strong></span> <span class='ocrx_word' id='word_1_218' title='bbox 534 1900 642 1955; x_wconf 90' lang='lat' dir='ltr'><strong>vim</strong></span> <span class='ocrx_word' id='word_1_219' title='bbox 676 1901 759 1956; x_wconf 90' lang='lat' dir='ltr'><strong>eis</strong></span> <span class='ocrx_word' id='word_1_220' title='bbox 788 1901 1119 1968; x_wconf 86' lang='lat' dir='ltr'><strong>intulerunt;</strong></span> <span class='ocrx_word' id='word_1_221' title='bbox 1162 1901 1256 1957; x_wconf 86' lang='lat' dir='ltr'><strong>sed</strong></span> <span class='ocrx_word' id='word_1_222' title='bbox 1290 1900 1362 1956; x_wconf 89' lang='lat' dir='ltr'><strong>illi</strong></span> <span class='ocrx_word' id='word_1_223' title='bbox 1394 1901 1504 1957; x_wconf 91' lang='lat' dir='ltr'><strong>Deo</strong></span> <span class='ocrx_word' id='word_1_224' title='bbox 1534 1918 1655 1973; x_wconf 88' lang='lat' dir='ltr'><strong>pro-</strong></span> <span class='ocrx_word' id='word_1_225' title='bbox 1686 1901 1731 1961; x_wconf 90' lang='lat' dir='ltr'><strong>B</strong></span> <span class='ocrx_word' id='word_1_226' title='bbox 1760 1910 2114 1974; x_wconf 61' lang='lat' dir='ltr'><strong>praepararet,</strong></span> <span class='ocrx_word' id='word_1_227' title='bbox 2172 1904 2379 1960; x_wconf 82' lang='lat' dir='ltr'><strong>audivit</strong></span> <span class='ocrx_word' id='word_1_228' title='bbox 2431 1902 2499 1959; x_wconf 84' lang='lat' dir='ltr'><strong>ab</strong></span> <span class='ocrx_word' id='word_1_229' title='bbox 2547 1919 2613 1960; x_wconf 91' lang='lat' dir='ltr'><strong>eo</strong></span> <span class='ocrx_word' id='word_1_230' title='bbox 2661 1904 2728 1958; x_wconf 90' lang='lat' dir='ltr'><strong>ad</strong></span> <span class='ocrx_word' id='word_1_231' title='bbox 2775 1903 3143 1959; x_wconf 85' lang='lat' dir='ltr'><strong>conficiendos</strong></span> <span class='ocrx_word' id='word_1_232' title='bbox 3177 1917 3344 1973; x_wconf 88' lang='lat' dir='ltr'><strong>panes</strong></span> 
     </span>
    </p>
   </div>
   <div class='ocr_carea' id='block_1_34' title="bbox 128 1991 1654 2064">
    <p class='ocr_par' dir='ltr' id='par_1_34' title="bbox 128 1991 1654 2064">
     <span class='ocr_line' id='line_1_34' title="bbox 128 1991 1654 2064; baseline 0.008 -25"><span class='ocrx_word' id='word_1_233' title='bbox 128 1994 303 2057; x_wconf 79' lang='lat' dir='ltr'><strong>tegente</strong></span> <span class='ocrx_word' id='word_1_234' title='bbox 351 1991 495 2049; x_wconf 66' lang='lat' dir='ltr'><strong>illaesi</strong></span> <span class='ocrx_word' id='word_1_235' title='bbox 546 2009 670 2049; x_wconf 89' lang='lat' dir='ltr'><strong>cum</strong></span> <span class='ocrx_word' id='word_1_236' title='bbox 712 1993 875 2050; x_wconf 87' lang='lat' dir='ltr'><strong>rebus</strong></span> <span class='ocrx_word' id='word_1_237' title='bbox 916 1994 1031 2052; x_wconf 89' lang='lat' dir='ltr'><strong>suis</strong></span> <span class='ocrx_word' id='word_1_238' title='bbox 1075 2002 1389 2058; x_wconf 88' lang='lat' dir='ltr'><strong>evaserunt,</strong></span> <span class='ocrx_word' id='word_1_239' title='bbox 1426 2004 1654 2064; x_wconf 78' lang='lat' dir='ltr'><strong>excepto</strong></span> 
     </span>
    </p>
   </div>
   <div class='ocr_carea' id='block_1_35' title="bbox 127 2081 1656 2154">
    <p class='ocr_par' dir='ltr' id='par_1_35' title="bbox 127 2081 1656 2154">
     <span class='ocr_line' id='line_1_35' title="bbox 127 2081 1656 2154; baseline 0.005 -19"><span class='ocrx_word' id='word_1_240' title='bbox 127 2086 243 2148; x_wconf 87' lang='lat' dir='ltr'><strong>quod</strong></span> <span class='ocrx_word' id='word_1_241' title='bbox 281 2081 457 2141; x_wconf 86' lang='lat' dir='ltr'><strong>fratris</strong></span> <span class='ocrx_word' id='word_1_242' title='bbox 497 2086 871 2154; x_wconf 70' lang='lat' dir='ltr'><strong>prmnominati</strong></span> <span class='ocrx_word' id='word_1_243' title='bbox 903 2087 1152 2143; x_wconf 83' lang='lat' dir='ltr'><strong>dextrum</strong></span> <span class='ocrx_word' id='word_1_244' title='bbox 1186 2090 1490 2152; x_wconf 81' lang='lat' dir='ltr'><strong>brachium,</strong></span> <span class='ocrx_word' id='word_1_245' title='bbox 1532 2103 1656 2154; x_wconf 57' lang='lat' dir='ltr'><strong>pet~</strong></span> 
     </span>
    </p>
   </div>
   <div class='ocr_carea' id='block_1_36' title="bbox 126 2170 1654 2243">
    <p class='ocr_par' dir='ltr' id='par_1_36' title="bbox 126 2170 1654 2243">
     <span class='ocr_line' id='line_1_36' title="bbox 126 2170 1654 2243; baseline 0.012 -21"><span class='ocrx_word' id='word_1_246' title='bbox 126 2170 406 2231; x_wconf 78' lang='lat' dir='ltr'><strong>rudentibus</strong></span> <span class='ocrx_word' id='word_1_247' title='bbox 456 2177 789 2232; x_wconf 84' lang='lat' dir='ltr'><strong>adversariis</strong></span> <span class='ocrx_word' id='word_1_248' title='bbox 815 2216 831 2243; x_wconf 94' lang='lat'><strong>,</strong></span> <span class='ocrx_word' id='word_1_249' title='bbox 886 2177 1026 2234; x_wconf 91' lang='lat' dir='ltr'><strong>adeo</strong></span> <span class='ocrx_word' id='word_1_250' title='bbox 1068 2188 1153 2235; x_wconf 80' lang='lat' dir='ltr'><strong>est</strong></span> <span class='ocrx_word' id='word_1_251' title='bbox 1197 2181 1538 2239; x_wconf 85' lang='lat' dir='ltr'><strong>debilitatum</strong></span> <span class='ocrx_word' id='word_1_252' title='bbox 1586 2180 1654 2240; x_wconf 86' lang='lat' dir='ltr'><strong>ut</strong></span> 
     </span>
    </p>
   </div>
   <div class='ocr_carea' id='block_1_37' title="bbox 126 2257 1652 2340">
    <p class='ocr_par' dir='ltr' id='par_1_37' title="bbox 126 2257 1652 2340">
     <span class='ocr_line' id='line_1_37' title="bbox 126 2257 1652 2340; baseline 0.014 -28"><span class='ocrx_word' id='word_1_253' title='bbox 126 2257 319 2318; x_wconf 82' lang='lat' dir='ltr'><strong>fasciolis</strong></span> <span class='ocrx_word' id='word_1_254' title='bbox 359 2263 483 2321; x_wconf 88' lang='lat' dir='ltr'><strong>illttd</strong></span> <span class='ocrx_word' id='word_1_255' title='bbox 537 2267 606 2322; x_wconf 90' lang='lat' dir='ltr'><strong>ad</strong></span> <span class='ocrx_word' id='word_1_256' title='bbox 647 2266 844 2323; x_wconf 89' lang='lat' dir='ltr'><strong>collum</strong></span> <span class='ocrx_word' id='word_1_257' title='bbox 894 2266 1108 2340; x_wconf 89' lang='lat' dir='ltr'><strong>ligaret,</strong></span> <span class='ocrx_word' id='word_1_258' title='bbox 1143 2281 1199 2327; x_wconf 93' lang='lat' dir='ltr'><strong>et</strong></span> <span class='ocrx_word' id='word_1_259' title='bbox 1229 2273 1457 2329; x_wconf 90' lang='lat' dir='ltr'><strong>ulterius</strong></span> <span class='ocrx_word' id='word_1_260' title='bbox 1496 2292 1652 2333; x_wconf 84' lang='lat' dir='ltr'><strong>usum</strong></span> 
     </span>
    </p>
   </div>
   <div class='ocr_carea' id='block_1_38' title="bbox 125 2353 1655 2427">
    <p class='ocr_par' dir='ltr' id='par_1_38' title="bbox 125 2353 1655 2427">
     <span class='ocr_line' id='line_1_38' title="bbox 125 2353 1655 2427; baseline 0.01 -18"><span class='ocrx_word' id='word_1_261' title='bbox 125 2353 216 2425; x_wconf 85' lang='lat' dir='ltr'><strong>ejus</strong></span> <span class='ocrx_word' id='word_1_262' title='bbox 251 2354 487 2425; x_wconf 24' lang='lat' dir='ltr'><strong>recipere.</strong></span> <span class='ocrx_word' id='word_1_263' title='bbox 519 2356 855 2427; x_wconf 85' lang='lat' dir='ltr'><strong>desperaret.</strong></span> <span class='ocrx_word' id='word_1_264' title='bbox 886 2359 1015 2417; x_wconf 87' lang='lat' dir='ltr'><strong>Post</strong></span> <span class='ocrx_word' id='word_1_265' title='bbox 1042 2363 1145 2418; x_wconf 88' lang='lat' dir='ltr'><strong>hoc</strong></span> <span class='ocrx_word' id='word_1_266' title='bbox 1171 2372 1225 2418; x_wconf 90' lang='lat' dir='ltr'><strong>et</strong></span> <span class='ocrx_word' id='word_1_267' title='bbox 1252 2364 1395 2419; x_wconf 89' lang='lat' dir='ltr'><strong>aliud</strong></span> <span class='ocrx_word' id='word_1_268' title='bbox 1424 2365 1655 2424; x_wconf 91' lang='lat' dir='ltr'><strong>infortu-</strong></span> 
     </span>
    </p>
   </div>
   <div class='ocr_carea' id='block_1_39' title="bbox 123 2442 1651 2525">
    <p class='ocr_par' dir='ltr' id='par_1_39' title="bbox 123 2442 1651 2525">
     <span class='ocr_line' id='line_1_39' title="bbox 123 2442 1651 2525; baseline 0.011 -29"><span class='ocrx_word' id='word_1_269' title='bbox 123 2444 242 2501; x_wconf 88' lang='lat' dir='ltr'><strong>nium</strong></span> <span class='ocrx_word' id='word_1_270' title='bbox 265 2442 581 2505; x_wconf 75' lang='lat' dir='ltr'><strong>intiderunt.</strong></span> <span class='ocrx_word' id='word_1_271' title='bbox 609 2444 743 2502; x_wconf 81' lang='lat' dir='ltr'><strong>Nam</strong></span> <span class='ocrx_word' id='word_1_272' title='bbox 767 2464 931 2506; x_wconf 91' lang='lat' dir='ltr'><strong>unum</strong></span> <span class='ocrx_word' id='word_1_273' title='bbox 959 2451 1026 2507; x_wconf 89' lang='lat' dir='ltr'><strong>de</strong></span> <span class='ocrx_word' id='word_1_274' title='bbox 1055 2451 1212 2508; x_wconf 91' lang='lat' dir='ltr'><strong>doliis</strong></span> <span class='ocrx_word' id='word_1_275' title='bbox 1253 2453 1470 2523; x_wconf 91' lang='lat' dir='ltr'><strong>plenum</strong></span> <span class='ocrx_word' id='word_1_276' title='bbox 1503 2458 1651 2525; x_wconf 87' lang='lat' dir='ltr'><strong>vino,</strong></span> 
     </span>
    </p>
   </div>
   <div class='ocr_carea' id='block_1_40' title="bbox 124 2533 1649 2615">
    <p class='ocr_par' dir='ltr' id='par_1_40' title="bbox 124 2533 1649 2615">
     <span class='ocr_line' id='line_1_40' title="bbox 124 2533 1649 2615; baseline 0.008 -27"><span class='ocrx_word' id='word_1_277' title='bbox 124 2534 236 2599; x_wconf 87' lang='lat' dir='ltr'><strong>quod</strong></span> <span class='ocrx_word' id='word_1_278' title='bbox 282 2533 583 2609; x_wconf 76' lang='lat' dir='ltr'><strong>specialiter</strong></span> <span class='ocrx_word' id='word_1_279' title='bbox 624 2536 695 2591; x_wconf 90' lang='lat' dir='ltr'><strong>ad</strong></span> <span class='ocrx_word' id='word_1_280' title='bbox 732 2537 1134 2611; x_wconf 85' lang='lat' dir='ltr'><strong>eleemosynam</strong></span> <span class='ocrx_word' id='word_1_281' title='bbox 1177 2541 1278 2597; x_wconf 88' lang='lat' dir='ltr'><strong>fuit</strong></span> <span class='ocrx_word' id='word_1_282' title='bbox 1310 2545 1649 2615; x_wconf 87' lang='lat' dir='ltr'><strong>deputatum,</strong></span> 
     </span>
    </p>
   </div>
   <div class='ocr_carea' id='block_1_41' title="bbox 123 2627 1652 2701">
    <p class='ocr_par' dir='ltr' id='par_1_41' title="bbox 123 2627 1652 2701">
     <span class='ocr_line' id='line_1_41' title="bbox 123 2627 1652 2701; baseline 0.008 -22"><span class='ocrx_word' id='word_1_283' title='bbox 123 2637 331 2697; x_wconf 73' lang='lat' dir='ltr'><strong>vergente</strong></span> <span class='ocrx_word' id='word_1_284' title='bbox 356 2630 615 2700; x_wconf 89' lang='lat' dir='ltr'><strong>plaustro.</strong></span> <span class='ocrx_word' id='word_1_285' title='bbox 639 2627 699 2688; x_wconf 90' lang='lat' dir='ltr'><strong>in</strong></span> <span class='ocrx_word' id='word_1_286' title='bbox 724 2628 936 2686; x_wconf 83' lang='lat' dir='ltr'><strong>foveam</strong></span> <span class='ocrx_word' id='word_1_287' title='bbox 964 2632 1183 2701; x_wconf 90' lang='lat' dir='ltr'><strong>cecidit,</strong></span> <span class='ocrx_word' id='word_1_288' title='bbox 1215 2645 1271 2691; x_wconf 91' lang='lat' dir='ltr'><strong>et</strong></span> <span class='ocrx_word' id='word_1_289' title='bbox 1299 2637 1483 2692; x_wconf 88' lang='lat' dir='ltr'><strong>vinum</strong></span> <span class='ocrx_word' id='word_1_290' title='bbox 1512 2636 1652 2693; x_wconf 85' lang='lat' dir='ltr'><strong>effu-</strong></span> 
     </span>
    </p>
   </div>
   <div class='ocr_carea' id='block_1_42' title="bbox 116 2712 1660 2787">
    <p class='ocr_par' dir='ltr' id='par_1_42' title="bbox 116 2712 1660 2787">
     <span class='ocr_line' id='line_1_42' title="bbox 116 2712 1660 2787; baseline 0.011 -25"><span class='ocrx_word' id='word_1_291' title='bbox 116 2725 212 2763; x_wconf 84' lang='lat' dir='ltr'><strong>sum</strong></span> <span class='ocrx_word' id='word_1_292' title='bbox 251 2712 298 2767; x_wconf 91' lang='lat' dir='ltr'><strong>in</strong></span> <span class='ocrx_word' id='word_1_293' title='bbox 335 2713 548 2771; x_wconf 90' lang='lat' dir='ltr'><strong>foveam</strong></span> <span class='ocrx_word' id='word_1_294' title='bbox 583 2716 697 2773; x_wconf 87' lang='lat' dir='ltr'><strong>fere</strong></span> <span class='ocrx_word' id='word_1_295' title='bbox 730 2719 971 2775; x_wconf 77' lang='lat' dir='ltr'><strong>deﬂuxit.</strong></span> <span class='ocrx_word' id='word_1_296' title='bbox 996 2720 1117 2787; x_wconf 91' lang='lat' dir='ltr'><strong>Quo</strong></span> <span class='ocrx_word' id='word_1_297' title='bbox 1153 2738 1184 2777; x_wconf 89' lang='lat' dir='ltr'><strong>a</strong></span> <span class='ocrx_word' id='word_1_298' title='bbox 1227 2721 1523 2779; x_wconf 85' lang='lat' dir='ltr'><strong>rusticanis</strong></span> <span class='ocrx_word' id='word_1_299' title='bbox 1562 2737 1660 2778; x_wconf 77' lang='lat' dir='ltr'><strong>ex-</strong></span> 
     </span>
    </p>
   </div>
   <div class='ocr_carea' id='block_1_43' title="bbox 119 2798 1660 2887">
    <p class='ocr_par' dir='ltr' id='par_1_43' title="bbox 119 2798 1660 2887">
     <span class='ocr_line' id='line_1_43' title="bbox 119 2798 1660 2887; baseline 0.011 -32"><span class='ocrx_word' id='word_1_300' title='bbox 119 2798 294 2869; x_wconf 82' lang='lat' dir='ltr'><strong>hausto,</strong></span> <span class='ocrx_word' id='word_1_301' title='bbox 318 2805 574 2879; x_wconf 87' lang='lat' dir='ltr'><strong>dolioque</strong></span> <span class='ocrx_word' id='word_1_302' title='bbox 599 2823 774 2864; x_wconf 89' lang='lat' dir='ltr'><strong>vacuo</strong></span> <span class='ocrx_word' id='word_1_303' title='bbox 805 2825 969 2882; x_wconf 90' lang='lat' dir='ltr'><strong>super</strong></span> <span class='ocrx_word' id='word_1_304' title='bbox 1007 2813 1310 2884; x_wconf 84' lang='lat' dir='ltr'><strong>plaustrum</strong></span> <span class='ocrx_word' id='word_1_305' title='bbox 1338 2815 1536 2883; x_wconf 84' lang='lat' dir='ltr'><strong>levato,</strong></span> <span class='ocrx_word' id='word_1_306' title='bbox 1562 2815 1660 2887; x_wconf 85' lang='lat' dir='ltr'><strong>qui</strong></span> 
     </span>
    </p>
   </div>
   <div class='ocr_carea' id='block_1_44' title="bbox 117 2890 1663 2978">
    <p class='ocr_par' dir='ltr' id='par_1_44' title="bbox 117 2890 1663 2978">
     <span class='ocr_line' id='line_1_44' title="bbox 117 2890 1663 2978; baseline 0.011 -33"><span class='ocrx_word' id='word_1_307' title='bbox 117 2890 332 2951; x_wconf 81' lang='lat' dir='ltr'><strong>damnum</strong></span> <span class='ocrx_word' id='word_1_308' title='bbox 380 2899 797 2970; x_wconf 89' lang='lat' dir='ltr'><strong>sustinuerunt,</strong></span> <span class='ocrx_word' id='word_1_309' title='bbox 846 2918 974 2959; x_wconf 88' lang='lat' dir='ltr'><strong>cum</strong></span> <span class='ocrx_word' id='word_1_310' title='bbox 1036 2905 1260 2962; x_wconf 59' lang='lat' dir='ltr'><strong>tristitia</strong></span> <span class='ocrx_word' id='word_1_311' title='bbox 1314 2923 1512 2978; x_wconf 89' lang='lat' dir='ltr'><strong>magna</strong></span> <span class='ocrx_word' id='word_1_312' title='bbox 1559 2906 1663 2964; x_wconf 89' lang='lat' dir='ltr'><strong>iter</strong></span> 
     </span>
    </p>
   </div>
   <div class='ocr_carea' id='block_1_45' title="bbox 117 2992 1667 3067">
    <p class='ocr_par' dir='ltr' id='par_1_45' title="bbox 117 2992 1667 3067">
     <span class='ocr_line' id='line_1_45' title="bbox 117 2992 1667 3067; baseline 0.011 -29"><span class='ocrx_word' id='word_1_313' title='bbox 117 2995 311 3055; x_wconf 66' lang='lat' dir='ltr'><strong>carptum</strong></span> <span class='ocrx_word' id='word_1_314' title='bbox 333 2998 646 3048; x_wconf 89' lang='lat' dir='ltr'><strong>tenuerunt.</strong></span> <span class='ocrx_word' id='word_1_315' title='bbox 690 2992 762 3049; x_wconf 82' lang='lat' dir='ltr'><strong>At</strong></span> <span class='ocrx_word' id='word_1_316' title='bbox 812 2993 980 3051; x_wconf 87' lang='lat' dir='ltr'><strong>frater</strong></span> <span class='ocrx_word' id='word_1_317' title='bbox 1001 2996 1318 3067; x_wconf 64' lang='lat' dir='ltr'><strong>praedictus,</strong></span> <span class='ocrx_word' id='word_1_318' title='bbox 1343 2998 1548 3053; x_wconf 89' lang='lat' dir='ltr'><strong>relictis</strong></span> <span class='ocrx_word' id='word_1_319' title='bbox 1570 3014 1667 3054; x_wconf 79' lang='lat' dir='ltr'><strong>so-</strong></span> 
     </span>
    </p>
   </div>
   <div class='ocr_carea' id='block_1_46' title="bbox 112 3075 1668 3158">
    <p class='ocr_par' dir='ltr' id='par_1_46' title="bbox 112 3075 1668 3158">
     <span class='ocr_line' id='line_1_46' title="bbox 112 3075 1668 3158; baseline 0.011 -30"><span class='ocrx_word' id='word_1_320' title='bbox 112 3075 294 3144; x_wconf 38' lang='lat' dir='ltr'><strong>&#39;ciis,‘ad</strong></span> <span class='ocrx_word' id='word_1_321' title='bbox 321 3085 718 3141; x_wconf 86' lang='lat' dir='ltr'><strong>monasterium</strong></span> <span class='ocrx_word' id='word_1_322' title='bbox 756 3090 1136 3158; x_wconf 62' lang='lat' dir='ltr'><strong>praecucurrit,</strong></span> <span class='ocrx_word' id='word_1_323' title='bbox 1167 3098 1223 3145; x_wconf 92' lang='lat' dir='ltr'><strong>et</strong></span> <span class='ocrx_word' id='word_1_324' title='bbox 1250 3089 1368 3146; x_wconf 88' lang='lat' dir='ltr'><strong>viro</strong></span> <span class='ocrx_word' id='word_1_325' title='bbox 1402 3088 1498 3146; x_wconf 90' lang='lat' dir='ltr'><strong>Dei</strong></span> <span class='ocrx_word' id='word_1_326' title='bbox 1539 3091 1668 3145; x_wconf 86' lang='lat' dir='ltr'><strong>bra-</strong></span> 
     </span>
    </p>
   </div>
   <div class='ocr_carea' id='block_1_47' title="bbox 114 3168 1681 3257">
    <p class='ocr_par' dir='ltr' id='par_1_47' title="bbox 114 3168 1681 3257">
     <span class='ocr_line' id='line_1_47' title="bbox 114 3168 1681 3257; baseline 0.009 -34"><span class='ocrx_word' id='word_1_327' title='bbox 114 3168 200 3257; x_wconf 71' lang='lat' dir='ltr'><strong>chii</strong></span> <span class='ocrx_word' id='word_1_328' title='bbox 231 3174 305 3228; x_wconf 89' lang='lat' dir='ltr'><strong>sui</strong></span> <span class='ocrx_word' id='word_1_329' title='bbox 337 3174 640 3246; x_wconf 61' lang='lat' dir='ltr'><strong>lmsionem,</strong></span> <span class='ocrx_word' id='word_1_330' title='bbox 679 3192 807 3233; x_wconf 87' lang='lat' dir='ltr'><strong>cum</strong></span> <span class='ocrx_word' id='word_1_331' title='bbox 839 3178 1045 3235; x_wconf 87' lang='lat' dir='ltr'><strong>damno</strong></span> <span class='ocrx_word' id='word_1_332' title='bbox 1065 3179 1177 3234; x_wconf 86' lang='lat' dir='ltr'><strong>vini</strong></span> <span class='ocrx_word' id='word_1_333' title='bbox 1199 3179 1346 3251; x_wconf 90' lang='lat' dir='ltr'><strong>quod</strong></span> <span class='ocrx_word' id='word_1_334' title='bbox 1370 3177 1681 3257; x_wconf 81' lang='lat' dir='ltr'><strong>acciderat,</strong></span> 
     </span>
    </p>
   </div>
   <div class='ocr_carea' id='block_1_48' title="bbox 1760 1994 3344 2068">
    <p class='ocr_par' dir='ltr' id='par_1_48' title="bbox 1760 1994 3344 2068">
     <span class='ocr_line' id='line_1_48' title="bbox 1760 1994 3344 2068; baseline 0 -20"><span class='ocrx_word' id='word_1_335' title='bbox 1760 1994 1919 2065; x_wconf 87' lang='lat' dir='ltr'><strong>valde</strong></span> <span class='ocrx_word' id='word_1_336' title='bbox 1971 2011 2164 2066; x_wconf 89' lang='lat' dir='ltr'><strong>parum</strong></span> <span class='ocrx_word' id='word_1_337' title='bbox 2215 2012 2502 2068; x_wconf 90' lang='lat' dir='ltr'><strong>superesse</strong></span> <span class='ocrx_word' id='word_1_338' title='bbox 2524 1998 2592 2052; x_wconf 90' lang='lat' dir='ltr'><strong>de</strong></span> <span class='ocrx_word' id='word_1_339' title='bbox 2618 1996 2914 2051; x_wconf 91' lang='lat' dir='ltr'><strong>frumento.</strong></span> <span class='ocrx_word' id='word_1_340' title='bbox 2948 1995 3047 2067; x_wconf 77' lang='lat' dir='ltr'><strong>Qui</strong></span> <span class='ocrx_word' id='word_1_341' title='bbox 3064 1994 3252 2063; x_wconf 89' lang='lat' dir='ltr'><strong>jussus</strong></span> <span class='ocrx_word' id='word_1_342' title='bbox 3275 1994 3344 2048; x_wconf 87' lang='lat' dir='ltr'><strong>ab</strong></span> 
     </span>
    </p>
   </div>
   <div class='ocr_carea' id='block_1_49' title="bbox 1759 2084 3344 2161">
    <p class='ocr_par' dir='ltr' id='par_1_49' title="bbox 1759 2084 3344 2161">
     <span class='ocr_line' id='line_1_49' title="bbox 1759 2084 3344 2161; baseline -0.002 -18"><span class='ocrx_word' id='word_1_343' title='bbox 1759 2102 1827 2143; x_wconf 88' lang='lat' dir='ltr'><strong>eo</strong></span> <span class='ocrx_word' id='word_1_344' title='bbox 1875 2088 2191 2161; x_wconf 89' lang='lat' dir='ltr'><strong>diligentius</strong></span> <span class='ocrx_word' id='word_1_345' title='bbox 2254 2089 2454 2145; x_wconf 86' lang='lat' dir='ltr'><strong>intueri</strong></span> <span class='ocrx_word' id='word_1_346' title='bbox 2512 2099 2776 2161; x_wconf 89' lang='lat' dir='ltr'><strong>quantum</strong></span> <span class='ocrx_word' id='word_1_347' title='bbox 2825 2089 3178 2144; x_wconf 86' lang='lat' dir='ltr'><strong>remansisset</strong></span> <span class='ocrx_word' id='word_1_348' title='bbox 3228 2084 3344 2142; x_wconf 85' lang='lat' dir='ltr'><strong>fru-</strong></span> 
     </span>
    </p>
   </div>
   <div class='ocr_carea' id='block_1_50' title="bbox 1758 2177 3343 2249">
    <p class='ocr_par' dir='ltr' id='par_1_50' title="bbox 1758 2177 3343 2249">
     <span class='ocr_line' id='line_1_50' title="bbox 1758 2177 3343 2249; baseline 0.001 -17"><span class='ocrx_word' id='word_1_349' title='bbox 1758 2178 1951 2243; x_wconf 89' lang='lat' dir='ltr'><strong>menti,</strong></span> <span class='ocrx_word' id='word_1_350' title='bbox 1981 2187 2167 2249; x_wconf 90' lang='lat' dir='ltr'><strong>aperta</strong></span> <span class='ocrx_word' id='word_1_351' title='bbox 2192 2193 2343 2245; x_wconf 89' lang='lat' dir='ltr'><strong>arca,</strong></span> <span class='ocrx_word' id='word_1_352' title='bbox 2367 2179 2581 2234; x_wconf 87' lang='lat' dir='ltr'><strong>curiose</strong></span> <span class='ocrx_word' id='word_1_353' title='bbox 2610 2194 2733 2233; x_wconf 92' lang='lat' dir='ltr'><strong>cum</strong></span> <span class='ocrx_word' id='word_1_354' title='bbox 2757 2177 2868 2234; x_wconf 90' lang='lat' dir='ltr'><strong>alio</strong></span> <span class='ocrx_word' id='word_1_355' title='bbox 2894 2178 3063 2233; x_wconf 88' lang='lat' dir='ltr'><strong>fratre</strong></span> <span class='ocrx_word' id='word_1_356' title='bbox 3085 2177 3343 2248; x_wconf 79' lang='lat' dir='ltr'><strong>inspexit,</strong></span> 
     </span>
    </p>
   </div>
   <div class='ocr_carea' id='block_1_51' title="bbox 1756 2268 3343 2335">
    <p class='ocr_par' dir='ltr' id='par_1_51' title="bbox 1756 2268 3343 2335">
     <span class='ocr_line' id='line_1_51' title="bbox 1756 2268 3343 2335; baseline 0.002 -13"><span class='ocrx_word' id='word_1_357' title='bbox 1756 2268 2115 2335; x_wconf 90' lang='lat' dir='ltr'><strong>mensuravit,</strong></span> <span class='ocrx_word' id='word_1_358' title='bbox 2141 2268 2231 2323; x_wconf 85' lang='lat' dir='ltr'><strong>vix</strong></span> <span class='ocrx_word' id='word_1_359' title='bbox 2280 2284 2446 2323; x_wconf 86' lang='lat' dir='ltr'><strong>unum</strong></span> <span class='ocrx_word' id='word_1_360' title='bbox 2489 2270 2728 2324; x_wconf 88' lang='lat' dir='ltr'><strong>modium</strong></span> <span class='ocrx_word' id='word_1_361' title='bbox 2765 2268 2994 2335; x_wconf 87' lang='lat' dir='ltr'><strong>invenit,</strong></span> <span class='ocrx_word' id='word_1_362' title='bbox 3020 2277 3076 2324; x_wconf 90' lang='lat' dir='ltr'><strong>et</strong></span> <span class='ocrx_word' id='word_1_363' title='bbox 3096 2268 3215 2323; x_wconf 91' lang='lat' dir='ltr'><strong>viro</strong></span> <span class='ocrx_word' id='word_1_364' title='bbox 3246 2268 3343 2325; x_wconf 78' lang='lat' dir='ltr'><strong>Dei</strong></span> 
     </span>
    </p>
   </div>
   <div class='ocr_carea' id='block_1_52' title="bbox 1754 2356 3347 2425">
    <p class='ocr_par' dir='ltr' id='par_1_52' title="bbox 1754 2356 3347 2425">
     <span class='ocr_line' id='line_1_52' title="bbox 1754 2356 3347 2425; baseline 0.006 -16"><span class='ocrx_word' id='word_1_365' title='bbox 1754 2356 2040 2412; x_wconf 81' lang='lat' dir='ltr'><strong>veritatem</strong></span> <span class='ocrx_word' id='word_1_366' title='bbox 2070 2356 2349 2413; x_wconf 87' lang='lat' dir='ltr'><strong>indicavit.</strong></span> <span class='ocrx_word' id='word_1_367' title='bbox 2379 2357 2536 2413; x_wconf 73' lang='lat' dir='ltr'><strong>Mane</strong></span> <span class='ocrx_word' id='word_1_368' title='bbox 2556 2367 2739 2413; x_wconf 92' lang='lat' dir='ltr'><strong>autem</strong></span> <span class='ocrx_word' id='word_1_369' title='bbox 2766 2356 3074 2425; x_wconf 89' lang='lat' dir='ltr'><strong>facto,cum</strong></span> <span class='ocrx_word' id='word_1_370' title='bbox 3105 2357 3347 2418; x_wconf 85' lang='lat' dir='ltr'><strong>eleemo-</strong></span> 
     </span>
    </p>
   </div>
   <div class='ocr_carea' id='block_1_53' title="bbox 1754 2444 3344 2519">
    <p class='ocr_par' dir='ltr' id='par_1_53' title="bbox 1754 2444 3344 2519">
     <span class='ocr_line' id='line_1_53' title="bbox 1754 2444 3344 2519; baseline 0.001 -18"><span class='ocrx_word' id='word_1_371' title='bbox 1754 2446 2009 2517; x_wconf 83' lang='lat' dir='ltr'><strong>synarius</strong></span> <span class='ocrx_word' id='word_1_372' title='bbox 2047 2444 2201 2515; x_wconf 88' lang='lat' dir='ltr'><strong>jussa</strong></span> <span class='ocrx_word' id='word_1_373' title='bbox 2262 2446 2445 2502; x_wconf 87' lang='lat' dir='ltr'><strong>Patris</strong></span> <span class='ocrx_word' id='word_1_374' title='bbox 2488 2446 2811 2519; x_wconf 88' lang='lat' dir='ltr'><strong>impleturus</strong></span> <span class='ocrx_word' id='word_1_375' title='bbox 2856 2448 3104 2503; x_wconf 86' lang='lat' dir='ltr'><strong>eamdem</strong></span> <span class='ocrx_word' id='word_1_376' title='bbox 3159 2462 3344 2503; x_wconf 89' lang='lat' dir='ltr'><strong>arcam</strong></span> 
     </span>
    </p>
   </div>
   <div class='ocr_carea' id='block_1_54' title="bbox 1752 2536 3348 2606">
    <p class='ocr_par' dir='ltr' id='par_1_54' title="bbox 1752 2536 3348 2606">
     <span class='ocr_line' id='line_1_54' title="bbox 1752 2536 3348 2606; baseline 0.002 -15"><span class='ocrx_word' id='word_1_377' title='bbox 1752 2536 2017 2606; x_wconf 90' lang='lat' dir='ltr'><strong>aperiret,</strong></span> <span class='ocrx_word' id='word_1_378' title='bbox 2050 2536 2339 2593; x_wconf 89' lang='lat' dir='ltr'><strong>manifesta</strong></span> <span class='ocrx_word' id='word_1_379' title='bbox 2367 2539 2460 2594; x_wconf 88' lang='lat' dir='ltr'><strong>Dei</strong></span> <span class='ocrx_word' id='word_1_380' title='bbox 2491 2539 2689 2595; x_wconf 88' lang='lat' dir='ltr'><strong>virtute</strong></span> <span class='ocrx_word' id='word_1_381' title='bbox 2718 2538 2879 2594; x_wconf 85' lang='lat' dir='ltr'><strong>fidem</strong></span> <span class='ocrx_word' id='word_1_382' title='bbox 2902 2549 2956 2594; x_wconf 92' lang='lat' dir='ltr'><strong>et</strong></span> <span class='ocrx_word' id='word_1_383' title='bbox 2986 2538 3179 2596; x_wconf 83' lang='lat' dir='ltr'><strong>merita</strong></span> <span class='ocrx_word' id='word_1_384' title='bbox 3211 2538 3348 2594; x_wconf 87' lang='lat' dir='ltr'><strong>fide-</strong></span> 
     </span>
    </p>
   </div>
   <div class='ocr_carea' id='block_1_55' title="bbox 1753 2624 3346 2696">
    <p class='ocr_par' dir='ltr' id='par_1_55' title="bbox 1753 2624 3346 2696">
     <span class='ocr_line' id='line_1_55' title="bbox 1753 2624 3346 2696; baseline 0.001 -14"><span class='ocrx_word' id='word_1_385' title='bbox 1753 2626 1822 2682; x_wconf 89' lang='lat' dir='ltr'><strong>lis</strong></span> <span class='ocrx_word' id='word_1_386' title='bbox 1871 2625 2060 2682; x_wconf 88' lang='lat' dir='ltr'><strong>famuli</strong></span> <span class='ocrx_word' id='word_1_387' title='bbox 2104 2630 2184 2683; x_wconf 83' lang='lat' dir='ltr'><strong>sui</strong></span> <span class='ocrx_word' id='word_1_388' title='bbox 2230 2629 2543 2686; x_wconf 85' lang='lat' dir='ltr'><strong>dcclarantc</strong></span> <span class='ocrx_word' id='word_1_389' title='bbox 2571 2670 2586 2696; x_wconf 91' lang='lat'><strong>,</strong></span> <span class='ocrx_word' id='word_1_390' title='bbox 2640 2638 3018 2686; x_wconf 90' lang='lat' dir='ltr'><strong>summotenus</strong></span> <span class='ocrx_word' id='word_1_391' title='bbox 3069 2624 3346 2686; x_wconf 87' lang='lat' dir='ltr'><strong>frumento</strong></span> 
     </span>
    </p>
   </div>
   <div class='ocr_carea' id='block_1_56' title="bbox 1752 2717 3340 2793">
    <p class='ocr_par' dir='ltr' id='par_1_56' title="bbox 1752 2717 3340 2793">
     <span class='ocr_line' id='line_1_56' title="bbox 1752 2717 3340 2793; baseline 0.004 -22"><span class='ocrx_word' id='word_1_392' title='bbox 1752 2717 1967 2788; x_wconf 86' lang='lat' dir='ltr'><strong>plenam</strong></span> <span class='ocrx_word' id='word_1_393' title='bbox 2001 2718 2227 2787; x_wconf 89' lang='lat' dir='ltr'><strong>invenit,</strong></span> <span class='ocrx_word' id='word_1_394' title='bbox 2258 2736 2380 2790; x_wconf 85' lang='lat' dir='ltr'><strong>qua:</strong></span> <span class='ocrx_word' id='word_1_395' title='bbox 2422 2731 2530 2775; x_wconf 86' lang='lat' dir='ltr'><strong>tam</strong></span> <span class='ocrx_word' id='word_1_396' title='bbox 2585 2722 2805 2793; x_wconf 81' lang='lat' dir='ltr'><strong>grandis</strong></span> <span class='ocrx_word' id='word_1_397' title='bbox 2833 2732 2953 2777; x_wconf 91' lang='lat' dir='ltr'><strong>erat</strong></span> <span class='ocrx_word' id='word_1_398' title='bbox 2981 2722 3126 2793; x_wconf 89' lang='lat' dir='ltr'><strong>quod</strong></span> <span class='ocrx_word' id='word_1_399' title='bbox 3150 2722 3340 2793; x_wconf 87' lang='lat' dir='ltr'><strong>viginti</strong></span> 
     </span>
    </p>
   </div>
   <div class='ocr_carea' id='block_1_57' title="bbox 1751 2810 3348 2882">
    <p class='ocr_par' dir='ltr' id='par_1_57' title="bbox 1751 2810 3348 2882">
     <span class='ocr_line' id='line_1_57' title="bbox 1751 2810 3348 2882; baseline 0.003 -17"><span class='ocrx_word' id='word_1_400' title='bbox 1751 2810 1965 2866; x_wconf 90' lang='lat' dir='ltr'><strong>modios</strong></span> <span class='ocrx_word' id='word_1_401' title='bbox 1991 2826 2187 2882; x_wconf 86' lang='lat' dir='ltr'><strong>capere</strong></span> <span class='ocrx_word' id='word_1_402' title='bbox 2216 2812 2451 2868; x_wconf 88' lang='lat' dir='ltr'><strong>solebat.</strong></span> <span class='ocrx_word' id='word_1_403' title='bbox 2481 2814 2621 2881; x_wconf 85' lang='lat' dir='ltr'><strong>Quia</strong></span> <span class='ocrx_word' id='word_1_404' title='bbox 2655 2815 2799 2870; x_wconf 90' lang='lat' dir='ltr'><strong>enim</strong></span> <span class='ocrx_word' id='word_1_405' title='bbox 2830 2815 2916 2870; x_wconf 87' lang='lat' dir='ltr'><strong>vir</strong></span> <span class='ocrx_word' id='word_1_406' title='bbox 2945 2823 3170 2871; x_wconf 87' lang='lat' dir='ltr'><strong>sanctus</strong></span> <span class='ocrx_word' id='word_1_407' title='bbox 3200 2831 3348 2871; x_wconf 84' lang='lat' dir='ltr'><strong>seut-</strong></span> 
     </span>
    </p>
   </div>
   <div class='ocr_carea' id='block_1_58' title="bbox 1752 2901 3344 2971">
    <p class='ocr_par' dir='ltr' id='par_1_58' title="bbox 1752 2901 3344 2971">
     <span class='ocr_line' id='line_1_58' title="bbox 1752 2901 3344 2971; baseline 0.004 -17"><span class='ocrx_word' id='word_1_408' title='bbox 1752 2915 1851 2971; x_wconf 88' lang='lat' dir='ltr'><strong>per</strong></span> <span class='ocrx_word' id='word_1_409' title='bbox 1869 2902 1936 2956; x_wconf 90' lang='lat' dir='ltr'><strong>ad</strong></span> <span class='ocrx_word' id='word_1_410' title='bbox 1968 2901 2070 2957; x_wconf 81' lang='lat' dir='ltr'><strong>hoc</strong></span> <span class='ocrx_word' id='word_1_411' title='bbox 2092 2903 2367 2959; x_wconf 88' lang='lat' dir='ltr'><strong>studiosus</strong></span> <span class='ocrx_word' id='word_1_412' title='bbox 2400 2914 2456 2959; x_wconf 93' lang='lat' dir='ltr'><strong>ct</strong></span> <span class='ocrx_word' id='word_1_413' title='bbox 2493 2906 2735 2960; x_wconf 89' lang='lat' dir='ltr'><strong>intentus</strong></span> <span class='ocrx_word' id='word_1_414' title='bbox 2764 2917 2886 2960; x_wconf 91' lang='lat' dir='ltr'><strong>erat</strong></span> <span class='ocrx_word' id='word_1_415' title='bbox 2913 2915 2969 2960; x_wconf 91' lang='lat' dir='ltr'><strong>ttt</strong></span> <span class='ocrx_word' id='word_1_416' title='bbox 2998 2906 3051 2961; x_wconf 87' lang='lat' dir='ltr'><strong>itt</strong></span> <span class='ocrx_word' id='word_1_417' title='bbox 3081 2907 3344 2962; x_wconf 85' lang='lat' dir='ltr'><strong>omnibus</strong></span> 
     </span>
    </p>
   </div>
   <div class='ocr_carea' id='block_1_59' title="bbox 1750 2990 3341 3072">
    <p class='ocr_par' dir='ltr' id='par_1_59' title="bbox 1750 2990 3341 3072">
     <span class='ocr_line' id='line_1_59' title="bbox 1750 2990 3341 3072; baseline 0.005 -27"><span class='ocrx_word' id='word_1_418' title='bbox 1750 2990 2085 3048; x_wconf 85' lang='lat' dir='ltr'><strong>voluntatem</strong></span> <span class='ocrx_word' id='word_1_419' title='bbox 2143 2994 2236 3051; x_wconf 89' lang='lat' dir='ltr'><strong>Dei</strong></span> <span class='ocrx_word' id='word_1_420' title='bbox 2292 2995 2603 3065; x_wconf 85' lang='lat' dir='ltr'><strong>perliceret,</strong></span> <span class='ocrx_word' id='word_1_421' title='bbox 2644 3006 2699 3051; x_wconf 90' lang='lat' dir='ltr'><strong>et</strong></span> <span class='ocrx_word' id='word_1_422' title='bbox 2748 3006 2809 3052; x_wconf 93' lang='lat' dir='ltr'><strong>ut</strong></span> <span class='ocrx_word' id='word_1_423' title='bbox 2857 2998 3121 3068; x_wconf 79' lang='lat' dir='ltr'><strong>proximis</strong></span> <span class='ocrx_word' id='word_1_424' title='bbox 3177 2998 3341 3072; x_wconf 89' lang='lat' dir='ltr'><strong>[plus]</strong></span> 
     </span>
    </p>
   </div>
   <div class='ocr_carea' id='block_1_60' title="bbox 1749 3083 3345 3156">
    <p class='ocr_par' dir='ltr' id='par_1_60' title="bbox 1749 3083 3345 3156">
     <span class='ocr_line' id='line_1_60' title="bbox 1749 3083 3345 3156; baseline 0.006 -21"><span class='ocrx_word' id='word_1_425' title='bbox 1749 3097 1915 3153; x_wconf 88' lang='lat' dir='ltr'><strong>quam</strong></span> <span class='ocrx_word' id='word_1_426' title='bbox 1967 3083 2190 3141; x_wconf 89' lang='lat' dir='ltr'><strong>sibimet</strong></span> <span class='ocrx_word' id='word_1_427' title='bbox 2251 3086 2404 3141; x_wconf 88' lang='lat' dir='ltr'><strong>utilia</strong></span> <span class='ocrx_word' id='word_1_428' title='bbox 2454 3088 2807 3156; x_wconf 87' lang='lat' dir='ltr'><strong>provideret,</strong></span> <span class='ocrx_word' id='word_1_429' title='bbox 2859 3086 2983 3145; x_wconf 78' lang='lat' dir='ltr'><strong>ideo</strong></span> <span class='ocrx_word' id='word_1_430' title='bbox 3028 3090 3345 3145; x_wconf 72' lang='lat' dir='ltr'><strong>misericors</strong></span> 
     </span>
    </p>
   </div>
   <div class='ocr_carea' id='block_1_61' title="bbox 1749 3172 3341 3251">
    <p class='ocr_par' dir='ltr' id='par_1_61' title="bbox 1749 3172 3341 3251">
     <span class='ocr_line' id='line_1_61' title="bbox 1749 3172 3341 3251; baseline 0.005 -22"><span class='ocrx_word' id='word_1_431' title='bbox 1749 3181 1807 3229; x_wconf 84' lang='lat' dir='ltr'><strong>et</strong></span> <span class='ocrx_word' id='word_1_432' title='bbox 1852 3172 2035 3243; x_wconf 79' lang='lat' dir='ltr'><strong>justus</strong></span> <span class='ocrx_word' id='word_1_433' title='bbox 2093 3177 2357 3234; x_wconf 89' lang='lat' dir='ltr'><strong>Dominus</strong></span> <span class='ocrx_word' id='word_1_434' title='bbox 2414 3180 2516 3249; x_wconf 64' lang='lat' dir='ltr'><strong>pia:</strong></span> <span class='ocrx_word' id='word_1_435' title='bbox 2575 3178 2695 3249; x_wconf 85' lang='lat' dir='ltr'><strong>ejus</strong></span> <span class='ocrx_word' id='word_1_436' title='bbox 2758 3180 3005 3251; x_wconf 87' lang='lat' dir='ltr'><strong>petitioni</strong></span> <span class='ocrx_word' id='word_1_437' title='bbox 3073 3181 3126 3236; x_wconf 87' lang='lat' dir='ltr'><strong>itt</strong></span> <span class='ocrx_word' id='word_1_438' title='bbox 3187 3184 3341 3239; x_wconf 88' lang='lat' dir='ltr'><strong>ontni</strong></span> 
     </span>
    </p>
   </div>
   <div class='ocr_carea' id='block_1_62' title="bbox 116 3249 3344 3343">
    <p class='ocr_par' dir='ltr' id='par_1_62' title="bbox 116 3249 3344 3343">
     <span class='ocr_line' id='line_1_62' title="bbox 116 3249 3344 3343; baseline 0.009 -40"><span class='ocrx_word' id='word_1_439' title='bbox 116 3249 410 3318; x_wconf 80' lang='lat' dir='ltr'><strong>lamentando</strong></span> <span class='ocrx_word' id='word_1_440' title='bbox 446 3267 723 3335; x_wconf 77' lang='lat' dir='ltr'><strong>exposuit.</strong></span> <span class='ocrx_word' id='word_1_441' title='bbox 750 3268 850 3326; x_wconf 89' lang='lat' dir='ltr'><strong>Cui</strong></span> <span class='ocrx_word' id='word_1_442' title='bbox 884 3270 971 3327; x_wconf 91' lang='lat' dir='ltr'><strong>ille</strong></span> <span class='ocrx_word' id='word_1_443' title='bbox 1001 3273 1179 3329; x_wconf 88' lang='lat' dir='ltr'><strong>verbis</strong></span> <span class='ocrx_word' id='word_1_444' title='bbox 1208 3249 1351 3332; x_wconf 75' lang='lat' dir='ltr'><strong>beati</strong></span> <span class='ocrx_word' id='word_1_445' title='bbox 1377 3278 1480 3334; x_wconf 83' lang='lat' dir='ltr'><strong>Job</strong></span> <span class='ocrx_word' id='word_1_446' title='bbox 1504 3279 1647 3336; x_wconf 79' lang='lat' dir='ltr'><strong>hila-</strong></span> <span class='ocrx_word' id='word_1_447' title='bbox 1747 3268 2077 3327; x_wconf 61' lang='lat' dir='ltr'><strong>messium</strong></span> <span class='ocrx_word' id='word_1_448' title='bbox 2131 3280 2188 3330; x_wconf 87' lang='lat' dir='ltr'><strong>et</strong></span> <span class='ocrx_word' id='word_1_449' title='bbox 2245 3273 2495 3343; x_wconf 82' lang='lat' dir='ltr'><strong>angustia</strong></span> <span class='ocrx_word' id='word_1_450' title='bbox 2563 3249 2866 3329; x_wconf 81' lang='lat' dir='ltr'><strong>clementer</strong></span> <span class='ocrx_word' id='word_1_451' title='bbox 2921 3285 2977 3329; x_wconf 91' lang='lat' dir='ltr'><strong>ct</strong></span> <span class='ocrx_word' id='word_1_452' title='bbox 3042 3273 3344 3332; x_wconf 79' lang='lat' dir='ltr'><strong>efﬁcaciter</strong></span> 
     </span>
    </p>
   </div>
   <div class='ocr_carea' id='block_1_63' title="bbox 118 3343 1650 3441">
    <p class='ocr_par' dir='ltr' id='par_1_63' title="bbox 118 3343 1650 3441">
     <span class='ocr_line' id='line_1_63' title="bbox 118 3343 1650 3441; baseline 0.016 -40"><span class='ocrx_word' id='word_1_453' title='bbox 118 3343 220 3441; x_wconf 52' lang='lat' dir='ltr'><strong>[iter</strong></span> <span class='ocrx_word' id='word_1_454' title='bbox 234 3359 282 3405; x_wconf 86' lang='lat' dir='ltr'><strong>et</strong></span> <span class='ocrx_word' id='word_1_455' title='bbox 303 3365 617 3417; x_wconf 81' lang='lat' dir='ltr'><strong>constanter</strong></span> <span class='ocrx_word' id='word_1_456' title='bbox 640 3362 917 3431; x_wconf 79' lang='lat' dir='ltr'><strong>respondit</strong></span> <span class='ocrx_word' id='word_1_457' title='bbox 938 3364 1125 3421; x_wconf 88' lang='lat' dir='ltr'><strong>dicens</strong></span> <span class='ocrx_word' id='word_1_458' title='bbox 1149 3384 1162 3421; x_wconf 93' lang='lat'><strong>:</strong></span> <span class='ocrx_word' id='word_1_459' title='bbox 1190 3367 1447 3425; x_wconf 82' lang='lat' dir='ltr'><strong>Dominus</strong></span> <span class='ocrx_word' id='word_1_460' title='bbox 1487 3373 1650 3441; x_wconf 83' lang='lat' dir='ltr'><strong>dedit,</strong></span> 
     </span>
    </p>
   </div>
   <div class='ocr_carea' id='block_1_64' title="bbox 113 3432 1654 3530">
    <p class='ocr_par' dir='ltr' id='par_1_64' title="bbox 113 3432 1654 3530">
     <span class='ocr_line' id='line_1_64' title="bbox 113 3432 1654 3530; baseline 0.023 -43"><span class='ocrx_word' id='word_1_461' title='bbox 113 3432 323 3497; x_wconf 75' lang='lat' dir='ltr'><strong>Dominus</strong></span> <span class='ocrx_word' id='word_1_462' title='bbox 333 3447 571 3515; x_wconf 68' lang='lat' dir='ltr'><strong>abstulit,</strong></span> <span class='ocrx_word' id='word_1_463' title='bbox 582 3451 716 3506; x_wconf 77' lang='lat' dir='ltr'><strong>sicut</strong></span> <span class='ocrx_word' id='word_1_464' title='bbox 730 3452 954 3510; x_wconf 85' lang='lat' dir='ltr'><strong>Domino</strong></span> <span class='ocrx_word' id='word_1_465' title='bbox 966 3456 1165 3527; x_wconf 81' lang='lat' dir='ltr'><strong>placui!</strong></span> <span class='ocrx_word' id='word_1_466' title='bbox 1178 3446 1250 3513; x_wconf 72' lang='lat' dir='ltr'><strong>ita</strong></span> <span class='ocrx_word' id='word_1_467' title='bbox 1263 3461 1456 3530; x_wconf 75' lang='lat' dir='ltr'><strong>factum</strong></span> <span class='ocrx_word' id='word_1_468' title='bbox 1471 3432 1654 3523; x_wconf 59' lang='grc' dir='ltr'><strong>εει.εά</strong></span> 
     </span>
    </p>
   </div>
   <div class='ocr_carea' id='block_1_65' title="bbox 112 3534 1656 3625">
    <p class='ocr_par' dir='ltr' id='par_1_65' title="bbox 112 3534 1656 3625">
     <span class='ocr_line' id='line_1_65' title="bbox 112 3534 1656 3625; baseline 0.024 -47"><span class='ocrx_word' id='word_1_469' title='bbox 112 3540 259 3625; x_wconf 56' lang='lat' dir='ltr'><strong>partem</strong></span> <span class='ocrx_word' id='word_1_470' title='bbox 292 3534 494 3595; x_wconf 75' lang='lat' dir='ltr'><strong>Domini</strong></span> <span class='ocrx_word' id='word_1_471' title='bbox 520 3542 847 3600; x_wconf 81' lang='lat' dir='ltr'><strong>benedictum</strong></span> <span class='ocrx_word' id='word_1_472' title='bbox 887 3546 1010 3618; x_wconf 83' lang='lat' dir='ltr'><strong>(Job</strong></span> <span class='ocrx_word' id='word_1_473' title='bbox 1036 3565 1074 3615; x_wconf 91' lang='lat' dir='ltr'><strong>t,</strong></span> <span class='ocrx_word' id='word_1_474' title='bbox 1101 3550 1213 3621; x_wconf 73' lang='grc'><strong>24).</strong></span> <span class='ocrx_word' id='word_1_475' title='bbox 1247 3552 1656 3625; x_wconf 81' lang='lat' dir='ltr'><strong>Consequentcr</strong></span> 
     </span>
    </p>
   </div>
   <div class='ocr_carea' id='block_1_66' title="bbox 112 3618 1652 3723">
    <p class='ocr_par' dir='ltr' id='par_1_66' title="bbox 112 3618 1652 3723">
     <span class='ocr_line' id='line_1_66' title="bbox 112 3618 1652 3723; baseline 0.022 -48"><span class='ocrx_word' id='word_1_476' title='bbox 112 3618 347 3723; x_wconf 63' lang='lat' dir='ltr'><strong>brachium</strong></span> <span class='ocrx_word' id='word_1_477' title='bbox 374 3632 492 3703; x_wconf 84' lang='lat' dir='ltr'><strong>ejus</strong></span> <span class='ocrx_word' id='word_1_478' title='bbox 517 3634 889 3695; x_wconf 82' lang='lat' dir='ltr'><strong>benedicendo</strong></span> <span class='ocrx_word' id='word_1_479' title='bbox 914 3618 1259 3712; x_wconf 72' lang='lat' dir='ltr'><strong>consignatis,</strong></span> <span class='ocrx_word' id='word_1_480' title='bbox 1291 3618 1531 3714; x_wconf 75' lang='lat' dir='ltr'><strong>pristina:</strong></span> <span class='ocrx_word' id='word_1_481' title='bbox 1560 3666 1652 3709; x_wconf 85' lang='lat' dir='ltr'><strong>sa-</strong></span> 
     </span>
    </p>
   </div>
   <div class='ocr_carea' id='block_1_67' title="bbox 114 3717 1650 3812">
    <p class='ocr_par' dir='ltr' id='par_1_67' title="bbox 114 3717 1650 3812">
     <span class='ocr_line' id='line_1_67' title="bbox 114 3717 1650 3812; baseline 0.02 -42"><span class='ocrx_word' id='word_1_482' title='bbox 114 3717 232 3812; x_wconf 68' lang='lat' dir='ltr'><strong>nitati</strong></span> <span class='ocrx_word' id='word_1_483' title='bbox 253 3724 501 3781; x_wconf 77' lang='lat' dir='ltr'><strong>restituit.</strong></span> <span class='ocrx_word' id='word_1_484' title='bbox 522 3727 726 3783; x_wconf 89' lang='lat' dir='ltr'><strong>Deinde</strong></span> <span class='ocrx_word' id='word_1_485' title='bbox 744 3734 997 3804; x_wconf 75' lang='lat' dir='ltr'><strong>praecepit</strong></span> <span class='ocrx_word' id='word_1_486' title='bbox 1020 3735 1196 3792; x_wconf 90' lang='lat' dir='ltr'><strong>eidem</strong></span> <span class='ocrx_word' id='word_1_487' title='bbox 1222 3749 1281 3791; x_wconf 91' lang='lat' dir='ltr'><strong>ut</strong></span> <span class='ocrx_word' id='word_1_488' title='bbox 1305 3741 1484 3795; x_wconf 79' lang='lat' dir='ltr'><strong>omnia</strong></span> <span class='ocrx_word' id='word_1_489' title='bbox 1507 3742 1650 3800; x_wconf 84' lang='lat' dir='ltr'><strong>dolia</strong></span> 
     </span>
    </p>
   </div>
   <div class='ocr_carea' id='block_1_68' title="bbox 110 3806 1652 3908">
    <p class='ocr_par' dir='ltr' id='par_1_68' title="bbox 110 3806 1652 3908">
     <span class='ocr_line' id='line_1_68' title="bbox 110 3806 1652 3908; baseline 0.016 -39"><span class='ocrx_word' id='word_1_490' title='bbox 110 3806 197 3859; x_wconf 70' lang='grc' dir='ltr'><strong>τίηῖ</strong></span> <span class='ocrx_word' id='word_1_491' title='bbox 245 3813 508 3873; x_wconf 77' lang='lat' dir='ltr'><strong>advectitii</strong></span> <span class='ocrx_word' id='word_1_492' title='bbox 571 3819 761 3877; x_wconf 87' lang='lat' dir='ltr'><strong>levatis</strong></span> <span class='ocrx_word' id='word_1_493' title='bbox 818 3828 1087 3895; x_wconf 85' lang='lat' dir='ltr'><strong>operculis</strong></span> <span class='ocrx_word' id='word_1_494' title='bbox 1141 3829 1431 3902; x_wconf 80' lang='lat' dir='ltr'><strong>diligenter</strong></span> <span class='ocrx_word' id='word_1_495' title='bbox 1482 3835 1652 3908; x_wconf 75' lang='lat' dir='ltr'><strong>inspi—</strong></span> 
     </span>
    </p>
   </div>
   <div class='ocr_carea' id='block_1_69' title="bbox 110 3908 1649 3989">
    <p class='ocr_par' dir='ltr' id='par_1_69' title="bbox 110 3908 1649 3989">
     <span class='ocr_line' id='line_1_69' title="bbox 110 3908 1649 3989; baseline 0.027 -45"><span class='ocrx_word' id='word_1_496' title='bbox 110 3908 245 3961; x_wconf 79' lang='lat' dir='ltr'><strong>ceret.</strong></span> <span class='ocrx_word' id='word_1_497' title='bbox 268 3915 315 3960; x_wconf 87' lang='lat' dir='ltr'><strong>et</strong></span> <span class='ocrx_word' id='word_1_498' title='bbox 354 3910 503 3977; x_wconf 83' lang='lat' dir='ltr'><strong>quod</strong></span> <span class='ocrx_word' id='word_1_499' title='bbox 546 3914 758 3968; x_wconf 63' lang='lat' dir='ltr'><strong>caeteris</strong></span> <span class='ocrx_word' id='word_1_500' title='bbox 784 3916 998 3986; x_wconf 88' lang='lat' dir='ltr'><strong>plenius</strong></span> <span class='ocrx_word' id='word_1_501' title='bbox 1020 3919 1314 3989; x_wconf 88' lang='lat' dir='ltr'><strong>inveniret,</strong></span> <span class='ocrx_word' id='word_1_502' title='bbox 1346 3925 1448 3981; x_wconf 84' lang='lat' dir='ltr'><strong>huc</strong></span> <span class='ocrx_word' id='word_1_503' title='bbox 1480 3936 1649 3985; x_wconf 88' lang='lat' dir='ltr'><strong>totuttt</strong></span> 
     </span>
    </p>
   </div>
   <div class='ocr_carea' id='block_1_70' title="bbox 110 3997 1649 4088">
    <p class='ocr_par' dir='ltr' id='par_1_70' title="bbox 110 3997 1649 4088">
     <span class='ocr_line' id='line_1_70' title="bbox 110 3997 1649 4088; baseline 0.021 -45"><span class='ocrx_word' id='word_1_504' title='bbox 110 3997 395 4088; x_wconf 71' lang='lat' dir='ltr'><strong>pauperibus</strong></span> <span class='ocrx_word' id='word_1_505' title='bbox 420 4001 756 4071; x_wconf 83' lang='lat' dir='ltr'><strong>itnpartiret.</strong></span> <span class='ocrx_word' id='word_1_506' title='bbox 785 4006 906 4074; x_wconf 89' lang='lat' dir='ltr'><strong>Quo</strong></span> <span class='ocrx_word' id='word_1_507' title='bbox 939 4009 1102 4067; x_wconf 91' lang='lat' dir='ltr'><strong>citius</strong></span> <span class='ocrx_word' id='word_1_508' title='bbox 1133 4010 1285 4081; x_wconf 89' lang='lat' dir='ltr'><strong>jussa</strong></span> <span class='ocrx_word' id='word_1_509' title='bbox 1319 4018 1649 4088; x_wconf 87' lang='lat' dir='ltr'><strong>complente,</strong></span> 
     </span>
    </p>
   </div>
   <div class='ocr_carea' id='block_1_71' title="bbox 110 4086 1651 4181">
    <p class='ocr_par' dir='ltr' id='par_1_71' title="bbox 110 4086 1651 4181">
     <span class='ocr_line' id='line_1_71' title="bbox 110 4086 1651 4181; baseline 0.023 -50"><span class='ocrx_word' id='word_1_510' title='bbox 110 4086 286 4181; x_wconf 71' lang='lat' dir='ltr'><strong>cunctis</strong></span> <span class='ocrx_word' id='word_1_511' title='bbox 331 4092 421 4159; x_wconf 81' lang='lat' dir='ltr'><strong>qui</strong></span> <span class='ocrx_word' id='word_1_512' title='bbox 473 4093 707 4151; x_wconf 85' lang='lat' dir='ltr'><strong>aderant</strong></span> <span class='ocrx_word' id='word_1_513' title='bbox 756 4098 1085 4169; x_wconf 89' lang='lat' dir='ltr'><strong>videntibus,</strong></span> <span class='ocrx_word' id='word_1_514' title='bbox 1138 4086 1651 4176; x_wconf 79' lang='lat' dir='ltr'><strong>obstupescentibus</strong></span> 
     </span>
    </p>
   </div>
   <div class='ocr_carea' id='block_1_72' title="bbox 104 4176 1649 4267">
    <p class='ocr_par' dir='ltr' id='par_1_72' title="bbox 104 4176 1649 4267">
     <span class='ocr_line' id='line_1_72' title="bbox 104 4176 1649 4267; baseline 0.022 -43"><span class='ocrx_word' id='word_1_515' title='bbox 104 4176 231 4229; x_wconf 77' lang='lat' dir='ltr'><strong>simul</strong></span> <span class='ocrx_word' id='word_1_516' title='bbox 273 4190 325 4235; x_wconf 88' lang='lat' dir='ltr'><strong>et</strong></span> <span class='ocrx_word' id='word_1_517' title='bbox 372 4188 756 4257; x_wconf 80' lang='lat' dir='ltr'><strong>gaudentibus,</strong></span> <span class='ocrx_word' id='word_1_518' title='bbox 811 4192 1011 4249; x_wconf 89' lang='lat' dir='ltr'><strong>doliutn</strong></span> <span class='ocrx_word' id='word_1_519' title='bbox 1062 4204 1219 4251; x_wconf 90' lang='lat' dir='ltr'><strong>antea</strong></span> <span class='ocrx_word' id='word_1_520' title='bbox 1277 4213 1531 4267; x_wconf 88' lang='lat' dir='ltr'><strong>vacuum,</strong></span> <span class='ocrx_word' id='word_1_521' title='bbox 1592 4213 1649 4259; x_wconf 88' lang='lat' dir='ltr'><strong>ttt</strong></span> 
     </span>
    </p>
   </div>
   <div class='ocr_carea' id='block_1_73' title="bbox 105 4268 1651 4350">
    <p class='ocr_par' dir='ltr' id='par_1_73' title="bbox 105 4268 1651 4350">
     <span class='ocr_line' id='line_1_73' title="bbox 105 4268 1651 4350; baseline 0.022 -34"><span class='ocrx_word' id='word_1_522' title='bbox 105 4268 351 4339; x_wconf 84' lang='lat' dir='ltr'><strong>credimus,</strong></span> <span class='ocrx_word' id='word_1_523' title='bbox 384 4294 481 4347; x_wconf 90' lang='lat' dir='ltr'><strong>per</strong></span> <span class='ocrx_word' id='word_1_524' title='bbox 510 4281 708 4335; x_wconf 88' lang='lat' dir='ltr'><strong>nterita</strong></span> <span class='ocrx_word' id='word_1_525' title='bbox 737 4282 838 4338; x_wconf 89' lang='lat' dir='ltr'><strong>viri</strong></span> <span class='ocrx_word' id='word_1_526' title='bbox 870 4284 963 4340; x_wconf 92' lang='lat' dir='ltr'><strong>Dei</strong></span> <span class='ocrx_word' id='word_1_527' title='bbox 1008 4286 1080 4341; x_wconf 91' lang='lat' dir='ltr'><strong>ita</strong></span> <span class='ocrx_word' id='word_1_528' title='bbox 1133 4288 1263 4344; x_wconf 87' lang='lat' dir='ltr'><strong>vino</strong></span> <span class='ocrx_word' id='word_1_529' title='bbox 1311 4291 1651 4350; x_wconf 83' lang='lat' dir='ltr'><strong>redundabat</strong></span> 
     </span>
    </p>
   </div>
   <div class='ocr_carea' id='block_1_74' title="bbox 106 4362 1646 4459">
    <p class='ocr_par' dir='ltr' id='par_1_74' title="bbox 106 4362 1646 4459">
     <span class='ocr_line' id='line_1_74' title="bbox 106 4362 1646 4459; baseline 0.022 -50"><span class='ocrx_word' id='word_1_530' title='bbox 106 4362 350 4459; x_wconf 66' lang='lat' dir='ltr'><strong>tttnullum</strong></span> <span class='ocrx_word' id='word_1_531' title='bbox 380 4370 447 4425; x_wconf 88' lang='lat' dir='ltr'><strong>de</strong></span> <span class='ocrx_word' id='word_1_532' title='bbox 479 4376 696 4429; x_wconf 76' lang='lat' dir='ltr'><strong>caeteris</strong></span> <span class='ocrx_word' id='word_1_533' title='bbox 745 4384 855 4431; x_wconf 91' lang='lat' dir='ltr'><strong>tam</strong></span> <span class='ocrx_word' id='word_1_534' title='bbox 897 4377 1394 4448; x_wconf 87' lang='lat' dir='ltr'><strong>plenuminveniri</strong></span> <span class='ocrx_word' id='word_1_535' title='bbox 1440 4397 1646 4455; x_wconf 91' lang='lat' dir='ltr'><strong>posset.</strong></span> 
     </span>
    </p>
   </div>
   <div class='ocr_carea' id='block_1_75' title="bbox 104 4446 1648 4548">
    <p class='ocr_par' dir='ltr' id='par_1_75' title="bbox 104 4446 1648 4548">
     <span class='ocr_line' id='line_1_75' title="bbox 104 4446 1648 4548; baseline 0.023 -48"><span class='ocrx_word' id='word_1_536' title='bbox 104 4446 307 4524; x_wconf 79' lang='lat' dir='ltr'><strong>Cumque</strong></span> <span class='ocrx_word' id='word_1_537' title='bbox 326 4470 382 4514; x_wconf 89' lang='lat' dir='ltr'><strong>et</strong></span> <span class='ocrx_word' id='word_1_538' title='bbox 423 4462 533 4519; x_wconf 87' lang='lat' dir='ltr'><strong>hoc</strong></span> <span class='ocrx_word' id='word_1_539' title='bbox 577 4467 872 4535; x_wconf 79' lang='lat' dir='ltr'><strong>praedictus</strong></span> <span class='ocrx_word' id='word_1_540' title='bbox 898 4446 1084 4527; x_wconf 71' lang='lat' dir='ltr'><strong>frater</strong></span> <span class='ocrx_word' id='word_1_541' title='bbox 1126 4474 1245 4529; x_wconf 89' lang='lat' dir='ltr'><strong>viro</strong></span> <span class='ocrx_word' id='word_1_542' title='bbox 1274 4474 1367 4530; x_wconf 92' lang='lat' dir='ltr'><strong>Dei</strong></span> <span class='ocrx_word' id='word_1_543' title='bbox 1399 4446 1648 4548; x_wconf 75' lang='lat' dir='ltr'><strong>gaudens</strong></span> 
     </span>
    </p>
   </div>
   <div class='ocr_carea' id='block_1_76' title="bbox 102 4548 1647 4630">
    <p class='ocr_par' dir='ltr' id='par_1_76' title="bbox 102 4548 1647 4630">
     <span class='ocr_line' id='line_1_76' title="bbox 102 4548 1647 4630; baseline 0.021 -35"><span class='ocrx_word' id='word_1_544' title='bbox 102 4548 145 4590; x_wconf 71' lang='lat' dir='ltr'><strong>et</strong></span> <span class='ocrx_word' id='word_1_545' title='bbox 182 4548 441 4607; x_wconf 84' lang='lat' dir='ltr'><strong>exsultans</strong></span> <span class='ocrx_word' id='word_1_546' title='bbox 493 4554 744 4621; x_wconf 83' lang='lat' dir='ltr'><strong>referret,</strong></span> <span class='ocrx_word' id='word_1_547' title='bbox 800 4561 1050 4630; x_wconf 82' lang='lat' dir='ltr'><strong>pretinus</strong></span> <span class='ocrx_word' id='word_1_548' title='bbox 1100 4567 1415 4623; x_wconf 86' lang='lat' dir='ltr'><strong>mandatum</strong></span> <span class='ocrx_word' id='word_1_549' title='bbox 1466 4573 1537 4627; x_wconf 87' lang='lat' dir='ltr'><strong>ab</strong></span> <span class='ocrx_word' id='word_1_550' title='bbox 1578 4587 1647 4628; x_wconf 91' lang='lat' dir='ltr'><strong>eo</strong></span> 
     </span>
    </p>
   </div>
   <div class='ocr_carea' id='block_1_77' title="bbox 1754 3370 3344 3532">
    <p class='ocr_par' dir='ltr' id='par_1_77' title="bbox 1754 3370 3344 3532">
     <span class='ocr_line' id='line_1_77' title="bbox 1888 3374 3215 3424; baseline 0.006 -4"><span class='ocrx_word' id='word_1_551' title='bbox 1888 3384 1947 3424; x_wconf 87' lang='grc' dir='ltr'><strong>ι.</strong></span> <span class='ocrx_word' id='word_1_552' title='bbox 3126 3414 3129 3419; x_wconf 65' lang='grc' dir='ltr'><strong>ς</strong></span> <span class='ocrx_word' id='word_1_553' title='bbox 3214 3374 3215 3377; x_wconf 54' lang='grc'><em>“</em></span> 
     </span>
     <span class='ocr_line' id='line_1_78' title="bbox 1754 3370 3344 3532; baseline -0.002 -16"><span class='ocrx_word' id='word_1_554' title='bbox 1963 3459 2057 3516; x_wconf 89' lang='lat' dir='ltr'><strong>llis</strong></span> <span class='ocrx_word' id='word_1_555' title='bbox 2084 3475 2206 3532; x_wconf 62' lang='lat' dir='ltr'><strong>qua</strong></span> <span class='ocrx_word' id='word_1_556' title='bbox 2250 3455 2317 3516; x_wconf 82' lang='lat' dir='ltr'><strong>ad</strong></span> <span class='ocrx_word' id='word_1_557' title='bbox 2359 3454 2686 3516; x_wconf 81' lang='lat' dir='ltr'><strong>miraculum</strong></span> <span class='ocrx_word' id='word_1_558' title='bbox 2735 3455 3014 3529; x_wconf 87' lang='lat' dir='ltr'><strong>pertinent</strong></span> <span class='ocrx_word' id='word_1_559' title='bbox 3058 3457 3124 3514; x_wconf 89' lang='lat' dir='ltr'><strong>de</strong></span> <span class='ocrx_word' id='word_1_560' title='bbox 3152 3467 3344 3514; x_wconf 86' lang='lat' dir='ltr'><strong>saneto</strong></span> 
     </span>
    </p>
   </div>
   <div class='ocr_carea' id='block_1_78' title="bbox 1753 3547 3344 3625">
    <p class='ocr_par' dir='ltr' id='par_1_78' title="bbox 1753 3547 3344 3625">
     <span class='ocr_line' id='line_1_79' title="bbox 1753 3547 3344 3625; baseline -0.003 -16"><span class='ocrx_word' id='word_1_561' title='bbox 1753 3553 1874 3611; x_wconf 86' lang='lat' dir='ltr'><strong>viro</strong></span> <span class='ocrx_word' id='word_1_562' title='bbox 1923 3554 2121 3625; x_wconf 90' lang='lat' dir='ltr'><strong>partim</strong></span> <span class='ocrx_word' id='word_1_563' title='bbox 2172 3553 2637 3620; x_wconf 86' lang='lat' dir='ltr'><strong>commemoratis,</strong></span> <span class='ocrx_word' id='word_1_564' title='bbox 2670 3554 2741 3611; x_wconf 92' lang='lat' dir='ltr'><strong>ob</strong></span> <span class='ocrx_word' id='word_1_565' title='bbox 2771 3547 3139 3609; x_wconf 85' lang='lat' dir='ltr'><strong>testimonium</strong></span> <span class='ocrx_word' id='word_1_566' title='bbox 3180 3558 3344 3604; x_wconf 70' lang='lat' dir='ltr'><strong>tantm</strong></span> 
     </span>
    </p>
   </div>
   <div class='ocr_carea' id='block_1_79' title="bbox 1753 3639 3343 3715">
    <p class='ocr_par' dir='ltr' id='par_1_79' title="bbox 1753 3639 3343 3715">
     <span class='ocr_line' id='line_1_80' title="bbox 1753 3639 3343 3715; baseline -0.001 -15"><span class='ocrx_word' id='word_1_567' title='bbox 1753 3639 1872 3713; x_wconf 83' lang='lat' dir='ltr'><strong>ejus</strong></span> <span class='ocrx_word' id='word_1_568' title='bbox 1902 3645 2025 3700; x_wconf 87' lang='lat' dir='ltr'><strong>fidei</strong></span> <span class='ocrx_word' id='word_1_569' title='bbox 2067 3652 2122 3701; x_wconf 91' lang='lat' dir='ltr'><strong>et</strong></span> <span class='ocrx_word' id='word_1_570' title='bbox 2172 3643 2501 3710; x_wconf 84' lang='lat' dir='ltr'><strong>sanctitatis,</strong></span> <span class='ocrx_word' id='word_1_571' title='bbox 2553 3660 2697 3699; x_wconf 93' lang='lat' dir='ltr'><strong>nunc</strong></span> <span class='ocrx_word' id='word_1_572' title='bbox 2745 3644 2811 3699; x_wconf 86' lang='lat' dir='ltr'><strong>de</strong></span> <span class='ocrx_word' id='word_1_573' title='bbox 2851 3658 2917 3698; x_wconf 90' lang='lat' dir='ltr'><strong>eo</strong></span> <span class='ocrx_word' id='word_1_574' title='bbox 2957 3644 3062 3698; x_wconf 89' lang='lat' dir='ltr'><strong>alia</strong></span> <span class='ocrx_word' id='word_1_575' title='bbox 3092 3640 3343 3715; x_wconf 65' lang='lat' dir='ltr'><strong>quaedam</strong></span> 
     </span>
    </p>
   </div>
   <div class='ocr_carea' id='block_1_80' title="bbox 1753 3734 3341 3806">
    <p class='ocr_par' dir='ltr' id='par_1_80' title="bbox 1753 3734 3341 3806">
     <span class='ocr_line' id='line_1_81' title="bbox 1753 3734 3341 3806; baseline -0.001 -14"><span class='ocrx_word' id='word_1_576' title='bbox 1753 3745 1880 3792; x_wconf 90' lang='lat' dir='ltr'><strong>sunt</strong></span> <span class='ocrx_word' id='word_1_577' title='bbox 1902 3736 2198 3801; x_wconf 84' lang='lat' dir='ltr'><strong>narranda,</strong></span> <span class='ocrx_word' id='word_1_578' title='bbox 2246 3750 2353 3790; x_wconf 88' lang='lat' dir='ltr'><strong>non</strong></span> <span class='ocrx_word' id='word_1_579' title='bbox 2402 3745 2512 3791; x_wconf 84' lang='lat' dir='ltr'><strong>tarn</strong></span> <span class='ocrx_word' id='word_1_580' title='bbox 2551 3737 2687 3791; x_wconf 89' lang='lat' dir='ltr'><strong>mira</strong></span> <span class='ocrx_word' id='word_1_581' title='bbox 2721 3752 2880 3806; x_wconf 84' lang='lat' dir='ltr'><strong>quam</strong></span> <span class='ocrx_word' id='word_1_582' title='bbox 2908 3734 2977 3790; x_wconf 90' lang='lat' dir='ltr'><strong>ad</strong></span> <span class='ocrx_word' id='word_1_583' title='bbox 3011 3737 3341 3791; x_wconf 85' lang='lat' dir='ltr'><strong>audiendum</strong></span> 
     </span>
    </p>
   </div>
   <div class='ocr_carea' id='block_1_81' title="bbox 1746 3824 3343 3898">
    <p class='ocr_par' dir='ltr' id='par_1_81' title="bbox 1746 3824 3343 3898">
     <span class='ocr_line' id='line_1_82' title="bbox 1746 3824 3343 3898; baseline 0.001 -16"><span class='ocrx_word' id='word_1_584' title='bbox 1746 3824 1987 3898; x_wconf 85' lang='lat' dir='ltr'><strong>jucunda</strong></span> <span class='ocrx_word' id='word_1_585' title='bbox 2014 3839 2068 3884; x_wconf 86' lang='lat' dir='ltr'><strong>et</strong></span> <span class='ocrx_word' id='word_1_586' title='bbox 2090 3830 2266 3896; x_wconf 89' lang='lat' dir='ltr'><strong>tttilia,</strong></span> <span class='ocrx_word' id='word_1_587' title='bbox 2299 3840 2355 3885; x_wconf 92' lang='lat' dir='ltr'><strong>et</strong></span> <span class='ocrx_word' id='word_1_588' title='bbox 2407 3828 2659 3885; x_wconf 75' lang='lat' dir='ltr'><strong>ltutuante</strong></span> <span class='ocrx_word' id='word_1_589' title='bbox 2701 3828 2983 3898; x_wconf 86' lang='lat' dir='ltr'><strong>fragilitati</strong></span> <span class='ocrx_word' id='word_1_590' title='bbox 3018 3828 3087 3881; x_wconf 88' lang='lat' dir='ltr'><strong>ad</strong></span> <span class='ocrx_word' id='word_1_591' title='bbox 3119 3828 3343 3884; x_wconf 31' lang='lat' dir='ltr'><strong>imitans</strong></span> 
     </span>
    </p>
   </div>
   <div class='ocr_carea' id='block_1_82' title="bbox 1752 3920 3345 3992">
    <p class='ocr_par' dir='ltr' id='par_1_82' title="bbox 1752 3920 3345 3992">
     <span class='ocr_line' id='line_1_83' title="bbox 1752 3920 3345 3992; baseline 0.001 -17"><span class='ocrx_word' id='word_1_592' title='bbox 1752 3920 1879 3976; x_wconf 90' lang='lat' dir='ltr'><strong>dum</strong></span> <span class='ocrx_word' id='word_1_593' title='bbox 1928 3921 2231 3992; x_wconf 88' lang='lat' dir='ltr'><strong>possibilia.</strong></span> <span class='ocrx_word' id='word_1_594' title='bbox 2278 3920 2411 3978; x_wconf 25' lang='lat' dir='ltr'><strong>Non.</strong></span> <span class='ocrx_word' id='word_1_595' title='bbox 2448 3922 2595 3978; x_wconf 90' lang='lat' dir='ltr'><strong>enim</strong></span> <span class='ocrx_word' id='word_1_596' title='bbox 2640 3921 2693 3977; x_wconf 91' lang='lat' dir='ltr'><strong>in</strong></span> <span class='ocrx_word' id='word_1_597' title='bbox 2748 3921 2956 3977; x_wconf 90' lang='lat' dir='ltr'><strong>sanctis</strong></span> <span class='ocrx_word' id='word_1_598' title='bbox 2980 3922 3072 3977; x_wconf 91' lang='lat' dir='ltr'><strong>Dei</strong></span> <span class='ocrx_word' id='word_1_599' title='bbox 3106 3923 3256 3992; x_wconf 84' lang='lat' dir='ltr'><strong>signa</strong></span> <span class='ocrx_word' id='word_1_600' title='bbox 3286 3934 3345 3977; x_wconf 89' lang='lat' dir='ltr'><strong>et</strong></span> 
     </span>
    </p>
   </div>
   <div class='ocr_carea' id='block_1_83' title="bbox 1752 4012 3341 4093">
    <p class='ocr_par' dir='ltr' id='par_1_83' title="bbox 1752 4012 3341 4093">
     <span class='ocr_line' id='line_1_84' title="bbox 1752 4012 3341 4093; baseline 0.001 -24"><span class='ocrx_word' id='word_1_601' title='bbox 1752 4012 2025 4070; x_wconf 76' lang='lat' dir='ltr'><strong>mirabilia</strong></span> <span class='ocrx_word' id='word_1_602' title='bbox 2077 4015 2332 4086; x_wconf 88' lang='lat' dir='ltr'><strong>jubemur</strong></span> <span class='ocrx_word' id='word_1_603' title='bbox 2390 4014 2616 4093; x_wconf 78' lang='lat' dir='ltr'><strong>imitari,</strong></span> <span class='ocrx_word' id='word_1_604' title='bbox 2655 4015 2750 4071; x_wconf 86' lang='lat' dir='ltr'><strong>sed</strong></span> <span class='ocrx_word' id='word_1_605' title='bbox 2795 4015 3064 4071; x_wconf 90' lang='lat' dir='ltr'><strong>bonorum</strong></span> <span class='ocrx_word' id='word_1_606' title='bbox 3116 4031 3341 4085; x_wconf 85' lang='lat' dir='ltr'><strong>operum</strong></span> 
     </span>
    </p>
   </div>
   <div class='ocr_carea' id='block_1_84' title="bbox 1753 4108 3341 4179">
    <p class='ocr_par' dir='ltr' id='par_1_84' title="bbox 1753 4108 3341 4179">
     <span class='ocr_line' id='line_1_85' title="bbox 1753 4108 3341 4179; baseline 0.001 -17"><span class='ocrx_word' id='word_1_607' title='bbox 1753 4108 2038 4162; x_wconf 77' lang='lat' dir='ltr'><strong>exercitia.</strong></span> <span class='ocrx_word' id='word_1_608' title='bbox 2066 4108 2152 4172; x_wconf 85' lang='lat' dir='ltr'><strong>Et,</strong></span> <span class='ocrx_word' id='word_1_609' title='bbox 2186 4115 2420 4164; x_wconf 85' lang='lat' dir='ltr'><strong>testante</strong></span> <span class='ocrx_word' id='word_1_610' title='bbox 2452 4124 2627 4163; x_wconf 81' lang='lat' dir='ltr'><strong>sacrte</strong></span> <span class='ocrx_word' id='word_1_611' title='bbox 2650 4110 2995 4164; x_wconf 87' lang='lat' dir='ltr'><strong>auctoritatis</strong></span> <span class='ocrx_word' id='word_1_612' title='bbox 3026 4110 3341 4179; x_wconf 83' lang='lat' dir='ltr'><strong>Scriptura,</strong></span> 
     </span>
    </p>
   </div>
   <div class='ocr_carea' id='block_1_85' title="bbox 1752 4192 3367 4271">
    <p class='ocr_par' dir='ltr' id='par_1_85' title="bbox 1752 4192 3367 4271">
     <span class='ocr_line' id='line_1_86' title="bbox 1752 4192 3367 4271; baseline -0.002 -18"><span class='ocrx_word' id='word_1_613' title='bbox 1752 4196 2147 4264; x_wconf 82' lang='lat' dir='ltr'><strong>Misericordia,</strong></span> <span class='ocrx_word' id='word_1_614' title='bbox 2192 4202 2501 4271; x_wconf 90' lang='lat' dir='ltr'><strong>compassio</strong></span> <span class='ocrx_word' id='word_1_615' title='bbox 2551 4192 2902 4263; x_wconf 84' lang='lat' dir='ltr'><strong>miserorum,</strong></span> <span class='ocrx_word' id='word_1_616' title='bbox 2948 4210 3003 4254; x_wconf 91' lang='lat' dir='ltr'><strong>et</strong></span> <span class='ocrx_word' id='word_1_617' title='bbox 3037 4200 3187 4254; x_wconf 74' lang='lat' dir='ltr'><strong>zelus</strong></span> <span class='ocrx_word' id='word_1_618' title='bbox 3221 4201 3367 4253; x_wconf 28' lang='lat' dir='ltr'><strong>uni-.</strong></span> 
     </span>
    </p>
   </div>
   <div class='ocr_carea' id='block_1_86' title="bbox 1752 4289 3362 4363">
    <p class='ocr_par' dir='ltr' id='par_1_86' title="bbox 1752 4289 3362 4363">
     <span class='ocr_line' id='line_1_87' title="bbox 1752 4289 3362 4363; baseline 0.002 -17"><span class='ocrx_word' id='word_1_619' title='bbox 1752 4302 1964 4347; x_wconf 87' lang='lat' dir='ltr'><strong>marum</strong></span> <span class='ocrx_word' id='word_1_620' title='bbox 1997 4291 2117 4362; x_wconf 90' lang='lat' dir='ltr'><strong>plus</strong></span> <span class='ocrx_word' id='word_1_621' title='bbox 2142 4291 2359 4363; x_wconf 88' lang='lat' dir='ltr'><strong>placent</strong></span> <span class='ocrx_word' id='word_1_622' title='bbox 2388 4293 2496 4348; x_wconf 89' lang='lat' dir='ltr'><strong>Deo</strong></span> <span class='ocrx_word' id='word_1_623' title='bbox 2517 4306 2680 4363; x_wconf 88' lang='lat' dir='ltr'><strong>quam</strong></span> <span class='ocrx_word' id='word_1_624' title='bbox 2706 4290 2998 4357; x_wconf 84' lang='lat' dir='ltr'><strong>sacrificia,</strong></span> <span class='ocrx_word' id='word_1_625' title='bbox 3028 4299 3083 4345; x_wconf 90' lang='lat' dir='ltr'><strong>et</strong></span> 
     </span>
    </p>
   </div>
   <div class='ocr_carea' id='block_1_87' title="bbox 1752 4376 3343 4456">
    <p class='ocr_par' dir='ltr' id='par_1_87' title="bbox 1752 4376 3343 4456">
     <span class='ocr_line' id='line_1_88' title="bbox 1752 4376 3343 4456; baseline 0 -17"><span class='ocrx_word' id='word_1_626' title='bbox 1752 4383 1874 4450; x_wconf 87' lang='lat' dir='ltr'><strong>Dei,</strong></span> <span class='ocrx_word' id='word_1_627' title='bbox 1921 4384 2209 4456; x_wconf 81' lang='lat' dir='ltr'><strong>plusquam</strong></span> <span class='ocrx_word' id='word_1_628' title='bbox 2256 4385 2573 4441; x_wconf 87' lang='lat' dir='ltr'><strong>holocausta</strong></span> <span class='ocrx_word' id='word_1_629' title='bbox 2627 4381 2776 4455; x_wconf 85' lang='lat' dir='ltr'><strong>(Ose.</strong></span> <span class='ocrx_word' id='word_1_630' title='bbox 2807 4397 2883 4448; x_wconf 88' lang='lat' dir='ltr'><strong>vt,</strong></span> <span class='ocrx_word' id='word_1_631' title='bbox 2915 4383 2993 4454; x_wconf 77' lang='lat' dir='ltr'><strong>ti).</strong></span> <span class='ocrx_word' id='word_1_632' title='bbox 3034 4380 3225 4453; x_wconf 78' lang='lat' dir='ltr'><strong>Itaque</strong></span> <span class='ocrx_word' id='word_1_633' title='bbox 3252 4376 3343 4440; x_wconf 66' lang='lat' dir='ltr'><strong>hic</strong></span> 
     </span>
    </p>
   </div>
   <div class='ocr_carea' id='block_1_88' title="bbox 1752 4472 3341 4547">
    <p class='ocr_par' dir='ltr' id='par_1_88' title="bbox 1752 4472 3341 4547">
     <span class='ocr_line' id='line_1_89' title="bbox 1752 4472 3341 4547; baseline -0.001 -17"><span class='ocrx_word' id='word_1_634' title='bbox 1752 4475 1846 4530; x_wconf 91' lang='lat' dir='ltr'><strong>Dei</strong></span> <span class='ocrx_word' id='word_1_635' title='bbox 1887 4476 2098 4531; x_wconf 87' lang='lat' dir='ltr'><strong>amicus</strong></span> <span class='ocrx_word' id='word_1_636' title='bbox 2135 4472 2360 4547; x_wconf 78' lang='lat' dir='ltr'><strong>iugiter,</strong></span> <span class='ocrx_word' id='word_1_637' title='bbox 2389 4483 2448 4529; x_wconf 92' lang='lat' dir='ltr'><strong>ut</strong></span> <span class='ocrx_word' id='word_1_638' title='bbox 2476 4488 2622 4546; x_wconf 57' lang='lat' dir='ltr'><strong>saepe</strong></span> <span class='ocrx_word' id='word_1_639' title='bbox 2655 4475 2858 4528; x_wconf 90' lang='lat' dir='ltr'><strong>dictum</strong></span> <span class='ocrx_word' id='word_1_640' title='bbox 2890 4481 2997 4539; x_wconf 89' lang='lat' dir='ltr'><strong>est,</strong></span> <span class='ocrx_word' id='word_1_641' title='bbox 3022 4473 3341 4529; x_wconf 79' lang='lat' dir='ltr'><strong>misericor-</strong></span> 
     </span>
    </p>
   </div>
   <div class='ocr_carea' id='block_1_89' title="bbox 1754 4566 3341 4638">
    <p class='ocr_par' dir='ltr' id='par_1_89' title="bbox 1754 4566 3341 4638">
     <span class='ocr_line' id='line_1_90' title="bbox 1754 4566 3341 4638; baseline 0.001 -17"><span class='ocrx_word' id='word_1_642' title='bbox 1754 4567 1858 4624; x_wconf 70' lang='lat' dir='ltr'><strong>dia:</strong></span> <span class='ocrx_word' id='word_1_643' title='bbox 1903 4568 2161 4638; x_wconf 89' lang='lat' dir='ltr'><strong>operibus</strong></span> <span class='ocrx_word' id='word_1_644' title='bbox 2204 4568 2483 4630; x_wconf 90' lang='lat' dir='ltr'><strong>insistens,</strong></span> <span class='ocrx_word' id='word_1_645' title='bbox 2534 4567 2769 4638; x_wconf 88' lang='lat' dir='ltr'><strong>quadam</strong></span> <span class='ocrx_word' id='word_1_646' title='bbox 2796 4566 2885 4622; x_wconf 90' lang='lat' dir='ltr'><strong>die</strong></span> <span class='ocrx_word' id='word_1_647' title='bbox 2907 4566 2975 4621; x_wconf 87' lang='lat' dir='ltr'><strong>de</strong></span> <span class='ocrx_word' id='word_1_648' title='bbox 3005 4567 3341 4624; x_wconf 84' lang='lat' dir='ltr'><strong>monasterio</strong></span> 
     </span>
    </p>
   </div>
   <div class='ocr_carea' id='block_1_90' title="bbox 105 4634 3341 4733">
    <p class='ocr_par' dir='ltr' id='par_1_90' title="bbox 105 4634 3341 4733">
     <span class='ocr_line' id='line_1_91' title="bbox 105 4634 3341 4733; baseline 0.007 -44"><span class='ocrx_word' id='word_1_649' title='bbox 105 4639 294 4733; x_wconf 49' lang='lat' dir='ltr'><strong>:‘Icccpit,</strong></span> <span class='ocrx_word' id='word_1_650' title='bbox 321 4652 381 4699; x_wconf 88' lang='lat' dir='ltr'><strong>ut</strong></span> <span class='ocrx_word' id='word_1_651' title='bbox 407 4647 539 4701; x_wconf 91' lang='lat' dir='ltr'><strong>nulli</strong></span> <span class='ocrx_word' id='word_1_652' title='bbox 568 4648 671 4704; x_wconf 86' lang='lat' dir='ltr'><strong>hoc</strong></span> <span class='ocrx_word' id='word_1_653' title='bbox 702 4652 986 4708; x_wconf 90' lang='lat' dir='ltr'><strong>revelaret.</strong></span> <span class='ocrx_word' id='word_1_654' title='bbox 1011 4654 1162 4723; x_wconf 84' lang='lat' dir='ltr'><strong>Quod</strong></span> <span class='ocrx_word' id='word_1_655' title='bbox 1185 4660 1255 4714; x_wconf 88' lang='lat' dir='ltr'><strong>ab</strong></span> <span class='ocrx_word' id='word_1_656' title='bbox 1282 4661 1405 4716; x_wconf 84' lang='lat' dir='ltr'><strong>aliis</strong></span> <span class='ocrx_word' id='word_1_657' title='bbox 1436 4664 1527 4733; x_wconf 90' lang='lat' dir='ltr'><strong>qui</strong></span> <span class='ocrx_word' id='word_1_658' title='bbox 1564 4665 1647 4721; x_wconf 78' lang='lat' dir='ltr'><strong>in-</strong></span> <span class='ocrx_word' id='word_1_659' title='bbox 1676 4634 1727 4695; x_wconf 79' lang='grc' dir='ltr'><strong>Ῑ)</strong></span> <span class='ocrx_word' id='word_1_660' title='bbox 1753 4634 2003 4730; x_wconf 81' lang='lat' dir='ltr'><strong>llasuuga</strong></span> <span class='ocrx_word' id='word_1_661' title='bbox 2041 4658 2120 4730; x_wconf 87' lang='lat'><strong>(6)</strong></span> <span class='ocrx_word' id='word_1_662' title='bbox 2159 4668 2488 4729; x_wconf 81' lang='lat' dir='ltr'><strong>nuncupata,</strong></span> <span class='ocrx_word' id='word_1_663' title='bbox 2544 4634 2746 4714; x_wconf 86' lang='lat' dir='ltr'><strong>fratres</strong></span> <span class='ocrx_word' id='word_1_664' title='bbox 2789 4659 3095 4730; x_wconf 85' lang='lat' dir='ltr'><strong>plusquam</strong></span> <span class='ocrx_word' id='word_1_665' title='bbox 3122 4668 3341 4730; x_wconf 82' lang='lat' dir='ltr'><strong>septua-</strong></span> 
     </span>
    </p>
   </div>
   <div class='ocr_carea' id='block_1_91' title="bbox 103 4726 1643 4829">
    <p class='ocr_par' dir='ltr' id='par_1_91' title="bbox 103 4726 1643 4829">
     <span class='ocr_line' id='line_1_92' title="bbox 103 4726 1643 4829; baseline 0.023 -50"><span class='ocrx_word' id='word_1_666' title='bbox 103 4726 301 4829; x_wconf 70' lang='lat' dir='ltr'><strong>lererant</strong></span> <span class='ocrx_word' id='word_1_667' title='bbox 328 4751 721 4812; x_wconf 85' lang='lat' dir='ltr'><strong>usquequaque</strong></span> <span class='ocrx_word' id='word_1_668' title='bbox 749 4744 1081 4819; x_wconf 88' lang='lat' dir='ltr'><strong>divulgatum</strong></span> <span class='ocrx_word' id='word_1_669' title='bbox 1104 4759 1207 4807; x_wconf 87' lang='lat' dir='ltr'><strong>est.</strong></span> <span class='ocrx_word' id='word_1_670' title='bbox 1232 4726 1469 4812; x_wconf 72' lang='lat' dir='ltr'><strong>Rusticis</strong></span> <span class='ocrx_word' id='word_1_671' title='bbox 1492 4773 1643 4827; x_wconf 86' lang='lat' dir='ltr'><strong>vero,</strong></span> 
     </span>
    </p>
   </div>
   <div class='ocr_carea' id='block_1_92' title="bbox 101 4826 1648 4914">
    <p class='ocr_par' dir='ltr' id='par_1_92' title="bbox 101 4826 1648 4914">
     <span class='ocr_line' id='line_1_93' title="bbox 101 4826 1648 4914; baseline 0.016 -33"><span class='ocrx_word' id='word_1_672' title='bbox 101 4826 171 4914; x_wconf 46' lang='lat' dir='ltr'><strong>illi&quot;</strong></span> <span class='ocrx_word' id='word_1_673' title='bbox 213 4826 352 4893; x_wconf 87' lang='lat' dir='ltr'><strong>prius</strong></span> <span class='ocrx_word' id='word_1_674' title='bbox 397 4846 499 4902; x_wconf 89' lang='lat' dir='ltr'><strong>pro</strong></span> <span class='ocrx_word' id='word_1_675' title='bbox 542 4834 760 4905; x_wconf 88' lang='lat' dir='ltr'><strong>perdito</strong></span> <span class='ocrx_word' id='word_1_676' title='bbox 802 4851 872 4893; x_wconf 80' lang='lat' dir='ltr'><strong>ex</strong></span> <span class='ocrx_word' id='word_1_677' title='bbox 904 4854 1004 4895; x_wconf 87' lang='lat' dir='ltr'><strong>sua</strong></span> <span class='ocrx_word' id='word_1_678' title='bbox 1042 4841 1368 4914; x_wconf 83' lang='lat' dir='ltr'><strong>negligentia</strong></span> <span class='ocrx_word' id='word_1_679' title='bbox 1400 4848 1549 4911; x_wconf 89' lang='lat' dir='ltr'><strong>vino,</strong></span> <span class='ocrx_word' id='word_1_680' title='bbox 1584 4826 1648 4906; x_wconf 91' lang='lat' dir='ltr'><strong>li-</strong></span> 
     </span>
    </p>
   </div>
   <div class='ocr_carea' id='block_1_93' title="bbox 104 4898 1661 5010">
    <p class='ocr_par' dir='ltr' id='par_1_93' title="bbox 104 4898 1661 5010">
     <span class='ocr_line' id='line_1_94' title="bbox 104 4898 1661 5010; baseline 0.027 -54"><span class='ocrx_word' id='word_1_681' title='bbox 273 4926 433 5010; x_wconf 69' lang='lat' dir='ltr'><strong>unarn</strong></span> <span class='ocrx_word' id='word_1_682' title='bbox 501 4922 712 4991; x_wconf 86' lang='lat' dir='ltr'><strong>argenti</strong></span> <span class='ocrx_word' id='word_1_683' title='bbox 757 4934 950 4993; x_wconf 88' lang='lat' dir='ltr'><strong>sponte</strong></span> <span class='ocrx_word' id='word_1_684' title='bbox 995 4931 1307 5001; x_wconf 90' lang='lat' dir='ltr'><strong>persolvere</strong></span> <span class='ocrx_word' id='word_1_685' title='bbox 1364 4938 1661 5010; x_wconf 87' lang='lat' dir='ltr'><strong>volebant,</strong></span> 
     </span>
    </p>
   </div>
   <div class='ocr_carea' id='block_1_94' title="bbox 102 5004 1659 5091">
    <p class='ocr_par' dir='ltr' id='par_1_94' title="bbox 102 5004 1659 5091">
     <span class='ocr_line' id='line_1_95' title="bbox 102 5004 1659 5091; baseline 0.024 -37"><span class='ocrx_word' id='word_1_686' title='bbox 102 5004 235 5053; x_wconf 80' lang='lat' dir='ltr'><strong>tussit</strong></span> <span class='ocrx_word' id='word_1_687' title='bbox 274 5005 505 5063; x_wconf 86' lang='lat' dir='ltr'><strong>solidum</strong></span> <span class='ocrx_word' id='word_1_688' title='bbox 557 5028 728 5069; x_wconf 89' lang='lat' dir='ltr'><strong>unum</strong></span> <span class='ocrx_word' id='word_1_689' title='bbox 760 5032 926 5088; x_wconf 91' lang='lat' dir='ltr'><strong>super</strong></span> <span class='ocrx_word' id='word_1_690' title='bbox 963 5023 1275 5082; x_wconf 88' lang='lat' dir='ltr'><strong>condictam</strong></span> <span class='ocrx_word' id='word_1_691' title='bbox 1328 5027 1535 5089; x_wconf 75' lang='lat' dir='ltr'><strong>laboris</strong></span> <span class='ocrx_word' id='word_1_692' title='bbox 1570 5004 1659 5091; x_wconf 83' lang='lat' dir='ltr'><strong>sui</strong></span> 
     </span>
    </p>
   </div>
   <div class='ocr_carea' id='block_1_95' title="bbox 103 5094 1693 5185">
    <p class='ocr_par' dir='ltr' id='par_1_95' title="bbox 103 5094 1693 5185">
     <span class='ocr_line' id='line_1_96' title="bbox 103 5094 1693 5185; baseline 0.032 -50"><span class='ocrx_word' id='word_1_693' title='bbox 103 5094 365 5185; x_wconf 82' lang='lat' dir='ltr'><strong>mercedem</strong></span> <span class='ocrx_word' id='word_1_694' title='bbox 393 5102 544 5171; x_wconf 85' lang='lat' dir='ltr'><strong>addi,</strong></span> <span class='ocrx_word' id='word_1_695' title='bbox 573 5105 805 5180; x_wconf 86' lang='lat' dir='ltr'><strong>ciboque</strong></span> <span class='ocrx_word' id='word_1_696' title='bbox 832 5127 900 5168; x_wconf 88' lang='lat' dir='ltr'><strong>ac</strong></span> <span class='ocrx_word' id='word_1_697' title='bbox 924 5122 1056 5185; x_wconf 89' lang='lat' dir='ltr'><strong>potu</strong></span> <span class='ocrx_word' id='word_1_698' title='bbox 1102 5116 1250 5176; x_wconf 88' lang='lat' dir='ltr'><strong>laute</strong></span> <span class='ocrx_word' id='word_1_699' title='bbox 1276 5132 1499 5181; x_wconf 88' lang='lat' dir='ltr'><strong>curatos</strong></span> <span class='ocrx_word' id='word_1_700' title='bbox 1530 5108 1661 5185; x_wconf 78' lang='lat' dir='ltr'><strong>cum</strong></span> <span class='ocrx_word' id='word_1_701' title='bbox 1687 5174 1693 5178; x_wconf 88' lang='lat'><strong>.</strong></span> 
     </span>
    </p>
   </div>
   <div class='ocr_carea' id='block_1_96' title="bbox 101 5184 1231 5271">
    <p class='ocr_par' dir='ltr' id='par_1_96' title="bbox 101 5184 1231 5271">
     <span class='ocr_line' id='line_1_97' title="bbox 101 5184 1231 5271; baseline 0.035 -40"><span class='ocrx_word' id='word_1_702' title='bbox 101 5184 265 5242; x_wconf 76' lang='lat' dir='ltr'><strong>gaudio</strong></span> <span class='ocrx_word' id='word_1_703' title='bbox 290 5191 354 5245; x_wconf 81' lang='lat' dir='ltr'><strong>ad</strong></span> <span class='ocrx_word' id='word_1_704' title='bbox 381 5209 482 5250; x_wconf 91' lang='lat' dir='ltr'><strong>sua</strong></span> <span class='ocrx_word' id='word_1_705' title='bbox 508 5198 734 5261; x_wconf 81' lang='lat' dir='ltr'><strong>remitti.</strong></span> <span class='ocrx_word' id='word_1_706' title='bbox 928 5184 939 5185; x_wconf 17' lang='grc' dir='ltr'>ί</span> <span class='ocrx_word' id='word_1_707' title='bbox 1228 5270 1231 5271; x_wconf 30' lang='grc' dir='ltr'><em>ν</em></span> 
     </span>
    </p>
   </div>
   <div class='ocr_carea' id='block_1_97' title="bbox 156 5272 1658 5382">
    <p class='ocr_par' dir='ltr' id='par_1_97' title="bbox 156 5272 1658 5382">
     <span class='ocr_line' id='line_1_98' title="bbox 156 5272 1658 5382; baseline 0.025 -49"><span class='ocrx_word' id='word_1_708' title='bbox 156 5272 467 5382; x_wconf 48' lang='lat' dir='ltr'><strong>M&#39;Eancto</strong></span> <span class='ocrx_word' id='word_1_709' title='bbox 498 5290 619 5346; x_wconf 86' lang='lat' dir='ltr'><strong>viro</strong></span> <span class='ocrx_word' id='word_1_710' title='bbox 665 5293 962 5367; x_wconf 89' lang='lat' dir='ltr'><strong>aliquando</strong></span> <span class='ocrx_word' id='word_1_711' title='bbox 1010 5303 1155 5374; x_wconf 88' lang='lat' dir='ltr'><strong>apud</strong></span> <span class='ocrx_word' id='word_1_712' title='bbox 1184 5305 1392 5377; x_wconf 87' lang='lat' dir='ltr'><strong>villam,</strong></span> <span class='ocrx_word' id='word_1_713' title='bbox 1421 5325 1544 5382; x_wconf 61' lang='lat' dir='ltr'><strong>quae</strong></span> <span class='ocrx_word' id='word_1_714' title='bbox 1570 5313 1658 5369; x_wconf 86' lang='lat' dir='ltr'><strong>di-</strong></span> 
     </span>
    </p>
   </div>
   <div class='ocr_carea' id='block_1_98' title="bbox 99 5362 1656 5475">
    <p class='ocr_par' dir='ltr' id='par_1_98' title="bbox 99 5362 1656 5475">
     <span class='ocr_line' id='line_1_99' title="bbox 99 5362 1656 5475; baseline 0.026 -54"><span class='ocrx_word' id='word_1_715' title='bbox 99 5362 217 5475; x_wconf 42' lang='lat' dir='ltr'><strong>gitur</strong></span> <span class='ocrx_word' id='word_1_716' title='bbox 243 5370 397 5445; x_wconf 77' lang='lat' dir='ltr'><strong>Wilc,</strong></span> <span class='ocrx_word' id='word_1_717' title='bbox 428 5362 1105 5462; x_wconf 41' lang='lat' dir='ltr'><strong>constituto,-s:epedictus</strong></span> <span class='ocrx_word' id='word_1_718' title='bbox 1122 5395 1291 5454; x_wconf 83' lang='lat' dir='ltr'><strong>frater</strong></span> <span class='ocrx_word' id='word_1_719' title='bbox 1306 5362 1656 5475; x_wconf 31' lang='lat' dir='ltr'><strong>unguii-ti,</strong></span> 
     </span>
    </p>
   </div>
   <div class='ocr_carea' id='block_1_99' title="bbox 101 5450 1657 5558">
    <p class='ocr_par' dir='ltr' id='par_1_99' title="bbox 101 5450 1657 5558">
     <span class='ocr_line' id='line_1_100' title="bbox 101 5450 1657 5558; baseline 0.028 -51"><span class='ocrx_word' id='word_1_720' title='bbox 101 5450 268 5515; x_wconf 73' lang='lat' dir='ltr'><strong>Ibidem</strong></span> <span class='ocrx_word' id='word_1_721' title='bbox 309 5482 629 5536; x_wconf 83' lang='lat' dir='ltr'><strong>procurator</strong></span> <span class='ocrx_word' id='word_1_722' title='bbox 676 5492 861 5534; x_wconf 90' lang='lat' dir='ltr'><strong>rerum</strong></span> <span class='ocrx_word' id='word_1_723' title='bbox 897 5486 1216 5541; x_wconf 90' lang='lat' dir='ltr'><strong>monasterii</strong></span> <span class='ocrx_word' id='word_1_724' title='bbox 1251 5486 1375 5558; x_wconf 89' lang='lat' dir='ltr'><strong>fuit,</strong></span> <span class='ocrx_word' id='word_1_725' title='bbox 1416 5490 1472 5547; x_wconf 91' lang='lat' dir='ltr'><strong>in</strong></span> <span class='ocrx_word' id='word_1_726' title='bbox 1500 5450 1657 5550; x_wconf 52' lang='grc' dir='ltr'><strong>’ἔοι-εί</strong></span> 
     </span>
    </p>
   </div>
   <div class='ocr_carea' id='block_1_100' title="bbox 102 5634 1652 5761">
    <p class='ocr_par' dir='ltr' id='par_1_100' title="bbox 102 5634 1652 5761">
     <span class='ocr_line' id='line_1_101' title="bbox 102 5634 1652 5761; baseline 0.02 -64"><span class='ocrx_word' id='word_1_727' title='bbox 102 5634 241 5761; x_wconf 47' lang='grc' dir='ltr'><strong>Ῥαὶξι</strong></span> <span class='ocrx_word' id='word_1_728' title='bbox 260 5638 329 5697; x_wconf 88' lang='lat' dir='ltr'><strong>De</strong></span> <span class='ocrx_word' id='word_1_729' title='bbox 352 5644 462 5730; x_wconf 75' lang='lat' dir='ltr'><strong>hoc</strong></span> <span class='ocrx_word' id='word_1_730' title='bbox 479 5655 835 5741; x_wconf 68' lang='lat' dir='ltr'><strong>monasterio,</strong></span> <span class='ocrx_word' id='word_1_731' title='bbox 866 5668 922 5741; x_wconf 77' lang='lat' dir='ltr'><strong>et</strong></span> <span class='ocrx_word' id='word_1_732' title='bbox 948 5660 1073 5719; x_wconf 90' lang='lat' dir='ltr'><strong>aliis</strong></span> <span class='ocrx_word' id='word_1_733' title='bbox 1102 5663 1193 5721; x_wconf 88' lang='lat' dir='ltr'><strong>hic</strong></span> <span class='ocrx_word' id='word_1_734' title='bbox 1218 5674 1274 5721; x_wconf 90' lang='lat' dir='ltr'><strong>et</strong></span> <span class='ocrx_word' id='word_1_735' title='bbox 1318 5667 1460 5725; x_wconf 89' lang='lat' dir='ltr'><strong>infra</strong></span> <span class='ocrx_word' id='word_1_736' title='bbox 1499 5687 1652 5730; x_wconf 89' lang='lat' dir='ltr'><strong>num.</strong></span> 
     </span>
     <span class='ocr_line' id='line_1_102' title="bbox 137 5725 1564 5761; baseline 0 0"><span class='ocrx_word' id='word_1_737' title='bbox 137 5740 160 5752; x_wconf 90' lang='lat'><strong>-</strong></span> <span class='ocrx_word' id='word_1_738' title='bbox 246 5728 494 5761; x_wconf 71' lang='lat' dir='ltr'><strong>emnrntm</strong></span> <span class='ocrx_word' id='word_1_739' title='bbox 567 5725 721 5761; x_wconf 68' lang='lat' dir='ltr'><strong>nitu-os</strong></span> <span class='ocrx_word' id='word_1_740' title='bbox 780 5728 1019 5761; x_wconf 66' lang='grc' dir='ltr'><strong>διν-νη...-</strong></span> <span class='ocrx_word' id='word_1_741' title='bbox 1073 5735 1127 5761; x_wconf 71' lang='grc' dir='ltr'><strong>ε..</strong></span> <span class='ocrx_word' id='word_1_742' title='bbox 1178 5737 1564 5761; x_wconf 52' lang='grc' dir='ltr'><strong>Αι.--...--.ε-ηει</strong></span> 
     </span>
    </p>
   </div>
   <div class='ocr_carea' id='block_1_101' title="bbox 104 5720 1654 5836">
    <p class='ocr_par' dir='ltr' id='par_1_101' title="bbox 104 5720 1654 5835">
     <span class='ocr_line' id='line_1_103' title="bbox 104 5720 1654 5835; baseline 0.026 -74"><span class='ocrx_word' id='word_1_743' title='bbox 104 5720 514 5835; x_wconf 45' lang='grc' dir='ltr'><strong>ᾷξωζξξξέιιοῖαιίδ,</strong></span> <span class='ocrx_word' id='word_1_744' title='bbox 566 5725 725 5795; x_wconf 88' lang='lat' dir='ltr'><strong>plura</strong></span> <span class='ocrx_word' id='word_1_745' title='bbox 780 5720 1023 5790; x_wconf 78' lang='lat' dir='ltr'><strong>diximus</strong></span> <span class='ocrx_word' id='word_1_746' title='bbox 1073 5735 1130 5790; x_wconf 88' lang='lat' dir='ltr'><strong>in</strong></span> <span class='ocrx_word' id='word_1_747' title='bbox 1175 5720 1654 5807; x_wconf 41' lang='lat' dir='ltr'><strong>hauritaurit}?</strong></span> 
     </span>
    </p>
   </div>
   <div class='ocr_carea' id='block_1_102' title="bbox 160 5846 1651 5952">
    <p class='ocr_par' dir='ltr' id='par_1_102' title="bbox 160 5846 1651 5952">
     <span class='ocr_line' id='line_1_104' title="bbox 160 5846 1651 5952; baseline 0.024 -50"><span class='ocrx_word' id='word_1_748' title='bbox 160 5846 226 5917; x_wconf 69' lang='grc' dir='ltr'><strong>(ἴ)</strong></span> <span class='ocrx_word' id='word_1_749' title='bbox 261 5851 349 5912; x_wconf 89' lang='lat' dir='ltr'><strong>llic</strong></span> <span class='ocrx_word' id='word_1_750' title='bbox 371 5860 579 5922; x_wconf 85' lang='lat' dir='ltr'><strong>videtur</strong></span> <span class='ocrx_word' id='word_1_751' title='bbox 602 5866 774 5928; x_wconf 84' lang='lat' dir='ltr'><strong>fuisse</strong></span> <span class='ocrx_word' id='word_1_752' title='bbox 798 5872 1031 5933; x_wconf 84' lang='lat' dir='ltr'><strong>Wetzilo</strong></span> <span class='ocrx_word' id='word_1_753' title='bbox 1065 5875 1319 5951; x_wconf 86' lang='lat' dir='ltr'><strong>Sigcfridi</strong></span> <span class='ocrx_word' id='word_1_754' title='bbox 1345 5896 1651 5952; x_wconf 84' lang='lat' dir='ltr'><strong>successor,</strong></span> 
     </span>
    </p>
   </div>
   <div class='ocr_carea' id='block_1_103' title="bbox 1750 4748 3340 4823">
    <p class='ocr_par' dir='ltr' id='par_1_103' title="bbox 1750 4748 3340 4823">
     <span class='ocr_line' id='line_1_105' title="bbox 1750 4748 3340 4823; baseline -0.001 -18"><span class='ocrx_word' id='word_1_755' title='bbox 1750 4752 1896 4822; x_wconf 89' lang='lat' dir='ltr'><strong>ginta</strong></span> <span class='ocrx_word' id='word_1_756' title='bbox 1941 4752 2185 4821; x_wconf 90' lang='lat' dir='ltr'><strong>suscepit</strong></span> <span class='ocrx_word' id='word_1_757' title='bbox 2223 4753 2291 4807; x_wconf 89' lang='lat' dir='ltr'><strong>ad</strong></span> <span class='ocrx_word' id='word_1_758' title='bbox 2334 4766 2395 4806; x_wconf 83' lang='lat' dir='ltr'><strong>se</strong></span> <span class='ocrx_word' id='word_1_759' title='bbox 2446 4751 2853 4823; x_wconf 89' lang='lat' dir='ltr'><strong>confugientes,</strong></span> <span class='ocrx_word' id='word_1_760' title='bbox 2883 4761 2938 4807; x_wconf 92' lang='lat' dir='ltr'><strong>et</strong></span> <span class='ocrx_word' id='word_1_761' title='bbox 2965 4748 3084 4819; x_wconf 84' lang='lat' dir='ltr'><strong>ejus</strong></span> <span class='ocrx_word' id='word_1_762' title='bbox 3120 4749 3340 4806; x_wconf 85' lang='lat' dir='ltr'><strong>salubre</strong></span> 
     </span>
    </p>
   </div>
   <div class='ocr_carea' id='block_1_104' title="bbox 1748 4842 3340 4915">
    <p class='ocr_par' dir='ltr' id='par_1_104' title="bbox 1748 4842 3340 4915">
     <span class='ocr_line' id='line_1_106' title="bbox 1748 4842 3340 4915; baseline -0.002 -16"><span class='ocrx_word' id='word_1_763' title='bbox 1748 4844 2030 4900; x_wconf 86' lang='lat' dir='ltr'><strong>consilium</strong></span> <span class='ocrx_word' id='word_1_764' title='bbox 2058 4855 2222 4915; x_wconf 90' lang='lat' dir='ltr'><strong>atque</strong></span> <span class='ocrx_word' id='word_1_765' title='bbox 2261 4844 2426 4900; x_wconf 87' lang='lat' dir='ltr'><strong>fidutn</strong></span> <span class='ocrx_word' id='word_1_766' title='bbox 2465 4844 2717 4900; x_wconf 89' lang='lat' dir='ltr'><strong>solatium</strong></span> <span class='ocrx_word' id='word_1_767' title='bbox 2763 4844 3133 4915; x_wconf 87' lang='lat' dir='ltr'><strong>implorantes.</strong></span> <span class='ocrx_word' id='word_1_768' title='bbox 3172 4842 3340 4897; x_wconf 87' lang='lat' dir='ltr'><strong>Deni-</strong></span> 
     </span>
    </p>
   </div>
   <div class='ocr_carea' id='block_1_105' title="bbox 1746 4933 3340 5009">
    <p class='ocr_par' dir='ltr' id='par_1_105' title="bbox 1746 4933 3340 5009">
     <span class='ocr_line' id='line_1_107' title="bbox 1746 4933 3340 5009; baseline 0.001 -22"><span class='ocrx_word' id='word_1_769' title='bbox 1746 4949 1853 5009; x_wconf 75' lang='lat' dir='ltr'><strong>que</strong></span> <span class='ocrx_word' id='word_1_770' title='bbox 1881 4937 2167 5007; x_wconf 89' lang='lat' dir='ltr'><strong>cpiscopus</strong></span> <span class='ocrx_word' id='word_1_771' title='bbox 2196 4935 2541 5006; x_wconf 80' lang='lat' dir='ltr'><strong>Moguntinus</strong></span> <span class='ocrx_word' id='word_1_772' title='bbox 2567 4936 2648 5008; x_wconf 83' lang='lat'><strong>(7)</strong></span> <span class='ocrx_word' id='word_1_773' title='bbox 2672 4951 2701 4989; x_wconf 91' lang='lat' dir='ltr'><strong>a</strong></span> <span class='ocrx_word' id='word_1_774' title='bbox 2735 4934 3100 4991; x_wconf 86' lang='lat' dir='ltr'><strong>schismaticis</strong></span> <span class='ocrx_word' id='word_1_775' title='bbox 3132 4933 3340 4989; x_wconf 85' lang='lat' dir='ltr'><strong>electus</strong></span> 
     </span>
    </p>
   </div>
   <div class='ocr_carea' id='block_1_106' title="bbox 1747 5021 3341 5099">
    <p class='ocr_par' dir='ltr' id='par_1_106' title="bbox 1747 5021 3341 5099">
     <span class='ocr_line' id='line_1_108' title="bbox 1747 5021 3341 5099; baseline 0.001 -19"><span class='ocrx_word' id='word_1_776' title='bbox 1747 5038 1911 5098; x_wconf 85' lang='lat' dir='ltr'><strong>atque</strong></span> <span class='ocrx_word' id='word_1_777' title='bbox 1962 5029 2287 5093; x_wconf 83' lang='lat' dir='ltr'><strong>ordinatus,</strong></span> <span class='ocrx_word' id='word_1_778' title='bbox 2333 5021 2474 5099; x_wconf 77' lang='lat' dir='ltr'><strong>quia</strong></span> <span class='ocrx_word' id='word_1_779' title='bbox 2510 5028 2653 5087; x_wconf 89' lang='lat' dir='ltr'><strong>idetn</strong></span> <span class='ocrx_word' id='word_1_780' title='bbox 2705 5027 3014 5083; x_wconf 65' lang='lat' dir='ltr'><strong>coenobium</strong></span> <span class='ocrx_word' id='word_1_781' title='bbox 3078 5024 3341 5081; x_wconf 67' lang='lat' dir='ltr'><strong>Ecclesia</strong></span> 
     </span>
    </p>
   </div>
   <div class='ocr_carea' id='block_1_107' title="bbox 1747 5118 3335 5192">
    <p class='ocr_par' dir='ltr' id='par_1_107' title="bbox 1747 5118 3335 5192">
     <span class='ocr_line' id='line_1_109' title="bbox 1747 5118 3335 5192; baseline -0.001 -18"><span class='ocrx_word' id='word_1_782' title='bbox 1747 5118 2073 5192; x_wconf 78' lang='lat' dir='ltr'><strong>Moguntina:</strong></span> <span class='ocrx_word' id='word_1_783' title='bbox 2090 5118 2214 5188; x_wconf 90' lang='lat' dir='ltr'><strong>jure</strong></span> <span class='ocrx_word' id='word_1_784' title='bbox 2240 5121 2591 5192; x_wconf 87' lang='lat' dir='ltr'><strong>proprietatis</strong></span> <span class='ocrx_word' id='word_1_785' title='bbox 2616 5121 2919 5191; x_wconf 87' lang='lat' dir='ltr'><strong>subjectum</strong></span> <span class='ocrx_word' id='word_1_786' title='bbox 2948 5128 3086 5185; x_wconf 88' lang='lat' dir='ltr'><strong>erat,</strong></span> <span class='ocrx_word' id='word_1_787' title='bbox 3114 5118 3335 5173; x_wconf 88' lang='lat' dir='ltr'><strong>eosdem</strong></span> 
     </span>
    </p>
   </div>
   <div class='ocr_carea' id='block_1_108' title="bbox 1747 5208 3335 5284">
    <p class='ocr_par' dir='ltr' id='par_1_108' title="bbox 1747 5208 3335 5284">
     <span class='ocr_line' id='line_1_110' title="bbox 1747 5208 3335 5284; baseline -0.001 -20"><span class='ocrx_word' id='word_1_788' title='bbox 1747 5209 1953 5267; x_wconf 70' lang='lat' dir='ltr'><strong>fratres</strong></span> <span class='ocrx_word' id='word_1_789' title='bbox 2000 5212 2185 5278; x_wconf 83' lang='lat' dir='ltr'><strong>minis,</strong></span> <span class='ocrx_word' id='word_1_790' title='bbox 2227 5212 2573 5270; x_wconf 88' lang='lat' dir='ltr'><strong>suasionibus</strong></span> <span class='ocrx_word' id='word_1_791' title='bbox 2614 5208 2779 5284; x_wconf 80' lang='lat' dir='ltr'><strong>atque</strong></span> <span class='ocrx_word' id='word_1_792' title='bbox 2803 5210 3077 5269; x_wconf 81' lang='lat' dir='ltr'><strong>blanditiis</strong></span> <span class='ocrx_word' id='word_1_793' title='bbox 3104 5210 3335 5265; x_wconf 81' lang='lat' dir='ltr'><strong>conaba-</strong></span> 
     </span>
    </p>
   </div>
   <div class='ocr_carea' id='block_1_109' title="bbox 1749 5302 3336 5376">
    <p class='ocr_par' dir='ltr' id='par_1_109' title="bbox 1749 5302 3336 5376">
     <span class='ocr_line' id='line_1_111' title="bbox 1749 5302 3336 5376; baseline 0.001 -19"><span class='ocrx_word' id='word_1_794' title='bbox 1749 5310 1838 5358; x_wconf 87' lang='lat' dir='ltr'><strong>tur</strong></span> <span class='ocrx_word' id='word_1_795' title='bbox 1881 5318 1995 5360; x_wconf 78' lang='lat' dir='ltr'><strong>sute</strong></span> <span class='ocrx_word' id='word_1_796' title='bbox 2041 5304 2251 5360; x_wconf 32' lang='lat' dir='ltr'><strong>ditioni.</strong></span> <span class='ocrx_word' id='word_1_797' title='bbox 2278 5305 2537 5373; x_wconf 88' lang='lat' dir='ltr'><strong>subdere,</strong></span> <span class='ocrx_word' id='word_1_798' title='bbox 2581 5321 2646 5361; x_wconf 90' lang='lat' dir='ltr'><strong>ac</strong></span> <span class='ocrx_word' id='word_1_799' title='bbox 2682 5304 3101 5376; x_wconf 86' lang='lat' dir='ltr'><strong>participatione</strong></span> <span class='ocrx_word' id='word_1_800' title='bbox 3132 5302 3336 5358; x_wconf 76' lang='lat' dir='ltr'><strong>illicita:</strong></span> 
     </span>
    </p>
   </div>
   <div class='ocr_carea' id='block_1_110' title="bbox 1746 5390 3337 5461">
    <p class='ocr_par' dir='ltr' id='par_1_110' title="bbox 1746 5390 3337 5461">
     <span class='ocr_line' id='line_1_112' title="bbox 1746 5390 3337 5461; baseline -0.002 -9"><span class='ocrx_word' id='word_1_801' title='bbox 1746 5390 2153 5453; x_wconf 86' lang='lat' dir='ltr'><strong>communionis</strong></span> <span class='ocrx_word' id='word_1_802' title='bbox 2199 5392 2595 5452; x_wconf 88' lang='lat' dir='ltr'><strong>contaminare.</strong></span> <span class='ocrx_word' id='word_1_803' title='bbox 2648 5396 2727 5451; x_wconf 81' lang='lat' dir='ltr'><strong>illi</strong></span> <span class='ocrx_word' id='word_1_804' title='bbox 2763 5411 2896 5452; x_wconf 88' lang='lat' dir='ltr'><strong>vero</strong></span> <span class='ocrx_word' id='word_1_805' title='bbox 2939 5390 3184 5461; x_wconf 86' lang='lat' dir='ltr'><strong>econtra,</strong></span> <span class='ocrx_word' id='word_1_806' title='bbox 3228 5394 3337 5449; x_wconf 75' lang='lat' dir='ltr'><strong>fixa</strong></span> 
     </span>
    </p>
   </div>
   <div class='ocr_carea' id='block_1_111' title="bbox 1748 5480 3338 5554">
    <p class='ocr_par' dir='ltr' id='par_1_111' title="bbox 1748 5480 3338 5554">
     <span class='ocr_line' id='line_1_113' title="bbox 1748 5480 3338 5554; baseline 0 -11"><span class='ocrx_word' id='word_1_807' title='bbox 1748 5482 2020 5545; x_wconf 87' lang='lat' dir='ltr'><strong>sententia</strong></span> <span class='ocrx_word' id='word_1_808' title='bbox 2066 5480 2283 5546; x_wconf 30' lang='lat' dir='ltr'><strong>&#39;unitati&#39;</strong></span> <span class='ocrx_word' id='word_1_809' title='bbox 2320 5488 2576 5546; x_wconf 85' lang='lat' dir='ltr'><strong>Ecclesiae</strong></span> <span class='ocrx_word' id='word_1_810' title='bbox 2626 5486 2790 5543; x_wconf 86' lang='lat' dir='ltr'><strong>fidem</strong></span> <span class='ocrx_word' id='word_1_811' title='bbox 2838 5493 3145 5554; x_wconf 84' lang='lat' dir='ltr'><strong>servantes,</strong></span> <span class='ocrx_word' id='word_1_812' title='bbox 3186 5487 3338 5543; x_wconf 83' lang='lat' dir='ltr'><strong>velut</strong></span> 
     </span>
    </p>
   </div>
   <div class='ocr_carea' id='block_1_112' title="bbox 1744 5636 3338 5745">
    <p class='ocr_par' dir='ltr' id='par_1_112' title="bbox 1744 5636 3338 5745">
     <span class='ocr_line' id='line_1_114' title="bbox 1744 5636 3338 5745; baseline 0 -19"><span class='ocrx_word' id='word_1_813' title='bbox 1744 5672 1835 5743; x_wconf 88' lang='lat' dir='ltr'><strong>qui</strong></span> <span class='ocrx_word' id='word_1_814' title='bbox 1863 5688 1986 5730; x_wconf 91' lang='lat' dir='ltr'><strong>cum</strong></span> <span class='ocrx_word' id='word_1_815' title='bbox 2014 5672 2210 5745; x_wconf 83' lang='lat' dir='ltr'><strong>legatis</strong></span> <span class='ocrx_word' id='word_1_816' title='bbox 2238 5671 2538 5745; x_wconf 85' lang='lat' dir='ltr'><strong>Clementis</strong></span> <span class='ocrx_word' id='word_1_817' title='bbox 2561 5636 3075 5745; x_wconf 79' lang='lat' dir='ltr'><strong>pseudo-pontificis</strong></span> <span class='ocrx_word' id='word_1_818' title='bbox 3114 5669 3338 5745; x_wconf 57' lang='lat' dir='ltr'><strong>pragfuit</strong></span> 
     </span>
    </p>
   </div>
   <div class='ocr_carea' id='block_1_113' title="bbox 1742 5742 3340 5816">
    <p class='ocr_par' dir='ltr' id='par_1_113' title="bbox 1742 5742 3340 5816">
     <span class='ocr_line' id='line_1_115' title="bbox 1742 5742 3340 5816; baseline -0.003 -16"><span class='ocrx_word' id='word_1_819' title='bbox 1742 5742 2036 5816; x_wconf 81' lang='lat' dir='ltr'><strong>conventui</strong></span> <span class='ocrx_word' id='word_1_820' title='bbox 2052 5742 2398 5816; x_wconf 69' lang='lat' dir='ltr'><strong>Moguntina.</strong></span> <span class='ocrx_word' id='word_1_821' title='bbox 2422 5742 2583 5805; x_wconf 54' lang='lat' dir='ltr'><strong>anno]</strong></span> <span class='ocrx_word' id='word_1_822' title='bbox 2598 5743 2737 5800; x_wconf 78' lang='lat' dir='ltr'><strong>l085</strong></span> <span class='ocrx_word' id='word_1_823' title='bbox 2765 5742 2956 5800; x_wconf 85' lang='lat' dir='ltr'><strong>habito</strong></span> <span class='ocrx_word' id='word_1_824' title='bbox 2984 5742 3173 5816; x_wconf 79' lang='lat' dir='ltr'><strong>contra</strong></span> <span class='ocrx_word' id='word_1_825' title='bbox 3195 5742 3340 5816; x_wconf 62' lang='lat' dir='ltr'><strong>Gre-</strong></span> 
     </span>
    </p>
   </div>
   <div class='ocr_carea' id='block_1_114' title="bbox 1744 5812 3339 5944">
    <p class='ocr_par' dir='ltr' id='par_1_114' title="bbox 1744 5812 3339 5944">
     <span class='ocr_line' id='line_1_116' title="bbox 1744 5812 3339 5889; baseline -0.001 -19"><span class='ocrx_word' id='word_1_826' title='bbox 1744 5815 1953 5885; x_wconf 81' lang='lat' dir='ltr'><strong>gnritnu</strong></span> <span class='ocrx_word' id='word_1_827' title='bbox 1977 5815 2087 5882; x_wconf 85' lang='lat' dir='ltr'><strong>VII,</strong></span> <span class='ocrx_word' id='word_1_828' title='bbox 2116 5812 2185 5872; x_wconf 76' lang='lat' dir='ltr'><strong>ad</strong></span> <span class='ocrx_word' id='word_1_829' title='bbox 2210 5818 2369 5889; x_wconf 86' lang='lat' dir='ltr'><strong>quem</strong></span> <span class='ocrx_word' id='word_1_830' title='bbox 2398 5823 2727 5875; x_wconf 77' lang='lat' dir='ltr'><strong>conventum</strong></span> <span class='ocrx_word' id='word_1_831' title='bbox 2753 5826 2981 5876; x_wconf 87' lang='lat' dir='ltr'><strong>vocatus</strong></span> <span class='ocrx_word' id='word_1_832' title='bbox 3009 5812 3339 5872; x_wconf 83' lang='lat' dir='ltr'><strong>Willtclmns</strong></span> 
     </span>
     <span class='ocr_line' id='line_1_117' title="bbox 1746 5886 3331 5944; baseline 0.006 -5"><span class='ocrx_word' id='word_1_833' title='bbox 1746 5887 1935 5944; x_wconf 84' lang='lat' dir='ltr'><strong>adesse</strong></span> <span class='ocrx_word' id='word_1_834' title='bbox 1966 5886 2164 5944; x_wconf 89' lang='lat' dir='ltr'><strong>renuit.</strong></span> <span class='ocrx_word' id='word_1_835' title='bbox 2276 5909 2286 5918; x_wconf 85' lang='lat'><strong><em>-</em></strong></span> <span class='ocrx_word' id='word_1_836' title='bbox 3328 5900 3331 5901; x_wconf 67' lang='grc'><strong><em>⁷</em></strong></span> 
     </span>
    </p>
   </div>
  </div>
