3852 6308
499 392 596 448 ett
860 350 871 359 ’
1033 384 1057 419 τ’
1647 389 1707 446 s.
1738 386 2108 445 GUILLELMI
2145 387 2435 443 ABBATIS
2474 386 2798 444 musaea.
3633 393 3728 453 si:

484 503 679 565 surdis
724 503 948 560 auribus
996 503 1365 561 blandientem
1421 512 1765 573 spreverunt,
1816 519 1881 558 ac
1918 503 2072 574 juxta
2101 505 2148 563 Α
2174 502 2399 572 singulis
2429 503 2756 574 pauperibus
2786 502 3028 571 singulas
3054 513 3267 574 partes,
3298 503 3497 575 quibus
3517 523 3573 563 se
3604 525 3631 563 a
3656 511 3730 569 iri-

495 597 779 656 eonsilium
811 607 867 654 et
900 599 1212 655 mandatum
1251 598 1324 668 pii
1351 597 1520 667 patris
1545 596 1840 669 Wilbelmi,
1873 596 2075 650 relictis
2118 579 2129 585 ’
2167 611 2304 666 gere
2333 606 2707 666 protegerent,
2733 597 3012 666 impendit.

492 691 770 765 omnibus,
807 691 875 746 ad
921 691 1099 761 ipsum
1125 680 1185 746 se
1212 689 1577 745 contulerunt.
1612 689 1726 744 Hoc
1744 698 1925 749 autem
1950 704 2075 751 eve.
2166 741 2174 748 ,
2218 688 2335 747 19.
2376 687 2638 755 Quiddam
2663 688 2728 743 de
2753 688 2911 742 beato
2934 689 3048 743 viro
3079 690 3313 746 referam
3355 692 3497 762 quod
3542 696 3730 765 respicit

486 764 579 835 niti
600 781 749 835 circa
776 794 1019 836 mensem
1057 778 1358 851 Augustum
1385 788 1511 833 ante
1541 792 1772 843 messem
1806 791 2071 833 novarum
2174 779 2241 833 ad
2263 780 2428 834 animi
2468 781 2548 834 sui
2582 780 2872 849 puritatem
2894 792 2946 835 et
2974 782 3377 851 simplicitatem
3406 764 3731 853 comprobari.

487 873 731 943 frugum,
762 880 821 931 et
845 871 1095 941 quamvis
1136 872 1325 928 eodem
1365 885 1508 925 anno
1550 878 1604 923 et
1635 869 1904 941 sequenti,
1953 882 2072 922 ma-
2164 870 2299 932 ~dam
2343 880 2398 924 et
2425 871 2746 936 amandam,
2798 880 2855 925 et
2894 872 3187 926 multorum
3218 872 3301 926 sui
3343 874 3580 928 nominis
3605 876 3718 929 vani.

481 965 638 1019 .xima
666 980 730 1032 ex
764 974 920 1035 parte
949 964 1281 1021 frumentum
1303 964 1534 1035 pecunia
1558 974 1868 1034 coemptum
1901 962 2076 1033 quoti¢
2168 972 2342 1019 tatem
2375 964 2748 1021 detestandam
2789 974 2845 1019 et
2886 966 3273 1020 damnandam.
3322 965 3557 1033 Quidam
3595 969 3730 1022 abbas

481 1057 656 1116 .diano
674 1055 911 1111 fratrum
930 1042 1099 1111 victui
1134 1055 1629 1121 administraretur,
1666 1065 1843 1113 tamen
1876 1056 1929 1110 in
1962 1057 2069 1111 Deo
2158 1058 2426 1128 pretiosis
2452 1059 2691 1114 vestibus
2713 1100 2729 1126 ,
2760 1059 3040 1130 plusquam
3075 1059 3235 1115 talem
3252 1073 3545 1130 personam
3572 1070 3623 1115 et
3645 1071 3727 1114 tam

478 1148 687 1202 .tiducia
715 1163 909 1218 magna
944 1162 1301 1218 praesumens,
1340 1156 1396 1203 et
1431 1162 1531 1219 pro
1571 1147 1803 1203 adventu
1856 1146 2074 1201 illorum
2175 1151 2403 1205 arduum
2430 1151 2759 1220 propositum
2791 1152 3043 1216 deceret,
3065 1150 3282 1205 deditus
3307 1159 3465 1217 erat;
3500 1164 3649 1216 quem
3669 1152 3731 1205 vir

491 1240 773 1301 Dominum
823 1240 1175 1311 glorificans,
1227 1240 1391 1295 veluti
1451 1250 1649 1296 cuncta
1704 1241 1903 1294 horrea
1963 1238 2075 1293 fru-
2175 1241 2384 1296 Domini
2416 1256 2515 1311 pro
2543 1241 2725 1295 tnultis
2770 1242 2892 1295 aliis
2926 1240 3082 1295 bonis
3116 1256 3149 1296 a
3190 1242 3301 1296 Deo
3339 1240 3443 1295 sibi
3488 1240 3730 1294 concessis

488 1341 671 1388 mento
704 1332 857 1404 plena
898 1341 1109 1400 essent,
1150 1333 1409 1403 praecepit
1457 1332 1671 1387 solitam
1712 1331 2071 1401 quantitatem

481 1426 648 1496 panis
696 1428 906 1496 augeri,
954 1408 1183 1480 dicens:
1216 1424 1355 1491 Quia
1393 1423 1647 1478 Dominus
1700 1424 1849 1483 auxit
1886 1436 2071 1475 nume-

486 1535 602 1595 rum
631 1534 897 1593 servorum
932 1532 1172 1583 suorum,
1204 1516 1449 1572 debemus
1478 1500 1640 1570 etiam
1667 1526 1716 1570 et
1748 1532 1843 1570 nos
1881 1528 2071 1584 augere

485 1626 751 1664 annonam
773 1609 1009 1664 illorum.
1046 1608 1378 1679 Aliquandiu
1402 1608 1627 1663 retentis
1656 1621 1837 1662 secum
1865 1604 2067 1659 eisdem

474 1704 770 1775 .fratribus,
831 1712 997 1775 atque
1052 1702 1201 1757 omni
1252 1701 1595 1756 humanitate
1652 1700 1737 1755 eis
1792 1697 2065 1761 exhibita,

472 1804 674 1865 .postea
703 1793 909 1855 dimisit
934 1793 1017 1849 eis
1036 1792 1229 1849 cellam
1268 1792 1441 1848 sancti
1470 1791 1715 1862 Gregorii
1744 1805 1867 1857 cum
1893 1789 2069 1845 omni-

2172 1332 2468 1402 diligebat,
2512 1333 2605 1389 sed
2652 1333 2703 1386 in
2762 1333 2896 1398 hoc,
2948 1332 3247 1387 secundum
3299 1332 3476 1401 zelum
3515 1331 3728 1391 Domini,

2164 1425 2376 1485 acriter
2396 1440 2519 1481 eum
2553 1426 2750 1495 saepius
2771 1425 3065 1495 corripuit,
3111 1426 3363 1495 quamvis
3406 1440 3597 1495 parum
3633 1440 3732 1494 pro-

2170 1516 2359 1573 fuerit.
2384 1518 2627 1585 Quodam
2658 1529 2900 1588 tempore
2919 1519 3073 1589 quasi
3094 1533 3193 1587 pro
3220 1517 3601 1573 benedictione
3620 1517 3730 1571 idem

2170 1611 2337 1666 abbas
2363 1614 2657 1682 pretiosum
2706 1612 3098 1667 lectisternium
3137 1613 3187 1668 ei
3221 1612 3453 1675 obtulit,
3506 1621 3562 1667 et
3608 1610 3731 1664 utob

2162 1703 2490 1764 memoriam
2530 1714 2731 1758 mutua:
2782 1688 3090 1758 dilectionis
3145 1704 3486 1773 susciperet,
3536 1704 3730 1773 rogavit.

2164 1796 2322 1864 Quod
2351 1797 2432 1850 vir
2455 1798 2561 1851 Deo
2594 1797 2783 1867 plenus
2811 1796 2979 1851 multa
3009 1797 3360 1867 simplicitate
3389 1796 3651 1865 suscepit,
3690 1808 3733 1848 et

472 1887 588 1944 .hus
612 1902 733 1956 qua:
763 1886 831 1940 ad
872 1900 994 1942 eam
1037 1868 1411 1956 Ρθτιίηειηηῑ,
1456 1891 1661 1954 quanto
1688 1891 1930 1953 lemPOI‘e
1968 1898 2063 1967 νοῇ
2095 1870 2142 1933 Β
2169 1889 2237 1943 ad
2287 1887 2566 1944 oﬂ‘erentis
2620 1886 2994 1957 duplicitatem
3049 1902 3159 1951 non
3220 1890 3475 1944 attendit.
3524 1888 3733 1944 Oili-ms

471 1979 726 2035 .luerunt.

473 2114 480 2121 .
554 2072 644 2129 17.
671 2072 791 2128 Alio
814 2084 1029 2142 quoque
1067 2078 1309 2141 tempore
1342 2069 1407 2125 ad
1430 2068 1718 2139 quamdam
1744 2067 1931 2135 cellam
1962 2068 2066 2123 iter

478 2172 614 2227 tunc
643 2164 861 2234 agebat,
891 2177 1055 2232 quam
1089 2170 1281 2231 rogatu
1324 2158 1604 2230 cujusdam
1650 2160 1871 2221 comitis
1908 2158 2063 2229 juxta

476 2255 788 2312 Danubium
826 2262 1245 2323 construxerat.
1306 2252 1537 2322 Jamque
1600 2251 1728 2305 illuc
1774 2250 2065 2321 appropin-

469 2363 658 2419 quare
679 2354 940 2416 coeperat,
955 2353 1011 2401 et
1028 2360 1156 2402 ecce
1179 2345 1232 2399 in
1254 2343 1493 2400 confinio
1515 2341 1771 2397 silvarum
1795 2341 2064 2411 quoddam

488 2442 761 2512 tugurium
785 2441 1152 2510 censpicatur,
1178 2446 1576 2507 assumptoque
1624 2451 1811 2491 secum
1852 2449 1959 2489 uno
1998 2448 2063 2489 ex

484 2534 939 2598 commeantibus,
963 2533 1177 2588 caeteris
1214 2540 1452 2601 emptum
1488 2531 1591 2584 iter
1618 2526 2064 2598 exsequentibus,

469 2624 613 2680 illuc
640 2627 861 2680 tendere
886 2638 993 2679 non
1020 2630 1286 2678 moratur.
1318 2620 1553 2676 Veniens
1579 2620 1764 2689 itaque
1793 2618 1860 2673 ad
1894 2619 2065 2688 ipsam

477 2715 884 2779 domunculam,
917 2715 1120 2785 reperit
1145 2712 1427 2769 mulierem
1458 2712 1619 2766 valde
1639 2709 2062 2780 pauperculam;

468 2808 905 2879 «ingressusque,
958 2816 1016 2863 et
1067 2806 1270 2862 oblitus
1316 2820 1427 2860 suae
1480 2802 1795 2873 dignitatis,
1865 2800 2066 2857 oblitus

473 2900 682 2954 assueti
713 2899 927 2970 rigoris,
946 2898 1103 2969 juxta
1144 2899 1322 2970 ignem
1351 2896 1512 2959 sedit.
1552 2896 1835 2966 ipsamque
1873 2894 2064 2964 sedere

478 2992 758 3063 prtecepit.
804 2990 956 3047 Tunc
1000 2991 1144 3045 inter
1192 3004 1362 3045 sacra:
1406 2985 1785 3043 aedificationis
1824 2983 2060 3053 eloquia,

478 3082 670 3140 oculos
698 3085 805 3139 huc
835 3084 1067 3153 illucque
1098 3082 1520 3147 circumferens,
1562 3079 1875 3135 sciscitatur
1899 3079 1967 3132 ab
1996 3092 2060 3133 ea

470 3192 721 3248 quonam
755 3172 915 3233 medo
944 3176 1057 3245 ipsa
1091 3189 1213 3229 clm
1242 3175 1360 3229 viro
1384 3189 1486 3229 suo
1516 3174 1742 3237 viveret,
1774 3172 1900 3243 quia
1930 3170 2062 3226 nihil

2171 1979 2387 2049 quidem
2428 1980 2479 2033 id
2512 1978 2853 2045 intendebat,
2883 1986 2941 2032 ut
2968 1979 3021 2033 in
3050 1978 3155 2045 hoc
3182 1978 3484 2032 vanitatem
3513 1994 3654 2047 suam
3690 1979 3732 2030 in

2161 2073 2371 2129 studio.
2395 2073 2757 2143 pretiosarum
2806 2073 3039 2127 vestium
3087 2071 3491 2141 aliquantulum
3520 2082 3730 2141 tegeret.

2167 2166 2420 2230 scilicet,
2471 2165 2516 2220 si
2568 2173 2675 2219 tam
2727 2163 3047 2228 laudabilis,
3087 2173 3145 2219 et
3185 2164 3237 2217 in
3265 2165 3417 2218 omni
3449 2164 3732 2218 monachica

2173 2253 2509 2327 professione
2538 2254 2813 2325 perfectus
2834 2294 2850 2319 ,
2892 2251 3203 2321 bujusmodi
3254 2264 3503 2316 uteretur
3528 2293 3543 2317 ,
3582 2253 3659 2307 ille
3692 2254 3732 2305 in

2174 2348 2280 2417 alio
2321 2346 2483 2401 simili
2536 2362 2641 2400 non
2696 2346 2985 2407 admodum
3032 2354 3335 2407 notaretur.
3395 2345 3487 2400 Ille
3535 2360 3732 2413 namque

2166 2437 2342 2503 abbas
2372 2438 2499 2493 olim
2531 2438 2629 2491 viri
2666 2438 2757 2491 Dei
2792 2446 2915 2497 erat
2936 2436 3211 2507 professus
3238 2477 3254 2501 .
3287 2445 3344 2493 et
3373 2437 3443 2491 ab
3476 2439 3654 2493 eodem
3679 2436 3731 2487 ad

2176 2528 2334 2582 talem
2358 2529 2616 2582 honorem
2643 2535 2949 2595 provectus.
2994 2526 3112 2581 Una
3146 2538 3332 2587 autem
3361 2536 3574 2582 tantum
3604 2538 3735 2581 nocte

2173 2619 2257 2674 vir
2290 2618 2383 2672 Dei
2414 2619 2503 2673 illo
2530 2618 2861 2674 lectisternio
2888 2619 3081 2675 utitur.
3135 2618 3367 2674 Postera
3414 2620 3504 2673 die
3543 2619 3731 2688 quidam

2155 2709 2402 2765 .fratrutn
2427 2710 2688 2779 obsequio
2716 2710 2857 2766 illius
2872 2709 3148 2776 devotior,
3166 2722 3391 2769 secreto
3418 2711 3568 2765 illum
3596 2712 3731 2774 adiit,

2156 2817 2233 2865 .sc
2261 2817 2381 2857 esse
2402 2802 2829 2857 circumventum
2856 2804 3160 2857 admonuit.
3180 2803 3309 2870 Quo
3336 2805 3557 2866 audito,
3588 2804 3736 2857 incre-

2152 2893 2337 2955 -,dibile
2373 2893 2543 2958 dictu,
2591 2891 2792 2948 factum
2822 2908 2977 2948 suum
3006 2896 3226 2965 expavit
3260 2903 3316 2949 et
3357 2896 3663 2955 exhorruit,
3687 2902 3736 2946 et

2149 3000 2295 3038 .mox
2321 2986 2373 3039 itt
2404 2986 2590 3039 decem
2620 2999 2914 3055 pauperum
2951 2986 3251 3041 subsidium
3283 2987 3429 3043 male
3453 2998 3733 3057 susceptum

2146 3075 2356 3130 .divisit
2403 3075 2818 3133 lectisternium.
2880 3076 3191 3134 Habuit‘et
3243 3080 3350 3134 hoc
3406 3081 3555 3136 omni
3602 3081 3735 3134 laude

2147 3168 2390 3240 .dignum
2414 3185 2539 3225 cum
2583 3169 2705 3225 aliis
2735 3170 2892 3226 bouis
2932 3170 3047 3227 suis
3097 3170 3185 3231 ille
3231 3169 3467 3229 dilectus
3508 3172 3733 3227 Botuini:

472 3244 533 3324 in
570 3268 732 3323 domo
765 3267 907 3322 unde
948 3244 1262 3335 temporalis
1297 3266 1418 3321 vitae
1454 3265 1720 3336 stipendia
1755 3279 2061 3334 conseque»-
2089 3244 2137 3308 ο
2167 3277 2293 3316 nam
2322 3277 2351 3315 a
2374 3277 2699 3333 quocunque
2741 3262 3020 3318 hominum
3057 3262 3261 3333 aliquid
3309 3264 3442 3319 boni
3490 3264 3545 3318 in
3572 3265 3735 3317 admo-

476 3369 689 3426 rcntur,
720 3361 969 3415 haberet.
1004 3360 1096 3414 Illa
1131 3358 1207 3414 nil
1230 3367 1427 3428 praeter
1455 3360 1711 3414 miseram
1741 3358 1906 3417 vitam
1934 3355 2065 3413 reli-

467 3469 641 3524 quum
675 3453 773 3509 sibi
805 3456 943 3509 esse
966 3452 1186 3519 fatetur,
1236 3466 1374 3523 pane
1421 3460 1477 3507 et
1498 3455 1656 3522 'aqua
1689 3465 1748 3507 se
1782 3450 2061 3518 victitare,

468 3554 531 3601 et
583 3548 704 3601 hare
756 3546 846 3601 vix
902 3546 1223 3615 quotidiana
1275 3544 1465 3601 labore
1522 3556 1780 3597 manuum
1837 3554 2063 3596 suarum

472 3651 691 3706 parare.
720 3636 917 3692 Marito
943 3638 1160 3693 interitu
1197 3636 1265 3691 de
1300 3652 1431 3708 agro
1462 3650 1727 3707 regresso,
1762 3634 1960 3704 quzerit
1992 3631 2062 3688 ab

474 3727 556 3781 eis
587 3726 819 3781 ﬁdemne
838 3728 1016 3785 sciant
1048 3726 1395 3792 catholicam,
1423 3726 1540 3782 sine
1561 3740 1667 3795 qua
1696 3740 1855 3780 nemo
1884 3732 2063 3795 potest

472 3817 734 3885 consequi
772 3817 938 3871 vitam
980 3817 1278 3871 aeternam?
1307 3816 1409 3889 Qui
1441 3816 1766 3887 simpliciter
1797 3815 2058 3885 quidnam

473 3906 548 3962 sit
574 3905 709 3962 fides
737 3906 952 3977 penitus
993 3922 1054 3963 se
1098 3906 1352 3977 ignorare
1393 3905 1653 3966 fatentur.
1686 3907 1758 3961 At
1787 3907 1877 3961 ille
1899 3904 2061 3964 altius

472 3996 860 4073 ingemiscens,
899 4009 952 4054 et
980 3998 1213 4069 gemina:
1252 4012 1442 4059 eorum
1494 3998 1690 4068 inopia:
1736 4013 1806 4052 ex
1852 3997 2060 4055 intimis

472 4087 778 4159 visceribus
812 4089 1146 4145 condolens:
1176 4107 1195 4141 ι
1223 4089 1363 4157 Quid
1392 4088 1613 4155 mirum,
1651 4089 1745 4155 ait,
1778 4090 1824 4145 si
1860 4090 1929 4145 ab
1950 4105 2059 4146 ex-

464 4180 769 4238 terioribus
793 4181 965 4237 rebus
984 4180 1238 4237 videmini
1271 4180 1479 4251 inopes,
1504 4180 1595 4251 qui
1633 4179 1797 4246 intus,
1823 4181 2057 4236 misera-

468 4271 582 4329 bile
602 4272 751 4328 dietu
781 4273 793 4326 l
837 4289 871 4327 a
896 4271 1031 4339 Deo,
1057 4272 1148 4343 qui
1177 4281 1399 4344 prastat
1434 4273 1593 4328 nobis
1632 4273 1812 4328 omnia
1845 4273 2058 4330 abunde

394 4441 403 4445 -
470 4366 551 4421 ad
579 4364 886 4434 fruendum,
922 4367 1059 4425 estis
1089 4367 1297 4422 inanes.
1330 4365 1462 4422 Post
1484 4367 1620 4434 hzec,
1664 4368 1846 4433 fidem,
1896 4373 2058 4436 prout

471 4472 671 4527 capere
708 4469 981 4529 poterant,
1032 4461 1272 4517 breviter
1309 4461 1389 4517 eis
1417 4461 1662 4531 exponit,
1706 4472 1761 4516 et
1787 4476 1886 4531 pro
1914 4469 2055 4521 teme

467 4564 608 4623 pore
659 4554 968 4617 instructis,
1020 4554 1286 4622 qttatenus
1333 4553 1400 4608 ad
1446 4554 1695 4610 eamdem
1750 4554 1943 4625 cellam
1995 4568 2056 4609 se

470 4653 836 4712 sequerentur
894 4643 1149 4715 iniunxit.
1200 4643 1424 4707 Postera
1472 4646 1562 4701 die
1608 4646 1700 4701 illo
1751 4647 2051 4713 venientes,

470 4732 705 4803 benigne
727 4732 987 4802 suscepit,
1011 4732 1328 4801 aliquandiu
1351 4734 1582 4804 benigne
1604 4735 1844 4799 retinuit,
1875 4752 2056 4792 neces-

467 4826 660 4882 sitates
678 4839 868 4883 eorum
896 4838 1002 4879 non
1025 4825 1240 4880 modice
1265 4825 1588 4880 sublevavit.
1618 4825 1819 4897 Sicque
1850 4828 2054 4886 factum

467 4927 555 4976 est
579 4926 638 4972 ut
666 4927 725 4974 et
749 4917 950 4974 mentis
971 4917 1185 4973 illorum
1212 4918 1449 4989 inopiam
1479 4918 1646 4973 verbo
1671 4934 1842 4974 sacrae
1872 4921 2056 4975 erudi-

405 5077 408 5081 ,
460 5013 641 5076 tionis
684 5013 949 5080 inecaret,
994 5021 1051 5068 et
1093 5011 1430 5083 corporalem
1457 5011 1741 5083 penuriam
1798 5012 2052 5068 munifice

467 5105 764 5167 alleviaret.

472 5242 475 5243 ν
535 5200 623 5256 i8.
664 5198 799 5258 Cum
825 5197 1060 5269 quodam
1089 5196 1308 5255 hiemali
1335 5204 1578 5268 tempore
1612 5196 1718 5259 iter
1741 5207 1927 5268 ageret
1954 5214 2052 5270 per

463 5293 599 5348 lines
618 5275 896 5356 Bavarize,
921 5290 1138 5346 obviam
1170 5289 1359 5360 habuit
1383 5288 1521 5346 duos
1545 5304 1832 5361 pauperes,
1861 5300 2052 5350 contra

461 5384 677 5455 frigoris
711 5384 1064 5455 asperitatem
1096 5383 1324 5441 vestitus
1349 5381 1420 5438 ab
1440 5397 1508 5439 eo
1528 5383 1832 5440 subsidium
1863 5394 2051 5455 postu-

460 5476 656 5532 lantes.
680 5476 795 5543 ‘Qui
819 5486 944 5533 mox
968 5475 1289 5537 recordatus
1308 5475 1484 5537 sancti
1513 5460 1747 5539 Mar'tini,
1775 5476 1866 5545 qui
1890 5476 2051 5531 dimi-

461 5566 607 5620 dium
636 5567 939 5638 chlamydis
987 5582 1100 5623 sua:
1148 5566 1377 5638 largitus
1419 5577 1503 5622 est
1536 5566 1736 5638 algenti
1787 5567 2044 5638 pauperi,

442 5672 586 5713 cum
611 5673 719 5713 uno
750 5657 950 5715 famulo
984 5660 1259 5729 digressus
1286 5668 1372 5717 est
1395 5674 1646 5717 seorsum
1673 5675 1704 5714 a
1734 5672 2051 5716 commean-

462 5749 647 5812 tibus,
691 5756 742 5802 et
790 5762 978 5832 sagum
1007 5751 1151 5818 quod
1179 5751 1228 5805 ei
1270 5759 1380 5806 tam
1424 5749 1692 5822 equitanti
1726 5765 1890 5822 quam
1925 5751 2053 5806 dor-

465 5840 892 5923 nticutirsolebat
920 5840 1222 5910 substerni,
1259 5843 1315 5899 in
1349 5843 1483 5900 duas
1513 5853 1696 5916 partes
1735 5843 1946 5914 divisit,
1983 5860 2047 5901 ac

2164 3356 2344 3423 nendo
2374 3355 2611 3423 audivit,
2662 3371 2727 3412 ac
2758 3356 2803 3412 si
2840 3357 2911 3412 de
2944 3356 3085 3412 cmlo
3115 3358 3343 3413 missum
3362 3399 3379 3425 ,
3417 3360 3563 3413 omni
3594 3359 3733 3412 devo-

2169 3448 2312 3504 tione
2343 3448 2602 3519 suscepit.
2635 3448 2810 3520 Cogor
2844 3451 3137 3506 multorum
3175 3452 3260 3506 sui
3308 3452 3549 3507 nominis
3586 3452 3731 3505 altam

2157 3540 2514 3610 supercilium
2531 3551 2587 3595 et
2605 3541 2877 3612 singulare
2902 3558 3071 3598 cornu
3101 3542 3340 3609 deﬂere;
3368 3544 3457 3599 hic
3480 3544 3730 3603 virtutum.

2163 3629 2253 3686 ltic
2296 3630 2463 3696 totius
2508 3630 2808 3687 honestatis
2848 3632 3157 3701 speculum,
3212 3632 3284 3688 ab
3330 3634 3483 3689 omni
3542 3632 3733 3688 homine

2163 3720 2325 3792 elegit
2344 3724 2702 3793 correptionis
2730 3724 3017 3795 judicium,
3045 3734 3101 3780 et
3129 3726 3426 3782 veritatem
3444 3741 3491 3781 ‘a
3520 3739 3712 3797 quocun

2163 3828 2268 3885 que
2295 3815 2514 3871 homine
2542 3817 2847 3873 honoravit.

2166 3966 2171 3973 ,
2232 3905 2324 3960 20.
2357 3904 2673 3978 Compassio
2702 3922 2830 3963 vero
2864 3917 2970 3963 tam
2999 3908 3268 3965 naturalis
3294 3919 3353 3965 et
3382 3910 3663 3966 vehemens
3687 3906 3729 3961 ei

2162 3995 2430 4071 iuerat,ut
2471 4014 2577 4054 non
2618 3999 2790 4055 solum
2825 4016 2954 4071 erga
2983 4001 3255 4069 homines,
3291 4003 3391 4058 sed
3422 4004 3583 4059 etiam
3619 4017 3728 4070 erga

2159 4085 2316 4143 bruta
2334 4089 2587 4146 animalia
2605 4091 2744 4147 hanc
2762 4093 3089 4149 ostenderet.
3108 4092 3346 4151 Hincest
3361 4098 3505 4166 quod
3521 4098 3727 4166 quadam

2159 4180 2357 4249 hieme,
2371 4196 2495 4239 cum
2508 4200 2573 4239 ex
2591 4185 2838 4240 abundat:
2849 4187 2918 4241 tia
2934 4188 3138 4251 nivium
3153 4189 3236 4245 vis
3249 4189 3453 4261 algoris
3467 4190 3582 4263 plus
3592 4190 3729 4244 solito

2160 4273 2457 4345 ingrueret,
2477 4276 2617 4331 idem
2634 4276 2798 4333 Pater
2814 4280 3113 4337 visceribus
3123 4282 3343 4352 pietatis
3363 4295 3556 4346 motus,
3574 4282 3728 4336 accitu

2158 4369 2465 4438 praeposito,
2484 4370 2717 4439 querula
2738 4386 2870 4427 voce
2884 4371 3024 4428 dixit
3042 4374 3091 4428 ei
3114 4391 3127 4427 :
3153 4392 3173 4426 ι
3202 4372 3458 4430 Volatilia
3480 4376 3665 4445 frigore
3682 4380 3725 4424 ct

2157 4457 2301 4516 fatue
2328 4472 2579 4532 pereunt,
2599 4479 2752 4521 sume
2774 4464 3077 4536 manipulos
3098 4482 3304 4534 avenas,
3326 4477 3384 4522 et
3411 4468 3578 4533 deﬁge
3602 4470 3725 4521 circa

2082 4590 2135 4650 Β
2160 4568 2317 4623 sepes
2338 4594 2354 4618 .
2384 4564 2442 4608 ut
2464 4556 2743 4612 inveniant
2771 4574 2880 4628 quo
2911 4569 3224 4630 pascantur.
3257 4581 3279 4615 ι
3310 4563 3383 4619 At
3411 4564 3500 4618 ille
3529 4570 3703 4631 respuo

2158 4645 2263 4700 dit:
2294 4664 2313 4698 ι
2338 4646 2584 4717 Domine,
2613 4650 2933 4708 defecerunt
2953 4655 3106 4709 nobis
3119 4655 3721 4726 mattipuliavettarutn.t

2157 4736 2253 4809 Cui
2287 4738 2417 4795 ille:
2452 4739 2725 4809 Habesne,
2761 4745 2964 4816 inquit,
2996 4747 3280 4816 siligineus
3308 4747 3607 4819 manipulos
3646 4754 3721 4798 aut

2158 4832 2438 4888 triticeos?
2465 4863 2535 4874 —
2564 4833 2769 4901 Habeo,
2789 4839 2983 4908 inquit.
3016 4836 3166 4894 Tunc
3181 4840 3304 4910 pius
3317 4839 3483 4896 Pater
3505 4858 3519 4897 :
3542 4857 3563 4889 ο
3581 4839 3722 4906 Ergo.

2149 4925 2267 4999 ait,
2296 4924 2415 4981 illos
2445 4927 2654 4992 vende,
2702 4937 2757 4983 et
2801 4943 2923 4984 eme
2969 4931 3276 4986 avenarios.
3310 4953 3332 4985 ι
3380 4932 3471 4988 Ille
3514 4928 3723 5001 jussioni

2152 5016 2577 5088 obtemperans,
2632 5020 2864 5091 adjutori
2896 5038 3017 5091 suo
3070 5023 3308 5093 injunxit
3367 5036 3448 5091 ut,
3496 5040 3645 5081 mane
3666 5022 3723 5074 ad

2151 5120 2363 5177 curtem
2394 5112 2617 5179 exiens,
2656 5127 2821 5183 Opera
2841 5114 2993 5184 jussa
3025 5115 3295 5185 impleret.
3332 5118 3526 5173 Eadem
3557 5126 3721 5172 necte.

2152 5202 2371 5272 quando
2388 5203 2754 5274 subsequente
2776 5221 2933 5261 mane
2966 5206 3142 5261 iturus
3162 5218 3305 5274 erat,
3331 5210 3505 5280 gratia
3528 5208 3721 5263 Dotniui

2150 5295 2541 5366 benignitatem
2565 5298 2646 5353 sui
2677 5298 2821 5352 servi
2856 5302 3269 5363 remunerante,
3333 5302 3596 5373 asperitas
3624 5298 3722 5370 gla-

2150 5387 2251 5464 ciei
2287 5388 2524 5444 emollita
2560 5400 2641 5444 est
2670 5389 2774 5444 levi
2814 5392 2957 5445 aeris
2982 5393 3265 5461 temperie.
3303 5392 3451 5449 Sane
3480 5406 3721 5465 pauperes

2151 5478 2207 5543 in
2249 5479 2672 5552 cleemosynaria
2694 5522 2710 5547 ,
2761 5481 2877 5535 sive
2907 5482 3139 5537 rusticos
3172 5483 3225 5537 in
3258 5483 3457 5539 villulis
3494 5484 3721 5538 infirmos

2144 5569 2385 5640 jacentes
2418 5571 2699 5625 humiliter
2730 5572 2971 5626 visitavit
2992 5613 3008 5637 ,
3034 5588 3097 5628 ac
3128 5573 3234 5642 piis
3268 5575 3719 5630 consolationibus

2149 5661 2315 5729 fovit,
2358 5672 2636 5731 postremo
2667 5664 2934 5720 obeuntes
2965 5662 3207 5737 diligenti
3257 5682 3388 5723 cura
3447 5666 3719 5736 sepultura:

2151 5752 2391 5807 tradidit;
2411 5752 2610 5808 Eorum
2627 5768 2759 5809 vero
2773 5754 2864 5823 qui
2879 5755 3145 5810 insaniam
3160 5757 3355 5811 mentis
3372 5755 3717 5825 patiebantur,

2150 5845 2354 5901 nullum
2379 5846 2655 5917 suscipere
2677 5847 2996 5920 dedignatus
3021 5857 3124 5904 est.
3173 5850 3274 5903 Aut
3301 5851 3442 5904 enim
3466 5862 3585 5904 cum
3615 5854 3718 5899 tow
