3852 6308
146 282 241 380 θῖὲ

1673 321 1854 410 vm.

3306 316 3407 395 οη

118 434 360 499 ’ΐηιιιήηι
385 453 661 498 conventu
689 443 923 512 psalmos
949 451 1003 498 et
1032 440 1434 497 benedictiones
1469 440 1720 497 recitavit
1749 442 1796 498 Α
1824 445 2203 514 praesentarit,
2252 456 2307 502 et
2339 463 2504 503 unum
2534 450 2831 520 quemlibet
2859 467 2924 507 ex
2958 452 3165 508 duobus
3198 454 3407 525 episeo-

144 552 291 606 super
321 536 441 590 illos
466 576 482 597 .
510 545 608 590 aut
628 552 749 590 cum
778 535 1097 606 quibusdam
1133 535 1394 590 fratribus
1420 575 1434 600 ,
1476 551 1596 605 qua:
1629 533 1719 590 tali

143 628 342 697 negotio
366 628 747 697 congruebant
791 626 1025 696 explevit
1055 645 1068 680 :
1102 636 1177 691 et,
1213 626 1582 681 misericordia
1610 626 1718 681 Do-‘

143 720 257 793 inim
290 719 692 789 subsequente,
746 735 868 774 cum
899 718 1133 773 sanitate
1159 719 1355 774 mentis
1385 712 1442 773 et
1475 718 1719 791 Corporis

140 815 232 868 la-tt
260 814 323 866 ad
356 815 583 883 propria
610 810 906 869 redierunt.
1702 808 1707 814 ’

197 905 280 957 2i.
322 893 538 974 Religio
571 921 784 975 quoque
813 905 1140 968 monastica,
1188 919 1308 974 qua:
1337 921 1473 976 pene
1506 906 1558 961 in
1590 922 1715 978 pro-

138 994 310 1049 vinciis
341 994 669 1051 Teutonicis
696 990 982 1052 refrixerat
1010 997 1061 1050 in
1086 995 1165 1051 eis
1200 997 1289 1066 qui
1321 997 1563 1054 habitum
1591 999 1715 1054 reli-e

136 1087 723 1158 giouispmtendebant
742 1128 759 1155 ,
789 1087 948 1155 hujus
977 1088 1116 1143 beati
1143 1086 1320 1142 Patris
1349 1088 1529 1145 studio
1551 1090 1716 1161 erepit

137 1178 452 1235 recalescere
482 1192 542 1235 et
581 1181 912 1250 recuperari.
946 1176 1059 1235 Non
1085 1181 1258 1237 solum
1300 1176 1479 1238 autem
1525 1199 1713 1239 mona-

134 1270 251 1323 stica
277 1270 554 1325 institutio
582 1269 698 1339 ejus
723 1268 1064 1326 minttlatione
1090 1271 1340 1342 profecit,
1377 1273 1471 1328 sed
1507 1268 1561 1328 et
1598 1274 1711 1330 sin-

132 1360 225 1428 guli
255 1360 457 1429 gradus
497 1361 856 1418 ecclesiastici
880 1362 1104 1419 Ordinis
1127 1363 1266 1419 illius
1292 1364 1558 1436 exemplis
1581 1381 1709 1441 cru:

132 1453 415 1508 tliebantur.
444 1453 746 1513 Monachus
786 1471 1019 1526 namque
1054 1455 1382 1523 humilitate,
1418 1456 1705 1525 eharitate,

131 1542 323 1600 fervore
346 1586 365 1613 ,
397 1554 454 1600 et
485 1545 750 1618 religione
779 1546 1117 1615 instruebat;
1145 1547 1447 1618 episcopos,
1481 1549 1708 1622 presby;

133 1647 261 1691 teres
281 1683 294 1703 ,
322 1652 417 1692 seu
450 1633 734 1712 quosiibét
764 1639 995 1696 clericos
1021 1630 1265 1696 doctrina
1294 1651 1350 1697 et
1380 1643 1707 1715 auctoritate

130 1724 504 1794 promovebat;
572 1726 753 1785 ‘laieos
818 1731 1174 1787 conversione
1248 1740 1304 1788 et
1364 1735 1705 1804 subjectione

131 1813 369 1885 docebat;
405 1819 685 1889 virgines,
729 1821 915 1876 viduas
964 1837 1027 1878 ac
1057 1822 1314 1880 mulieres
1358 1826 1619 1881 munditia
1649 1830 1703 1883 et

130 1909 358 1989 castitate
382 1910 752 1978 informabat;
785 1928 1051 1983 pauperes
1071 1913 1272 1968 Christi
1305 1925 1361 1970 et
1388 1916 1703 1987 peregrinos

135 1992 279 2069 parvo
328 2002 625 2061 cententos
684 2010 835 2081 esse,
919 2020 984 2061 ac
1034 2009 1289 2061 mundum
1330 2007 1430 2063 sub
1478 2008 1702 2078 pedibus

131 2094 311 2151 habere
332 2139 347 2162 ,
370 2107 425 2152 et
455 2102 676 2153 omnem
701 2088 821 2169 ejus
836 2097 1064 2171 gloriam
1092 2142 1107 2166 ,
1162 2102 1338 2157 verbis
1369 2112 1421 2157 et
1446 2102 1701 2174 operibbs

132 2188 473 2245 ilissuadebat.
517 2190 728 2262 Singuli
763 2191 946 2249 ﬁdeles
978 2192 1181 2249 Christi
1234 2194 1301 2249 ad
1345 2192 1492 2248 illum
1544 2198 1700 2267 quasi

130 2282 185 2332 ad
211 2280 379 2357 sinum
405 2282 603 2336 matris
630 2281 1012 2353 cmifugiebant
1040 2325 1055 2353 ,
1086 2285 1423 2355 multumque
1448 2302 1548 2356 per
1572 2296 1697 2343 eum

131 2371 175 2424 in
198 2372 297 2427 Deo
324 2360 707 2443 proﬁciebant.
1158 2432 1159 2435 η
1688 2392 1697 2457 έ

175 2465 265 2549 22.
302 2465 455 2526 Nunc
480 2469 699 2523 tandem
732 2472 945 2526 veniam
975 2472 1044 2527 ad
1070 2474 1432 2530 enarrandum
1468 2475 1520 2529 id
1553 2476 1697 2549 quod

129 2546 379 2617 eratinler
402 2562 590 2614 omnia
618 2577 783 2630 opera
810 2579 904 2617 sua
933 2566 1259 2635 praecipuum
1282 2604 1297 2629 ,
1330 2574 1383 2619 et
1426 2546 1596 2636 usque
1627 2546 1698 2629 ad

132 2642 267 2703 tinem
293 2650 479 2706 satculi
519 2652 813 2707 multorum
861 2655 1144 2710 animabus
1194 2650 1293 2725 per
1334 2658 1693 2721 coenobialem

130 2730 269 2807 vitam
298 2742 577 2798 salvandis
603 2744 966 2814 profuturum.
1018 2747 1150 2801 Erat
1177 2748 1322 2802 enim
1353 2750 1695 2811 studiosissi-T

133 2848 231 2885 mus
252 2836 619 2890 coenobiorum
674 2852 934 2892 novorum
977 2837 1267 2903 fundator,
1329 2855 1393 2895 ac
1446 2849 1689 2899 vete'rum'

134 2920 454 2980 instaurator.
493 2926 738 2996 Denique
790 2940 995 3001 septem
1051 2931 1295 2986 emnobia
1349 2943 1456 2987 tam
1505 2938 1603 3004 per
1632 2930 1693 2993 se

131 3026 265 3077 quam
296 3016 389 3083 per
416 3032 549 3070 suos
576 3017 867 3087 discipulos
905 3017 1069 3074 variis
1118 3020 1170 3073 in
1231 3018 1361 3076 locis
1410 3036 1439 3076 a
1492 3008 1689 3087 fundae

1824 549 1950 605 pum
1969 535 2067 590 sibi
2091 537 2332 592 ordinari
2355 539 2528 610 petiit.
2550 539 2656 595 Sed
2683 556 2817 613 papa
2844 555 3006 597 unum
3036 545 3200 600 exhis
3226 536 3405 603 sciens

1822 626 1942 681 esSe
1964 627 2162 681 bonum
2192 628 2500 697 doctorem,
2545 625 2648 687 nec
2682 642 2860 690 tamen
2883 634 3224 706 religiosum,
3273 638 3403 694 alte;

1821 734 1938 785 rum
1963 734 1994 773 e
2016 720 2293 775 contrario
2321 722 2629 793 religiosum
2650 766 2665 791 ,
2708 741 2807 781 nec
2849 735 3029 784 tamen
3068 734 3403 793 necessariae

1819 811 2144 869 eruditionis
2173 815 2403 884 peritum
2424 858 2440 884 ,
2497 820 2656 888 quem
2689 833 2758 874 ex
2786 822 2994 877 duobus
3039 825 3399 897 pra-eligeret,

1818 901 2112 967 dubitavit,
2146 914 2308 976 atque
2328 904 2379 960 id
2412 906 2673 964 divinitus
2698 909 2801 965 sibi
2838 911 3171 968 manifestari
3200 912 3402 970 oratioi

1818 994 1977 1053 nibus
2008 996 2286 1065 cujusdam
2309 999 2451 1055 servi
2480 999 2573 1055 Dei
2600 1000 2705 1057 hoc
2719 1002 3231 1075 modoimpetravit.
3265 1004 3399 1060 Nam

1818 1084 1959 1143 idem
1990 1087 2075 1143 vir
2104 1089 2409 1159 spiritualis
2437 1105 2560 1145 eum
2590 1092 2694 1148 hoc
2722 1093 2833 1148 sibi-
2870 1109 2900 1148 a
2933 1108 3067 1165 papa
3102 1092 3399 1163 injunctum

1814 1174 2102 1248 vigilanter
2142 1178 2253 1235 Deo
2301 1184 2737 1252 commendaret,
2786 1192 2841 1239 et
2891 1201 2989 1257 per
3038 1186 3401 1240 interventum

1815 1278 2018 1325 sanctae
2049 1270 2143 1326 Dei
2174 1269 2469 1328 Genitricis
2491 1272 2675 1330 Marize
2696 1315 2711 1343 ,
2770 1275 2873 1331 sibi
2927 1274 3256 1332 voluntatem
3307 1275 3400 1330 Dei

1816 1361 2043 1417 revelari
2081 1361 2287 1418 intente
2343 1362 2706 1434 supplicaret,
2755 1370 2853 1436 per
2902 1366 3079 1432 visum
3136 1366 3184 1423 ei
3240 1350 3399 1421 beata

1814 1452 1980 1508 Maria
2007 1454 2160 1525 virgo
2187 1454 2456 1525 apparuit,
2488 1455 2731 1527 duosque
2747 1456 2992 1524 annulos,
3016 1470 3400 1527 quorumunus

1810 1533 2005 1616 purum
2037 1559 2260 1610 aurum,
2291 1543 2430 1600 alter
2469 1545 2742 1616 perlucida
2776 1562 2991 1617 gemma
3028 1563 3149 1604 esse
3179 1547 3400 1621 videba-f

1814 1644 1933 1704 tur,
1962 1635 2226 1703 ostendit;
2253 1636 2415 1708 eique
2449 1637 2845 1710 interroganti,
2890 1654 3049 1709 quem
3089 1652 3155 1693 ex
3188 1639 3397 1695 ditubus

1809 1726 2053 1798 eligeret,
2110 1726 2423 1791 Gemmam,
2478 1727 2678 1798 inquit.
2736 1720 2839 1797 Qui
2882 1728 3177 1800 evigilans,
3244 1745 3396 1800 papae

1738 1788 1781 1848 Β
1807 1820 1984 1899 visum
2013 1834 2166 1876 suum
2203 1819 2475 1887 narravit,
2527 1822 2767 1876 incertus
2793 1829 2971 1875 tamen
2999 1819 3129 1890 quid
3159 1821 3228 1876 ad
3267 1819 3394 1875 caui

1807 1922 1924 1968 Sam
1974 1921 2332 1984 prtetaxatam
2375 1902 2460 1969 vel
2511 1928 2704 1967 aurum
2734 1913 2819 1967 vel
2864 1926 3078 1992 gemma
3123 1910 3397 1967 innueret:

1805 2002 2102 2059 Confestim
2133 2019 2269 2074 papa
2292 2044 2308 2070 ,
2342 2003 2434 2074 qui
2465 2013 2586 2059 erat
2607 1998 2940 2075 perspleaeis
2958 2003 3156 2075 ingenii
3185 2022 3198 2059 :
3227 2023 3247 2055 ε
3276 2003 3398 2058 Non

1806 2095 2025 2153 dubium
2057 2106 2170 2164 est,
2201 2098 2377 2168 inquit
2405 2137 2421 2162 ,
2463 2099 2640 2168 quod,
2692 2098 2926 2154 testante
2956 2114 3114 2154 sacro
3141 2098 3393 2168 eloquio,

1803 2192 1899 2260 per
1930 2204 2119 2243 aurum
2148 2189 2411 2261 sapientia
2430 2230 2445 2255 ,
2473 2205 2571 2260 per
2591 2203 2859 2261 gemmam
2898 2205 3031 2245 vero
3075 2190 3305 2259 simplex
3335 2198 3393 2244 et

1801 2296 1933 2354 pura
1964 2274 2076 2337 vita
2101 2282 2338 2337 hominis
2358 2281 2623 2352 signatur.
2650 2281 2880 2352 ideoque
2900 2323 2916 2349 ,
2948 2297 3017 2338 ex
3041 2283 3160 2352 ipso
3184 2280 3393 2350 judicio

1802 2372 2118 2429 castissimus
2146 2372 2240 2428 Dei
2264 2372 2559 2430 Genitricis
2586 2372 2911 2444 semperque
2931 2372 3157 2443 virginis
3177 2370 3389 2435 Marite,

1800 2456 1889 2525 ille
1916 2472 2006 2541 qui
2036 2481 2214 2538 caste,
2261 2470 2442 2541 juste,
2500 2473 2589 2543 pie
2614 2471 2782 2538 vivit,
2847 2471 3061 2528 etiamsi
3108 2470 3157 2525 ei
3196 2468 3389 2525 aurum

1798 2557 2078 2629 Sapientia:
2105 2562 2187 2618 vel
2218 2561 2539 2634 eloquentiae
2568 2563 2742 2629 desit,
2794 2553 2860 2617 ad
2899 2561 3206 2633 exemplum
3250 2562 3390 2615 bene

1797 2638 2011 2705 vivendi
2050 2651 2260 2721 populis
2307 2667 2543 2721 praeesse
2581 2660 2865 2718 meretur;
2909 2649 3069 2720 hujus
3109 2650 3257 2707 enim
3282 2642 3387 2703 etsi

1794 2736 1976 2811 lingua
2035 2751 2217 2804 tacet,
2270 2742 2381 2797 vita
2447 2742 2623 2798 docet.
2684 2742 2909 2814 Oportet
2967 2744 3021 2797 in
3075 2739 3385 2809 huiusmodi

1793 2833 2058 2889 electione
2081 2846 2427 2905 summopere
2459 2850 2728 2905 canonum
2753 2826 3062 2890 sanctiones
3084 2832 3384 2895 observari,

1793 2936 2113 2996 Semperqne
2148 2925 2213 2979 ad
2268 2926 2512 2998 regimen
2567 2927 2903 2993 animarum,
2955 2943 3063 2982 non
3120 2925 3388 2996 quoslibet

1792 3014 2109 3087 pepulares,
2141 3018 2235 3074 sed
2268 3018 2546 3091 regulares
2569 3021 2836 3075 duntaxat
2873 3032 3137 3091 personas
3164 3018 3385 3088 promo:

134 3103 301 3179 mentis
328 3108 654 3161 construxit.
680 3106 919 3175 Quorum
954 3110 1187 3180 primum
1212 3111 1311 3166 fuit
1339 3112 1469 3169 cella
1503 3114 1687 3173 Sancti
1793 3108 1928 3163 VCI‘i-
1969 3129 1988 3162 ι

134 3190 269 3212 P-._;_
286 3198 291 3201 “
312 3195 342 3207 ν’
810 3201 821 3212 ο
974 3202 987 3212 ι
1041 3201 1102 3212 ιιι
1274 3202 1287 3212 ι
1557 3208 1568 3212 -
1870 3203 1934 3212 Α..

131 3190 385 3263 Greg'o’rii,
466 3215 591 3269 qua!
641 3201 858 3270 proprie
920 3202 988 3256 ad
1040 3201 1377 3274 Hirsaugiam
1431 3208 1687 3276 pertinet.

132 3280 405 3340 Secundum
453 3290 630 3343 sancti
679 3289 891 3361 Georgii
945 3294 1234 3364 martyris;
1290 3290 1579 3367 utrumque
1634 3278 1687 3355 iu

130 3370 459 3445 Nigra-Silva.
521 3381 761 3436 Tertium
811 3384 863 3437 in
913 3383 1137 3440 Davaria
1182 3388 1235 3442 in
1272 3391 1480 3447 honore
1508 3369 1689 3449 sancti

132 3462 335 3524 Martini.
364 3472 631 3539 Quartum
665 3475 716 3528 in
741 3475 1065 3547 Thuringia,
1090 3480 1234 3549 quod
1266 3482 1461 3538 dicitur
1490 3472 1688 3554 Erplzei

130 3560 254 3647 {urclt
283 3562 597 3639 [Erphord].
650 3567 910 3634 Quintum
962 3572 1028 3626 ad
1076 3573 1352 3643 Duplicem
1390 3579 1596 3647 Aquam
1632 3572 1685 3632 in

131 3646 306 3705 honore
336 3657 542 3711 sancta:
588 3657 787 3719 Maiae.
848 3658 1073 3714 Sextum
1128 3663 1182 3717 in‘
1239 3656 1361 3718 villa
1396 3646 1682 3734 Willieim,

131 3741 253 3813 quod
272 3754 443 3812 postea
481 3756 747 3802 mutatum
778 3750 939 3804 estin
974 3762 1211 3807 montem
1269 3753 1453 3809 Sancti
1510 3748 1680 3812 Petri.

130 3825 392 3899 Septimum
436 3837 489 3891 in
529 3839 804 3907 provincia
845 3839 1331 3900 Charentinornm.
1366 3843 1511 3902 :Alia
1554 3864 1683 3904 vero

130 3920 231 3993 υἷας
256 3922 301 4001 id
338 3937 418 3984 est
443 3930 816 3999 Schn/rimam,
853 3932 1224 4005 Petrishusen,
1262 3936 1677 4012 Campergensc,

128 4015 353 4107 timidam
380 4024 660 4081 destructa
696 4032 1047 4086 restauravit;
1066 4033 1123 4087 In
1148 4051 1380 4105 quorum
1409 4038 1680 4107 guberna-

127 4104 245 4161 tione
273 4109 381 4168 hare
403 4123 527 4168 erat
549 4115 597 4170 ei
626 4157 641 4183 ,
672 4128 792 4172 eum
816 4104 1180 4177 sollicitudine
1204 4104 1542 4194 quotidiana,
1567 4142 1675 4181 non

124 4203 259 4286 parva
297 4194 617 4273 tlillicultas,
646 4207 801 4283 tales
857 4208 1104 4266 videlicet
1154 4212 1207 4267 in
1257 4216 1676 4286 congregatione

125 4280 313 4363 iralrtttn
338 4292 581 4351 invenire
609 4280 871 4370 personas
890 4343 903 4367 ,
931 4316 1049 4370 quae
1070 4310 1252 4357 essent
1277 4280 1438 4359 utiles
1463 4280 1531 4361 vet
1561 4306 1677 4362 ido-

125 4386 216 4428 nete
244 4381 302 4435 ad
336 4382 625 4444 lucrandas
655 4388 885 4445 animas.
917 4391 1050 4446 Nam
1089 4393 1385 4449 secundum
1432 4395 1674 4452 Domini-

1867 3203 1956 3262 23.
2015 3202 2131 3260 lloc
2175 3218 2305 3275 ergo
2345 3204 2673 3261 informatus
2701 3204 2952 3276 exemplo
2982 3202 3157 3259 fidelis
3190 3217 3383 3258 servus

1796 3291 2009 3349 Domini
2048 3303 2100 3350 et
2136 3288 2407 3364 prudens,
2437 3289 2847 3366 in‘quibusdam‘
2871 3310 2937 3351 ex
2968 3293 3247 3365 prmdictis
3269 3286 3384 3348 cm;

1793 3384 1973 3439 nobiis
2023 3384 2243 3439 statutis
2283 3384 2593 3451 abbatibus,
2630 3386 2683 3440 in
2726 3371 3050 3455 quibusdam
3082 3374 3378 3455 prioribus,

1792 3474 2073 3546 religiosos
2110 3475 2406 3530 monachos
2446 3476 2608 3531 simul
2645 3490 2767 3531 eum
2798 3474 3075 3531 conversis
3102 3462 3256 3529 laicis
3288 3473 3382 3528 (eo

1787 3561 2019 3636 putavit.
2064 3566 2357 3622 Enimvero
2400 3562 2652 3622 amabilis
2694 3575 2873 3637 pater,
2906 3564 3024 3621 zelo
3070 3564 3374 3620 animamur

1788 3655 2024 3723 fervens,
2059 3655 2266 3726 primus
2319 3655 2588 3721 instituit,
2640 3666 2700 3712 ut
2756 3656 3009 3713 monachi
3070 3654 3376 3713 miniSterio

1787 3748 1930 3804 fideli
1958 3748 2222 3805 laicurum
2246 3752 2638 3805 conversurum
2674 3751 2730 3806 in
2758 3748 3122 3806 exterioribus
3141 3747 3374 3803 a'dmini«

1784 3844 2022 3901 strandis
2053 3852 2353 3908 uterentur,
2395 3852 2453 3899 et
2489 3858 2650 3900 versa
2690 3844 2815 3900 vice
2840 3843 3004 3899 iidem
3036 3841 3159 3898 laici
3191 3856 3370 3897 amo-

1784 3937 1978 3993 naeltis
2003 3936 2147 4007 quod
2179 3936 2248 3993 ad
2275 3952 2463 3993 curam
2485 3937 2793 3992 animarum
2818 3935 3053 4007 pertinet
3078 3949 3375 4005 conseque-

1784 4037 1995 4096 rentur,
2019 4043 2319 4099 eorumque
2349 4029 2697 4086 claustralem
2722 4028 3064 4098 disciplinam
3090 4042 3371 4098 promise

1782 4137 1905 4187 suo,
1936 4131 2094 4177 extra
2134 4119 2455 4189 claustrum,
2489 4123 2543 4176 in
2584 4121 3367 4191 corrigendistnuribusinti-

1783 4223 2034 4268 tarentur
2091 4231 2105 4269 :
2165 4214 2232 4269 de
2283 4229 2515 4284 quorum
2570 4214 3009 4280 conversatione,
3068 4213 3366 4267 secundum

1779 4308 1924 4378 quod
1953 4322 2097 4377 saepe
2139 4308 2316 4363 dictus
2362 4308 2526 4362 Pater
2572 4304 2686 4361 Deo
2728 4304 3029 4376 inspirante
3069 4305 3363 4369 ordinavit,

1777 4413 1958 4470 operae
1986 4399 2218 4469 pretium
2258 4409 2342 4454 est
2370 4399 2549 4469 aliqua
2583 4396 3141 4461 commemorare,“
3165 4395 3365 4468 quibus

122 4470 217 4521 Cum
244 4488 538 4536 sermonem
558 4523 572 4547 ,
603 4481 789 4537 Messi:
811 4474 1017 4555 quidem
1037 4486 1223 4552 multa,
1255 4491 1669 4559 apernriiautem
1777 4490 1911 4545 certi
1941 4504 2130 4545 smnus
2160 4488 2304 4545 sicut
2333 4489 2386 4543 in
2415 4488 2681 4561 praesenti
2700 4497 2966 4560 tempore,
3000 4490 3077 4544 ita
3104 4497 3162 4545 et
3198 4489 3251 4544 in
3282 4488 3365 4543 fu-

123 4565 269 4630 ναυσὶ,
299 4570 416 4628 dum
443 4590 540 4653 eos
569 4576 656 4646 qui
680 4577 800 4631 aliis
827 4578 1023 4635 debent
1051 4596 1287 4651 prmesse
1311 4576 1337 4650 ,⁵
1356 4591 1410 4637 et
1431 4598 1595 4654 opere
1616 4592 1672 4641 et

122 4663 332 4739 sermone
356 4677 568 4735 oportet
597 4686 716 4724 esse
740 4669 1028 4739 probatos,
1078 4660 1140 4728 ac
1166 4688 1283 4727 non
1300 4674 1477 4731 minus
1501 4691 1671 4731 saecu-

124 4738 428 4841 ldrlseientia
456 4778 622 4831 quam
671 4764 935 4832 spirituali
968 4766 1229 4823 eruditos.
1258 4767 1369 4823 Sed
1389 4770 1511 4839 quia
1536 4786 1669 4841 pau-

121 4836 289 4900 cissimi
337 4850 689 4910 inveniuntur
735 4857 827 4927 qui
878 4871 1108 4930 utroque
1155 4861 1433 4931 polleant,
1484 4864 1668 4934 plures

126 4933 269 5005 tamen
298 4954 415 4998 sunt
441 4946 530 5014 qui
561 4965 724 5001 unum
754 4950 871 5005 sine
900 4950 1071 5006 altero
1109 4954 1449 5023 possideant,
1490 4933 1551 5011 id
1584 4967 1668 5014 est

122 5030 196 5073 aut
219 5027 365 5085 vitam
394 5036 588 5091 bonum
617 5039 734 5094 sine
761 5041 984 5096 scicntia
1020 5043 1097 5097 vel
1130 5044 1434 5115 eloquentia
1463 5049 1666 5105 doctri-

126 5123 207 5208 Itin,
230 5128 312 5172 aut
348 5128 569 5181 verbum
604 5130 864 5191 doctrina:
908 5132 1025 5186 sine
1071 5135 1316 5207 religiosa
1373 5154 1665 5195 conversa-

126 5207 260 5262 tione.
308 5211 407 5272 Eos
457 5218 545 5274 ille
589 5220 805 5290 sapiens
858 5224 1187 5280 architectus
1239 5230 1445 5285 studuit
1503 5230 1661 5301 quasi

128 5299 374 5393 ‘luadratos
399 5308 629 5379 lapides,
662 5314 749 5368 ubi
782 5326 1142 5385 apparerent,
1184 5317 1237 5371 in
1281 5299 1658 5393 :edilicioispi-

126 5389 271 5481 ξιιυᾴιὶ
318 5412 655 5468 promovere,
713 5419 849 5481 quos
895 5407 1043 5460 novit
1105 5408 1358 5479 expolitis
1416 5389 1659 5469 moribus

126 5469 419 5544 laudabiliter
446 5494 658 5560 vivere,
684 5478 895 5551 etiamsi
920 5507 1113 5552 ccetera
1136 5503 1449 5557 necessaria
1477 5498 1657 5562 minus

1779 4590 1901 4636 turo
1933 4582 2130 4637 multos
2170 4596 2330 4652 posse
2370 4584 2656 4653 prolicere.
2688 4582 2771 4638 Ad
2811 4590 3112 4638 nocturnas
3147 4582 3364 4654 vigilias

1772 4678 1965 4729 otnnes
1992 4673 2367 4728 inecclesiam
2391 4673 2742 4739 conveniunt,
2772 4675 2977 4744 quibus
2995 4685 3175 4730 tamen
3199 4691 3364 4745 prop-

1775 4774 1862 4820 ter
1910 4765 2165 4820 diurnum
2226 4765 2529 4836 injunetum
2587 4767 2781 4837 operis
2825 4767 3065 4824 laborem
3123 4768 3362 4823 breviter

1772 4856 2019 4912 Matutini
2052 4858 2437 4914 decantantur.
2480 4857 2689 4914 Postea.
2727 4860 2820 4930 qui
2871 4862 3063 4916 volunt
3090 4862 3159 4915 ad
3190 4861 3358 4915 lectos

1770 4948 2156 5015 revertuntur,
2206 4949 2298 5005 alii
2353 4950 2405 5004 in
2455 4950 2693 5006 ecclesia
2747 4961 3132 5022 perseverant,
3183 4953 3358 5006 dmtec

1768 5040 2018 5100 nocturni
2043 5059 2076 5098 a
2097 5042 2379 5100 monachis
2402 5043 2683 5099 liniantur.
2706 5044 2933 5099 Summo
2954 5059 3110 5099 mane
3134 5044 3356 5101 missam

1766 5138 2022 5201 audiunt;
2074 5136 2269 5192 deinde
2309 5137 2376 5191 ad
2418 5132 2719 5207 capitulum
2750 5134 3104 5198 conveniunt,
3139 5132 3220 5188 ibi
3255 5148 3356 5203 pro

1766 5228 1994 5283 diversis
2032 5228 2351 5287 excessibus
2383 5230 2597 5285 veniam
2643 5238 2858 5299 petunt,
2899 5237 3278 5297 eteongruam
3322 5241 3353 5281 a

1764 5322 2021 5395 Magistro
2074 5322 2412 5393 disciplinam
2466 5322 2764 5392 accipiunt.
2822 5321 2942 5388 Quo
2996 5328 3235 5390 peracto,
3296 5327 3354 5377 et

1763 5415 2148 5484 subsequente,
2171 5414 2370 5484 quibus
2391 5427 2613 5468 necesse
2635 5420 2736 5475 est,
2764 5420 3110 5481 peecatormn
3134 5425 3235 5464 con
3247 5411 3352 5465 fes-

1762 5502 1939 5570 Sione,
1971 5505 2345 5576 unusquisque
2370 5504 2437 5560 ad
2466 5520 2600 5575 Opus
2636 5505 2738 5559 sibi
2772 5502 3071 5574 iniunctum
3105 5494 3347 5559 divertit.

127 5578 455 5660 1illiilletcrent;
510 5586 565 5640 in
618 5588 735 5642 hoc
763 5604 997 5660 sequens
1049 5594 1403 5650 memorabile
1450 5594 1653 5657 factum

130 5651 329 5756 litt-geni
353 5690 495 5747 papae
546 5679 783 5749 septimi.
816 5679 950 5737 Huic
993 5683 1137 5738 enim
1170 5683 1451 5756 cujusdam
1480 5692 1653 5749 eccle-

134 5754 204 5800 sne
247 5754 397 5818 cirrus
424 5775 473 5820 et
517 5768 745 5839 populus
786 5771 921 5836 duos
958 5772 1160 5831 electos
1190 5754 1255 5832 ad
1286 5777 1649 5854 episcopatum

1759 5598 1892 5656 Nam
1924 5600 2030 5657 illis
2058 5600 2300 5671 injuncta
2330 5608 2459 5655 sunt
2495 5597 2706 5669 singula
2737 5612 2963 5669 quaeque
2992 5595 3165 5652 ollicia
3205 5598 3345 5652 intra

1758 5692 1842 5748 vel
1868 5702 2022 5748 extra
2051 5690 2243 5747 cellam
2268 5691 2531 5760 gerenda,
2558 5705 2680 5761 qua:
2704 5699 2813 5745 tam
2842 5688 3092 5759 ﬁdeliter,
3122 5690 3357 5746 boneste'

1762 5802 1824 5842 ac
1858 5783 2145 5855 diligenter
2182 5789 2420 5839 tractant
2450 5792 2504 5841 et
2548 5781 2951 5851 administrant,
2984 5796 3048 5841 ac
3087 5784 3132 5841 si
3164 5799 3192 5838 a
3235 5783 3344 5838 Deo
