3890 6314
456 314 563 381 915

1606 307 1663 363 S.
1702 304 2074 397 GUlLLELill
2101 302 2390 363 ABBATIS
2431 304 2753 365 lllRSAUG.

458 426 562 481 sibi
592 422 901 481 commissa.
938 419 1020 476 Nil
1051 418 1329 491 proprium
1360 418 1655 488 possident,
1689 419 1785 475 scd
1822 419 1962 474 sicut
1989 418 2042 472 in
2071 421 2121 478 Λ
2149 418 2347 474 missa).
2403 420 2609 488 Quarto
2658 424 2746 480 die
2793 423 2862 479 ad
2906 425 3161 481 visendos
3200 433 3258 480 ει
3302 424 3711 482 commonendos

457 517 691 573 Actibus
745 512 1115 584 apostolorum
1169 511 1396 583 legitur,
1455 508 1657 568 Omnia
1705 511 1759 565 in
1808 509 2043 569 medium

456 608 838 683 conferuntur,
870 605 1163 675 unicuique
1198 612 1357 674 prout
1389 617 1525 679 opus
1562 602 1725 658 habet
1762 602 2045 656 distribui-'-

457 711 548 769 tur
575 703 715 774 (Act.
742 715 818 763 tv,
850 698 964 766 32).
998 696 1055 752 In
1088 696 1311 770 agendis
1334 694 1563 763 negotiis
1592 709 1695 760 non
1715 693 1887 749 solum
1920 694 2042 761 lites

457 810 524 869 ac
546 793 738 863 ,jurgia
767 791 1034 853 devitant,
1068 786 1162 844 sed
1189 787 1352 849 etiam
1384 786 1453 840 ab
1477 785 1657 853 otioso
1704 799 1956 846 sermone
1986 798 2045 839 se

412 902 413 905 ‘
458 881 757 943 continent.
803 881 1053 938 Praelatis
1096 879 1211 936 suis
1236 879 1638 949 obtemperant,
1665 877 1783 932 sine
1811 890 2043 948 quorum

456 976 836 1049 permissione,
885 988 985 1027 nec
1019 972 1185 1027 etiam
1240 979 1393 1024 extra
1450 967 1641 1023 cellam
1685 967 1897 1039 longius
1940 967 2046 1022 iter

458 1078 649 1141 agunt;
681 1080 897 1136 semper
928 1063 981 1119 in
1016 1060 1295 1118 Dominico
1321 1060 1406 1115 die
1434 1059 1864 1123 communicant,
1893 1058 1966 1112 ita
1987 1062 2045 1112 ut

457 1160 683 1215 dimidia
716 1172 843 1228 pars
886 1154 1101 1211 illorum
1142 1152 1196 1206 in
1228 1167 1354 1217 una,
1384 1149 1554 1204 altera
1604 1164 1731 1219 pars
1771 1149 1823 1203 in
1872 1148 2044 1203 altera

458 1251 550 1307 die
577 1249 859 1306 Dominica
889 1262 1089 1318 corpus
1115 1255 1171 1300 et
1200 1243 1517 1314 sanguinem
1547 1241 1755 1297 Domini
1791 1255 2043 1297 reveren-

455 1355 544 1400 ter
582 1343 888 1414 accipiant;
919 1340 1016 1396 sed
1056 1339 1109 1394 iu
1142 1336 1370 1393 summis
1419 1335 1807 1391 festivitatibus
1853 1349 2044 1391 omnes

458 1437 643 1515 simul.
680 1435 782 1505 Qui
823 1435 927 1490 iter
956 1436 1198 1489 facturus
1233 1441 1339 1497 est,
1388 1432 1502 1502 ipsa
1540 1429 1626 1483 die
1657 1427 2044 1499 communicat,

457 1532 505 1588 si
549 1541 730 1587 tamen
760 1536 886 1584 ante
925 1527 1229 1597 proximam
1258 1525 1400 1580 diem
1453 1524 1788 1593 Dominicam
1817 1537 1875 1578 sc
1916 1520 2043 1586 red-

457 1623 660 1679 iturum
690 1636 795 1677 non
814 1628 1016 1691 sperat.
1041 1618 1396 1674 Revertentcs
1415 1619 1481 1673 de
1505 1618 1599 1681 via
1616 1616 1828 1679 veniam
1858 1621 2047 1693 petunt

458 1732 559 1788 pro
600 1714 915 1772 excessibus
957 1712 1011 1767 in
1060 1712 1144 1767 via
1190 1711 1520 1768 commissis.
1564 1710 1620 1764 In
1668 1709 2042 1778 coquinaser-

456 1810 674 1874 viendo,
714 1819 769 1864 et
813 1817 922 1863 tam
965 1805 1066 1862 sibi
1115 1822 1277 1876 quam
1320 1806 1603 1862 monachis
1644 1813 1702 1860 et
1744 1803 2046 1875 hospitibus

459 1902 641 1957 cibum
666 1900 907 1972 parando
934 1896 1270 1968 septimanas
1300 1913 1427 1954 suas
1450 1897 1688 1953 vicissim
1731 1904 1996 1967 peragunt
2026 1911 2041 1949 :

458 1995 642 2050 cibum
668 2010 774 2050 una
800 1995 1041 2067 capiunt,
1067 2010 1230 2066 quem
1257 1993 1358 2049 sibi
1386 1991 1616 2048 invicem
1640 1998 1937 2061 apponunt.
1965 1988 2047 2043 Ad

460 2090 691 2146 diurnas
719 2090 884 2148 boras
918 2106 1031 2147 non
1075 2090 1300 2147 veniunt
1330 2088 1397 2144 ad
1446 2087 1754 2152 ecclesiam,
1793 2086 1894 2142 nisi
1924 2086 2045 2156 qui-

458 2182 563 2237 bus
589 2183 658 2237 ad
685 2183 790 2239 hoc
812 2191 991 2239 vacat.
1017 2182 1101 2239 Ad
1124 2181 1549 2253 Completorinm
1570 2180 1713 2236 sicut
1737 2178 1802 2232 ad
1827 2190 2049 2234 noctur-

459 2290 583 2340 nos,
613 2290 823 2341 omnes,
869 2276 987 2333 sive
1022 2291 1160 2347 pene
1200 2290 1408 2339 omnes,
1439 2275 1672 2331 adsunt:
1707 2281 1895 2342 postea
1922 2272 2046 2328 cum

460 2365 681 2429 silentio
709 2367 776 2424 ad
802 2366 975 2425 lectos
1001 2381 1132 2425 suos
1158 2366 1456 2423 divertnnt.
1482 2366 1564 2421 Ad
1598 2364 1758 2436 hujus
1788 2364 2044 2435 spiritua-

459 2457 532 2527 lis
583 2457 712 2514 vitae
768 2457 1175 2537 observantiam
1236 2466 1462 2516 sanctus
1510 2457 1672 2515 Pater
1723 2456 2051 2512 Wilbelmus

461 2564 760 2621 congruam
782 2549 837 2604 in
858 2550 1049 2606 eodem
1083 2548 1209 2613 loco
1232 2547 1533 2620 llirsaugizc
1559 2547 1866 2604 construxit
1895 2544 2051 2602 babi-

462 2635 749 2708 tationem,
780 2635 1033 2692 videlicet
1070 2649 1272 2705 novum
1314 2633 1708 2703 monasterium
1754 2634 1810 2689 in
1840 2633 2049 2689 honore

461 2727 747 2783 beatorum
773 2727 1141 2800 apostolorum
1166 2726 1321 2788 Petri
1348 2736 1404 2782 ct
1434 2725 1607 2795 Pauli,
1635 2726 1918 2797 sanctique
1939 2725 2051 2791 All-3

462 2817 581 2893 relii
597 2818 950 2885 confessoris,
973 2820 1042 2875 ad
1065 2819 1361 2887 australem
1384 2819 1597 2890 plagam
1618 2832 1717 2890 per
1740 2832 1931 2873 manus
1950 2817 2051 2874 sub

460 2910 770 2974 obedientia
794 2928 893 2970 sua
925 2911 1300 2972 militantium.
1324 2910 1478 2991 Quod
1500 2912 1642 2968 infra
1664 2925 1838 2973 annos
1855 2904 2052 2968 novem

440 3006 920 3076 consummatum,
954 3006 1010 3061 in
1054 3004 1271 3075 decimo
1297 3014 1383 3071 est
1417 3005 1723 3062 dedicatum
1756 3002 1855 3076 (8).
1884 3001 2052 3058 Deni-

463 3107 572 3161 que
602 3091 775 3163 ipsum
815 3093 1073 3166 templum
1112 3102 1404 3165 antequam
1446 3094 1810 3160 dedicaretur,
1850 3107 2052 3173 paupe-

465 3184 620 3258 ribus
649 3200 748 3257 per
770 3201 962 3259 gyrum
993 3186 1221 3260 replevit
1246 3202 1276 3243 a
1305 3186 1571 3259 superiori
1602 3195 1759 3258 parte
1785 3184 2049 3254 usquead

462 3277 675 3344 valvas,
699 3278 1232 3359 clausisquejanuis,
1262 3296 1369 3351 per.
1392 3281 1630 3354 seipsum
1664 3280 1746 3344 eis
1775 3280 2054 3336 ministra-

463 3368 565 3425 vit.
596 3367 717 3441 lpso
745 3379 987 3442 tempore
1007 3381 1064 3432 et
1086 3373 1342 3447 deinceps
1372 3389 1545 3445 usque
1566 3373 1635 3441 ad
1654 3373 1861 3431 obitum
1892 3386 2052 3433 suum

462 3459 586 3533 plus
611 3461 772 3519 solito
796 3463 985 3535 egenis
1014 3462 1287 3536 stipendia
1317 3465 1583 3537 erogavit.

508 3572 628 3629 .24.
673 3574 803 3632 Post
828 3576 1145 3646 praedictam
1175 3576 1579 3637 dedicationem
1606 3592 1802 3636 novem
1844 3576 2055 3635 hebdo-

458 3666 717 3726 madibus
743 3669 1081 3739 supervixit,
1095 3669 1323 3740 jamque
1349 3670 1587 3727 instante
1624 3669 1791 3726 natali
1821 3669 2056 3740 Aposto-

459 3757 645 3819 lorum
668 3757 814 3815 Petri
843 3768 902 3815 et
924 3760 1078 3817 Pauli
1107 3761 1341 3833 languor
1364 3777 1490 3819 eum
1519 3763 1737 3819 invasit.
1766 3761 2059 3820 Nocturnis

468 3848 670 3920 vigillis
698 3860 753 3906 et
780 3850 980 3907 diurno
1007 3851 1335 3922 ministerio,
1381 3853 1514 3911 licet
1540 3854 1756 3921 debilis,
1786 3853 2055 3921 interfuit,

442 3940 716 4005 cerastino
744 3942 1023 4013 privatam,
1046 3942 1274 4001 missam
1304 3944 1373 4001 ad
1395 3944 1694 4016 principale
1714 3944 1889 4019 auare
1919 3945 2061 4009 celes

470 4033 679 4089 bravit.
716 4033 775 4090 In
803 4035 1061 4106 sequenti
1099 4043 1260 4093 nocte
1285 4052 1409 4093 cum
1451 4036 1839 4107 praemolestia
1866 4052 2061 4108 corpo-

470 4124 551 4182 ris
573 4141 800 4200 surgere
841 4142 950 4185 non
977 4136 1181 4201 posset,
1216 4142 1315 4201 per
1342 4128 1611 4187 visionem
1642 4129 1902 4190 divinitus
1929 4145 2061 4195 con—

469 4218 794 4278 solationem
825 4222 1068 4294 accepit;
1100 4221 1423 4294 dictumque
1466 4232 1553 4297 est
1594 4222 1646 4279 ei
1692 4222 1838 4294 quod
1882 4222 2060 4284 sancti

469 4311 667 4370 Petrus
690 4323 748 4370 et
765 4312 968 4373 Paulus
988 4314 1043 4379 in
1074 4314 1193 4387 ejus
1207 4314 1489 4385 juvamine
1518 4315 1765 4387 prompti
1783 4314 2058 4379 adessent.

466 4403 722 4463 Dilucqu
742 4421 865 4461 cum
889 4421 1141 4478 gressum
1164 4406 1254 4462 vix
1284 4420 1516 4469 movere,
1533 4414 1742 4478 posset,
1780 4404 1975 4462 deduci
1999 4418 2062 4461 se

2076 3139 2124 3202 (Ξ

2146 509 2345 571 fratres
2375 511 2428 567 in
2460 514 2757 583 capitulum
2790 517 2958 572 venit.
2989 516 3268 585 Quidquid
3312 525 3495 570 autem
3540 515 3711 570 hacte-

2146 604 2251 683 nus
2274 619 2369 660 eos
2403 607 2741 672 instituebat,
2789 609 2891 665 hoc
2919 610 3089 679 ccepit
3112 608 3432 678 singillatim
3466 607 3713 677 replicare

2146 702 2201 747 et
2225 693 2526 762 exhortari,
2551 704 2608 757 ut
2629 696 2696 750 de
2722 697 2809 752 die
2832 697 2884 755 in
2907 698 3055 753 diem
3077 698 3131 756 in
3159 696 3355 753 melius
3381 695 3707 765 proficerent.

2146 786 2203 841 in
2238 789 2429 859 primis
2461 793 2528 845 de
2553 790 2815 847 continuo
2845 806 3030 847 amore
3060 792 3183 857 Dei,
3208 791 3277 846 de
3308 790 3525 846 fervore
3547 805 3712 843 mena.

2145 880 2299 945 sticze
2345 882 2646 954 religionis,
2680 884 2748 939 de
2789 883 3136 941 observantia
3169 892 3374 938 mutuae
3402 881 3709 948 dilectionis,

2145 970 2214 1028 de
2253 973 2508 1028 sectanda
2549 973 2918 1044 hospitalitate
2954 984 3153 1031 etcum
3194 973 3343 1028 omni
3366 972 3711 1028 sollicitudine

2146 1056 2531 1135 impendenda,
2564 1066 2632 1121 de
2668 1066 2939 1138 diligenda
2971 1067 3311 1139 eleemosyna
3340 1076 3397 1122 et
3427 1064 3713 1119 voluntarie

2146 1156 2445 1226 eroganda,
2493 1155 2773 1228 multaque
2833 1156 2920 1212 his
2960 1157 3160 1212 similia
3212 1156 3499 1221 suadebat,
3545 1164 3711 1223 postea

2146 1246 2432 1318 qnerulosa
2464 1264 2597 1305 voce
2627 1249 2810 1305 intulit
2838 1264 2854 1305 :
2889 1267 2909 1302 ι
2940 1248 3117 1306 Unum
3153 1247 3260 1302 fuit
3280 1248 3425 1319 quod
3456 1246 3610 1299 valde
3640 1260 3715 1299 me

2146 1343 2498 1400 exacerbavit
2535 1352 2593 1400 et
2645 1343 2912 1417 gravavit,
2952 1341 3098 1415 quod
3140 1340 3492 1397 lamentando
3534 1338 3639 1393 Deo
3667 1346 3715 1392 et

2145 1436 2300 1505 vobis
2350 1451 2621 1507 promam.
2673 1434 2919 1506 Cumque
2967 1449 3159 1490 omnes
3207 1446 3454 1488 essemus
3492 1429 3715 1497 attoniti,

2145 1528 2285 1607 dixit
2330 1547 2344 1584 :
2392 1527 2623 1595 Quidam
2671 1527 2873 1597 fratres
2917 1527 3202 1583 vobiscum
3251 1523 3560 1580 convcrsati
3605 1531 3717 1576 sunt

2146 1621 2445 1689 secundum
2494 1620 2837 1691 prudentiam
2885 1619 3110 1684 carnis,
3158 1616 3331 1687 magis
3369 1631 3536 1685 quam
3576 1613 3715 1680 juxta

2150 1715 2553 1786 simplicitatem
2602 1712 2973 1785 spiritualem,
2997 1712 3224 1787 suisque
3257 1708 3601 1765 sermonibus
3632 1721 3716 1760 seu

2150 1809 2394 1866 consiliis
2441 1807 2638 1878 saepius
2687 1823 2773 1862 me
2812 1804 3238 1878 perturbabant,
3291 1817 3357 1863 ae
3398 1799 3717 1870 simplicitati

2149 1902 2440 1976 proposita:
2459 1900 2799 1971 obsistebant
2829 1917 2851 1967 :7
2871 1898 2965 1955 sed
2989 1899 3132 1965 Deus
3157 1895 3506 1966 omnipotens
3533 1892 3718 1946 viritim

2149 2008 2246 2051 eos
2291 2010 2330 2056 a
2368 1993 2525 2061 nobis
2568 1991 2862 2064 separavit,
2906 1997 2963 2046 et
2996 1989 3067 2045 de
3108 1987 3350 2055 claustro
3381 1983 3667 2056 elanguit.
3696 1999 3719 2035 ι

2152 2087 2247 2142 llis
2280 2087 2465 2153 dictis,
2492 2086 2675 2148 statim
2702 2082 2986 2152 subiunxit
3028 2100 3043 2137 :
3080 2100 3100 2134 ι
3133 2080 3368 2146 Amodo,
3402 2076 3723 2148 cbarissimi,

2151 2179 2359 2236 nullum
2388 2178 2689 2249 capitulum
2717 2177 2998 2245 vobiscum
3026 2175 3317 2243 habiturus
3338 2187 3483 2239 sum.
3508 2170 3721 2234 Idcirco,

2151 2269 2325 2336 filioli,
2354 2269 2602 2326 ultimam
2635 2268 2819 2324 Patris
2847 2267 3177 2335 sententiam
3209 2265 3430 2333 audite,L
3451 2272 3509 2317 et
3538 2276 3723 2319 mento-

2150 2364 2285 2419 riter
2308 2362 2537 2418 retinete
2562 2377 2685 2433 quae
2718 2361 2932 2417 vidistis
2952 2367 3012 2414 et
3036 2358 3289 2421 audistis.
3320 2376 3338 2409 ι
3381 2353 3565 2410 Finito
3588 2354 3722 2423 capi-

2150 2454 2288 2523 tulo,
2320 2454 2375 2510 in
2402 2469 2503 2510 suo
2530 2454 2723 2510 humili
2767 2451 3079 2509 habitacqu
3118 2466 3180 2506 se
3216 2448 3445 2519 recepit,
3486 2456 3544 2504 et
3580 2445 3727 2513 solito

2150 2560 2305 2604 more
2326 2544 2583 2601 onmibns
2620 2558 2745 2600 eum
2779 2544 2932 2599 adire
2962 2540 3268 2597 volentibus
3298 2536 3594 2607 concessit.
3628 2534 3721 2597 De-

2151 2634 2282 2696 hinc
2312 2638 2477 2695 tertio
2500 2638 2587 2693 die
2608 2636 2775 2706 jussit
2808 2635 3015 2707 portari
3040 2651 3101 2691 se
3127 2634 3179 2689 in
3201 2628 3724 2701 oratoriumSanct:

2150 2731 2358 2799 Marias,
2396 2731 2580 2801 ibique
2608 2739 2878 2786 conventu
2911 2729 3141 2784 fratrum
3180 2741 3279 2797 pro
3306 2739 3374 2781 eo
3399 2723 3616 2786 missam
3641 2735 3722 2792 cp-

2150 2822 2420 2899 lebrante,
2459 2823 2716 2879 unctione
2750 2822 2855 2878 olei
2902 2821 3278 2883 intirmornm,
3307 2826 3364 2871 et
3396 2813 3727 2887 perceptione

2152 2914 2405 2988 corporis
2427 2922 2481 2969 et
2510 2913 2792 2983 sanguinis
2819 2911 3032 2971 Domini
3060 2911 3266 2967 exitum
3294 2923 3461 2988 suum
3496 2903 3725 2973 munivit,

2153 2984 2223 3083 ab
2251 2984 2509 3070 omnibus,
2546 3003 2942 3083 indulgentiam
2984 3012 3201 3074 petens,
3232 2984 3299 3056 et.
3333 3000 3453 3069 ipse
3494 2995 3723 3052 omnibus

2155 3097 2546 3170 indulgentiam
2571 3098 2799 3169 faciens,
2837 3111 2902 3171 ac
2931 3094 3174 3166 singulos
3204 3090 3532 3149 deosculans
3551 3098 3599 3145 et
3624 3101 3723 3142 ant-

2156 3196 2385 3268 plexans
2410 3205 2642 3267 pater-no
2668 3190 2887 3258 attactu,
2919 3180 3277 3260 priesentibus
3319 3183 3575 3241 ultimum
3592 3179 3723 3236 vale-

2153 3288 2315 3358 fecit;
2344 3287 2662 3360 absentibus
2684 3283 3020 3357 demandans
3043 3294 3199 3351 suam
3226 3276 3480 3353 intimam
3507 3271 3725 3330 cbarita-

2155 3385 2266 3455 tem
2312 3395 2327 3433 :
2373 3360 2532 3434 simul
2574 3390 2764 3445 omnes
2802 3374 3099 3429 obsecrans
3134 3378 3190 3427 et
3214 3374 3548 3443 contestans
3588 3373 3645 3438 ut
3676 3361 3726 3435 in

2155 3473 2366 3529 unitate
2403 3468 2662 3539 Ecclesiae
2711 3476 2767 3531 et
2817 3464 3157 3537 sublatione
3206 3459 3356 3527 sedis
3412 3454 3728 3531 apostetie'e,

2157 3560 2429 3641 quomodo
2457 3560 2560 3633 sibi
2592 3561 2663 3639 ab
2689 3574 2757 3616 eo
2788 3557 3047 3636 traditum
3073 3553 3278 3620 fuerat,
3309 3562 3489 3621 usque
3511 3548 3577 3604 ad
3601 3560 3729 3641 mor:

2160 3637 2268 3712 tem
2297 3637 2681 3729 inviolabiliter;
2708 3652 3113 3723 permanerent.
3153 3644 3240 3707 Ad
3278 3650 3589 3697 extremum
3624 3637 3719 3693 ele-

2158 3742 2299 3805 vatis
2340 3744 2594 3803 manibus
2642 3760 2834 3815 coram,
2874 3742 3137 3813 omnibus
3166 3738 3321 3813 brevi
3364 3747 3623 3795 sermone
3659 3730 3729 3801 sic

2159 3844 2428 3917 conclusit
2466 3861 2480 3900 :
2531 3861 2550 3895 ι
2580 3840 2798 3907 Testem
2850 3836 3051 3900 invoco.
3093 3834 3297 3913 Deum,
3341 3829 3494 3904 quod
3537 3835 3728 3917 semper

2161 3914 2332 4010 usque
2366 3914 2437 3997 ad
2463 3945 2611 3995 nunc
2641 3928 2874 3985 ﬁdeliter
2910 3941 2975 3981 ac
3000 3923 3236 3995 benigne
3274 3934 3410 3991 erga
3444 3933 3545 3975 vos
3584 3914 3677 4006 egi.
3705 3930 3727 3981 ι,

2161 4000 2280 4107 Quo
2312 4025 2381 4082 de
2414 4023 2659 4094 oratorio
2691 4026 2991 4099 reportato,
3024 4014 3347 4107 singillatim
3385 4013 3592 4107 quique
3624 4000 3729 4081 cum

2162 4100 2458 4193 gemitibus
2481 4126 2538 4177 et
2577 4112 2831 4185 suspiriis
2874 4108 2941 4175 ad
2965 4122 3090 4165 eum
3120 4103 3497 4182 confluebant,
3524 4100 3590 4161 ad
3613 4109 3731 4193 qqu

2163 4188 2385 4286 dignum
2432 4207 2697 4277 memoria
2718 4204 2958 4277 :verbum
2999 4199 3220 4278 dicebat
3266 4215 3280 4253 :
3326 4196 3474 4273 .lpsti
3523 4188 3729 4286 hominis

2162 4280 2345 4373 obitus
2372 4318 2482 4361 non
2526 4309 2612 4358 est
2649 4311 2800 4355 mors
2847 4292 3101 4359 dicenda,
3147 4287 3243 4362 sed
3280 4287 3474 4369 potius
3508 4280 3727 4373 mutatio.

2165 4398 2297 4470 quia
2318 4372 2566 4455 nitatur
2589 4392 2658 4450 de
2684 4386 3023 4447 mortalitate
3061 4383 3131 4447 ad
3162 4380 3653 4465 immortalitatem.
3673 4372 3731 4449 de

453 4495 638 4572 jussit
677 4460 732 4551 in
760 4460 1901 4568 oratorium,etvparari
1930 4494 2064 4561 mis-
2094 4497 2141 4554 D
2167 4460 2406 4545 terrenis
2447 4485 2527 4552 ad.
2565 4481 2836 4568 cmlestia.
2863 4496 2884 4533 ι
2925 4476 3155 4535 Postera
3182 4460 3307 4537 die,
3331 4487 3401 4572 eo
3438 4460 3495 4528 in

474 4600 618 4643 eam.
666 4587 735 4641 Et
773 4588 915 4647 inter
957 4604 1152 4647 manus
1201 4597 1433 4659 utroque
1484 4589 1656 4645 latere
1722 4595 2062 4649 sustentatus

477 4692 645 4746 super
668 4677 840 4733 altare
875 4679 1244 4749 apostolorum
1281 4679 1428 4736 Petri
1451 4689 1506 4736 et
1535 4679 1688 4736 Pauli
1729 4667 2063 4735 sacrificium

475 4767 619 4821 vivae
648 4767 838 4823 hostiae
865 4768 1185 4834 immolavit,
1212 4784 1277 4824 ac
1308 4769 1455 4830 velut
1489 4770 1835 4840 profecturus
1860 4768 1927 4823 ad
1958 4767 2064 4823 Do-

476 4860 690 4924 minum
729 4861 1102 4921 verbasaneti
1123 4860 1299 4925 Pauli,
1330 4861 1579 4931 quaajam
1610 4861 1926 4916 imminente
1947 4860 2065 4931 ejus

476 4947 813 5011 resolutione
832 4948 1067 5016 dicebat,
1093 4951 1506 5021 quicquectiam
1530 4966 1641 5013 sua:
1664 4965 1843 5005 causa:
1862 4950 2066 5019 optime

476 5040 874 5111 congruebant,
901 5042 955 5097 in
986 5039 1107 5112 ejus
1134 5042 1432 5108 festivitate
1460 5042 1810 5112 decantabat,
1840 5057 1961 5112 qua:
1990 5036 2065 5096 ita

477 5149 540 5191 se
570 5135 814 5191 habent:
841 5134 971 5191 Scio
1002 5134 1091 5193 cui
1133 5133 1358 5199 credidi,
1398 5144 1445 5189 et
1475 5144 1649 5191 certus
1678 5151 1794 5189 sum
1821 5132 1947 5205 quia
1969 5148 2066 5203 po-

479 5239 593 5286 tem
613 5237 693 5284 es!
716 5228 1013 5300 depositum
1044 5244 1218 5301 meum
1242 5245 1449 5289 seruare
1474 5230 1531 5285 in
1560 5228 1711 5285 illum
1733 5229 1878 5297 diem
1886 5229 2066 5298 justus

398 5322 399 5325 “
470 5320 647 5390 inde:
667 5319 777 5391 (11.
807 5319 946 5376 Tim.
968 5336 1010 5388 ι,
1040 5319 1150 5392 12).
1178 5319 1257 5376 lta
1283 5319 1387 5385 fuit
1409 5318 1526 5390 ejus
1551 5319 1739 5401 ultima
1765 5318 2066 5391 celebratio

555 5500 635 5572 (8)
676 5501 933 5557 Dedicata
966 5509 1052 5558 est
1085 5502 1201 5558 lucc
1238 5517 1373 5557 nova
1405 5500 1638 5561 ecclesia
1675 5515 1779 5572 per.
1799 5498 2066 5572 Joannem

447 5583 459 5599 '
485 5568 658 5640 Spiris
697 5573 1029 5645 episcopum,
1087 5589 1232 5628 anno
1278 5571 1435 5640 1091,
1486 5572 1574 5627 die
1606 5568 1710 5645 Axx:
1743 5569 1964 5645 Aprilis,
2013 5568 2066 5622 in

484 5651 679 5696 octava
730 5640 941 5698 scilicet
985 5643 1285 5698 Dominicae
1326 5640 1773 5704 resurrectiOnis;
1819 5640 1907 5695 die
1939 5653 2070 5693 vero

449 5758 460 5775 ,
486 5712 734 5782 sequenti
767 5712 908 5766 idem
936 5713 1178 5780 pontifex
1206 5713 1543 5771 consecravit
1579 5712 1830 5782 capellam
1855 5709 1920 5765 Β.
1949 5708 2069 5763 Ma-

440 5804 451 5813 “
486 5785 585 5857 ria!
609 5792 745 5855 retro
770 5783 1093 5852 capitolium.

2169 4580 2521 4655 infirmorum
2559 4555 2885 4652 deportato,
2918 4577 2976 4625 et
3018 4577 3291 4631 conventu
3341 4555 3728 4655 fratrum

2169 4646 2690 4749 congregato'infra
2746 4648 3055 4737 meridiem,
3099 4655 3319 4713 cunctis
3368 4646 3729 4710 miserabiliter

2169 4745 2424 4818 ﬂentibus
2458 4772 2525 4815 ac
2548 4754 2861 4838 lugentibus
2891 4767 2945 4826 ty
2975 4750 3113 4808 Non.
3150 4747 3279 4827 Julii
3311 4749 3477 4822 beato
3509 4745 3608 4838 hac
3627 4754 3728 4838 pero

2170 4855 2414 4917 functus,
2442 4829 2680 4919 animam
2720 4845 2971 4927 felicibus
3001 4840 3227 4913 meritis~
3247 4838 3470 4921 plenam
3497 4837 3600 4913 Deo
3625 4829 3726 4903 rul-

2172 4945 2329 5012 didit,
2353 4952 2517 5014 atque
2547 4943 2614 4997 de
2638 4938 2875 5011 Egypto
2901 4933 3075 5008 hujus
3093 4932 3279 4988 mundi
3304 4939 3531 5003 ereptus
3557 4935 3727 4995 terra!

2170 5036 2470 5109 viventium
2499 5029 2817 5104 perenniter
2861 5027 3206 5103 habitaturus
3234 5023 3392 5099 adiit.
3424 5015 3729 5109 Convenit}.

2173 5130 2318 5187 tibus
2336 5140 2468 5197 ergo
2482 5100 2693 5180 duobus
2709 5117 3000 5192 episcopis,
3022 5102 3078 5187 et
3097 5114 3339 5197 quinque
3357 5111 3634 5187 abbatibus
3645 5100 3726 5183 (θλ

2173 5219 2390 5293 clericis
2404 5194 2581 5272 etiam
2605 5228 2712 5269 non
2740 5210 2929 5284 paucis
2951 5224 3076 5264 cum
3102 5194 3455 5283 multitudine
3483 5202 3729 5275 utriusqu

2174 5325 2361 5381 sexus,
2391 5315 2516 5381 post
2551 5303 2844 5377 exsequias
2880 5316 2981 5373 per
3015 5299 3257 5372 quinque
3291 5298 3413 5354 dies
3441 5294 3728 5353 celebratas.

2271 5514 2328 5583 9)
2356 5512 2399 5568 li
2418 5508 2604 5583 fuere,
2638 5520 2705 5569 ex
2733 5500 3041 5583 Tritbemio
3086 5497 3343 5583 .Joannes
3362 5489 3731 5583 _S.pi‘r_e_ns'irs|_.

2178 5557 2977 5648 ςεὶῖιίεῗὲάὶίἷάὸιῖεἶειῖιὶῖςηξῖε
3015 5567 3296 5648 ςρίεεονίέ.
3326 5557 3729 5648 “Mamili?

3022 5623 3220 5728 Nigra;
3542 5623 3728 5686 Zwifal'

2180 5707 2351 5786 iensis
2374 5734 2429 5782 et
2465 5734 2575 5779 tres
2601 5707 2691 5775 alii
2723 5712 2955 5787 quorum
2988 5707 3210 5793 nomina
3243 5707 3510 5789 excidere.
