3890 6314
131 377 214 435 θη

1574 343 1754 401 ἨΤΑ.

3254 320 3361 381 ΜΒ

126 506 172 547 in
228 485 403 542 taedio
451 479 694 538 ecclesiae
754 477 1133 548 Apostolorum
1198 469 1376 525 debita
1440 477 1664 520 venera-
1694 462 1741 519 Α
1774 460 2048 516 dationctn
2082 454 2392 514 sanctitatis
2420 436 2685 522 ejus'slyli
2712 446 2889 503 ollicto
2914 444 3172 499 adnotare
3204 453 3364 505 curae

129 585 248 639 tione
270 579 373 647 (l0)
395 576 636 645 sepultus
662 582 761 627 cst.

95 706 104 735 ε
179 669 261 724 ‘25.
304 666 411 722 Non
465 667 623 736 longe
668 673 848 718 autem
891 670 1014 731 post
1064 660 1313 721 obitum,
1347 655 1511 725 quasi
1544 659 1668 724 post

130 772 307 819 noctem
354 758 587 813 tristitiae
628 772 748 827 quae
795 763 1019 809 cunctos
1062 755 1433 821 Oppresserat,
1490 743 1667 799 illuxit

129 855 256 911 nobis
274 854 381 907 dies
406 847 819 911 consolationis,
835 850 900 901 de
913 844 1146 899 adventu
1164 841 1344 897 domui
1359 836 1665 895 Gebehardi

130 956 229 1000 tunc
252 941 465 1012 prioris,
498 939 594 995 sed
627 935 972 1007 postmodum
1002 929 1247 989 defuncti
1275 928 1457 985 Patris
1496 929 1549 982 in
1589 941 1666 980 re-

126 1034 273 1105 gendo
299 1028 625 1107 monasterio
649 1024 1013 1088 successoris,
1045 1019 1391 1092 apportantis
1411 1016 1667 1087 reliquias

128 1124 268 1179 sancti
298 1120 437 1176 Petri
470 1116 720 1188 apostoli,
749 1114 957 1170 scilicet
995 1112 1062 1167 de
1088 1109 1208 1179 ejus
1244 1107 1477 1179 capillis,
1518 1122 1547 1160 a
1583 1120 1670 1160 re-

127 1212 481 1271 verendissimo
523 1209 748 1281 Hugone
773 1206 971 1262 abbate
1007 1202 1355 1260 Cluniacensi
1384 1200 1670 1257 transmis-

128 1308 202 1371 sis,
231 1322 317 1378 pro
346 1303 546 1375 quibus
581 1317 705 1355 eum
736 1307 894 1370 pater
912 1294 1247 1352 'Wilhelmus
1285 1300 1414 1349 ante
1459 1291 1669 1355 obitum

125 1414 252 1455 suum
278 1398 579 1460 direxerat;
611 1394 711 1449 hos
740 1407 905 1463 super
935 1403 1096 1447 omne
1137 1402 1329 1443 aurum
1352 1395 1406 1440 et
1432 1384 1670 1455 lapidem

128 1491 387 1561 pretiosum
412 1488 642 1543 multum
666 1484 1083 1554 liirsaugicnses
1116 1480 1309 1536 intimo
1332 1476 1528 1534 ali‘ccttt
1558 1490 1671 1529 aut.

126 1584 257 1654 plecti
283 1584 477 1638 debent
507 1589 564 1636 et
600 1578 870 1645 venerari,
913 1592 1012 1648 pro
1043 1588 1108 1629 eo
1147 1574 1291 1644 quod
1322 1586 1451 1625 vere
1482 1570 1551 1624 de
1578 1583 1672 1623 ca-
1719 1604 1723 1608 ι

126 1676 240 1746 pillis
273 1674 524 1748 principis
567 1672 936 1744 apostolorum
990 1668 1137 1724 Petri
1185 1682 1307 1723 esse
1358 1664 1670 1719 didicimus.

126 1767 231 1821 Nam
257 1769 468 1836 antiquo
505 1776 772 1835 tempore,
813 1771 1109 1833 antequam
1141 1756 1672 1829 corpora-apostolo-

127 1875 220 1914 rum
238 1848 372 1915 Petri
403 1869 457 1913 et
487 1857 643 1913 Pauli
671 1856 738 1910 ab
766 1828 997 1910 invicem
1027 1853 1136 1908 sint
1157 1828 1427 1922 separata,
1459 1849 1511 1903 in
1536 1848 1669 1903 locis
1700 1828 1743 1883 Β

130 1950 379 2004 tntissimis
406 1949 497 2002 ubi
540 1963 688 2007 nunc
719 1946 879 2002 simul
908 1952 1035 2000 sunt
1065 1942 1283 1999 condita
1315 1948 1669 2011 ponerentur,

126 2050 221 2095 erat
247 2050 423 2096 custos
460 2039 678 2095 ratione
708 2036 954 2094 ecclesia:
986 2035 1072 2090 vir
1112 2034 1420 2105 religiosus,
1453 2033 1672 2089 nomine

124 2130 247 2185 θιΙάΟ
269 2130 310 2193 (Ι
329 2132 391 2201 Ι),
420 2131 511 2201 qui
537 2129 862 2184 renuutians
894 2125 1094 2182 saeculo
1113 2125 1468 2181 Cluuiacense
1489 2138 1673 2180 coeno—

128 2220 247 2275 bium
274 2222 322 2274 in
348 2236 453 2289 quo
484 2229 675 2292 postea
708 2220 885 2275 factus
921 2226 1005 2274 est
1035 2218 1206 2273 abbas
1236 2216 1417 2288 petiit,
1448 2224 1503 2272 et
1530 2217 1674 2271 inter

129 2314 235 2369 alias
284 2315 546 2385 reliquias
587 2322 926 2378 sanctorum,
965 2308 1257 2365 nonnullos
1300 2310 1475 2364 sancti
1526 2308 1674 2365 Petri

125 2404 312 2471 capillos
338 2419 520 2459 secum
557 2400 756 2457 attulit.
789 2401 871 2457 Er.
909 2401 1109 2471 quibus
1146 2400 1246 2453 hos
1271 2407 1513 2468 sumptus
1528 2410 1673 2463 esse,

127 2510 236 2565 quos
288 2496 435 2552 nobis
497 2494 840 2559 transmisit,
909 2492 1217 2548 certissima
1290 2490 1676 2560 astipulatione

130 2596 325 2642 testatus
366 2598 448 2644 est
495 2603 625 2644 cum
672 2586 982 2659 grandaevis
1020 2584 1333 2640 senioribus
1381 2582 1674 2653 praedictus

130 2676 265 2734 abbas
294 2678 692 2744 Cluuiacensis,
741 2676 1163 2733 ardentissimus
1216 2682 1430 2729 amator
1476 2681 1677 2730 nostra:

132 2771 531 2842 congregationis
569 2784 669 2840 pro
705 2783 772 2825 eo
807 2768 951 2838 quod
989 2768 1062 2823 ab
1106 2782 1172 2823 eo
1202 2764 1521 2822 monasterii
1548 2779 1679 2820 con-

133 2864 336 2922 stntendi
359 2872 412 2918 et
436 2861 768 2935 regulariter
788 2860 1005 2916 vivendi
1032 2859 1280 2916 ordinem
1313 2858 1673 2928 suscepimus.

135 2950 221 3006 lloc
238 2952 344 3007 ideo
363 2954 734 3010 necessarium
763 2952 1018 3007 duximus
1041 2951 1130 3007 hic
1152 2951 1435 3014 adnotare,
1461 2964 1530 3005 ue
1555 2950 1678 3021 quis

125 3061 264 3118 super
285 3048 477 3103 eisdem
503 3047 723 3118 capillis
753 3046 922 3118 possit
942 3045 1125 3115 aliquo
1149 3044 1506 3101 dubitationis
1526 3059 1679 3100 scru-

134 3141 235 3229 pulo
273 3143 595 3211 permoveri,
642 3142 774 3212 quin
823 3155 1013 3196 verum
1060 3138 1155 3207 sit,
1183 3140 1325 3210 quod
1351 3153 1383 3194 a
1417 3140 1581 3193 tantis
1623 3146 1680 3192 et

137 3231 300 3288 talibus
342 3244 559 3290 constat
593 3232 825 3290 testibus
854 3231 1196 3289 conﬁrmari.
1224 3231 1520 3287 Praedictas
1549 3245 1677 3286 vero

134 3324 350 3407 reliquias
376 3329 467 3397 qui
500 3326 825 3394 attulerunt,
856 3335 1146 3396 antequam
1176 3323 1519 3392 llirsaugiam
1552 3335 1679 3391 per.

135 3418 363 3487 venirent,
388 3420 606 3477 cuidam
640 3420 894 3493 religioso
920 3421 1241 3492 presbytero
1266 3418 1319 3472 in
1346 3416 1525 3471 vicina
1552 3414 1680 3470 villa

134 3510 469 3578 tomtnoranti,
499 3509 735 3581 provido
765 3509 847 3565 nsi
892 3508 1122 3565 consilio
1162 3506 1682 3563 commendaveruut

134 3603 409 3669 servandas,
453 3617 633 3673 usque
675 3601 744 3658 ad
796 3601 1017 3668 festum,
1065 3600 1223 3670 quod
1255 3598 1457 3654 dicitur
1495 3576 1682 3652 Sancti

136 3693 252 3751 l’ctri
282 3698 344 3754 ad
375 3696 624 3755 Vincula.
655 3697 777 3769 Ipsa
821 3697 1011 3765 utique
1049 3694 1160 3762 die,
1193 3692 1437 3750 collectis
1466 3691 1683 3748 abbati-

137 3790 216 3844 ltns
251 3802 299 3846 ct
339 3792 458 3848 aliis
502 3791 773 3863 religiosis
818 3789 976 3855 viris,
1016 3795 1332 3843 memoratm
1362 3785 1604 3856 reliquias
1629 3786 1682 3840 in

138 3883 430 3939 monasterio
454 3880 831 3953 llirsaugiensi
854 3888 1120 3949 suscepta:
1141 3885 1417 3934 suntcum
1445 3878 1684 3932 maximo

138 3974 481 4028 monachorum
512 3972 799 4044 plebisque
831 3970 1087 4040 tripudio,
1113 3986 1177 4025 ac
1209 3970 1385 4041 primo
1406 3984 1570 4041 super
1598 3985 1680 4025 se-

128 4061 346 4127 pulcrum
386 4066 529 4121 beati
570 4064 748 4136 «patris
781 4062 1058 4120 Wilhelmi
1100 4062 1388 4133 (lepesitw;
1435 4063 1558 4133 ipsi,
1596 4063 1684 4118 cui

120 4154 405 4221 specialiter
449 4157 789 4214 transmissa:
833 4155 1068 4221 fuerant,
1118 4156 1221 4211 hoc
1248 4155 1408 4210 modo
1435 4158 1524 4226 pio
1549 4156 1684 4211 tilio-

126 4258 233 4342 rum
276 4246 462 4335 affectu
490 4246 668 4318 quasi
715 4247 1205 4316 prmsentabautur.
1259 4244 1505 4316 Denique
1544 4245 1689 4301 inter

136 4336 581 4421 illcllﬂda"d‘l\'iﬂm
620 4338 796 4395 laudis
840 4337 1137 4407 praeconia,
1180 4336 1429 4406 supplici
1458 4348 1688 4392 venera-

142 4416 617 4527 li‘ltlte'ab'Omnibus
655 4431 749 4503 qui
782 4431 1031 4495 aderant,
1055 4429 1407 4497 deosculata},
1454 4430 1529 4485 in.»
1551 4432 1686 4486 scri-

139 4516 553 4611 niolo-argenteo,
595 4523 687 4579 ubi
739 4537 885 4578 nunc
917 4529 1509 4591 usquercservautur,
1557 4531 1685 4578 sunt

144 4612 411 4672 recondita.

192 4720 269 4776 26.
306 4723 521 4796 chilut‘
566 4725 635 4781 de
675 4732 865 4782 sancto
908 4725 1174 4797 Gregorio
1214 4725 1349 4799 (l2).
1394 4733 1691 4797 sanctoque

138 4810 284 4916 Gallo,
312 4819 487 4916 multis
516 4827 639 4889 post
666 4821 952 4875 transitum
984 4835 1174 4875 eorum
1213 4819 1279 4874 de
1314 4821 1415 4874 hac
1444 4820 1555 4875 vita
1583 4819 1692 4875 cla-

124 4908 284 4961 ‘ruisse
320 4908 567 4977 indiciis,
620 4912 766 4983 quod
828 4910 1159 4966 monasteria
1210 4925 1329 4981 quae
1383 4912 1436 4965 in
1485 4913 1691 4967 honore

130 4991 215 5048 Dei
238 5010 664 5071 construxerant,
698 5002 812 5059 suis
854 5012 1045 5059 contra
1087 5001 1286 5057 multas
1328 5001 1689 5057 adversitates

141 5085 449 5148 tleieusarent
480 5094 818 5166 patrociniis.
870 5077 1133 5149 Nonnulla
1184 5092 1346 5147 etiam
1380 5091 1690 5161 huiusmodi

144 5182 311 5239 nostris
335 5195 480 5256 gesta
525 5187 859 5258 temporibus
902 5186 969 5241 de
996 5186 1099 5241 hoc
1137 5195 1323 5240 saneto
1365 5185 1453 5240 Dei
1484 5202 1513 5240 a
1548 5185 1691 5241 notis

145 5279 187 5320 el
221 5275 445 5341 probatis
473 5278 722 5350 personis
749 5277 1134 5349 comperimus,
1168 5291 1288 5347 qua:
1318 5275 1385 5332 ad
1415 5290 1689 5332 commen-

132 5482 133 5485 “
203 5471 298 5537 (“ll
328 5476 523 5534 Scribit
546 5479 687 5533 idem
719 5476 1051 5532 Tritltcmius
1170 5477 1383 5533 abbatis
1407 5478 1691 5548 exsequias
1782 5496 1785 5499 '

132 5548 519 5618 'i‘et‘_»t_‘0tt_tittttos
549 5554 791 5618 quinque
824 5549 941 5603 dies
969 5547 1280 5602 celebratas
1314 5549 1496 5602 fuisse.

202 5611 298 5697 ς
331 5616 450 5697 Ejus
476 5611 824 5697 vita_Saei:ttlo
848 5620 1173 5697 βῃυςράριῃί
1205 5620 1475 5673 editaes-l.

146 5680 805 5798 8:331)“lihaﬁl'ghcgorii
830 5680 976 5746 edita
1007 5698 1090 5746 est
1114 5686 1325 5749 SiBOlllO
1352 5692 1373 5745 l
1401 5708 1413 5758 ;
1445 5691 1501 5746 S.
1528 5692 1687 5749 Galli.

179 5753 322 5810 arula
342 5763 602 5830 Seqttcttli.
671 5753 698 5763 ν
1032 5786 1033 5789 ‘

1707 3188 1754 3253 Ο

1769 559 1968 612 vimus.
1998 555 2131 609 Erat
2158 550 2409 622 quaedam
2437 545 2714 602 abbatissa
2743 544 2796 597 in
2832 539 3026 595 Norica
3057 532 3357 608 provincia,

1771 651 1884 720 piis
1919 648 2176 717 operibus
2224 642 2437 705 dedita,
2481 638 2636 706 cujus
2666 634 2908 691 .cousilio
2943 629 3232 702 praedictus
3275 623 3361 681 vir

1755 742 1866 803 .Dei
1913 740 2046 795 olim
2079 736 2377 805 llirsaugiaz
2406 731 2660 803 pmlatus
2701 727 2901 791 fuerat,
2946 724 3070 794 quia
3107 735 3229 776 eum
3262 733 3370 789 pro

1756 810 1896 892 ’vitae
1930 835 2140 890 meritis
2164 830 2392 885 multum
2420 826 2705 881 dilexerat.
2741 821 2875 877 Huic
2904 826 3025 890 post
3062 816 3359 871 discessum

1771 929 1888 997 ejus
1944 944 2041 997 per
2086 925 2289 979 tamam
2337 918 2596 984 innotuit,
2651 913 2853 970 multos
2904 910 3141 966 sinistra:
3190 905 3361 976 partis

1772 995 2021 1075 homines
2074 1016 2126 1070 in
2174 1014 2279 1068 hoc
2328 1009 2543 1065 facinus
2589 1004 2956 1073 conspirasse,
3012 1008 3072 1053 ut
3120 995 3363 1051 funditus

1771 1112 2117 1167 destruereut
2184 1102 2493 1160 cmnobium
2559 1094 2966 1167 llirsaugiense.
3034 1089 3186 1146 Unde
3246 1088 3363 1156 ipsa

1772 1202 2044 1262 continuis
2091 1201 2286 1256 all‘ecta
2338 1194 2621 1253 doloribus
2678 1189 2970 1262 propitiam
3026 1181 3364 1241 divinitatem

1773 1298 2005 1353 assiduis
2036 1292 2416 1363 interpellabat
2449 1286 2735 1358 precibus,
2769 1291 2827 1337 ut
2861 1296 2971 1336 suae
3009 1273 3365 1348 protectiouis

1775 1382 1981 1447 auxilio
2014 1396 2221 1444 tantum
2249 1383 2403 1439 nefas
2426 1386 2723 1443 averteret,
2769 1391 2832 1431 ac
2860 1373 2943 1430 sui
2977 1370 3151 1426 ﬁdelis
3181 1365 3363 1421 fautuli

1775 1481 2042 1548 novellam
2070 1476 2460 1548 plantationem
2494 1470 2562 1525 ad
2593 1470 2993 1525 incrementum
3021 1461 3364 1532 perduceret.

1772 1575 2017 1651 Cttmqtte
2050 1579 2159 1625 tam
2204 1565 2310 1638 piis
2354 1561 2622 1634 angustiis
2661 1574 2758 1615 cor
2804 1556 2922 1626 ejus
2953 1560 3269 1624 angeretur,
3311 1559 3369 1604 et

1775 1648 1875 1735 pro
1912 1662 2235 1717 imminente
2275 1654 2519 1728 periculo
2552 1651 2843 1708 Dominum
2879 1647 3150 1701 instanter
3175 1644 3369 1712 depreo

1773 1766 2023 1822 carctur,
2058 1754 2487 1824 quadam'nocte
2535 1742 2874 1815 quiescenti,
2926 1739 3010 1793 vir
3054 1735 3265 1791 Domini
3314 1734 3368 1789 iu

1774 1852 1979 1907 somnis
2026 1846 2308 1919 apparuit,
2355 1849 2715 1908 moestamque
2764 1834 2921 1891 hilari
2969 1831 3118 1886 vultu
3152 1831 3369 1884 intuens

1776 1941 2072 2001 lmtilicavit
2104 1938 2295 1995 dicens
2321 1954 2335 1991 :
2373 1955 2391 1989 ι
2421 1933 2619 1989 Multos
2651 1928 2873 2000 quidem
2902 1925 3091 1992 fuisse,
3122 1922 3215 1993 qui
3250 1930 3369 1976 tan-

1776 2047 1888 2093 tum
1941 2033 2095 2093 nefas
2140 2030 2448 2103 gestiebant
2487 2031 2837 2096 perpetrare,
2876 2018 2971 2075 sed
3020 2025 3079 2071 ut
3122 2030 3228 2069 nou
3277 2012 3370 2065 liat

1773 2128 1999 2185 omnino
2029 2102 2536 2197 prohibitumjesse.
2566 2134 2586 2166 θ
2633 2112 2787 2168 Tunc
2816 2110 2909 2166 illa
2934 2106 3166 2163 sollicite
3194 2102 3371 2173 inqui-

1778 2229 1950 2284 rente,
1979 2194 2100 2287 quis
2138 2217 2242 2271 hoc
2268 2212 2385 2268 lleri
2415 2205 2816 2281 prohibuisset,
2848 2198 3174 2270 respondit:
3210 2194 3387 2249 ctAnr

1774 2312 1928 2385 geius
1953 2309 2165 2366 Domini
2200 2308 2396 2362 bonus.
2428 2322 2447 2354 ι
2485 2302 2552 2356 Ει
2576 2296 2870 2355 confestim
2903 2292 3041 2348 visio
3054 2288 3373 2357 colloquen-

1777 2380 1847 2463 tis
1870 2402 2160 2475 disparuit.
2192 2400 2332 2455 Vere
2355 2398 2578 2461 etenim,
2608 2390 2765 2447 ut-rait
2788 2387 3099 2451 Psalmista,
3118 2380 3372 2437 immittit

1772 2472 2003 2571 angelus
2027 2494 2240 2551 Domini
2273 2493 2327 2547 in
2352 2489 2584 2547 circuitu
2612 2483 2919 2541 timentium
2941 2490 3088 2541 cum.
3120 2483 3178 2530 et
3206 2472 3383 2543 eripit.

1768 2570 1873 2652 .eos
1895 2586 2072 2661 (Psal.
2096 2600 2296 2649 xxxiii,
2319 2582 2399 2651 8).
2417 2579 2524 2635 Sed
2543 2574 2818 2648 quamvis,
2843 2570 3031 2628 eodem
3054 2572 3377 2627 attestante,

1775 2686 1954 2758 justus
1986 2681 2217 2753 quisque
2252 2678 2306 2732 in
2353 2671 2707 2745 protectioue
2736 2662 2950 2723 Domini
2980 2662 3377 2720 commoretur,

1778 2776 2090 2836 evidentius
2121 2784 2302 2829 tamen
2339 2778 2395 2825 et
2431 2762 2677 2822 severius
2713 2758 3006 2816 vindictam
3038 2752 3131 2809 Dei
3163 2748 3375 2821 expetiti

1779 2883 1945 2939 sunt,
1994 2872 2085 2943 qni
2125 2870 2282 2940 jussu
2337 2863 2482 2934 regis
2534 2857 2795 2922 llenricl,
2845 2850 3087 2922 ejusdem
3137 2842 3375 2917 nominis

1779 2968 1981 3039 quarti,
2023 2962 2442 3032 llirsaugicnses
2469 2952 2839 3011 exterminare
2877 2943 3053 3002 moliti
3081 2948 3231 3002 sunt,
3272 2950 3377 3006 pro

1768 3076 1844 3118 eo
1892 3058 2035 3131 quo]
2082 3031 2275 3112 haeresi
2320 3052 2440 3123 ejus
2484 3055 2678 3103 contra
2726 3043 3029 3097 Romanam
3076 3031 3374 3089 Ecelesiam

1788 3154 2078 3209 uoluerunt
2107 3145 2439 3210 consentire,
2474 3136 2574 3196 nec
2603 3137 2948 3208 aliquatenus
2984 3127 3102 3199 ejus
3132 3137 3373 3181 commu-

1785 3249 1946 3304 nione
1973 3262 2032 3302 se
2058 3241 2434 3301 contaminare
2460 3255 2473 3292 :
2507 3236 2707 3305 quippe
2739 3230 2837 3302 qui
2864 3238 2985 3285 erat
3022 3218 3376 3281 sceleratissi-

1782 3356 1928 3402 mus,
1944 3347 2001 3393 et
2019 3336 2262 3392 omnium
2285 3346 2423 3401 quos
2448 3337 2593 3386 terra
2614 3323 2876 3383 sustinuit.
2894 3312 3375 3389 ﬂagitiosissimos.

1782 3432 1903 3503 Ipso
1928 3431 2111 3499 itaque
2148 3426 2425 3481 adnitente
2449 3420 2671 3491 quidam
2696 3416 2994 3485 episcopus
3012 3404 3376 3490 Argeminen»

1785 3480 1884 3589 sis,
1908 3480 2127 3576 nouline
2148 3480 2615 3581 Wernerus-(l3),
2640 3480 2866 3561 militari
2886 3480 3055 3555 mam
3085 3480 3389 3567 aggressus

1785 3623 1870 3672 est
1911 3615 2199 3669 devastare
2234 3605 2578 3675 Ilirsaugiam
2603 3616 2618 3668 ;
2648 3597 2744 3655 sed
2774 3594 2971 3651 eadem
2995 3591 3091 3647 die.
3116 3601 3225 3659 qua
3253 3595 3376 3639 tan-

1788 3716 1901 3762 tum
1930 3704 2141 3760 facinus
2169 3673 2573 3756 commissurus
2595 3703 2797 3761 equum
2817 3684 3081 3744 loricatus
3102 3673 3372 3740 ascendit,

1786 3798 2073 3854 subitanea
2104 3800 2303 3854 morte,
2343 3795 2645 3853 antequam
2682 3778 2924 3835 loricant-
2957 3777 3372 3839 exuerenpra‘n

1785 3893 2080 3956 occupatus
2107 3877 2427 3950 exspiravit,
2460 3882 2517 3929 et
2540 3871 2727 3930 vivens
2759 3863 3131 3923 iuaiut‘ernum
3152 3859 3379 3916 descen-

1788 3982 1882 4037 dit.
1926 3953 2151 4043 Vivens,
2190 3975 2445 4043 inquam,
2483 3977 2544 4024 ut
2571 3966 2837 4037 scalptum
2872 3968 2959 4017 est
3003 3956 3194 4030 (Nam.
3238 3953 3378 4020 xvi),

1789 4074 1842 4129 in
1890 4072 2164 4127 infernum
2208 4062 2514 4127 descendit,
2566 4059 2658 4129 qui
2706 4056 2888 4114 sciens
2937 4061 2995 4108 et
3022 4049 3273 4122 prudens
3318 4050 3383 4101 ut.

1789 4165 1973 4233 inique
2002 4167 2223 4231 ageret,
2253 4154 2551 4219 laboravit;
2593 4150 2695 4222 qui.
2725 4150 3043 4205 innocentes
3074 4138 3381 4202 Dei.famu-

1790 4230 2142 4326 los—perdere
2177 4248 2492 4309 affectavit;
2522 4243 2677 4314 quod
2716 4240 2866 4311 ipsis,
2888 4237 3051 4299 etiam
3078 4230 3385 4293 imilitilmti.

1789 4349 1883 4421 qui
1914 4324 2081 4404 inviti
2102 4344 2171 4401 ad
2194 4342 2459 4400 auxilium
2488 4334 2996 4407 ejusicegebasttur,
3031 4327 3167 4383 adeo
3205 4324 3381 4379 visum

1790 4412 1874 4499 est
1906 4428 2289 4503 abominabile,
2319 4432 2458 4486 ut'ei
2489 4426 2902 4487 dissuaderent,
2927 4429 2983 4477 et
3004 4418 3083 4475 ad
3104 4415 3225 4472 tale
3250 4412 3384 4485 fuci-

1792 4547 1895 4588 nus
1953 4526 2204 4585 atutiliari
2253 4527 2601 4580 recusareuL.
2642 4516 2760 4576 Hoc
2808 4520 2991 4570 autem
3042 4508 3200 4578 longe
3234 4512 3387 4565 .autu

1795 4625 2002 4681 obitum
2035 4620 2140 4675 viri
2182 4619 2276 4674 Dei
2316 4614 2583 4686 contigit:
2616 4610 2711 4667 sed
2752 4607 3010 4674 deinceps
3042 4601 3151 4657 tale
3180 4596 3387 4667 aliquid

1794 4726 1983 4776 contra
2026 4716 2206 4770 locum
2254 4718 2504 4767 sanctum
2550 4713 2605 4759 et
2644 4701 2765 4773 ejus
2800 4699 3136 4756 habitatores
3182 4707 3387 4763 priusa-

1794 4805 2267 4864 mendicantibus.
2300 4810 2696 4871 usquequaque
2723 4803 2927 4849 metum
2959 4787 3207 4846 incussit.

1867 4901 1962 4959 27.
2000 4898 2194 4970 Operae
2236 4896 2471 4967 pretium
2508 4901 2593 4949 est
2620 4890 2711 4948 hic
2738 4889 3139 4957 subsequenter
3163 4880 3387 4950 subjun-

1774 5010 1925 5067 gere
1975 4991 2123 5049 aliud
2171 4989 2430 5061 quiddam
2488 4985 2619 5042 huic
2664 4998 2773 5039 non
2811 4979 3053 5038 multum
3103 4972 3382 5033 (bssiuiile.

1795 5089 1939 5162 quod
1972 5089 2139 5145 etiam
2162 5086 2312 5141 valet
2333 5084 2400 5139 ad
2435 5080 2723 5137 terrendos
2749 5083 2806 5132 et
2833 5069 3211 5143 reprimendas
3242 5066 3389 5121 inva-

1782 5196 1950 5239 sores
1982 5175 2386 5249 Hirsaugiensis
2414 5171 2755 5230 substantiae.
2783 5167 2877 5223 Vir
2898 5163 3141 5234 quidam,
3167 5156 3388 5215 nomine

1778 5274 2101 5340 <Wiutheir,
2132 5272 2199 5327 de
2232 5268 2361 5341 villa
2391 5264 2810 5331 Allmendingen
2833 5262 3391 5326 nuucupata,,renun-

1876 5499 1993 5571 (l5)
2035 5496 2336 5571 Bruschius
2373 5488 2732 5571 inﬂatalOgo
2764 5485 3139 5571 episcoporum
3170 5480 3387 5571 lArgen-

1806 5550 2100 5627 tittetisittin
2134 5550 2240 5622 ait
2305 5566 2371 5619 de
2433 5561 2592 5629 hujus
2649 5550 3128 5629 Episcopi___inorte_
3169 5550 3385 5629 longum

1778 5622 2178 5699 scotmnentum
2228 5635 2407 5691 allerri
2457 5622 2521 5687 in'
2561 5622 3271 5699 Chronico,llirsaugiensi.
3316 5624 3388 5677 At

1806 5692 2392 5785 tinetur-nti
2424 5701 2588 5785 hujus
2619 5701 2742 5754 vita:
2764 5696 3044 5785 scriptoris
3069 5692 3386 5750 auctoritas.

1805 5768 1896 5853 iini
1927 5793 2080 5840 certe
2114 5781 2274 5837 rebus
2302 5775 2470 5848 gestis
2498 5768 2737 5844 praesens
2767 5768 2957 5829 adluit.
