3890 6314
495 326 599 383 919

1617 328 1675 382 S.
1715 324 2085 391 GUlLLELEdl
2128 321 2423 393 ABBA'l'tS
2452 320 2774 380 lllltSAUG.

490 449 639 504 tians
665 416 886 509 sarculo,
906 452 1111 501 sanctae
1129 422 1563 501 conversationis
1585 428 1828 500 babitmu
1852 440 2081 516 sumpsit
2109 442 2157 511 Α
2189 441 2367 511 niunt,
2400 439 2452 499 in
2478 440 2641 501 domo
2682 447 2978 517 pauperum
3007 444 3110 508 sub
3158 445 3333 509 laieali
3382 448 3564 510 habitu
3589 458 3711 512 servi

496 542 598 593 sub
624 540 821 593 abbate
842 536 1154 602 Wilbelmo,
1180 537 1332 593 aesde
1362 536 1596 608 propriis
1622 538 1785 592 rebus
1805 537 2073 606 quoddam

494 633 755 702 przt-tlittttt
791 631 841 685 in
879 630 1137 700 praedicta
1170 628 1292 683 villa
1323 630 1511 695 situm,
1544 630 1611 684 ad
1649 644 1803 685 usum
1845 629 2077 684 fratrum

492 722 959 794 llirsangicusiutn
1004 722 1244 794 legitima
1285 723 1576 777 donatione
1605 721 1891 791 delegavit.
1924 720 2076 779 Post-

493 833 655 887 quam
698 827 878 871 autem
912 826 1159 887 uterque,
1191 812 1397 873 seilicet
1442 816 1610 871 abbas
1637 815 1991 879 Wilhelmus,
2022 825 2078 871 et

489 910 580 962 vir
601 910 889 979 pmtlictus
913 925 981 963 ex
1024 909 1126 964 bac
1153 909 1267 964 vita
1313 909 1589 977 migravit,
1614 908 1831 979 juvenis
1857 908 2078 978 quidam

489 1002 810 1071 pnedictum
851 1000 1115 1070 przedium
1144 1015 1278 1055 ausu
1310 1001 1633 1067 temerario,
1665 1000 1818 1070 quasi
1851 999 2082 1055 haeredi-

490 1095 636 1147 tario
660 1091 783 1160 jure
828 1093 897 1148 ad
937 1107 996 1149 se
1044 1093 1445 1158 transmissum,
1480 1092 1782 1162 usurpavit.
1836 1090 2082 1162 Cumque

489 1202 598 1241 una
629 1186 714 1240 die
738 1186 870 1241 duas
900 1186 1158 1241 cnrradas
1199 1186 1334 1251 vini,
1372 1194 1428 1241 et
1468 1185 1573 1240 alia
1620 1184 1927 1253 huiusmodi
1968 1184 2083 1255 vio-

488 1276 672 1333 lcnter
718 1276 786 1332 de
840 1277 1030 1332 eadem
1078 1277 1423 1348 possessione
1472 1278 1806 1344 abduceret,
1864 1278 1917 1331 in
1965 1277 2083 1346 ipso

490 1368 692 1430 itinere
747 1384 845 1440 pes
912 1383 1052 1424 unus
1109 1370 1271 1425 boum
1337 1368 1429 1439 qui
1488 1370 1732 1439 rapinam
1797 1367 2084 1423 trahebant

492 1461 808 1516 confractus
827 1468 931 1515 est.
948 1459 1066 1531 ipse
1084 1460 1249 1517 etiam
1273 1459 1488 1529 juvenis
1510 1460 1577 1515 de
1596 1475 1738 1531 equo
1754 1460 1843 1515 cui
1866 1459 2080 1523 insedit,

488 1551 644 1621 quasi
698 1549 1003 1620 lethargum
1057 1551 1270 1621 patiens
1323 1567 1562 1621 praeceps
1615 1552 1865 1616 corruit,
1919 1558 2083 1627 atque

488 1657 677 1695 amens
724 1641 932 1710 factus,
988 1643 1153 1697 etiam
1205 1660 1359 1699 usum
1406 1644 1660 1716 loquendi
1709 1645 1976 1714 perdidit,
2027 1645 2081 1699 in

487 1733 682 1789 alienis
730 1736 981 1793 tmtnibus
1033 1735 1318 1792 sublatus:
1367 1738 1461 1792 sed
1514 1753 1772 1808 processu
1824 1738 2082 1807 temporis

2180 547 2320 604 rent,
2351 549 2407 593 et
2434 549 2611 593 tamen
2645 555 2750 593 non
2781 541 2848 594 de
2867 541 3239 617 eleemosyna,
3273 547 3370 602 sed
3399 547 3468 601 de
3494 553 3737 605 cantanti

2179 628 2408 686 fratrum
2436 633 2582 687 victu
2617 641 2675 688 et
2717 635 2914 688 vestitu
2952 645 3419 695 sustentarentur.
3449 640 3594 697 Hanc
3632 661 3739 698 con-

2182 723 2527 778 suetudinem
2582 738 2867 785 successor
2893 726 3012 796 ejus
3043 729 3115 784 ita
3152 731 3495 798 immolavit,
3530 744 3587 788 ut
3622 751 3739 804 prro

2181 813 2311 870 dicti
2360 815 2559 872 fratres
2599 817 2667 872 de
2694 818 3035 890 elecmosyna
3080 838 3244 892 quam
3291 825 3738 891 administrabant.

2181 907 2428 989 corporis
2453 910 2759 964 necessaria
2790 925 2853 965 ex
2881 921 2994 967 toto
3026 916 3519 983 conéequerentur.
3558 918 3627 973 Er
3650 935 3739 990 qua

2182 1001 2470 1057 occasione
2491 1002 2716 1072 contigit
2742 1019 2831 1059 res
2855 1005 3082 1060 multmn
3111 1007 3364 1071 dolenda,
3388 1018 3448 1061 ut
3476 1011 3740 1079 peregrini

2182 1102 2239 1151 et
2284 1093 2407 1149 aliis
2449 1096 2777 1165 pauperibus
2807 1097 2964 1152 solita
3004 1099 3379 1155 misericordia
3427 1104 3742 1160 subtrahere-

2181 1192 2291 1255 tur,
2327 1186 2379 1239 in
2408 1195 2641 1251 tantum,
2675 1197 2732 1242 ιιι
2761 1189 2923 1258 egeni
2971 1205 3070 1260 per
3093 1191 3299 1263 gelidas
3342 1203 3533 1248 noctes
3580 1194 3742 1251 hiemis

2180 1280 2405 1354 exclusi,
2448 1296 2558 1348 pra:
2588 1280 2727 1336 fame
2755 1290 2810 1337 et
2851 1281 3051 1354 frigore
3099 1285 3395 1340 miserabili
3427 1287 3657 1342 clamore
3696 1289 3741 1343 ia

2182 1352 2362 1439 [llatea
2388 1379 2812 1441 perstrepcrent,
2839 1352 3000 1427 itaut
3025 1375 3225 1445 saepius
3243 1375 3590 1445 quiescentes
3611 1388 3742 1431 noctu

2180 1458 2383 1514 fratres
2422 1459 2810 1535 inquietarent.
2840 1462 3015 1533 Super
3043 1481 3149 1533 qua
3176 1465 3428 1522 molestia
3471 1468 3632 1523 abbas
3657 1468 3746 1522 beo

2181 1560 2411 1627 quenter
2433 1568 2460 1606 a
2488 1552 2750 1610 fratribus
2783 1557 3171 1621 commonitus,
3201 1574 3327 1613 cum
3364 1559 3649 1614 emendare
3670 1576 3747 1616 uo-

2182 1644 2411 1713 gligeret
2442 1644 2556 1698 haec
2586 1654 2642 1697 et
2673 1644 2775 1699 alia
2808 1647 2976 1700 tnttlta
3005 1648 3338 1718 bujustnodi,
3360 1661 3523 1704 nocte
3546 1652 3745 1721 quada-

2184 1735 2235 1789 itt
2262 1751 2365 1806 qua
2400 1736 2676 1792 Dominica
2710 1738 2972 1796 Ascensio
3009 1742 3413 1809 celebrabatur,
3439 1759 3578 1799 unus
3594 1747 3750 1800 senior
3844 1766 3845 1769 η

486 1827 745 1894 paulatim
801 1831 1135 1899 recuperatis
1179 1831 1386 1885 viribus
1416 1832 1612 1885 mentis
1647 1841 1701 1886 et
1736 1831 1982 1901 corporis
2009 1831 2077 1886 ad
2114 1810 2155 1869 Β
2183 1829 2251 1883 de
2285 1830 2476 1884 eodem
2502 1831 2859 1896 monasterio,
2890 1833 2998 1903 vita
3021 1841 3077 1907 et
3102 1834 3349 1895 moribus
3370 1837 3641 1905 probatus,
3666 1851 3747 1906 per

492 1934 553 1972 se
582 1933 853 1985 reversus,
881 1923 1045 1991 ccepit
1071 1939 1251 1978 secum
1280 1923 1629 1979 considerate
1653 1925 1756 1979 tale
1787 1924 2074 1995 ﬂagellum,

490 2012 653 2079 quale.
675 2026 949 2083 nunquam
975 2026 1133 2071 antea
1160 2028 1419 2087 expertus
1441 2027 1543 2084 est,
1570 2035 1629 2074 se
1655 2035 1758 2074 non
1796 2020 1913 2075 sine
1932 2002 2079 2088 justo

484 2104 699 2170 judicio
726 2105 821 2160 Dei
860 2107 1140 2174 tolerasse,
1166 2110 1465 2182 ltabitaque
1483 2129 1663 2175 serum
1689 2113 2081 2170 deliberatione

489 2194 558 2248 ad
588 2198 980 2253 monasterium
1017 2199 1403 2273 Hirsaugiense
1449 2218 1507 2269 se
1546 2204 1743 2259 deferri
1786 2204 1945 2270 fecit,
1982 2205 2081 2259 ibi-

489 2302 597 2357 que
629 2299 800 2345 mutat
829 2290 988 2346 simul
1017 2307 1141 2348 eum
1174 2304 1356 2349 mente
1387 2296 1631 2354 saeculari
1661 2298 1903 2353 habitum
1928 2315 1942 2365 ;
1971 2299 2081 2355 Deo

487 2394 548 2436 se
595 2380 825 2438 fideliter
875 2385 1237 2456 mancipavit,
1276 2398 1330 2444 et
1382 2400 1501 2459 post
1548 2406 1751 2461 paucos
1799 2407 1971 2447 annos
2026 2394 2079 2451 in

490 2486 679 2531 sancta
709 2479 1125 2535 conversatione
1155 2479 1387 2563 feliciter
1419 2483 1580 2538 vitam
1610 2496 1930 2556 prmsentem
1959 2485 2080 2542 lini-

486 2567 587 2624 vit.
622 2570 761 2627 Ecce
799 2589 895 2627 nos
930 2575 1040 2629 bare
1072 2574 1377 2641 audientes,
1409 2585 1464 2632 et
1513 2585 1618 2631 tam
1653 2577 1917 2645 terribile,
1942 2589 2080 2634 tam.

480 2666 594 2729 ‘que
660 2665 999 2729 tremendum
1053 2666 1147 2721 Dei
1192 2666 1456 2738 judicium
1506 2685 1669 2739 super
1733 2670 1818 2726 bis
1871 2672 2080 2729 duobus

487 2753 929 2822 considerantes,
978 2773 1212 2828 quorum
1259 2759 1397 2814 alter
1452 2772 1673 2831 repente
1710 2764 2079 2835 praecipitatus

486 2852 569 2897 est
608 2845 660 2898 in
706 2856 959 2911 mortem,
988 2848 1128 2903 alter
1157 2864 1286 2903 vero
1312 2851 1747 2909 misericorditer
1768 2864 2079 2915 reservatus

488 2953 574 2991 est
615 2938 682 2993 ad
727 2940 890 2995 vitam
932 2941 1234 3007 meliorem,
1281 2953 1654 3013 competenter
1679 2960 1800 3000 cum
1837 2947 2082 3003 Psalmo-

489 3030 696 3098 grapho
725 3047 1008 3100 possumus
1034 3034 1293 3087 admira:i
1320 3045 1375 3107 et
1396 3035 1608 3090 dicere:
1635 3033 1814 3091 Venite
1834 3048 1881 3096 et
1916 3039 2081 3095 ridete

489 3135 647 3188 opera
675 3120 908 3192 B-‘nttitti,
934 3140 1092 3193 quam
1130 3126 1378 3179 terribilis
1410 3126 1461 3179 in
1493 3127 1724 3182 consiliis
1753 3146 1910 3200 super
1939 3130 2081 3201 [ilics

467 3213 762 3271 .hominum
792 3213 965 3282 (l’sal.
1010 3232 1137 3278 ωιγ,
1160 3216 1236 3285 5).
1272 3217 1346 3271 Ex
1396 3218 1584 3273 eadem
1626 3219 1791 3276 etiam
1830 3222 2077 3278 conside-

487 3306 702 3361 ratione
751 3308 998 3379 cogimur
1046 3325 1170 3366 cum
1222 3311 1483 3381 Apostolo
1516 3312 1853 3381 proclamare
1896 3313 2107 3388 (liom.'

488 3413 567 3462 Il,
595 3398 685 3464 35,
713 3401 803 3471 54)
831 3416 849 3455 :
874 3400 919 3458 0
949 3403 1175 3458 altitudo
1204 3404 1514 3459 divitiarum
1538 3406 1811 3475 sapientia
1836 3418 1886 3461 et
1908 3408 2079 3462 scien-

489 3491 579 3545 tite
611 3492 726 3556 Dei,
768 3511 925 3557 rinam
957 3497 1501 3564 incomprehensibilia
1538 3508 1660 3553 sunt
1682 3492 1687 3497 ’
1699 3498 1908 3569 judicia
1937 3499 2078 3569 ejus,

489 3591 538 3635 et
577 3584 957 3653 inrcstigubiles
987 3588 1086 3641 rio:
1124 3587 1307 3643 illius!
1350 3587 1482 3653 Qui:
1521 3589 1658 3645 enim
1695 3591 1930 3661 cognorit
1962 3606 2081 3645 scn-

487 3688 603 3725 sum
638 3673 894 3729 Domini?
919 3684 1011 3729 aut
1036 3691 1206 3748 quare
1230 3678 1317 3732 cui
1345 3678 1459 3734 vult
1479 3679 1806 3737 miseretur?
1831 3689 1886 3735 et
1906 3695 2080 3749 quare

490 3762 656 3816 alium
706 3762 960 3828 obdurat,
1009 3775 1065 3819 ut
1118 3782 1223 3822 non
1274 3766 1557 3823 salvetur?
1601 3768 1719 3836 Quo
1768 3770 1914 3825 circa
1952 3771 2078 3840 quia

490 3856 789 3910 secundum
842 3855 1150 3931 Salomonis
1196 3858 1511 3930 eloquium:
1545 3859 1723 3921 Nemo
1758 3862 1854 3918 uit
1905 3877 2079 3925 utrum

489 3948 633 4013 odio,
682 3966 750 4003 an
789 3942 976 4003 amore
1014 3950 1204 4021 dignus
1249 3953 1349 4018 sit,
1395 3951 1489 4005 sed
1530 3953 1705 4006 omnia
1745 3953 1800 4007 in
1841 3953 2080 4023 futurum

488 4050 825 4094 reservantur
863 4038 1061 4111 (Eccle.
1106 4057 1184 4106 ιχ,
1229 4042 1322 4107 1),
1368 4042 1580 4096 incerta
1629 4042 1872 4097 timendo
1917 4059 2078 4100 reno-

492 4148 694 4195 renmr,
725 4140 779 4186 et
808 4133 1118 4200 venerando
1156 4132 1445 4188 timeamus
1473 4132 1687 4205 occulta
1718 4133 1810 4209 Dei
1833 4132 2074 4202 judicia;

485 4228 724 4297 dumque
758 4242 945 4286 sumus
974 4227 1027 4285 in
1068 4228 1172 4282 hoc
1216 4241 1480 4297 corpore,
1524 4227 1820 4285 secundum
1850 4227 2080 4295 Psalmi-

478 4315 651 4385 slam,
683 4321 990 4383 serviamus
1017 4320 1246 4376 Domino
1269 4321 1324 4377 in
1352 4321 1566 4389 timore,
1593 4329 1647 4377 et
1669 4322 2006 4383 exsultetnns
2027 4324 2077 4379 ei

485 4425 609 4464 cum
641 4420 877 4469 tremore
901 4411 1074 4489 (Ρωι.
1111 4429 1175 4480 ιι,
1200 4415 1311 4487 ll).

554 4502 647 4557 28.
684 4503 975 4571 Quantam,
1016 4516 1075 4561 ut
1099 4508 1356 4574 diximus,
1402 4526 1590 4565 curam
1636 4512 1718 4565 sui
1757 4510 2073 4569 monasterii

485 4603 640 4661 gerat
679 4606 900 4653 sanctus
950 4596 1113 4653 Pater
1147 4598 1470 4656 Wilbebuus
1510 4600 1622 4670 jam
1681 4616 1910 4672 regnans
1948 4617 2072 4656 cum

483 4685 617 4747 Deo,
675 4700 772 4754 per
823 4686 987 4741 aliam
1040 4688 1206 4751 etiam
1262 4691 1526 4745 visionem
1595 4693 1732 4745 satis
1790 4691 2074 4748 manifeste

483 4784 763 4831 ostensum
798 4787 900 4832 est.
943 4777 1149 4847 Quam,
1200 4781 1339 4836 sicut
1391 4783 1663 4838 refeteute
1698 4785 1935 4853 quodam
1983 4801 2070 4839 se-

481 4865 662 4931 niore,
698 4867 989 4929 innocente
1015 4878 1070 4925 et
1097 4871 1328 4941 simplici
1360 4873 1495 4932 viro.
1530 4875 1616 4927 cui
1644 4874 1831 4927 eadem
1859 4873 2074 4930 molitus

477 4959 625 5014 facta
654 4968 739 5015 est
767 4960 936 5025 visio,
967 4962 1276 5027 didicinms,
1308 4964 1598 5018 scribendo
1626 4965 1858 5034 posteris
1900 4977 2074 5021 trans-

476 5053 709 5108 mittere
743 5055 1110 5123 necessarium
1140 5052 1413 5127 duximus,
1442 5057 1568 5128 quia
1600 5074 1697 5127 per
1725 5071 1850 5111 eam
1880 5057 2071 5112 admo-

475 5138 687 5203 nente?
738 5146 1179 5223 llirsabgiettses,
1216 5130 1325 5203 tam
1384 5149 1548 5203 futuri
1605 5164 1766 5219 quam
1832 5163 2073 5218 prmsen-

478 5251 579 5301 tes,
620 5250 680 5296 ut
725 5249 930 5314 statuta
978 5246 1123 5311 saepe
1171 5239 1300 5295 dicti
1348 5240 1527 5295 Patris
1571 5241 1856 5313 diligenter
1882 5246 2071 5299 obser-

475 5343 624 5399 vent,
655 5338 891 5390 maxime
933 5336 987 5390 in
1016 5334 1420 5406 dispensatione
1467 5350 1765 5406 pauperum
1794 5348 1848 5393 et
1876 5337 2063 5408 hospi-

479 5439 616 5491 tum,
651 5428 704 5481 in
739 5428 1121 5485 observatione
1165 5428 1477 5485 claustralis
1532 5429 1851 5501 disciplinae.
1882 5429 2071 5497 Statu-

478 5526 594 5583 tum
640 5528 759 5573 erat
788 5519 859 5573 ab
905 5520 1019 5589 ipso
1073 5520 1347 5587 communi
1397 5519 1673 5574 seniorum
1722 5521 1977 5586 consilio,
2009 5530 2069 5577 ut

475 5608 645 5677 aliqui
673 5625 740 5663 ex
776 5610 928 5667 Iaieis
967 5612 1226 5669 fratribus
1255 5612 1347 5683 qui
1395 5612 1463 5667 ad
1517 5616 1926 5667 conversionem
1978 5629 2067 5670 ve-

551 5740 665 5814 (ll)
707 5743 765 5796 S.
794 5742 1031 5800 Udalrici
1058 5746 1233 5801 Vitam
1272 5746 1443 5805 babes
1471 5746 1684 5801 Saecula
1712 5746 2061 5814 praecedenti.

482 5809 541 5873 8.
572 5809 857 5874 Caninius
882 5815 1035 5882 obiit,
1065 5826 1197 5872 teste
1237 5816 1520 5886 Bruscbio,
1553 5834 1693 5873 anno
1714 5809 1845 5872 '976.

2104 3183 2146 3242 Ο

2182 1929 2507 1985 nocturnam
2541 1921 2805 1977 visionem
2837 1924 2970 1979 vidit
2996 1939 3056 1979 se
3081 1926 3376 1991 sublevari,
3407 1939 3462 1981 et
3487 1931 3632 1998 quasi
3671 1945 3748 1984 su-

2186 2028 2282 2086 pra
2337 2016 3111 2087 montemincomparabiliter
3156 2019 3447 2077 sublimem
3500 2024 3745 2086 Constitui,

2182 2106 2271 2161 ubi
2306 2108 2486 2162 omnia
2538 2108 2694 2178 plena
2752 2121 2909 2166 erant
2958 2112 3241 2169 immensa:
3282 2114 3422 2172 lucis
3472 2116 3745 2187 splendore,

2184 2198 2323 2256 mira
2380 2200 2585 2259 insoliti
2624 2203 2809 2259 odoris
2855 2203 3191 2276 fragrantia,
3246 2216 3303 2261 et
3363 2209 3639 2267 beatorum
3688 2208 3748 2263 ibi

2182 2293 2519 2347 manentium
2549 2304 2815 2350 concentu
2839 2296 3156 2353 dulcissimo
3185 2300 3386 2368 quibus
3414 2300 3529 2369 ipse
3551 2299 3748 2355 ιιίιιιίιιιιι

2180 2381 2506 2450 delectatus,
2561 2402 2625 2442 ac
2666 2386 2874 2457 jugiter
2927 2389 3192 2445 interesse
3246 2391 3583 2455 desiderans,
3630 2394 3749 2447 inter

2182 2487 2381 2533 caetera
2400 2493 2521 2548 qua:
2548 2480 2619 2534 ibi
2650 2481 2805 2546 vidit,
2835 2481 2996 2538 etiam
3019 2482 3270 2539 abbatem
3293 2483 3638 2540 Wilbelmum
3661 2485 3745 2540 sibi

2181 2568 2309 2625 olim
2362 2569 2844 2627 familiarissimum
2876 2574 3410 2645 recognovit,‘niveo
3456 2584 3666 2645 aspectu
3702 2582 3751 2630 et

2184 2661 2370 2718 habitu
2414 2662 2730 2733 fulgentem,
2757 2681 2880 2720 cum
2918 2681 3026 2736 quo
3052 2666 3220 2720 etiam
3242 2666 3381 2720 duos
3423 2668 3569 2721 viros
3595 2667 3748 2735 ponti-

2184 2753 2328 2809 ticali
2357 2755 2543 2833 habitu
2573 2756 2877 2824 decoratos,
2915 2757 3011 2812 sed
3037 2756 3139 2811 sibi
3171 2756 3496 2826 incognitus.
3521 2755 3749 2823 Quaesivit

2176 2848 2250 2903 ab
2297 2864 2364 2903 eo
2401 2849 2492 2918 qui
2533 2859 2736 2906 essent.
2788 2850 2856 2905 Et
2904 2850 3112 2904 audivit
3158 2866 3327 2904 unum
3368 2865 3489 2904 esse
3525 2858 3745 2904 sanetum

2184 2938 2495 2994 Udalricum
2536 2940 2649 3013 (l4)
2704 2942 3100 3011 Augustensem
3152 2941 3504 3010 pontificem;
3544 2942 3747 2994 alterum

2183 3044 2315 3084 vero
2344 3028 2653 3084 Conradum
2712 3029 3207 3096 Constantiensem,
3252 3047 3410 3101 aeque
3440 3033 3596 3085 viratu
3634 3045 3748 3085 sano

2182 3129 2330 3177 ctum
2362 3130 2413 3175 et
2440 3121 2565 3176 olim
2596 3122 2932 3195 episcopum.
2965 3121 3214 3193 Cumque
3232 3125 3380 3181 etde
3402 3124 3523 3179 aliis
3543 3123 3608 3178 ibi
3633 3122 3747 3176 visis

2180 3213 2473 3283 inquirenti
2492 3214 2661 3267 abbas
2689 3212 3012 3269 Wilbelmus
3040 3214 3377 3283 respondens
3403 3214 3743 3274 satisfaceret.

2194 3305 2260 3359 ad
2295 3304 2544 3359 ultimum
2577 3304 2693 3360 bare
2725 3306 2776 3360 ei
2807 3304 3289 3377 llirsaugiensibus
3332 3305 3647 3361 notiﬁcanda
3672 3305 3747 3358 iu—

2176 3396 2351 3466 junxit
2404 3410 2419 3448 :
2475 3413 2495 3447 ι
2534 3396 2611 3450 Ex
2648 3406 2823 3467 parte,
2876 3398 3149 3475 inquiens,
3191 3412 3422 3454 summa:
3474 3398 3747 3468 maiestatis

2182 3487 2303 3552 Dei,
2341 3488 2596 3558 praecipio
2645 3489 2740 3543 tibi
2787 3498 2846 3551 ut
2880 3488 3032 3543 dicas
3072 3488 3255 3543 abbati
3284 3499 3338 3543 et
3388 3488 3577 3558 priori,
3608 3496 3745 3542 cato

2182 3580 2363 3648 risque
2435 3578 2699 3634 fratribus
2764 3579 3104 3650 llirsaugiaz,
3165 3589 3437 3648 quatenus
3483 3579 3741 3635 «cum

2180 3671 2322 3741 quod
2359 3686 2389 3725 a
2424 3670 2578 3725 nobis
2606 3680 2969 3741 acceperunt,
3021 3669 3209 3740 egenis
3232 3679 3289 3724 et
3320 3670 3617 3739 hospitibus
3640 3684 3743 3722 cun

2179 3759 2328 3815 outui
2393 3760 2680 3815 charitatis
2724 3759 2919 3815 atl‘eetu
2972 3760 3234 3814 serviant.
3282 3758 3464 3814 Mores
3508 3767 3560 3813 et
3604 3760 3741 3819 vitali

2178 3867 2332 3911 suam
2388 3852 2685 3909 secundum
2740 3852 3003 3931 Regulam
3053 3852 3230 3910 sancti
3289 3852 3598 3931 Benedicti;
3638 3862 3741 3906 ante

2182 3943 2367 4011 omnia
2411 3944 2548 3999 iram
2581 3953 2637 4000 et
2686 3944 3134 4015 indignationem,
3161 3944 3349 3998 odium
3401 3955 3460 4001 et
3486 3944 3741 4001 detractio-

2180 4051 2328 4101 nem,
2372 4035 2570 4107 quibus
2613 4034 2830 4103 assidue
2862 4033 3043 4089 Deum
3092 4031 3393 4098 oﬂendunt,
3449 4049 3569 4090 cunt
3617 4030 3741 4089 oni

2179 4128 2383 4183 malitia
2414 4126 2754 4196 abjicientes,
2785 4126 3061 4195 sinceram
3104 4135 3159 4181 et
3186 4127 3509 4187 continuam
3534 4126 3744 4183 dilectio-

2179 4237 2301 4277 nem
2336 4220 2569 4274 invicem
2616 4217 2951 4275 custodiant.
2975 4216 3130 4285 Quod
3153 4217 3259 4273 nisi
3288 4218 3609 4283 observent.

2178 4329 2303 4368 nam
2344 4312 2528 4383 procul
2558 4312 2725 4366 dubio
2754 4310 3013 4369 ultionem
3042 4325 3105 4368 se
3143 4319 3476 4381 expertum
3503 4312 3680 4368 sciat.
3716 4327 3731 4359 ι

2177 4404 2274 4461 llis
2299 4406 2481 4471 dictis,
2515 4405 2707 4461 relicto
2751 4419 2817 4461 eo
2861 4403 2949 4460 cui
2978 4405 3095 4461 haec
3131 4404 3304 4471 dixit,
3351 4404 3474 4476 ipse
3504 4420 3620 4462 cttm
3642 4400 3739 4457 aliis

2176 4498 2267 4566 qui
2293 4499 2542 4577 aderant,
2562 4497 2756 4552 altiora
2775 4497 3023 4567 quedam
3053 4496 3177 4559 celi
3201 4507 3418 4555 secreta
3448 4494 3738 4573 penetrarit.

2154 4589 2266 4644 'llle
2298 4604 2427 4645 vero
2462 4590 2677 4656 senior,
2709 4590 2797 4644 cui
2845 4590 2963 4647 haec
3012 4590 3253 4650 revelata
3308 4600 3465 4657 sunt,
3514 4605 3628 4646 cum
3665 4601 3739 4658 pd

2174 4680 2352 4751 ipsmu
2380 4695 2487 4734 non
2520 4680 2777 4745 auderet,
2804 4694 2927 4751 per
2953 4679 3121 4736 alium
3174 4681 3474 4750 quemdam
3506 4680 3737 4735 seniore-

2172 4773 2350 4828 abbati
2378 4782 2575 4828 cuncta
2612 4772 2908 4829 intimavit.
2941 4771 3045 4840 Qui
3089 4772 3381 4844 pristinam
3412 4773 3626 4843 quidem
3661 4770 3739 4823 ιδλ

2171 4867 2315 4923 hatis
2346 4866 2627 4921 Wilhelmi
2655 4867 3103 4945 constitutionem
3120 4866 3187 4922 de
3209 4865 3564 4939 eleemosyua
3584 4863 3739 4921 obsu-

2172 4958 2491 5027 varijussit,
2518 4968 2700 5031 cetera
2754 4968 2934 5021 tamen
2973 4958 3169 5028 quibus
3224 4959 3621 5015 monasteriu-
3640 4966 3739 5025 pet-

2173 5052 2521 5115 turbaverat,
2554 5051 2864 5106 incorrecta
2917 5050 3147 5105 dimisit.
3178 5048 3536 5121 Quapropter
3578 5061 3739 5104 seats-

2170 5146 2299 5203 dum
2327 5146 2641 5217 prtedictam
2662 5146 3151 5227 comminationetn,
3171 5144 3318 5213 beati
3343 5145 3525 5201 Patris
3543 5137 3739 5198 Wilhel-

2171 5239 2273 5315 mi,
2302 5238 2420 5295 fere
2447 5237 2524 5296 nil
2571 5223 2896 5310 prosperum
2923 5223 2989 5295 ei.
3023 5236 3246 5313 accidit.
3277 5236 3421 5293 Nam
3451 5251 3616 5308 parvo
3640 5240 3739 5304 ραι

2171 5340 2417 5402 tempore
2460 5332 2777 5388 monasterii
2825 5329 3093 5401 regimine
3130 5339 3360 5396 exutus,
3390 5339 3448 5385 et
3475 5320 3736 5400 pontiial

2118 5496 2119 5499 η
2168 5426 2337 5500 infula
2368 5427 2508 5499 apud
2538 5426 2755 5497 Spiram
2778 5425 3025 5491 indutus,
3054 5424 3181 5482 odia
3210 5424 3463 5480 omnium
3486 5422 3739 5478 advorsu-

2169 5533 2229 5589 se
2263 5510 2465 5589 ineptis
2493 5516 2741 5581 moribus
2769 5515 3083 5582 concitavit,
3110 5514 3208 5573 sed
3235 5529 3389 5571 mors
3424 5520 3629 5569 natura
3666 5506 3741 5563 h-

2171 5613 2508 5680 terveniens,
2546 5626 2670 5667 eum
2704 5611 2772 5683 de
2802 5609 2981 5666 medio
3012 5608 3316 5679 amputavit
3345 5606 3483 5679 (15).

2241 5752 2355 5820 (15)
2380 5752 2503 5808 llaec
2532 5752 2705 5807 fusius
2729 5752 2896 5808 refert
2917 5749 3254 5806 Tritbemius
3277 5750 3346 5805 ad
3374 5764 3573 5805 annum
3600 5728 3733 5799 "05»

2170 5840 2276 5895 quo
2293 5823 2611 5911 thlnardus
2635 5824 2687 5882 in
2706 5823 3017 5896 Spirensem
3034 5821 3371 5893 episcopum,
3394 5820 3630 5907 adstant:
3640 5823 3737 5883 ait
