3890 6314
110 308 203 379 ml

1611 314 1789 372 VITA.

3248 315 3369 374 981‘

166 423 248 488 39.
283 406 409 486 Non
450 438 538 487 cst
591 426 770 488 autem
823 426 1157 503 negligenter
1204 429 1669 501 praetereundum,
1700 433 1755 493 Α
1781 428 1957 485 adfuit
1979 428 2397 488 Wormatieusls
2417 431 2528 503 (16)
2558 432 2861 504 episcopus,
2885 435 2976 507 qul
2990 442 3100 490 tam
3121 430 3405 504 simpliclk.

108 524 186 579 sed
221 520 510 590 diligenter
561 521 1037 587 considerandum,
1066 530 1269 590 quanta
1296 520 1672 576 sanctissimus

107 625 239 686 pater
280 611 611 668 Willielmus
656 613 1010 669 veneratione
1054 613 1247 684 dignus
1292 613 1366 669 sit
1399 613 1453 668 in
1487 614 1668 680 terris,

109 710 182 773 qui
207 713 472 757 tantorum
506 704 797 775 praesulum
827 705 1120 772 consortio,
1145 706 1438 762 secundum
1470 706 1670 777 pra-di-

108 807 227 849 ctam
261 797 527 852 visionem
562 796 760 853 fruitur
784 798 840 854 in
862 799 1039 868 ccelis,
1070 815 1298 871 quorum
1323 799 1529 855 scilicet
1556 799 1673 871 κιο-ι

111 890 278 942 riosam
305 889 629 944 memoriam
657 904 838 945 annua
860 891 1143 947 devotione
1164 891 1451 948 celebriter
1479 892 1670 948 recolit

109 988 283 1031 salicta:
313 978 577 1035 Ecclesia:
607 980 761 1051 plebs
783 980 975 1037 ﬁdelis.
1005 981 1063 1038 Si
1092 984 1213 1054 quis
1240 998 1371 1039 vero
1393 983 1463 1040 ob
1490 984 1669 1039 incre-

109 1070 354 1125 dulitatem
383 1085 544 1125 suam
572 1071 825 1127 dubitans
855 1072 1017 1137 dicat,
1057 1074 1363 1145 huiusmodi
1400 1076 1666 1132 visionem

108 1179 193 1217 non
221 1178 335 1218 esse
381 1165 817 1233 observandam,
854 1167 949 1221 sed
988 1166 1133 1222 inter
1162 1181 1302 1222 vana
1339 1169 1547 1224 sonmia
1583 1184 1668 1224 re-

108 1253 393 1323 putandum,
428 1255 523 1312 hic
561 1255 685 1313 talis
708 1256 1084 1315 indubitanter
1112 1259 1274 1325 sciat,
1317 1275 1582 1329 nusquam
1613 1260 1666 1315 itt

109 1348 463 1418 hagiugraphis
495 1349 761 1420 scriptum
799 1364 939 1418 esse,
989 1350 1082 1406 sed
1127 1367 1226 1408 nec
1250 1352 1543 1423 aliquando
1570 1367 1677 1408 aur

110 1437 252 1492 diluat
278 1438 464 1505 fuisse,
498 1440 645 1513 quod
696 1439 875 1496 nullus
907 1457 1143 1511 unquam
1174 1442 1335 1519 ltomo
1362 1443 1673 1498 dmmouuur

109 1529 440 1597 suggestione,
480 1530 570 1585 vel
602 1530 803 1601 palam,
838 1531 923 1586 vel
960 1532 1173 1587 occulte
1200 1533 1548 1603 prmnmnitus
1574 1534 1662 1600 sit,

109 1621 456 1677 utdecliuaret
506 1639 538 1677 a
588 1625 763 1688 malo,
792 1635 845 1679 et
876 1624 1081 1681 faceret
1125 1624 1348 1690 bonum,
1398 1626 1539 1681 sicut
1577 1626 1666 1684 hic

110 1715 279 1769 factum
301 1726 384 1771 est
413 1732 515 1786 per
563 1717 1019 1789 beueguissimum
1052 1728 1262 1790 patrem
1294 1719 1663 1777 Wilhelmum.

1772 523 1967 577 anima:
2002 538 2215 593 semper
2245 524 2703 581 familiarissimus
2732 536 2872 595 erat,
2917 536 2973 582 et
3000 527 3087 583 cui
3124 526 3356 583 dilectus

1777 616 1991 671 Domini
2015 618 2213 686 saepius
2234 633 2327 673 sua
2351 629 2583 681 secreta,
2613 619 2781 675 nimia
2808 621 3044 691 episcopi
3073 620 3355 677 familiari-

1772 714 1884 761 tate
1910 715 2162 776 cogeute,
2190 706 2479 775 pandebat.
2535 706 2673 763 lluic
2701 709 2882 778 itaque
2926 719 3034 764 tam
3065 710 3363 766 excellenti

1770 805 1931 868 atque
1956 798 2195 868 probata:
2226 798 2279 852 iu
2312 799 2546 855 Ecclesia
2578 816 2842 870 personae.
2878 802 3021 856 inter
3044 802 3150 857 alia
3184 801 3351 857 fami-

1768 886 2025 944 liaritalis
2059 890 2328 961 colloquia
2365 894 2679 962 aperiebat,
2704 904 2756 948 et
2790 895 2889 949 sub
2923 895 3088 950 divini
3117 893 3350 949 nominis

1768 974 2112 1038 attestatione
2134 986 2508 1041 confirmabat.
2531 1004 2551 1038 ‹
2582 987 2716 1042 Cum
2746 988 2939 1051 adhuc,
2962 988 3155 1058 inquit,
3176 1003 3350 1045 essem

1772 1072 2081 1129 Ratisbona:
2111 1075 2163 1130 in
2208 1078 2546 1133 monasterio
2592 1079 2764 1133 sancti
2794 1078 3197 1141 Emmerammi,
3227 1093 3353 1148 qua-

1736 1165 1890 1219 ‘dam
1913 1174 2070 1219 nocte
2096 1167 2346 1237 apparuit
2377 1168 2508 1223 mihi
2540 1168 2625 1223 vir
2666 1171 2836 1239 plena:
2860 1170 3057 1233 aetatis,
3110 1167 3351 1224 miriﬁca.

1766 1257 1905 1313 ultra
1938 1258 2232 1313 humanum
2262 1261 2476 1315 modum
2516 1258 2960 1332 pulchritudinis,
3007 1260 3163 1316 hilari
3204 1258 3365 1314 vultu-

1767 1364 1857 1407 me
1884 1350 2236 1421 compellans,
2269 1361 2323 1408 et
2351 1367 2481 1407 uvas
2509 1354 2938 1425 speciosissima's
2970 1368 3130 1407 manu
3163 1351 3363 1422 praefer

1773 1455 1925 1505 rens,
1952 1428 2090 1511 quas
2143 1442 2307 1498 etiam
2357 1444 2486 1500 mihi
2514 1444 2728 1510 obtulit,
2755 1446 2941 1500 dicens
2989 1463 3003 1500 :
3034 1447 3235 1515 Accipe,
3267 1444 3351 1498 di-

1766 1530 1895 1588 lecte
1920 1534 2015 1589 mi.
2039 1531 2206 1603 Cujus
2235 1536 2473 1591 muneris
2501 1537 2762 1601 novitate,
2791 1545 2848 1591 et
2875 1537 3006 1591 tanti
3029 1536 3129 1590 viri
3159 1534 3351 1591 aﬂ‘abi-

1768 1622 1923 1679 litate
1964 1626 2267 1696 perculsus,
2293 1627 2384 1682 diu
2442 1628 2615 1682 fateor
2658 1644 2867 1683 mecum
2911 1628 3185 1683 admirans
3228 1642 3345 1699 per-

1771 1717 1943 1772 mansi
1984 1720 2253 1789 stupidus.
2280 1718 2415 1774 Tum
2461 1719 2550 1774 ille
2577 1738 2591 1774 :
2624 1719 2872 1775 Scholam
2906 1721 3176 1774 instituere
3202 1737 3359 1774 cura-

108 1805 296 1860 Cuttslal
348 1824 591 1879 quoque
623 1810 912 1880 praeclaros
963 1819 1041 1865 et.
1067 1810 1366 1885 praecipuos
1412 1809 1664 1864 Ecclesia:
1698 1797 1740 1857 Β
1770 1807 1838 1871 vi,
1870 1809 1955 1862 cui
1986 1816 2036 1862 te
2076 1810 2344 1880 prwﬁcere
2377 1821 2497 1864 ante
2520 1811 2695 1865 omnia
2723 1810 2917 1865 rmculu
2961 1811 3346 1880 prirdestinavi,

112 1897 343 1961 ductores,
360 1902 552 1955 beatos
576 1891 896 1970 Gregorium
920 1909 973 1954 et
998 1900 1383 1971 Augustinum,
1406 1900 1661 1954 nonnulla

111 1996 146 2039 ct
168 2002 243 2040 att;
279 1988 622 2045 sarcularium
657 1990 770 2045 visa
820 2006 1173 2060 personarum
1208 1991 1322 2047 suis
1372 1991 1664 2053 inseruisse

111 2080 347 2147 utu<culis
390 2082 463 2136 ob
493 2083 911 2139 :ndilicatiouem
965 2083 1201 2139 fidelium
1258 2084 1455 2158 quibus
1485 2094 1661 2147 tamen

111 2186 193 2223 ι.οη
217 2170 352 2227 aliud
382 2174 645 2228 adhibent
677 2174 1067 2243 testimonium,
1090 2172 1197 2229 nisi
1242 2174 1386 2245 quod
1416 2174 1665 2233 nornina-

114 2264 187 2325 tiut
226 2267 473 2332 quosdam
521 2266 703 2325 testati
752 2276 879 2321 sunt
908 2280 971 2321 ea
1009 2268 1209 2323 vidisse
1236 2282 1334 2337 per
1366 2267 1656 2323 somnium.

112 2356 319 2427 [ternique
349 2369 407 2414 ut
450 2359 574 2415 bare
596 2360 798 2425 omnia,
822 2372 943 2430 qua:
978 2361 1044 2415 de
1068 2370 1258 2417 sancto
1287 2362 1404 2417 viro
1439 2360 1665 2432 digessi-

114 2466 227 2517 tuus,
253 2453 555 2521 purissima:
579 2454 829 2509 veritatis
848 2454 1027 2526 sigillo
1053 2455 1463 2523 concludamus,
1494 2471 1660 2511 unum

111 2544 255 2599 adhuc
281 2547 653 2602 testimonium
682 2547 1045 2618 proferemus,
1077 2564 1183 2619 quo
1203 2564 1335 2605 eum
1365 2550 1661 2620 probamus

116 2635 155 2689 iu
176 2652 290 2707 Opus
328 2639 645 2704 ministerii,
676 2640 864 2710 quoin
892 2641 1056 2697 dumo
1085 2640 1296 2696 Domini
1332 2652 1438 2696 tam
1488 2641 1661 2697 ﬁdelis

115 2743 269 2784 servus
304 2740 357 2787 et
385 2733 631 2803 prudens
672 2733 958 2799 laboravit,
989 2735 1170 2791 divina
1220 2735 1544 2804 auctoritate
1572 2752 1660 2794 as-

116 2836 361 2895 sumptum.
389 2838 443 2883 ct
463 2843 598 2884 vere
626 2831 923 2885 secundum
950 2831 1285 2900 propositum
1310 2814 1648 2887 vocari'san-

115 2925 245 2984 clusa,
273 2921 352 2975 cui
383 2921 631 2995 diligenti
664 2922 834 2977 Deum
863 2922 1046 2979 omnia
1083 2933 1373 2997 cooperata
1424 2933 1549 2980 sunt
1600 2924 1656 2982 in

116 3010 295 3068 bonum.

165 3103 240 3159 30.
274 3105 429 3162 Pater
456 3118 687 3165 sanctus
720 3092 842 3163 cum
877 3108 1027 3177 gravi
1076 3107 1395 3164 infirmitate
1431 3116 1660 3166 Vexare-

1766 1915 1918 1970 qnum
1946 1901 1991 1953 si
2015 1901 2300 1955 secundum
2341 1900 2589 1971 ilucitum
2620 1918 2788 1955 meum
2818 1904 3027 1961 rexeris,
3061 1900 3193 1954 bona
3216 1918 3350 1955 mer-

1763 1989 1885 2043 cede
1915 1990 2249 2068 t'u‘wtcrmtm
2282 1992 2717 2046 remuneraberis.
2751 1975 2865 2058 Nil,
2908 1979 3092 2055 amice,
3123 1976 3360 2053 dubites,-

1764 2083 1902 2141 idem
1934 2096 2243 2154 cooperator
2267 2085 2358 2157 qui
2399 2094 2444 2139 et
2476 2094 2854 2139 rcmuuerator.
2896 2084 2975 2137 Ad
3029 2084 3144 2139 haec
3180 2082 3345 2136 verba

1763 2175 2047 2245 evigilans,
2077 2175 2245 2232 multa
2294 2190 2503 2229 mecum
2544 2175 2767 2229 tractavi
2786 2214 2799 2237 ,
2825 2174 3122 2243 eademque
3152 2174 3348 2242 stt-pius

1765 2265 2083 2318 retractavi.
2117 2264 2359 2336 Cumque
2410 2264 2589 2319 multis
2618 2265 3055 2319 meditationibus
3081 2260 3349 2319 distendu-

1728 2390 1734 2397 ο
1764 2364 1917 2408 retur
1945 2355 2158 2410 aniums
2203 2370 2385 2417 nteus,
2431 2354 2644 2409 tandem
2675 2353 2751 2413 ad?
2768 2366 2983 2424 portum
3017 2353 3347 2417 tutissimum

1764 2459 1970 2515 magna:
2003 2446 2390 2501 misericordia:
2437 2445 2532 2513 Dei
2566 2445 2818 2523 confugi,-
2867 2454 2923 2500 et
2976 2445 3204 2500 Domino
3235 2444 3348 2498 Deo

1763 2551 1885 2591 meo
1938 2537 2119 2591 omnia
2169 2553 2307 2601 mea,
2338 2553 2500 2607 quam
2550 2538 2738 2598 intime
2768 2546 3038 2608 poteram,
3073 2536 3343 2592 commisi.

1763 2626 1831 2681 Et
1861 2642 1987 2682 ecce
2028 2628 2144 2698 ipso
2176 2629 2263 2683 die
2299 2627 2496 2683 fratres
2549 2628 2719 2683 nostri
2766 2627 2832 2684 de
2876 2628 2977 2684 hoc
3018 2626 3348 2682 monasterio

1760 2720 1979 2786 adsunt,
2017 2721 2226 2776 litteras
2251 2736 2375 2775 cum
2404 2719 2739 2776 multimodis
2789 2721 3038 2791 precibus
3086 2718 3344 2787 aﬂ'ereri,

1761 2824 1818 2869 et
1844 2814 1894 2866 vi
1924 2814 2156 2884 quadam
2204 2814 2538 2874 validissima
2585 2815 2652 2871 de
2700 2816 2880 2885 quieto
2929 2813 3228 2869 monastica
3259 2828 3349 2870 me

1761 2903 2115 2977 abripientes,
2148 2908 2466 2983 parvitatem
2490 2922 2675 2960 meam
2715 2906 2816 2961 sibi
2846 2920 3078 2976 praeesse
3106 2904 3346 2976 compel-

1760 2999 1898 3064 lunt,
1928 3016 1990 3055 ac
2031 3016 2155 3055 cum
2182 3001 2551 3056 obtestatione
2574 3000 2740 3054 divini
2782 2999 3017 3054 nominis
3041 3015 3109 3056 ne
3136 2999 3347 3054 abnue-

1763 3106 1875 3145 rem
1902 3092 2167 3163 postulata
2195 3091 2688 3162 cogunt..Suscepi,
2713 3089 2906 3155 fateor,
2937 3090 3137 3145 invitus
3157 3090 3347 3160 jugum

117 3203 203 3261 ιιπ,
226 3213 282 3253 ea
308 3162 598 3257 δρίιίρὲωξ,
628 3216 735 3271 qua
762 3162 1170 3257 λάεξαεωωώ
1208 3162 1661 3274 souis—535%.“;
1688 3162 1733 3224 (ἶ
1765 3182 1999 3248 Domini,
2029 3183 2271 3239 devictus
2304 3197 2466 3253 prece
2500 3194 2608 3245 tam
2636 3183 2901 3238 unanimi.
2945 3181 3002 3236 In
3042 3198 3149 3252 quo
3170 3181 3347 3236 oliicio

115 3289 268 3356 scitur,
297 3309 326 3347 a
354 3295 547 3350 multis
574 3294 1115 3364 comprovincialium
1147 3295 1440 3364 majoribus
1467 3292 1656 3367 perm-.-

116 3380 181 3435 uis
202 3384 451 3453 visitatur,
500 3394 565 3440 nt
591 3370 648 3440 et
690 3377 981 3455 devotioni
1006 3401 1140 3450 suae,
1170 3384 1299 3456 qua
1332 3386 1509 3440 virum
1558 3386 1652 3442 Dei

115 3468 387 3540 mirabiliter
410 3491 630 3547 semper
656 3474 959 3549 coluerunt,
982 3476 1125 3549 bono
1154 3474 1260 3529 line
1293 3489 1651 3546 perseveran-

116 3562 183 3614 tirc
207 3567 590 3631 satisfacerent,
632 3576 686 3621 et
738 3575 848 3622 tam
877 3576 1081 3623 sancta:
1125 3567 1320 3622 anima:
1354 3569 1652 3638 egredienti

114 3654 283 3711 animas
332 3674 453 3716 suas
499 3659 968 3718 commendarent.
1029 3658 1197 3729 Igitur
1255 3660 1397 3714 inter
1432 3660 1653 3732 primos

112 3746 363 3817 praecipuus
389 3760 442 3806 ct
465 3750 856 3807 devotissimus
883 3758 1096 3805 amator
1112 3750 1257 3813 beati
1281 3750 1380 3805 viri
1405 3750 1653 3808 visitator

113 3934 199 3987 tino
210 3930 469 4000 procerum
496 3936 790 4000 conventu,
817 3943 846 3982 a
871 3926 1047 4000 llutba
1057 3928 1153 3983 rdo
1171 3926 1484 3998 Moguntino
1505 3928 1650 4000 epis-

114 4003 218 4061 eopo
235 3996 498 4069 ordinatus
522 3998 625 4054 est:
651 3999 827 4069 Unum
844 3998 891 4052 ei
918 4006 1124 4052 tantum
1146 3996 1342 4053 annum
1365 4009 1420 4053 et
1445 3996 1651 4069 aliquot

114 4066 588 4141 ιιιωιεςέτόςῐιήἰιῖῑς
619 4068 763 4141 idem
788 4066 1127 4141 Trith‘e'tnius'
1147 4069 1351 4141 tribuit,
1389 4070 1479 4124 alii
1530 4066 1649 4141 plu-

117 4143 198 4209 res.
238 4133 589 4209 Post'obitum
638 4140 691 4193 in
726 4140 1112 4195 monasterium
1162 4133 1460 4209 llirsaugiaz
1506 4133 1649 4197 rela-

115 4206 441 4328 tilxggiicpultus
469 4219 562 4269 est
606 4219 734 4268 ante
774 4209 951 4282 majus
997 4209 1170 4266 altare
1201 4206 1532 4283 principalis
1560 4228 1653 4268 ec-

1764 3275 1811 3330 si
1847 3277 1975 3346 quid
2008 3275 2119 3330 Deo
2144 3275 2400 3345 placitum
2433 3274 2553 3337 feci,
2581 3275 2682 3346 ipsi
2709 3276 2827 3328 sine
2849 3289 2956 3343 quo
2984 3274 3059 3328 nil
3087 3271 3344 3336 validum,

1764 3368 1838 3423 nil
1865 3377 2145 3433 sanctum,
2184 3368 2309 3436 ipsi,
2337 3368 2580 3435 inquam,
2616 3382 2645 3420 a
2679 3374 2795 3437 quo
2816 3366 2955 3419 bona
2992 3372 3186 3421 cuncta
3223 3378 3348 3433 pro-

1764 3458 1962 3513 cedunt
2010 3458 2079 3511 sit
2115 3473 2212 3526 pro
2259 3456 2343 3511 bis
2391 3464 2445 3509 et
2496 3455 2764 3509 universis
2803 3452 3241 3507 miserationibus
3292 3459 3347 3505 et

1761 3546 2039 3603 beneliciis
2069 3547 2182 3603 suis
2212 3546 2351 3610 laus,
2383 3545 2579 3608 honor,
2617 3550 2675 3598 et
2708 3544 3018 3597 oumiinoda"
3046 3540 3352 3612 gratiarutﬂ'

1761 3641 1905 3711 actio
1939 3655 2035 3711 per
2059 3639 2238 3694 omnia
2268 3637 2462 3709 srecula
2490 3636 2838 3715 saeculorum.
2869 3637 3061 3690 Amen.
3102 3653 3119 3687 ι

1829 3928 1940 4000 (l6)
1982 3928 2134 3986 llunc
2170 3928 2475 4000 Steugelius
2517 3934 2668 4000 putat
2697 3925 2992 4000 Eppouenr
3024 3922 3214 4000 fuisse,
3247 3920 3341 3990 qui

1757 3992 2059 4064 Dit‘lunaro,
2108 3992 2251 4057 anno
2284 3992 2420 4054 [085
2450 3992 2723 4057 defuncto.
2743 3992 3039 4050 successit.
3070 3996 3145 4048 At-
3181 3992 3342 4064 Druso

1756 4070 1915 4143 chius
1938 4062 2227 4143 Dithmari‘
2256 4072 2485 4126 ’obitunr
2524 4066 3008 4143 acl-l'ltltl-refert-
3046 4062 3341 4143 post'duos‘

1755 4141 2037 4211 regiminis
2086 4157 2292 4206 anuos;
2332 4143 2517 4209 sicque
2560 4140 2789 4211 antistes
2820 4132 3247 4211 Wet-matiens‘is’
3270 4132 3338 4184 de

1740 4202 1863 4336 an?)
1891 4212 1978 4336 lnge
2006 4213 2203 4282 agitur,
2222 4202 2543 4266 Adelbertus
2569 4206 2831 4263 Ditlnnari
2853 4218 3151 4275 praecessor
3176 4202 3341 4254 fuisse

1793 4297 1911 4336 tceu
1955 4298 2017 4336 us
2045 4291 2147 4336 est.

1793 4280 2017 4337 iceudus
2045 4280 2147 4336 est.

1161 4592 1587 4653 EPI'I‘APHIUM
1626 4593 1872 4650 SANCTI
1917 4592 2269 4650 WILHELMI

467 4728 736 4821 Abbatis
782 4731 1158 4796 monasterii
1188 4732 1703 4814 Hirsaugiensis,
1739 4732 1909 4815 quod
1940 4732 2078 4813 ejus
2115 4730 2413 4813 sepulcro
2450 4747 2809 4812 appensum
2853 4733 2970 4792 est.

120 4914 278 5021 {belli
303 4934 587 5006 scriptura,
619 4936 915 4994 Wilhclme
940 4938 1130 5006 Pater,
1157 4947 1247 4995 tua
1277 4940 1411 5006 vita,

121 5016 301 5098 punctis
318 5030 371 5077 ut
396 5026 698 5095 speculum,
728 5028 990 5098 prmlucet
1017 5030 1125 5085 vita
1151 5030 1442 5097 bonorum,

124 5094 347 5200 lite-nivis
370 5094 590 5183 doctus,
620 5094 869 5188 proprios
905 5120 1033 5176 hinc
1061 5121 1298 5192 corrigat
1330 5094 1513 5192 actus,

124 5188 229 5287 Quid
254 5199 318 5256 sit
340 5204 609 5286 vitandum
635 5209 978 5279 discernens,
1010 5188 1546 5287 quidve'gereudum.

124 5273 240 5369 liora
261 5292 463 5357 quidem
500 5282 705 5369 speculi
735 5300 912 5353 radiat
939 5273 1044 5369 pia-
1062 5284 1171 5355 vita
1201 5273 1348 5356 beati
1626 5286 1629 5289 Α

128 5364 269 5437 patris
296 5364 582 5457 Williehui,
606 5390 870 5444 virtutum
896 5364 1099 5446 lumine
1137 5391 1296 5447 clari.

129 5457 327 5554 l:lxsultet
351 5480 467 5536 talis
493 5482 732 5554 genitrix
763 5480 1013 5551 Bajoaria
1040 5484 1227 5554 prolis,

133 5548 285 5645 §uelia
312 5581 365 5623 se
395 5548 600 5628 tantum
629 5548 847 5630 lauetur
869 5548 1072 5630 habere
1095 5582 1405 5645 patronum.

132 5638 284 5736 {lurlca
308 5675 453 5728 queat
482 5666 710 5736 prolem,
743 5665 863 5722 tulit
882 5666 1030 5722 hunc
1063 5638 1346 5736 llirsaugia
1377 5664 1614 5733 Patrem,

137 5732 249 5811 F31.“
275 5762 354 5837 [th
380 5758 532 5829 talem
565 5768 834 5831 pastorem
864 5758 1226 5831 spiritualem,

1685 4923 1730 4979 Ῑ)
1757 4936 1972 4992 Patrem
2006 4936 2302 4991 multorum
2332 4951 2429 5007 per
2456 4934 2758 4991 doctrinam
2798 4934 3125 5005 genitorum.

1760 5027 1998 5083 Moribus
2025 5028 2276 5099 egregius
2314 5025 2434 5101 fuit,
2462 5035 2517 5097 et
2538 5026 2830 5081 virtutibus
2860 5024 3059 5089 almus,

1760 5116 2063 5175 Perfectam
2093 5120 2304 5191 plebem
2340 5119 2565 5174 Domino
2587 5117 2820 5173 sacravit
2845 5125 2901 5171 et
2929 5114 3138 5180 aedem;

1763 5213 1947 5277 Vobis.
1986 5213 2195 5278 Aureli,
2229 5210 2410 5279 Petre,
2437 5210 2621 5278 Paule,
2651 5220 2833 5279 patres
2860 5206 3179 5274 venerandi,

1761 5303 1987 5369 Cellam,
2020 5302 2267 5375 Grcgori,
2302 5304 2395 5357 tibi
2426 5302 2679 5365 fundens,
2704 5309 2865 5369 atque
2891 5297 3110 5369 Georgi,

1760 5392 2031 5464 Pluraque
2054 5407 2368 5451 sanctorum
2402 5392 2517 5447 loca
2557 5392 2851 5461 disponens
2878 5389 3132 5453 aliorum,

1761 5482 2045 5539 Struxitet
2068 5484 2346 5548 instruxit,
2382 5483 2509 5552 quia
2544 5490 2692 5535 recto
2718 5482 2935 5534 tramite
2958 5478 3130 5542 duxit,

1757 5574 2066 5644 Collapsam
2094 5575 2295 5629 dudum
2326 5576 2494 5629 vitam
2526 5587 2789 5643 reparans
2829 5572 3243 5627 monachorum.

1760 5666 2055 5734 Quadruvii
2083 5668 2291 5739 priscos
2320 5664 2656 5721 transcendit
2685 5664 2736 5719 iu
2780 5674 2898 5721 arte
2927 5664 3239 5737 magistros,

1761 5758 2023 5817 nantibus
2044 5773 2287 5815 errorem
2320 5757 2529 5814 varium
2549 5756 2790 5814 correxit
2816 5754 2885 5813 ad
2909 5766 3108 5825 artem.
3162 5825 3164 5828 ν
