3890 6314
98 370 178 428 929

101 592 116 625 ι
148 568 250 625 nioli
275 564 510 622 acumine
540 560 772 633 perspici
805 564 1003 630 potest,
1027 564 1085 611 et
1112 556 1222 610 Deo
1250 552 1622 624 acccptabilis,

102 670 192 715 tet
233 656 453 714 omnium
500 669 632 710 sane
686 650 1009 723 sapientium
1056 646 1345 702 admiratio
1387 644 1621 699 videtur.

100 773 115 806 t
148 752 233 808 Sed
255 751 293 806 si
313 750 480 804 adlmc
503 745 789 817 gloriosior
810 751 975 807 esset,
1007 752 1064 797 et
1098 739 1429 811 apostolicis,
1464 747 1523 790 ut
1550 738 1621 790 ita

101 864 113 894 t
148 845 311 906 dicam,
360 840 524 908 signis
547 847 601 892 et
640 834 933 889 virtutibus
970 834 1241 888 illustrata
1272 830 1622 893 claresceret,

100 935 213 989 this
263 942 451 994 tamen,
510 929 600 1000 qui
657 927 869 983 sincere
940 924 1291 981 monasticam
1342 929 1623 978 sectantur

98 1047 112 1079 t
149 1024 511 1096 perfectionem,
544 1036 649 1075 non
676 1021 810 1075 adeo
839 1027 990 1091 grata
1013 1025 1341 1087 acceptaque
1362 1014 1487 1075 erit,
1518 1010 1620 1067 nisi

86 1139 114 1169 't
148 1116 244 1171 aliis
265 1111 852 1186 regulariterinstitutis
878 1108 1225 1165 monasteriis
1266 1107 1317 1161 in
1351 1105 1537 1160 habitu
1563 1111 1619 1159 et
1703 1128 1709 1137 ε

1706 1188 1986 1259 suscipite
2010 1190 2233 1258 parvula
2260 1190 2503 1260 quidem,
2521 1191 2613 1246 sed
2639 1191 2808 1246 mttlto
2838 1193 3309 1257 laborecxsudata

98 1200 111 1261 ι
149 1219 333 1262 tonsura
351 1205 562 1262 czeteris
589 1202 1071 1260 consuetudinibus
1093 1199 1391 1257 assitnilata
1429 1196 1613 1250 fuerit.

96 1317 110 1349 t
142 1298 227 1353 Sed
250 1298 380 1352 inter
415 1295 597 1351 omnia
625 1292 916 1363 Cisalpinae
969 1290 1155 1345 Gallire
1202 1287 1551 1351 monasteria,
1575 1285 1620 1340 si

95 1400 342 1444 «nostram
394 1387 670 1458 requiritis
718 1384 1066 1448 sententiam,
1108 1382 1465 1438 Cluniacense
1510 1396 1621 1436 cm-

94 1502 108 1533 ι
142 1482 325 1537 nobium
368 1480 707 1550 potissimum
735 1478 889 1532 vobis
924 1477 1126 1531 suadeo
1151 1475 1490 1545 eligenthnn;
1526 1473 1615 1527 ttbi

94 1591 108 1622 ι
141 1582 182 1626 et
208 1570 701 1641 perfectissimorum
747 1568 1136 1624 monachorum
1183 1565 1528 1627 auctoritate,
1564 1571 1620 1618 et

86 1681 108 1714 νι
144 1664 359 1733 temporis
405 1662 730 1732 antiquitate
764 1660 1067 1715 monastica
1101 1673 1166 1713 eo
1189 1658 1397 1712 roboris
1428 1666 1479 1712 et
1506 1657 1618 1728 glo-

93 1775 106 1803 ι
143 1756 215 1808 τίω
240 1754 463 1810 excrevit
520 1752 731 1823 religio,
777 1760 837 1806 ut
864 1752 906 1806 si
953 1765 1058 1820 qua
1090 1749 1265 1805 adhuc
1310 1750 1617 1805 sanctitatis

1132 345 1544 405 CONSTITUT.
1582 342 1907 401 illllSAUG.
1928 373 2001 386 —-
2025 341 2151 401 LIB.
2172 342 2214 401 l.

102 501 118 536 t
147 480 330 542 Vestra,
361 474 549 545 inquit,
578 468 941 532 conversatio,
976 473 1239 534 quantum
1272 464 1442 518 nostri
1475 462 1623 532 inge—
1653 464 1698 524 Α
1731 457 1925 514 fratres
1961 458 2293 518 charissinti.
2345 454 2625 515 ié’vcrendi
2657 459 2845 517 Patres
2875 474 2938 517 ac
2979 461 3209 528 domini,
3256 473 3312 520 et

3208 347 3314 407 930

1730 551 2143 622 quibuscunque
2175 552 2311 605 inest
2339 567 2492 605 amor
2519 562 2572 606 et
2621 552 2857 609 studium
2892 548 3186 611 secundum
3217 574 3311 614 vos

1729 642 1961 709 institui,
1987 643 2104 697 lucc
2140 643 2478 697 observando
2530 645 2695 698 vitam
2727 655 2988 701 aeternam
3012 651 3311 718 promereri

1726 733 1955 787 valeatis
1981 751 1994 785 :
2023 733 2263 802 dumque
2307 747 2405 788 vos
2438 744 2626 790 nostro
2657 734 2839 791 labore
2869 738 2935 793 ad
2960 738 3099 795 bene
3127 740 3312 795 viven-

1700 824 1852 879 ‘dum
1878 822 2118 893 adjuvari
2146 824 2391 895 gaudetis
2410 867 2424 888 ,
2474 842 2575 882 nos
2600 842 2815 899 quoque
2851 830 2918 884 ad
2947 834 3163 900 semper
3191 848 3311 887 cum

1706 914 1944 971 Christo
1973 917 2129 971 beate
2163 915 2473 985 vivendum,
2519 921 2718 975 vestris
2752 921 3097 978 orationibus
3151 923 3309 994 adju-

1700 1008 1882 1061 tvetis.

1796 1096 1966 1151 flilari
1997 1112 2129 1169 ergo
2168 1097 2374 1163 animo,
2423 1106 2476 1153 et
2510 1098 2683 1154 obviis
2712 1100 3035 1171 (utdicitur)
3063 1102 3311 1169 manilius

1723 1279 1900 1335 Patris
1943 1282 2113 1338 nostri
2163 1282 2345 1345 xenia,
2395 1290 2449 1337 et
2485 1283 2553 1337 ad
2602 1294 2923 1353 perpetuum
2975 1291 3137 1355 pat’tto
3197 1292 3311 1354 post

1710 1372 1973 1427 imorituri
2003 1374 2151 1429 senis
2180 1374 2523 1440 memoriam,
2554 1374 2980 1445 amplectimini;
3004 1384 3218 1431 servate
3248 1386 3304 1431 et

1712 1459 2030 1528 observate,
2074 1473 2238 1534 atque
2288 1464 2340 1518 in
2402 1464 2607 1519 intimis
2664 1465 2909 1535 reponite
2939 1465 3223 1530 sensibus;
3256 1477 3309 1520 ttt

1709 1570 1888 1625 quam
1908 1555 2125 1612 sincero
2153 1572 2339 1612 amore
2364 1556 2637 1612 viventem
2684 1558 3007 1625 dilexeritis,
3040 1559 3093 1613 in
3119 1560 3311 1614 herum

1718 1645 2100 1702 observatione
2149 1647 2454 1703 innotescat
2503 1649 2757 1702 omnibus
2820 1664 2920 1718 per
2957 1648 3308 1705 succcdentia

1716 1743 1970 1805 tempora
1995 1735 2216 1791 futuris.
2246 1736 2399 1792 llinc.
2416 1736 2579 1791 etiam
2610 1737 2761 1807 operi
2784 1739 3067 1809 proposito
3090 1753 3308 1795 manum

92 1863 105 1895 t
140 1845 324 1917 vestigia
354 1845 405 1900 in
426 1844 548 1901 aliis
568 1844 849 1900 videretur
869 1841 1239 1907 monasteriis,
1269 1856 1372 1894 non
1393 1840 1616 1897 dubium
1654 1838 1693 1893 Β
1716 1826 2077 1897 applicant“.
2099 1841 2396 1899 congruum
2417 1826 2747 1883 arbitramur
2770 1845 2798 1882 a
2828 1828 3156 1884 novitiornm
3183 1843 3308 1883 sns-

92 1956 105 1986 ι
138 1940 193 1993 sit
230 1953 288 1994 ex
333 1940 451 2003 hoc,
480 1936 638 2007 quasi
671 1951 741 1992 ex
788 1935 912 1991 vivo
949 1936 1183 2005 quodam
1214 1943 1268 1988 et
1297 1934 1642 1989 inexhausto'

90 2048 105 2080 ι
140 2030 274 2097 fonte,
320 2029 553 2101 singulos
579 2042 865 2085 emanasse
915 2027 1137 2082 rivulos.
1189 2044 1207 2078 ι
1260 2026 1394 2079 Dum
1427 2026 1533 2091 his,
1563 2036 1618 2080 et

88 2125 333 2193 hnjnsmodi
364 2126 578 2183 tuotivis
608 2128 692 2182 vir
728 2127 1037 2198 prmdictus,
1089 2132 1147 2177 ut
1186 2123 1290 2179 dici
1322 2123 1477 2189 solet,
1515 2124 1615 2178 sti-

87 2218 222 2274 mulos
244 2222 574 2277 currentibus
595 2221 913 2287 addidisset,
952 2229 1172 2290 peracta
1201 2217 1469 2289 legatione
1515 2232 1614 2287 pro

87 2327 163 2379 qua
191 2323 404 2377 venerat,
430 2314 613 2379 rediit,
635 2313 758 2370 etin
784 2312 1059 2370 redeundo
1086 2311 1405 2368 Cluniacum
1439 2319 1614 2366 trans-

87 2399 190 2467 iens,
227 2402 311 2472 ipsi
353 2402 492 2458 Patri
524 2404 842 2459 monasterii
891 2417 991 2459 nos
1021 2402 1211 2457 intime
1264 2402 1613 2456 commenda-

85 2493 221 2557 vit,et
244 2494 300 2547 ad
326 2496 608 2564 pristinum
636 2497 704 2568 (si
736 2496 865 2567 quid
916 2494 1226 2567 hujusmodi
1257 2495 1324 2549 ab
1356 2509 1422 2549 eo
1456 2501 1608 2565 petes

86 2588 240 2655 reatus)
264 2588 386 2642 satis
418 2588 740 2643 benevolum
770 2588 1024 2643 reddidit.

133 2674 254 2730 Circa
299 2678 428 2732 idem
496 2692 713 2750 tempus
780 2678 1070 2735 Udalricns
1141 2677 1326 2734 senior
1387 2677 1606 2749 quidam

86 2766 393 2829 Cluniacensis
416 2783 549 2828 nutu
582 2771 699 2839 Dei,
724 2786 824 2843 pro
848 2786 1012 2827 causa
1037 2771 1350 2835 monasterii
1386 2770 1438 2826 in
1485 2770 1609 2825 Ale-

86 2864 297 2917 muniam
330 2867 540 2935 missus,
588 2866 901 2937 aliquandiu
943 2865 1223 2921 nobiscum
1286 2862 1524 2918 mansit:
1555 2871 1609 2918 et

84 2954 173 3019 quia
207 2957 341 3013 nobis
368 2958 493 3014 olim
522 2970 647 3015 erat
676 2958 1158 3023 familiarissimus,
1194 2955 1462 3027 longaque
1492 2955 1604 3025 jam

82 3046 350 3113 experientia
370 3049 430 3105 .iu
455 3049 911 3107 Cluniacensibns
934 3048 1237 3117 disciplinis
1250 3048 1601 3114 exercitatus,

83 3138 328 3203 rogavimus
353 3156 471 3196 eum
526 3150 590 3196 ut
629 3156 758 3197 suas
811 3141 968 3196 nobis
995 3140 1415 3195 consuetudines
1457 3147 1605 3193 tran-

82 3226 303 3285 scriheret.
319 3230 542 3299 Annuit,
573 3231 882 3304 spopondit,
906 3239 984 3297 et,
1013 3240 1072 3286 ut
1092 3232 1443 3302 promiserat,
1467 3232 1603 3287 duos

81 3315 127 3367 de
153 3320 387 3384 praedictis
410 3324 898 3380 consuetudinibus
921 3322 1134 3378 libellos
1165 3323 1323 3377 nobis
1365 3322 1607 3377 conscri-

80 3408 170 3474 Psit.
193 3410 360 3471 Postea
405 3417 819 3473 considerantes
861 3415 914 3470 in
962 3415 1167 3470 eisdem
1200 3414 1396 3469 libellis
1440 3412 1613 3467 ntulta-

79 3500 221 3561 deesse
266 3508 328 3563 ad
392 3511 696 3581 plenariam
766 3510 1082 3565 earumdem
1158 3507 1612 3563 consuetudinum

79 3595 303 3656 scientiam
330 3604 743 3676 capessendam,
770 3603 949 3673 primo
979 3604 1114 3658 duos
1156 3616 1221 3656 ex
1264 3600 1466 3655 nostris
1493 3598 1614 3652 fra-‘

79 3689 227 3757 tribus,
262 3706 413 3766 atque
436 3698 636 3754 iterum
686 3697 825 3753 alios
866 3698 1025 3762 duos,
1062 3696 1225 3752 tertio
1256 3693 1605 3749 nihilominus

78 3780 177 3836 duos
197 3782 488 3845 Cluniacum
520 3789 823 3845 direximus
858 3806 872 3842 :
911 3789 1003 3859 qui
1058 3799 1165 3842 tatu
1193 3786 1440 3857 diligenti
1469 3800 1609 3840 εχει--

77 3872 315 3935 minatione
335 3882 511 3936 omnia
558 3880 703 3936 illius
729 3880 948 3936 Ordinis
978 3874 1192 3934 secreta
1236 3878 1420 3932 rit'nati
1454 3886 1603 3943 sunt,

78 3974 118 4017 Ill
137 3968 215 4037 ipsi
241 3986 415 4028 eorum
462 3973 734 4044 magistri,
786 3972 840 4029 in
869 3986 1099 4043 quorum
1153 3970 1423 4026 audientia
1470 3970 1607 4026 scri-

76 4067 163 4124 Ρίιε
205 4068 604 4123 consuetudines
649 4065 980 4130 recitabant,
1061 4062 1418 4129 afﬁrmarent,
1466 4077 1611 4117 nun-

74 4161 197 4215 (l'lam
248 4156 448 4229 aliquos
506 4158 652 4215 illius
688 4155 992 4229 spiritualis
1036 4154 1237 4211 schola:
1287 4151 1601 4225 discipulos,

74 4243 137 4296 vel
181 4246 389 4316 plenius,
447 4252 533 4308 vel
577 4251 830 4307 veracitts
872 4264 986 4306 sua:
1033 4246 1392 4303 institutionis
1430 4254 1602 4301 artem

75 4342 507 4406 comprehendisse.
561 4344 672 4400 Illis
719 4344 936 4398 tandem
972 4339 1350 4405 redeuntibus,
1404 4346 1459 4394 et
1495 4347 1603 4392 tam

75 4424 284 4487 frnctnosi
309 4438 485 4505 operis
539 4434 843 4505 manipulos
871 4449 995 4489 cum
1048 4431 1244 4503 gaudio
1271 4429 1603 4501 reportanti-

74 4512 162 4577 bus,
190 4527 478 4595 accepimus
522 4541 622 4597 per
652 4542 750 4595 eos
797 4525 1114 4580 mandatum
1146 4538 1177 4577 a
1222 4521 1452 4576 Domino
1485 4519 1600 4574 llu-

1720 1918 1971 1991 ceptione
2009 1961 2026 1988 ,
2082 1935 2383 1991 eorumque
2459 1923 2801 1979 institutione
2874 1922 3118 1979 omnium
3188 1937 3307 1992 quae

1712 2006 1950 2064 dicenda
1976 2018 2099 2067 sunt
2121 2010 2404 2079 exordium
2428 2012 2629 2067 facere.
3286 2056 3295 2066 .
3335 1993 3347 2003 ’

2308 2152 2314 2159 ε
2361 2123 2591 2180 CAPUT
2626 2124 2667 2179 1.

2124 2233 2200 2287 De
2231 2234 2535 2289 diversitate
2561 2235 2892 2289 novitiorum.
3094 2244 3095 2247 ‘
3282 2306 3285 2309 _

1716 2318 1721 2343 β
1787 2342 1877 2382 uo.
1917 2326 2086 2398 Igitur
2124 2327 2304 2396 aliqua
2348 2328 2638 2383 diversitas
2676 2337 2760 2382 est
2798 2328 3112 2383 eorutudent
3158 2328 3311 2385 novi-

1717 2417 1914 2473 tiorum
1949 2437 1963 2472 :
1998 2435 2120 2472 nam
2155 2434 2259 2472 non
2287 2417 2461 2473 solum
2498 2419 2701 2488 absque
2745 2418 2929 2501 habitu
2960 2418 3212 2483 veniunt,
3253 2429 3312 2475 ttt

1714 2510 1836 2567 laici
1869 2520 1925 2567 et
1951 2512 2170 2577 clerici,
2200 2512 2295 2566 sed
2323 2511 2487 2566 etiam
2536 2524 2659 2565 cum
2714 2511 2903 2567 habitu
2955 2521 3008 2565 et
3052 2512 3306 2567 monachi

1704 2600 1818 2685 jam
1851 2603 1999 2658 facti.
2022 2604 2087 2657 Et
2113 2602 2248 2657 tales
2270 2601 2539 2657 trifariam
2566 2610 2695 2658 sunt
2718 2602 3052 2658 differentes.
3079 2603 3307 2669 Quidam

1712 2702 1842 2749 sunt
1866 2695 1932 2749 de
1961 2693 2269 2765 longinquis
2290 2701 2344 2748 et
2367 2692 2564 2749 alienis
2595 2694 2975 2759 monasteriis,
3006 2701 3061 2748 et
3093 2694 3160 2747 ad
3208 2694 3312 2747 ltoc

1713 2785 1972 2851 veniunt,
2038 2794 2095 2839 ut
2162 2800 2355 2840 rursus
2416 2784 2804 2854 profiteantur,
2872 2794 2925 2841 et
2983 2787 3050 2851 de
3107 2772 3308 2841 caetero

1714 2886 1970 2932 maneant
1999 2878 2303 2932 nobiscum.
2350 2876 2578 2943 Quidam
2610 2886 2736 2932 sunt
2781 2877 2847 2932 de
2889 2876 3041 2933 cellis
3071 2860 3272 2932 nostris
3292 2918 3309 2943 ,

1709 2976 1764 3021 et
1795 2968 1876 3022 vel
1922 2984 2020 3038 pro
2064 2968 2380 3022 infirmitate
2418 2966 2499 3021 vel
2544 2967 2647 3023 loci
2698 2957 3089 3039 longinquitate
3140 2969 3310 3023 bene-

1710 3058 2001 3114 dictionem
2042 3058 2153 3129 jam
2205 3074 2234 3113 a
2288 3062 2487 3114 domno
2530 3058 2725 3116 abbate
2772 3044 3139 3131 acceperunt,
3181 3064 3309 3129 pro;

1712 3152 1949 3210 fessione
1985 3153 2097 3223 jam
2147 3154 2355 3221 dilata,
2392 3165 2451 3209 et
2497 3153 2565 3208 ad
2613 3151 2792 3209 locum
2845 3158 3088 3208 nostrum
3134 3158 3308 3223 usque

1716 3234 2015 3301 reservata.
2066 3245 2316 3315 Alioquin
2365 3246 2600 3301 novilius
2651 3246 2938 3317 in'aliqua
2985 3246 3303 3301 earumdem

1714 3337 1976 3393 cellarum
2002 3349 2309 3408 susceptus,
2336 3356 2440 3394 non
2465 3349 2547 3393 est
2572 3339 2644 3394 ibi
2668 3341 2959 3395 monacltili
2989 3339 3307 3395 indumento

1713 3427 1817 3483 nisi
1849 3443 1945 3499 per
1970 3428 2242 3483 licentiam
2271 3429 2585 3485 vestiendus
2605 3430 2742 3493 ,'sed
2782 3431 3073 3502 assumptis
3111 3445 3297 3502 secum

1709 3490 1908 3589 quibus
1959 3518 2215 3572 induatur
2262 3520 2328 3573 ad
2373 3490 2746 3589 accipiendum
2797 3490 3041 3573 habitum
3087 3490 3154 3571 ad
3206 3533 3306 3573 nos

1710 3620 1883 3680 usque
1929 3610 2272 3681 perducitur;
2332 3609 2573 3674 caeteris,
2630 3624 2753 3679 qua:
2817 3624 3002 3664 secum
3074 3609 3305 3663 Domino

1706 3702 1902 3757 obtulit
1930 3701 2184 3757 omnibus
2215 3702 2356 3767 illic,
2388 3702 2479 3757 ubi
2512 3711 2796 3771 susceptus
2825 3713 2940 3765 est,
2972 3704 3303 3771 permanen-

1710 3793 1875 3847 tibns.
1909 3792 2016 3847 Sed
2046 3802 2330 3862 postquam
2358 3792 2425 3848 de
2452 3792 2642 3847 ordine
2661 3802 2848 3848 nostro
2869 3791 3305 3863 instructns(l7)

1710 3886 2147 3942 benedictionem
2192 3886 2501 3957 acceperit,
2553 3885 2619 3940 ad
2676 3885 2854 3942 locum
2911 3885 2998 3940 ttbi
3024 3885 3174 3957 prius
3218 3895 3304 3939 est

1707 3973 1993 4048 susceptus
2032 3978 2103 4047 (si
2145 3978 2347 4034 domno
2378 3976 2559 4033 abbati
2592 3978 2769 4032 visum
2818 3976 3038 4048 fuerit),
3072 3976 3296 4031 redibit.

1707 4067 1857 4124 Solet
1905 4076 2085 4123 tamen
2130 4067 2365 4123 domnus
2415 4067 2586 4123 abbas
2619 4067 2725 4123 illis
2757 4068 3056 4137 prioribus,
3097 4067 3189 4137 qui
3240 4067 3292 4120 in

1705 4160 2089 4216 remotissimis
2116 4158 2252 4216 loeis
2280 4169 2583 4225 morantur,
2631 4159 2969 4223 concedere,
3022 4164 3303 4227 susceptos

1707 4249 1944 4305 novitios
1965 4264 2071 4304 non
2094 4248 2267 4303 solum
2299 4250 2606 4304 monastico
2633 4249 2951 4303 indumento
2981 4249 3048 4302 ibi
3081 4250 3300 4313 vest're,

1706 4342 1800 4397 sed
1827 4341 1990 4395 etiam
2008 4381 2024 4402 ,
2056 4340 2099 4395 si
2127 4349 2232 4394 tam
2260 4341 2443 4409 gravis
2472 4340 2760 4394 infirmitas
2784 4341 2975 4393 mortis
2998 4340 3300 4408 periculum

1708 4433 1967 4497 mittatur,
2038 4432 2091 4485 in
2165 4431 2462 4486 monachos
2524 4445 2869 4485 consecrare.
2934 4430 3059 4485 llazc
3118 4441 3303 4485 autem

1707 4522 2015 4577 benedictio
2038 4522 2159 4592 quae
2183 4521 2256 4575 ita
2279 4522 2346 4576 ad
2372 4522 2802 4576 succurrendum
2825 4519 2937 4592 (l8)
2970 4521 3167 4591 agitur,
3194 4530 3302 4575 tant

73 4622 175 4673 Eone
198 4619 470 4674 venerabili
501 4579 944 4674 (Eluuiacensium
977 4615 1194 4681 abbate,
1246 4621 1305 4667 ut
1351 4628 1448 4667 sua
1476 4611 1600 4667 freti
1629 4579 1683 4642 Β
1707 4616 1826 4683 Itis,
1853 4614 1945 4686 qui
1997 4630 2165 4685 prope
2200 4630 2364 4685 quam
2396 4614 2488 4684 qni
2528 4612 2686 4685 longe
2728 4624 2889 4677 sunt,
2925 4615 3200 4686 prioribus
3234 4616 3304 4669 alt

73 4707 356 4775 auctoritate,
375 4710 676 4765 eoadunato
707 4709 982 4764 seniorum
1014 4713 1323 4761 nostrorum
1350 4702 1600 4769 consilio,

72 4803 192 4855 Ρτοιιι
216 4797 315 4865 ipsa
350 4801 592 4856 declarat
634 4800 798 4865 ratio,
827 4797 1123 4854 secundum
1153 4810 1360 4852 morem
1389 4795 1600 4865 patriae,

72 4878 146 4935 loti
167 4887 330 4952 situnt,
360 4900 411 4947 et
434 4892 576 4947 aeris
607 4890 947 4962 temperiem,
982 4890 1049 4946 de
1072 4890 1277 4945 eisdem
1318 4896 1605 4943 consuetu-

71 4969 256 5041 dinibus,
296 4981 337 5035 si
377 4983 507 5053 quid
551 4992 695 5038 esset
746 4982 1101 5053 superfluum,
1153 4982 1525 5045 demeremns;
1556 4977 1601 5034 si

72 5067 166 5131 quid
193 5074 509 5141 mutandum,
553 5084 937 5132 mutaremus:
986 5076 1030 5130 si
1092 5073 1225 5145 quid
1273 5074 1611 5137 addendum,

72 5154 356 5219 adderemus.
379 5165 530 5233 Quod
556 5168 736 5240 sagaci
762 5165 942 5221 studio
965 5164 1236 5220 communi
1267 5164 1601 5226 insistentes,

70 5258 107 5298 εί
133 5266 273 5317 Pauca
300 5262 534 5327 quaedam
564 5268 859 5324 mutantes,
909 5257 1081 5312 tnulto
1128 5264 1307 5311 autem
1344 5255 1600 5326 pauciora

72 5341 347 5414 recidentes,
395 5360 534 5408 totas
584 5351 704 5407 illas
731 5349 1147 5406 consuetudines
1195 5348 1246 5402 in
1275 5347 1409 5403 duos
1437 5346 1602 5401 libros

72 5431 290 5494 distinctis
316 5457 408 5512 per
431 5462 528 5502 sua
544 5446 777 5519 capitula
799 5444 1088 5501 sententiis
1119 5443 1461 5513 digessimus.
1488 5440 1603 5496 llae

73 5541 216 5590 autem
255 5539 557 5612 intentione,
599 5553 673 5601 et'
707 5544 809 5600 ltac
864 5541 1128 5598 mercedis
1156 5538 1603 5608 compensatione

76 5624 159 5675 laIII
203 5643 551 5703 sumptuosum
601 5652 737 5709 opus
789 5634 1217 5699 elaboravimus,
1276 5640 1335 5685 ut
1380 5639 1435 5684 et
1481 5645 1600 5695 vos,

79 5760 540 5891 po("ISBlrltenedictio
600 5772 710 5845 hic;
755 5787 857 5845 pro
907 5770 1246 5842 professione
1299 5766 1600 5825 mouastica

1704 4721 1772 4762 eo
1797 4706 2121 4760 conceditur
2165 4724 2177 4761 :
2206 4706 2251 4761 si
2303 4714 2482 4760 tamen
2514 4704 2615 4775 ipsi
2670 4714 2777 4758 tam
2805 4706 2987 4775 gravis
3016 4706 3306 4761 infirmitas

1704 4796 2136 4864 pmnuntiatur;
2168 4804 2223 4850 et
2251 4795 2334 4851 vel
2379 4811 2445 4851 ex
2474 4795 2653 4866 aliqua
2680 4797 2969 4851 occasione
2998 4798 3065 4851 ad
3097 4813 3301 4867 aegrum

1705 4891 1783 4947 ire
1819 4890 2133 4961 impeditur,
2163 4889 2249 4944 vel
2281 4890 2333 4944 itt
2374 4898 2619 4960 tempore
2652 4889 2779 4945 illuc
2822 4889 3013 4944 venire
3047 4905 3153 4944 non
3181 4904 3305 4957 spc-

1704 4991 1879 5037 ratur.
1930 4997 2021 5039 un.
2078 4981 2307 5049 Quidam
2361 4996 2466 5036 non
2529 4989 2656 5036 sunt
2710 4981 2778 5035 de
2840 4981 2929 5035 tali
2974 4979 3302 5035 monasterio

1705 5086 1897 5132 nostro
1920 5079 2096 5146 :quod
2121 5077 2329 5147 absque
2353 5077 2552 5132 domno
2573 5076 2771 5130 abbate
2793 5073 3073 5147 proprium
3100 5071 3297 5125 habent

1705 5167 1979 5222 abbatem.
2064 5167 2165 5223 Ubi
2237 5167 2339 5221 etsi
2415 5166 2847 5222 benedictionem
2919 5162 3185 5231 accipiant
3247 5166 3302 5213 et

1704 5259 2099 5331 professionem
2150 5259 2387 5324 faciant,
2433 5268 2611 5314 tamen
2641 5259 2910 5313 habentur
2938 5271 2968 5310 a
3004 5254 3157 5308 nobis
3203 5265 3302 5321 per

1704 5354 1885 5409 omnia
1941 5364 1996 5408 et
2045 5353 2098 5407 in
2150 5354 2259 5406 vita
2317 5361 2373 5407 et
2428 5360 2545 5421 post
2594 5352 2760 5405 vitam
2807 5364 2872 5404 ac
2921 5349 2965 5404 si
3007 5346 3148 5417 apud
3201 5360 3300 5401 nos

1705 5445 1989 5513 fecissent;
2020 5448 2293 5516 'excepto
2354 5444 2497 5516 quod
2563 5443 2666 5497 illa:
2716 5442 2936 5513 triginta
2987 5441 3162 5495 Missa:
3189 5454 3298 5517 non

1704 5547 2013 5593 cantantnr.
2047 5538 2187 5593 Sunt
2213 5538 2359 5592 enim
2399 5545 2453 5589 et
2482 5536 2586 5588 alia
2621 5535 2899 5589 nobiscum
2934 5532 3295 5597 monasteria,

1705 5646 1825 5702 qua:
1875 5633 2124 5701 quamvis
2168 5648 2275 5684 non
2331 5645 2430 5700 per
2481 5627 2740 5693 abbates,
2792 5625 2885 5681 sed
2937 5641 3043 5696 per.
3088 5624 3300 5695 priores

1775 5765 1886 5836 (l8)
1919 5764 2221 5820 Benedictio
2266 5764 2336 5817 ad
2399 5761 2846 5836 succurrendum,
2896 5769 2981 5836 est
3031 5760 3298 5836 professio

1706 5829 1939 5893 monast.
1970 5851 2088 5906 qua:
2120 5836 2354 5891 instante
2382 5835 2570 5890 mortis
2594 5833 2832 5904 periculo
2853 5829 3050 5888 emissa
3066 5829 3186 5886 fuit.

3168 5957 3195 6001 Vt
