3872 6306
454 4536 479 4549 ρ

531 389 660 490 .93!

553 601 736 657 valeat
778 598 1057 656 observari
1075 598 1225 657 prtio
1271 596 1556 669 regularis.
1578 597 1733 667 Ergo
1764 595 1892 661 isti,
1931 593 2024 664 qui
2053 607 2147 663 per

553 695 771 769 prium
844 700 1132 762 reguntur,
1196 700 1489 760 meum
1539 690 1687 759 apud
1737 704 1847 743 nos
1918 684 2144 769 professi

1631 351 1693 443 ε.
1722 382 2099 444 ουιιιειιιι
2140 378 2435 440 ΑΒΒΔΤΙΞ
2465 378 2792 438 musaeo.

557 514 834 578 regantur,
882 512 1047 563 tantae
1101 512 1283 560 tamen
1335 514 1462 559 sunt
1510 503 1811 567 facultatis,
1865 510 1924 557 ut
1969 501 2021 555 in
2062 499 2143 557 cis
2172 501 2221 561 Λ
2250 505 2377 551 tunc
2402 506 2533 553 sunt
2565 497 2618 552 in
2646 496 3007 565 monasterio,
3036 497 3143 554 illis
3189 507 3277 555 est
3302 498 3369 554 ad
3398 498 3691 559 collationem
3708 512 3758 562 ad
3858 496 3859 573 ξ

2224 587 2564 659 ,ιιιιιιιιιειιιιιιι
2605 587 2720 659 (21)
2766 598 2821 643 et
2868 588 3221 645 refectorium
3265 592 3526 660 superior,
3555 593 3601 647 in
3633 596 3759 651 choro
3858 602 3859 621 ³

2249 693 2496 750 quoque,
2538 680 2590 735 si
2635 691 2719 736 est
2740 680 3010 737 litteratus
3038 682 3188 756 (22);
3216 684 3302 739 sin
3334 694 3536 751 autem,
3573 688 3663 754 eis,
3688 693 3756 760 qui

555 765 777 854 iuerint,
800 796 857 843 et
877 784 953 840 illi
979 783 1073 855 qui
1101 783 1247 838 sicut
1277 782 1483 837 dictum
1505 781 1915 851 cst,‘proprinm
1944 765 2147 835 haben‘
2228 780 2377 835 sum
2402 771 2547 829 inter
2578 774 2810 831 novitios
2851 774 3140 830 illitterati.

555 881 843 945 abbatem,
898 891 1143 935 110.com
1202 874 1438 946 primum
1511 874 1578 927 ad
1653 888 1751 927 nos
1806 872 1920 927 sive
1980 883 2144 925 causa

553 979 860 1049 cbaritatis,
892 978 1009 1035 sive
1049 973 1278 1045 alicujus
1300 973 1502 1047 negotii
1530 973 1798 1039 venerint,
1823 972 2144 1028 lidueialiter

554 1083 610 1130 et
635 1073 839 1145 absque
887 1086 1037 1128 mora
1082 1069 1324 1133 intrant,
1349 1073 1405 1124 et
1433 1065 1730 1122 secundum
1784 1074 1995 1137 tempus
2032 1080 2142 1149 quo

554 1164 610 1222 in
641 1165 973 1222 monasterio
994 1160 1203 1234 praefati
1232 1168 1360 1216 sunt
1382 1158 1627 1231 recepti,
1651 1157 1733 1214 sic
1748 1157 1920 1214 etiam
1949 1156 2141 1214 ordine

551 1273 654 1316 suo
681 1272 787 1313 non
814 1255 1098 1312 carebunt.

551 1439 782 1512 amplius
832 1438 901 1494 ad
952 1450 1051 1493 nos
1102 1436 1366 1505 pertinet,
1414 1435 1518 1491 nisi
1546 1436 1692 1506 quod
1742 1449 1840 1506 per
1883 1435 2135 1503 abbatem

548 1537 750 1587 nostra:
773 1527 1247 1600 congregationis,
1294 1539 1353 1583 et
1391 1527 1575 1583 domui
1624 1528 1837 1583 abbatis
1865 1527 2135 1582 constitu-

551 1624 697 1680 tione
720 1629 1000 1693 reguntur.
1022 1616 1223 1672 ilorum
1251 1618 1501 1673 monachi
1526 1632 1650 1673 cum
1670 1617 1737 1672 ad
1760 1632 1860 1672 nos
1882 1616 2131 1682 veniunt,

541 1715 606 1771 in
634 1715 833 1779 choro,
858 1722 913 1769 et
943 1714 1141 1784 ubique
1170 1712 1223 1767 in
1252 1710 1489 1767 claustro
1511 1707 1664 1763 nobis
1696 1708 1996 1772 sociantur,
2029 1704 2132 1761 nisi

549 1807 604 1862 iu
636 1804 894 1877 capitulo.
926 1803 1055 1859 Illuc
1078 1803 1224 1859 enim
1256 1818 1363 1857 non
1407 1800 1805 1871 ingrediuntur,
1860 1798 1963 1854 nisi
2008 1812 2131 1852 cum

548 1995 730 2042 autem
751 1986 940 2042 ordine
970 1986 1072 2041 hoc
1092 1994 1305 2057 agatur,
1322 1984 1375 2038 iu
1402 1981 1640 2052 capitulo
1659 1980 1900 2050 ejusdem
1925 1980 2132 2062 abbatis

546 2078 856 2149 requiratur
886 2076 1002 2150 (lib.
1033 2092 1102 2143 ιι,
1133 2091 1185 2131 c.
1206 2076 1291 2148 2).
1328 2072 1539 2145 Reliqui
1579 2089 1768 2130 omnes
1809 2074 2134 2145 adgcouver-

544 2167 758 2222 sionem
808 2167 1089 2223 venientes
1142 2182 1249 2221 non
1300 2165 1685 2236 permittuntur
1737 2166 1972 2231 intrare,
2027 2163 2132 2220 nisi

543 2260 698 2332 prius
718 2258 874 2329 juxta
906 2261 1131 2316 verbum
1161 2259 1220 2314 S.
1258 2258 1574 2328 Benedicti,
1605 2258 1687 2314 vel
1726 2274 1889 2313 unam
1914 2268 2132 2315 noctem

544 2363 702 2408 extra
732 2336 1035 2413 clauStrum
1085 2338 1400 2418 morentur;
1439 2369 1529 2408 uo.
1562 2351 1771 2423 pedites
1812 2351 2029 2421 quidem
2076 2352 2131 2406 in

544 2445 1171 2519 Elecmosyuaria,'nisi
1210 2445 1320 2501 sint
1351 2445 1630 2507 monachi,
1662 2445 1745 2501 vel
1792 2446 2133 2501 honestiores

543 2535 764 2602 clerici;
815 2536 1031 2607 equites
1062 2536 1114 2590 iu
1168 2536 1521 2611 monasterio.
1569 2532 1671 2604 Qui
1703 2535 1865 2591 etiam
1912 2535 1964 2589 in
2000 2536 2130 2590 hora

543 2625 872 2698 receptionis
894 2642 1003 2682 sua:
1031 2626 1146 2681 sive
1172 2626 1224 2681 in
1249 2626 1694 2699 cleemosynaria,
1724 2626 1839 2679 sive
1870 2624 1921 2680 in
1950 2624 2133 2694 hospi-

542 2708 638 2789 tali
670 2728 971 2786 morentur,
998 2719 1067 2774 ab
1094 2718 1331 2775 Ostiario
1365 2719 1491 2775 inde
1543 2719 1597 2775 in
1643 2718 1936 2788 capitulum
1966 2719 2134 2773 dedu-

541 2823 758 2869 cuntur.
779 2813 834 2868 Si
848 2823 1051 2880 autem,
1071 2829 1196 2869 cum
1216 2813 1483 2878 venerint,
1501 2812 1711 2893 aliquas
1731 2812 1784 2866 in
1805 2796 2133 2893 monasterio

541 2895 632 2980 res
656 2891 963 2974 attulerint,
1018 2906 1221 2962 faciant
1254 2890 1551 2962 secundum
1601 2905 1842 2976 regulam
1869 2903 1929 2959 S.
1963 2890 2132 2961 Bene-

543 2999 672 3071 dicti
717 2999 1066 3055 donationem
1096 3012 1285 3053 earum
1319 2996 1435 3066 (lib.
1473 3011 1544 3062 ιι,
1588 3011 1639 3052 c.
1668 2995 1781 3066 56).
1823 2995 1941 3063 Quo
1989 2995 2131 3053 facto

541 3087 673 3159 ipsa:
702 3074 1008 3144 ablationes
1050 3094 1406 3157 assumuntur
1427 3086 1494 3141 ab
1524 3085 1621 3153 iis,
1650 3086 1715 3140 ad
1742 3101 1969 3156 quorum
1996 3087 2129 3142 obc-

541 3181 801 3236 dieutiam
833 3181 1127 3253 pertinent.
1159 3179 1239 3234 Ad
1281 3194 1509 3259 quorum
1532 3187 1722 3253 autem
1765 3178 2125 3235 obedientiam

539 3361 702 3419 Prius
730 3373 912 3418 autem
938 3378 1101 3432 quam
1128 3360 1451 3418 intraverint
1476 3359 1529 3415 iu
1557 3361 1827 3432 hospitum
1858 3362 2127 3418 auditorio

540 3450 610 3513 ab
633 3456 821 3512 eodem
866 3454 1102 3511 Osdario
1150 3454 1446 3512 instruendi
1476 3440 1636 3524 sunt,
1671 3453 2127 3526 quemadmodum

542 3553 1087 3627 faciantpetitionem
1111 3570 1286 3611 suam.
1324 3555 1563 3611 Primum
1607 3565 1667 3610 ut
1714 3557 1888 3612 sciant
1913 3557 2126 3612 veniam

540 3659 728 3718 petere
781 3661 933 3703 more
984 3656 1192 3714 nostro,
1235 3657 1294 3704 ut
1346 3648 1600 3720 prostrati
1643 3658 1699 3704 et
1751 3648 2063 3720 interrogati
2096 3666 2128 3706 a

540 3742 901 3815 prmsidente,
933 3742 1060 3813 quid
1089 3743 1297 3801 velint?
1330 3743 1529 3814 singuli
1558 3743 1779 3799 dicant:
1804 3742 1944 3798 Deus
1975 3745 2130 3798 mise-

543 3833 853 3901 ticordiam,
884 3844 930 3888 et
964 3844 1209 3901 vestram,
1230 3846 1554 3906 vestramque
1582 3836 1879 3890 societatem
1910 3835 2132 3893 libenter

542 3924 733 3978 habere
768 3923 1037 3995 volumus,
1080 3924 1163 3979 vel
1196 3924 1244 3981 si
1275 3941 1416 3981 unus
1459 3934 1544 3995 est
1586 3942 1600 3980 :
1643 3926 1822 3993 dicat,
1881 3925 2031 3980 Volo.
2062 3926 2132 3981 Et

541 4024 826 4086 postquam
858 4015 947 4072 ille
977 4016 1319 4095 responderit
1343 4034 1358 4071 :
1383 4016 1526 4072 Deus
1547 4017 1632 4073 det
1661 4017 1802 4075 vobis
1828 4018 2128 4079 societatem

542 4109 777 4178 ﬁdelium
815 4126 1031 4164 suorum
1049 4150 1065 4177 ,
1088 4113 1110 4135 ⁹
1128 4118 1415 4180 surgentes
1448 4110 1669 4166 veniant
1696 4112 1762 4165 ad
1791 4111 1954 4182 pedes
1987 4110 2137 4181 ejus,

542 4202 643 4273 nisi
677 4202 789 4258 sint
833 4203 1116 4271 monachi;
1164 4203 1302 4260 alias
1344 4219 1375 4259 a
1420 4204 1619 4261 domno
1650 4206 1880 4270 abbate,
1913 4205 1995 4260 vel
2031 4220 2135 4276 pro

543 4297 859 4381 inﬁrmitate
888 4299 975 4355 vel
1015 4298 1117 4356 luci
1160 4299 1557 4371 longinquitate
1605 4300 1770 4366 (sicut
1812 4301 2127 4372 praedictum

542 4391 669 4459 est)
713 4390 1047 4459 consecrati,
1096 4392 1189 4463 qui
1238 4391 1420 4447 abbati
1474 4391 1608 4459 soli,
1663 4391 1708 4447 si
1752 4395 1942 4457 adest,
1975 4408 2129 4448 reve—

544 4478 777 4539 rentiam
806 4486 946 4539 hanc
966 4492 1095 4543 sunt
1120 4484 1409 4541 exhibituri
1426 4525 1441 4551 ,
1467 4494 1524 4541 et
1546 4496 1604 4542 ut
1632 4484 1906 4555 paululum
1952 4496 2127 4541 retro-

542 4576 832 4643 cedentes,
857 4576 1081 4631 honeste
1106 4591 1166 4633 se
1197 4576 1486 4643 inclinent,
1518 4586 1573 4633 et
1603 4577 1684 4630 sic
1723 4575 1788 4630 ad
1818 4574 2126 4646 analogiam
2161 4617 2207 4672 Β

545 4683 605 4724 se
635 4668 917 4740 recipiant.
947 4668 1075 4737 Quae
1099 4667 1471 4725 inclinationis
1515 4668 1601 4723 lex
1635 4669 1738 4733 ita,
1772 4676 1832 4722 ut
1869 4667 1958 4723 hic
1983 4669 2127 4723 dicta

546 4767 660 4825 est,
691 4760 944 4815 omnibus
966 4776 1290 4831 quacunque
1311 4760 1379 4817 de
1404 4776 1572 4823 causa
1615 4762 1681 4817 ad
1713 4762 1878 4832 pedes
1913 4761 2137 4827 veniens

546 4852 689 4908 tibus
719 4852 1050 4910 observanda
1074 4865 1183 4911 est;

615 4943 761 5010 (un.--
776 4940 928 5015 Var.)
955 4944 1012 5001 Si
1032 4946 1156 5017 quis
1183 4954 1290 5011 est,
1320 4952 1379 4999 ut
1408 4944 1669 5016 praefatus
1696 4960 1840 5008 sum,
1863 4943 1928 4999 de
1951 4942 2127 5012 aliqua

543 5034 676 5090 cella
709 5045 925 5104 nostra;
952 5036 1211 5094 fratribus
1239 5037 1291 5092 iu
1324 5036 1562 5107 capitulo
1587 5036 1902 5091 sedentibus
1933 5035 2131 5089 invita-

545 5136 651 5190 tur,
682 5137 763 5194 et,
798 5140 857 5183 ut
885 5130 1087 5185 dictum
1118 5138 1235 5193 est,
1266 5128 1411 5183 facta
1460 5128 1757 5199 petitione,
1799 5125 2022 5194 jubctur
2073 5133 2133 5180 ut

543 5217 764 5293 ultimus
803 5221 987 5277 sedeat
1034 5223 1177 5279 inter
1221 5223 1449 5285 fratres,
1474 5221 1566 5291 qui
1610 5220 1849 5276 nondum
1887 5219 2133 5274 fecerunt

541 5313 956 5383 professionem.
989 5314 1046 5372 Si
1078 5304 1265 5375 novitii
1315 5314 1482 5385 aliqui
1530 5331 1635 5371 non
1672 5314 1977 5370 consecrati
2016 5314 2128 5384 (9.0)

560 5548 579 5610 Ἀ
614 5536 724 5608 (l9)
749 5537 1111 5610 Congregatio
1136 5533 1573 5609 llirsaugieusis,
1609 5533 1674 5588 de
1700 5549 1806 5603 qua
1844 5536 1897 5587 in
1935 5532 2133 5604 prcha-

547 5608 691 5663 tiutie
717 5608 948 5677 egimus.

614 5679 724 5750 ('30)
757 5675 1065 5734 Cousecmri
1109 5688 1154 5732 et
1204 5678 1435 5733 benedici
1480 5676 1796 5730 dicebantur
1849 5675 2029 5731 novitii
2078 5676 2128 5727 in

544 5749 922 5809 monasteriis,
991 5766 1114 5806 cum
1180 5751 1392 5820 expleto
1458 5749 1763 5817 uov‘itiatus‘
1806 5764 1948 5801 anno
2006 5758 2128 5799 vota

544 5823 888 5876 emittebant.

616 5893 728 5961 (9.))
762 5891 1070 5947 Mandatum
1098 5904 1179 5947 est
1215 5892 1345 5947 lotio
1375 5892 1591 5963 polum,
1620 5891 1687 5945 ad
1718 5907 1877 5963 quam
1908 5888 2122 5944 canitur

2874 864 3103 923 CAPUT
3141 865 3205 922 ΙΙ.

2399 956 2476 1011 De
2505 955 2761 1011 monacho
2794 957 2884 1029 qui
2905 957 2970 1013 de
2999 958 3172 1013 alieno
3198 959 3515 1013 monasterio
3542 963 3669 1017 venit.

2318 1045 2464 1115 'Qui
2511 1048 2577 1103 de
2618 1050 2951 1106 monasterio
2992 1048 3175 1107 alieno
3219 1050 3585 1121 mscipiendus
3625 1057 3759 1123 venit,

2242 1140 2493 1201 similiter
2523 1142 2666 1200 facta
2696 1146 2989 1217 petitione,
3024 1146 3697 1221 postquamintermgatus,
3724 1154 3759 1208 si
3858 1156 3859 1199 i

2238 1236 2636 1292 consuetudine
2681 1237 2891 1293 ordinis
2934 1237 3109 1294 nostri
3159 1247 3452 1295 contentus
3494 1255 3607 1296 esse
3642 1244 3761 1309 velit;
3858 1284 3859 1289 η

620 1350 804 1405 ⁸-8ιιιιι
831 1346 1008 1401 adlutc
1033 1346 1137 1399 alia
1161 1342 1489 1401 monasteria
1508 1341 1644 1415 (l9),
1684 1342 1752 1398 de
1778 1341 1975 1413 quibus
2000 1341 2132 1399 nihil

2240 1325 2554 1393 promiserit
2601 1340 2661 1383 se
2703 1342 2804 1398 per
2845 1327 3027 1384 omnia
3060 1343 3231 1398 usque
3282 1328 3336 1383 in
3380 1338 3767 1401 mortem,proat
3858 1360 3859 1411 ᾗ

2243 1417 2383 1471 Dens
2414 1415 2485 1469 illi
2517 1416 2659 1472 vires
2689 1417 2923 1482 dederit,
2954 1418 3325 1475 obediturum.
3358 1416 3530 1486 Tunc,
3563 1436 3762 1479 (cum

2237 1508 2286 1562 ei
2304 1508 2531 1564 fratrum
2546 1510 2964 1577 commanentia,
2980 1514 3168 1567 sedeat
3185 1510 3274 1565 ubi
3293 1509 3515 1577 jubetur
3529 1515 3764 1569 secundo

2239 1605 2382 1673 quod
2412 1605 2643 1661 domnus
2685 1605 2854 1662 abbas
2908 1606 3140 1663 voluerit
3180 1617 3235 1663 et
3277 1605 3477 1661 viderit
3520 1623 3763 1678 personam.

2240 1696 2355 1754 Hoc
2398 1708 2577 1753 autem
2626 1699 3018 1770 providendum
3067 1709 3184 1768 est,
3227 1710 3288 1757 ut
3317 1703 3371 1757 in
3411 1711 3517 1756 tam
3562 1704 3764 1759 mediocri

2242 1788 2363 1845 loco
2388 1790 2578 1845 sedere
2590 1789 2870 1859 jubeatur,
2894 1792 3038 1861 quod
3063 1801 3185 1863 post
3207 1792 3413 1848 factam
3438 1788 3767 1864 professionem
3858 1824 3859 1855 ;

545 1897 741 1963 venia,
772 1898 855 1952 vel
900 1897 999 1968 ipsi
1028 1896 1113 1952 vel
1141 1895 1308 1950 abbas
1355 1908 1542 1949 eorum
1586 1900 1981 1964 promereatur.
2014 1891 2132 1958 Quo
2165 1893 2209 1948 Β
2240 1883 2307 1936 ab
2340 1882 2529 1938 ultimo
2561 1883 2613 1938 in
2641 1884 2880 1955 priorem
2903 1883 3079 1940 locum
3111 1886 3275 1957 (quod
3305 1886 3766 1943 consuetudinaliter
3858 1910 3859 1937 ξ

2237 1974 2355 2029 fieri
2395 1974 2579 2048 debet)
2614 1988 2928 2043 revocatus,
2960 1988 3237 2051 tempore,
3265 1992 3377 2050 quo
3420 1979 3602 2034 domno
3624 1979 3767 2033 abbati
3858 2016 3859 2063 ἰ

2236 2067 2535 2139 placuerit,
2567 2070 2747 2126 adhuc
2770 2070 2933 2139 altius
2960 2069 3268 2141 promoveri
3295 2070 3497 2137 possit,
3525 2070 3567 2125 si
3590 2070 3768 2125 merito

2238 2176 2354 2214 rum
2394 2161 2538 2218 illius
2586 2163 2819 2234 dignitas
2866 2164 2969 2219 hoc
3021 2163 3290 2234 exegerit.
3344 2162 3497 2230 Quod
3525 2162 3566 2217 si
3590 2163 3770 2218 domnus

2235 2251 2404 2307 abbas
2432 2253 2486 2308 iu
2519 2255 2849 2310 monasterio
2899 2271 3007 2311 non
3049 2254 3246 2321 fuerit,
3293 2254 3447 2327 prior
3486 2270 3771 2325 nequaquam
3858 2260 3859 2265 ‘

2236 2342 2382 2403 hunc
2412 2344 2529 2401 sine
2552 2345 2769 2401 licentia
2813 2347 2982 2417 ipsius
3013 2347 3067 2402 in
3096 2347 3400 2403 claustrum
3434 2346 3663 2417 suscipit,
3686 2347 3771 2402 nisi

2236 2438 2373 2492 adeo
2401 2447 2641 2494 remotus
2670 2439 2769 2504 sit,
2799 2439 2944 2510 quod
2989 2455 3088 2512 per
3116 2441 3369 2496 nuntium
3398 2439 3450 2495 in
3490 2441 3647 2496 triduo
3664 2456 3775 2494 con-

2234 2530 2408 2585 veniri
2440 2546 2544 2585 non
2577 2531 2769 2601 possit.
2818 2530 3005 2599 Tunc,
3044 2533 3305 2603 inquam,
3346 2533 3450 2587 nisi
3496 2548 3606 2587 cum
3645 2533 3774 2603 citius
3858 2552 3859 2589 ξ

2222 2632 2532 2678 venturum.
2550 2624 2786 2690 noverit,
2813 2633 2993 2696 potest
3020 2622 3331 2694 liujusmodi
3364 2625 3713 2695 susciperc,et
3731 2626 3772 2679 in
3858 2616 3859 2631 ¹

2236 2716 2489 2771 omnibus
2521 2714 2656 2772 locis
2700 2719 2989 2774 conventui
3021 2719 3288 2773 adunare.
3317 2717 3502 2773 Solum
3529 2719 3775 2789 capitulum

2235 2805 2439 2879 absque
2482 2792 2752 2877 permissu
2788 2810 2975 2866 domni
3015 2811 3229 2867 abbatis
3277 2826 3387 2866 non
3433 2811 3657 2879 habebit,
3697 2829 3777 2867 nec

2234 2899 2426 2955 saltem
2456 2916 2553 2971 pro
2571 2902 2831 2972 petitione
2850 2902 3094 2959 facienda
3124 2903 3376 2969 intrabit,
3390 2903 3483 2959 sed
3504 2904 3565 2958 ad
3580 2904 3775 2976 aliquam

2236 2990 2430 3047 horam
2483 2994 2537 3048 in
2590 2993 2877 3052 ecclesiam
2930 2995 3180 3061 ducitur,
3232 2993 3419 3067 ibique
3468 3012 3562 3068 per
3606 2996 3779 3052 ordinis

2236 3093 2506 3141 rectorem
2543 3087 2832 3143 conventui
2865 3087 3132 3143 sociatur;

3680 394 3758 451 933
3858 406 3859 421 ‘

2305 3174 2522 3242 Postea,
2545 3177 2589 3232 si
2611 3193 2748 3248 opus
2770 3187 2876 3245 est,
2896 3193 3050 3234 more
3066 3190 3253 3237 nostro
3278 3179 3488 3235 raditur
3503 3180 3777 3235 etvestitur.
3858 3226 3859 3233 η

540 3242 1194 3346 pertineant,incapitulo
1209 3250 2124 3344 camerariiinvenitur.(un.-Var.)
2154 3242 2202 3307 δ
2233 3266 2290 3325 Si
2325 3270 2646 3326 veStimenta
2679 3267 2796 3339 ejus
2826 3286 2933 3327 non
2974 3282 3102 3327 sunt
3140 3288 3295 3328 more
3334 3282 3524 3329 nostro
3562 3271 3778 3333 formata.
3858 3344 3859 3355 χ

2230 3368 2286 3415 et
2325 3359 2378 3414 in
2415 3368 2623 3415 tantum
2661 3361 2786 3417 vilia
2817 3370 2873 3416 et
2900 3376 3094 3431 pauca,
3126 3373 3185 3419 ut
3220 3364 3362 3420 inter
3395 3363 3585 3421 fratres
3626 3365 3675 3421 in
3717 3366 3780 3419 bis

2231 3463 2603 3523 competenter
2641 3457 2954 3521 conversari
2985 3474 3091 3514 non
3123 3459 3316 3529 possit,
3345 3460 3605 3532 regularis
3632 3471 3683 3516 et
3703 3476 3781 3515 ue—
3858 3522 3859 3529 η

2230 3545 2474 3602 cessitati
2511 3545 2828 3604 sullicientia
2872 3550 2924 3605 ci
2961 3551 3180 3616 dantur,
3212 3552 3267 3606 in
3305 3552 3503 3624 quibus
3528 3560 3581 3607 et
3609 3560 3780 3621 postea,
3858 3540 3859 3575 ³

2231 3640 2277 3694 si
2320 3649 2569 3711 perstare
2611 3642 2865 3711 noluerit,
2904 3654 3032 3700 ante
3080 3645 3473 3718 professionem
3518 3649 3661 3705 abire
3699 3664 3782 3703 non

2232 3732 2572 3801 prohibetur.

2252 3884 2259 3895 ί
2304 3824 2556 3893 Quandiu
2587 3828 3023 3901 capitulocaret,
3054 3832 3109 3890 in
3150 3833 3287 3891 cella
3330 3834 3783 3891 novitioruutinte-

2232 3917 2333 3973 rim
2372 3929 2639 3986 moratur,
2679 3922 2852 3979 donec
2892 3927 3189 3998 capitulum
3237 3927 3497 4001 finiatur.
3531 3929 3588 3984 ln
3630 3927 3783 3999 primis

2230 4025 2331 4081 per
2359 4012 2567 4082 aliquot
2608 4013 2728 4072 dies
2753 4026 2876 4085 post
2905 4018 3236 4079 oblationem
3264 4021 3469 4091 prioris
3496 4022 3664 4078 missa!
3687 4035 3781 4076 cum

2234 4102 2449 4171 licentia
2481 4109 2534 4160 in
2562 4110 2808 4164 eamdem
2834 4110 3024 4168 cellam
3053 4127 3152 4181 pro
3178 4113 3541 4171 instruetione
3574 4115 3721 4175 vadit,
3743 4123 3785 4166 et
3858 4112 3859 4189 ;

2234 4192 2379 4263 inde,
2407 4197 2622 4254 nonnisi
2651 4214 2773 4254 cum
2799 4199 2921 4257 aliis
2949 4204 3172 4261 novitiis
3194 4205 3357 4262 redit.
3382 4205 3663 4276 Postquam
3687 4222 3784 4261 τιτι)
3858 4206 3859 4263 ἓ

2233 4284 2436 4358 aliquid
2473 4287 2768 4357 instructus
2796 4290 2975 4357 fuerit,
3009 4295 3223 4351 nonnisi
3254 4298 3449 4353 eadem
3482 4298 3641 4354 missa
3668 4298 3782 4353 ﬁnita
3858 4290 3859 4337 Ὺ

2234 4380 2301 4449 ad
2324 4379 2570 4435 eamdem
2594 4379 2835 4436 scholam
2859 4383 3024 4438 venit.
3047 4384 3181 4439 Cum
3204 4394 3388 4442 autem
3410 4387 3638 4443 domnus
3654 4386 3785 4442 abbas

2234 4466 2453 4524 domum
2498 4485 2750 4541 reversus
2777 4485 2875 4542 per
2900 4471 3136 4543 priorem
3165 4474 3232 4528 de
3259 4475 3455 4531 eodem
3496 4476 3677 4541 fratre,
3696 4490 3785 4546 qua

2234 4568 2357 4615 acta
2395 4569 2542 4626 sunt,
2586 4562 2922 4631 cognoverit,
2968 4563 3035 4617 ad
3085 4564 3321 4633 primum
3374 4565 3683 4634 capitulum,
3720 4563 3783 4619 cui

2236 4651 2350 4725 ipse
2379 4651 2649 4718 intererit,
2682 4652 2732 4707 ei
2778 4653 2845 4707 ad
2891 4667 2951 4708 se
2979 4663 3174 4711 vocato
3209 4656 3371 4711 solita
3402 4657 3659 4727 petitione
3685 4671 3787 4724 pre

2234 4743 2425 4809 missa,
2469 4744 2572 4799 hoc
2613 4744 2883 4809 concedit,
2917 4744 2961 4800 si
3005 4752 3215 4813 tantum
3254 4755 3416 4802 antea
3455 4763 3553 4818 per
3581 4748 3785 4802 nuntium

2236 4834 2308 4891 illi
2343 4835 2445 4891 hoe
2475 4850 2582 4890 non
2622 4837 2913 4891 concessit.
2954 4836 3142 4893 Potest
3165 4848 3219 4893 et
3254 4839 3360 4894 hoc
3386 4838 3654 4894 interdum
3679 4839 3786 4895 fieri.

2235 4934 2294 4993 ut
2318 4924 2612 4996 aliquando
2638 4926 2835 4996 aliquis
2866 4927 3104 4983 novitius
3132 4927 3328 4984 debeat
3358 4931 3555 5000 recipi,
3578 4940 3631 4984 et
3666 4929 3787 4983 dom-

2235 5032 2336 5072 nus
2380 5020 2548 5074 abbas
2601 5019 2653 5076 in
2704 5024 3034 5078 monasterio
3075 5023 3294 5095 quidem
3350 5035 3593 5091 maneat,
3624 5024 3707 5079 sed
3738 5022 3788 5075 ad

2234 5110 2531 5180 capitulum
2556 5113 2743 5168 venire
2771 5130 2876 5168 non
2906 5114 3102 5171 valeat.
3135 5112 3288 5170 Tunc
3316 5115 3489 5186 ipsius
3506 5116 3657 5185 jussu
3675 5113 3790 5185 prior

2235 5221 2357 5261 cum
2413 5209 2623 5278 recipit,
2671 5218 2728 5264 et
2773 5209 2818 5264 si
2870 5211 3172 5265 monachus
3217 5218 3301 5265 est
3344 5209 3411 5263 ad
3452 5224 3685 5289 przesens
3713 5202 3790 5261 sibi

2236 5296 2411 5355 locum
2440 5301 2705 5357 concedit.
2737 5300 2864 5358 Sive
2888 5310 3070 5357 autem
3104 5301 3228 5367 iste,
3262 5301 3390 5363 sive
3419 5301 3534 5370 ille,
3561 5300 3645 5358 cui
3669 5300 3791 5355 dont‘
3858 5296 3859 5367 ᾖ

2235 5542 2300 5583 ex
2337 5525 2623 5593 Evangelia
2651 5525 2963 5579 Mandatum
3000 5524 3189 5579 norunt
3212 5525 3281 5579 do
3307 5526 3487 5591 vobis,
3512 5533 3620 5581 etc.

2308 5599 2420 5667 (2‘2)
2449 5598 2731 5651 llistinetiu
2765 5600 2902 5650 laeta
2952 5599 3096 5652 inter
3140 5597 3441 5651 monachos
3491 5599 3585 5666 qui
3620 5595 3794 5667 litteras

2236 5665 2517 5724 moverant
2547 5679 2600 5721 et
2632 5669 2697 5720 ad
2739 5684 2923 5722 Sam-os
2972 5668 3191 5721 omines
3224 5665 3580 5738 aspirabaut,
3606 5676 3657 5721 et
3684 5665 3794 5738 inter

2237 5743 2530 5795 monachos
2571 5740 2661 5807 qui
2714 5738 2923 5792 litteras
2973 5736 3322 5805 nesciebant,
3354 5740 3448 5808 qui
3482 5753 3625 5808 sa‘pc
3661 5736 3794 5789 etiam

2237 5813 2412 5867 isiula'
2441 5810 2658 5865 nomine
2695 5810 2938 5865 veniunt.
