1945 3157
31 187 78 217 933

622 186 828 215 CONSTl'IUT.
848 188 1014 218 lilRSAUG.
1030 206 1063 211 —-
1080 190 1143 219 LIB.
1161 192 1181 220 l;

1608 194 1672 225 "93$

32 255 74 276 nus
95 249 181 277 abbas
203 252 326 283 prtesens
348 245 495 281 capitulum
518 244 741 276 conccssit,‘non
768 245 818 272 nisi
834 248 857 276 Δ
873 245 984 276 alterius
1009 256 1058 283 per
1082 251 1173 278 omnia
1196 251 1326 287 pendere.
1355 252 1423 281 Cum
1446 252 1535 281 autem
1560 254 1622 289 ipsi,
1642 261 1672 283 r.t

33 301 86 320 cum
100 291 211 322 licentia
236 297 363 320 monente
382 296 472 318 tamen
491 290 631 325 magistro,
650 298 664 317 a
678 298 732 325 quo
748 291 824 318 novi-

34 341 79 367 tius
99 336 370 374 instruitur,[suppl.
390 335 524 371 intrabit].
546 335 587 362 Ad
611 335 684 362 illum
707 343 824 370 namque

34 385 143 420 pertinet
168 383 305 419 quidquid
324 383 423 410 domno
436 381 524 409 abbati
538 380 580 408 vel
593 381 676 416 priori
690 389 740 416 pro
754 389 824 416 quo-

34 432 90 459 libet
104 430 207 458 novitio
224 429 357 457 insinuari
372 428 463 456 debet.
747 451 752 456 ,

64 476 197 504 Professio
215 476 278 511 ejus
294 475 436 510 plusquam
451 473 567 501 aliorum
580 472 745 500 novitiorum
761 480 824 508 pro-

35 522 160 558 Ioogatur,
172 524 203 548 et
216 524 363 556 postquam
376 519 410 546 de
424 523 515 546 nostra
530 518 725 546 consuetudine
739 518 824 546 intro-

35 569 141 601 ducitur,
168 567 195 594 in
223 566 300 594 nullo
323 566 426 598 minus,
450 564 581 599 quidquid
604 563 750 598 deliquerit
774 571 823 598 per

35 614 224 650 correptionern
248 611 447 644 dissimulatur,
467 615 497 638 ut
519 611 541 638 si
562 617 655 638 revera
679 609 821 638 Dominum

35 664 136 695 quaerat,
151 658 356 695 comprobetnr.
372 657 449 685 Sicut
464 657 486 684 si
502 656 568 684 ordo
591 661 692 684 nostras
706 663 822 684 consue-

36 707 121 734 tudinis
132 706 156 733 ei
178 705 285 741 aliquid
304 704 383 740 sapit,
404 712 419 731 a
440 704 540 731 domno
560 703 668 736 abbate,
687 708 821 738 quatenus

35 754 77 782 sibi
95 752 294 789 professionem
317 751 407 779 facere
424 751 570 784 'concedat,
586 758 636 778 suo
655 755 759 785 sponte,
778 749 820 777 vel

36 801 57 826 in
72 799 183 834 cupitqu
200 806 267 826 cum
286 797 377 830 venia,
392 796 434 825 vel
458 797 526 824 alias
545 796 607 825 sine
627 797 705 824 venia
726 796 793 831 petit
810 803 817 826 :

36 845 94 879 quod
106 849 132 872 et
143 844 264 880 quilibet
278 843 396 872 novitius
407 847 485 871 extra
498 842 647 878 capitulum
663 850 711 877 pro
726 849 819 870 susce-

37 892 113 924 ptione
139 889 227 917 sancti
245 889 351 917 ordinis
367 889 443 922 facit,
458 889 481 917 si
502 889 553 917 hoc
573 888 624 916 sibi
642 888 749 916 animus
766 888 818 919 fere

876 301 956 329 supra
977 295 1079 323 dictum
1093 301 1146 330 est,
1164 298 1364 333 responderint,
1380 302 1579 335 exoptationctu
1597 299 1673 330 recc--

876 340 975 374 perint,
988 344 1016 368 ct
1029 341 1148 369 secunda
1165 343 1224 370 vice
1238 343 1272 371 ad
1290 345 1372 379 pedes
1386 345 1521 378 venerim,
1535 347 1673 375 ducuntur

875 393 890 412 a
906 386 1034 421 magistro
1050 387 1076 414 in
1091 388 1234 429 ecclesiam
1252 391 1286 417 ad
1308 390 1397 418 locum
1414 397 1624 427 competeulem,
1640 399 1669 421 ut

875 431 913 459 ibi
928 433 1050 466 sedeant,
1065 433 1230 469 usque-dum
1244 437 1405 465 vestiantur.
1421 437 1449 465 Si
1464 438 1524 473 quis
1541 439 1611 466 inter
1623 448 1671 467 eos

874 481 917 504 est
935 477 1081 513 litteratus,
1102 480 1170 507 liber
1185 481 1283 516 aliquis
1307 482 1414 510 interim
1429 484 1453 511 ei
1470 484 1502 511 ad
1517 486 1671 520 occupatio-

875 529 937 549 nem
951 522 1041 556 datur,
1058 524 1145 552 donec
1158 524 1234 553 linito
1253 527 1383 562 capitulo,
1399 536 1459 555 cum
1482 529 1598 563 primum
1612 529 1668 557 fieri

874 572 975 603 potest,
983 569 1017 596 ad
1027 570 1174 598 radendum
1185 576 1211 598 et
1222 573 1381 600 mutandum
1395 574 1515 601 habitum
1528 575 1667 601 educatur.

874 612 951 646 Quod
972 614 996 641 si
1020 623 1115 643 rasura
1147 624 1241 644 eorum
1262 618 1352 653 aliqtta
1378 619 1412 646 de
1434 627 1515 647 causa
1533 620 1669 655 paulisper

873 663 915 686 est
933 659 1091 694 differenda,
1107 662 1237 697 magister
1258 664 1403 698 praedictus
1428 665 1454 691 in
1475 665 1570 692 cellam
1594 667 1669 693 novi-

875 704 974 732 tiorum
994 713 1041 733 eos
1054 707 1139 740 ducit,
1154 708 1245 743 ibique
1268 716 1316 744 per
1339 710 1480 745 spirituale
1503 711 1666 746 colloquium

872 749 1028 785 aliquandiu
1041 751 1176 783 detentos,
1190 752 1232 780 vel
1252 752 1308 781 illic
1321 754 1470 787 dimittens,
1487 755 1527 782 vol
1545 756 1569 782 in
1584 756 1667 783 cet-ie-

871 795 940 823 siarn
958 796 1100 829 reducens,
1115 797 1211 824 horam
1229 797 1343 825 radendi
1368 805 1527 834 exspectaro.
1549 801 1621 828 facit.
1637 800 1666 828 Si

871 846 962 869 autent
979 847 1130 870 conventus
1143 846 1205 878 post
1221 843 1290 871 duos
1310 844 1353 872 vel
1369 849 1424 873 tres
1439 846 1497 873 dies
1511 851 1552 874 est
1571 835 1667 874 raden-

871 887 934 920 dus,
946 887 1059 915 interim
1068 888 1091 915 si
1101 888 1219 922 videtur,
1232 896 1328 917 rasura
1339 889 1432 918 clerici
1444 895 1533 926 potest
1545 891 1664 925 ditl'crri;

36 941 117 964 venter
129 936 265 971 suggerit.
281 935 347 969 Qiue
364 940 455 963 tamen
470 933 605 962 confessio
619 940 651 961 ac
665 933 751 961 sancti
772 941 818 961 or-
833 928 857 960 Β
872 934 957 963 laicos
970 941 1036 963 vero
1050 940 1114 963 ante
1129 936 1260 972 majorem
1275 937 1386 966 missam
1400 937 1502 966 irrasos
1515 944 1664 974 exspectat,

37 983 94 1009 diuis
113 982 250 1017 susceptio
275 981 424 1010 secundum
445 979 668 1009 consuetudinem
682 985 818 1007 etsecun-

37 1029 87 1054 dniu
107 1028 225 1063 regulam
246 1026 386 1055 Benedicti
402 1031 467 1054 ante
487 1017 737 1061 integrunranuum
753 1025 818 1052 nulli

39 1074 78 1100 nisi
91 1080 136 1108 pro
150 1073 312 1101 infirmitate
326 1071 497 1100 concedenda
513 1076 565 1099 est.
579 1070 693 1099 ’lnterim
711 1077 820 1105 quoque

38 1119 63 1146 ad
74 1120 190 1155 qualibet
202 1119 308 1153 oﬂicia,
322 1119 379 1147 sive
392 1119 419 1146 in
434 1118 559 1152 ecclesia,
576 1118 633 1146 sive
645 1123 722 1146 extra
735 1117 819 1146 eccle-

39 1166 101 1198 siam,
119 1166 186 1194 sicut
199 1170 228 1194 et
249 1165 298 1193 alii
325 1164 434 1197 fratres,
454 1168 563 1192 notatur
584 1164 720 1200 (excepto,
735 1162 758 1197 si
776 1168 818 1191 est

39 1212 186 1247 litttcratos),
206 1211 282 1247 quod
298 1218 349 1239 nec
362 1202 427 1239 ante
443 1218 495 1238 nec
512 1214 574 1245 post
588 1210 658 1238 diem
673 1209 817 1245 professio-

41 1261 81 1291 nis,
94 1260 146 1287 sive
161 1260 194 1287 ad
214 1259 336 1288 officium
351 1258 453 1293 missa‘,
465 1257 509 1285 vel
522 1256 652 1293 epistolae,
673 1257 715 1284 vel
731 1264 816 1284 evan-

40 1306 89 1340 gelii
100 1306 196 1342 absque
208 1305 346 1341 permissu
358 1304 451 1332 domui
469 1303 577 1332 abbatis
590 1310 620 1331 se
633 1302 763 1331 admittit.
775 1303 817 1331 Ad

42 1351 163 1381 lectionem
177 1360 244 1380 vero
260 1358 362 1379 mensae
372 1355 399 1379 et
409 1349 613 1379 bebdomadarii
623 1350 744 1378 cantoris
755 1354 816 1377 tan—

43 1399 77 1426 diu
93 1407 144 1427 non
162 1399 330 1432 admittitur,
350 1398 437 1426 donec
453 1396 588 1424 armarius
602 1396 659 1433 (23)
673 1396 696 1423 si
712 1396 744 1423 ad
760 1395 817 1423 lucc

43 1446 136 1473 idoneus
149 1446 194 1479 sit,
205 1445 376 1481 experiatur.
390 1443 431 1471 Ad
446 1443 531 1479 nisiut
541 1436 660 1478 namque
674 1441 816 1470 arbitrium

42 1491 137 1525 pertinet
150 1492 206 1519 haec
220 1490 315 1519 omnia
332 1490 356 1518 ei
371 1485 520 1522 ascribere,
532 1488 602 1516 sient
622 1493 648 1516 et
663 1488 696 1516 ad
712 1487 816 1515 Prioris

44 1537 133 1564 cuilibet
153 1536 336 1570 obedientize,
361 1542 421 1571 quae
444 1534 515 1563 infra
539 1534 687 1562 claustrum
715 1534 814 1569 agitur,

43 1581 168 1619 adiutorem
191 1590 256 1610 eum
277 1582 453 1610 constituere.
470 1580 520 1615 Qui
537 1581 590 1609 etsi
615 1580 814 1615 quomodolibet

46 1627 164 1661 novitium,
180 1628 283 1656 domno
302 1628 400 1656 abbate
415 1627 539 1660 absente,
555 1627 645 1655 valeat
665 1627 813 1662 suscipere,

45 1678 115 1701 ωιιιειι
127 1674 148 1701 si
167 1682 220 1702 non
237 1674 298 1702 vult
317 1674 475 1710 persistere,
491 1674 593 1708 absque
612 1672 720 1701 abbatis
742 1680 813 1708 pra:-

44 1723 104 1752 cepto
125 1727 173 1747 non
200 1724 295 1755 potest
317 1726 377 1747 eum
403 1719 552 1748 dimittere.
578 1718 631 1746 Sed
655 1725 742 1752 neque
766 1725 814 1752 pro

46 1762 173 1798 huiusmodi
189 1765 292 1793 mentis
306 1762 494 1798 instubiiitate,
506 1764 549 1793 vel
564 1764 639 1792 duris
655 1764 756 1797 verbis,
771 1763 813 1791 vcl

45 1808 135 1844 flagellis
153 1811 305 1847 castigare;
329 1811 402 1847 quod
419 1815 447 1839 et
463 1811 550 1846 ipsum
570 1810 695 1837 abbatem
708 1801 816 1845 oportet

46 1856 154 1891 devitarc,
167 1866 228 1887 cum
251 1858 343 1892 potius
362 1859 424 1891 hoc,
441 1858 511 1893 quod
529 1861 639 1885 sanctus
653 1856 815 1883 Benedictus

47 1903 146 1938 pra'cipil
163 1909 230 1940 μορ,
254 1904 300 1937 58,
318 1904 375 1940 Η),
386 1904 412 1931 in
433 1903 478 1931 illo
496 1902 637 1932 observari
651 1902 755 1933 debeat,
771 1894 820 1938 ut,‘

46 1947 99 1974 sicut
110 1949 169 1977 liber
181 1952 266 1983 venit,
281 1955 309 1978 et
322 1949 359 1977 ita
371 1949 441 1977 liber
450 1947 582 1977 discedat.

72 1992 95 2019 Si
103 1994 156 2028 quis
169 1999 260 2023 autem
272 1995 306 2023 de
316 1994 405 2022 alieno
416 1989 582 2022 monasterio
595 1996 717 2029 apostata
727 1987 812 2025 venit,

48 2036 168 2076 habituque
193 2039 492 2075 monasticoiabjecto,
518 2040 544 2067 in
569 2038 688 2067 clericali
711 2038 745 2065 ad
764 2035 820 2070 nos,

49 2091 111 2112 causa
124 2087 306 2116 conversionis
323 2086 436 2118 venerit,
457 2094 510 2113 non
534 2085 675 2120 recipitur,
690 2084 737 2112 sed
752 2081 815 2118 ρει-4

48 2130 160 2163 suattctur.
176 2138 205 2160 ut
226 2133 308 2168 digne
327 2132 486 2168 ptenitcndo
509 2135 671 2159 revertatur.
688 2129 764 2164 Quod
790 2128 813 2156 Si

48 2180 135 2204 reverso
156 2184 212 2214 post
238 2186 368 2214 congrua:
383 2177 578 2206 satisfactiouis
604 2176 812 2212 prornissionctn

49 2217 160 2253 instes-ns
175 2224 228 2253 illic
243 2225 403 2261 denegatur,
419 2227 484 2251 tunc
505 2223 529 2250 si
546 2223 666 2259 petierit,
682 2222 726 2249 hic
744 2219 813 2249 reci-

49 2264 117 2299 ltil'";
137 2270 207 2304 prius
244 2275 336 2298 tamen
363 2277 445 2306 quam
470 2269 619 2297 claustrum
644 2269 742 2302 intrat,
763 2275 812 2296 cu-

50 2310 101 2337 culla
111 2312 160 2350 (2t)
171 2321 197 2343 et
211 2315 285 2344 froco
302 2316 423 2348 indutus,
433 2320 528 2351 postea
545 2322 610 2342 vero
623 2320 717 2343 nostro
735 2324 811 2345 more

50 2356 157 2388 radendus
177 2370 208 2390 ac
226 2362 346 2397 caeteris,
367 2369 428 2398 qua:
446 2361 514 2390 ordo
534 2362 630 2397 exigit,
647 2362 810 2397 induendos,

51 2401 86 2447 Sftl
102 2405 129 2432 ad
150 2404 339 2442 professionem
363 2411 507 2447 plusquam
527 2408 626 2444 aliquis
645 2409 810 2438 novitiorum

51 2444 193 2480 differendus.
364 2444 372 2447 -
434 2444 443 2447 Ἴ
779 2482 786 2488 η

77 2493 121 2526 (un.
139 2496 205 2536 Var.)
223 2501 329 2533 Cltgrico
344 2507 372 2531 et
392 2503 471 2538 laico,
487 2512 534 2540 qui
551 2501 670 2529 nondum
691 2501 727 2529 ita
748 2506 820 2531 sunt.

52 2542 131 2587 θηξεηί
142 2545 216 2574 vitam
231 2553 363 2586 nostram,
377 2550 532 2587 diligentius
546 2555 587 2579 est
608 2550 822 2583 iusiuuandum,.

53 2588 74 2609 ut
84 2585 181 2619 habetur
196 2593 221 2620 in
244 2594 333 2631 regula
343 2616 351 2628 ,
366 2585 447 2631 quam
462 2597 540 2630 dura,
552 2605 633 2632 quain
650 2604 745 2632 aspera
760 2605 810 2624 ne-

53 2634 145 2685 ξῗδδθξίο
157 2639 297 2674 Ρίιιὶίηιιιπ,
313 2642 335 2669 si
350 2643 382 2670 ad
398 2643 594 2679 subjectionent
610 2647 733 2671 nostram
745 2650 809 2678 per-

53 2680 163 2725 “uelim;
183 2693 239 2720 qua:
259 2688 387 2716 nimirum
416 2689 552 2725 compellit
573 2698 620 2718 eos
639 2692 739 2718 nullam
758 2698 808 2725 po-

54 2723 153 2755 Ψείθιεῐη
170 2733 280 2768 propria:
300 2734 446 2763 voluntatis
465 2723 575 2771 habere,
592 2737 639 2765 sed
658 2737 692 2765 ad
714 2723 808 2765 nutum

55 2820 268 2890 oﬂifglﬁlmmrius
279 2839 322 2862 est
342 2835 511 2864 Bibliotheca:
524 2837 672 2873 pra-fectus,
685 2839 718 2866 de
732 2838 809 2874 cujus

184 2873 199 2890 Il
212 2874 341 2890 lltlnarutn
358 2877 435 2890 minus!
453 2873 616 2890 clum-rint"...
632 2874 713 2890 Ιιθιιιηο

184 2873 199 2892 ιι
212 2874 342 2906 integrum
358 2877 438 2907 captrt
452 2873 617 2909 descriptqu
632 2874 723 2902 babes.

870 985 934 1009 ante
947 981 1025 1017 cuius
1043 982 1224 1021 pulsatiouem
1239 983 1379 1011 ducendus
1392 988 1434 1012 est
1455 984 1482 1011 iu
1497 979 1665 1019 οιιοηιιιὶεμ

870 1027 907 1055 ibi
921 1026 988 1055 sella
1004 1032 1082 1055 extra
1097 1028 1185 1063 majus
1201 1028 1290 1056 altare
1304 1029 1392 1067 posita
1413 1034 1457 1057 est
1476 1035 1539 1057 autc
1553 1031 1663 1065 gradus.

869 1072 926 1108 (ob.
947 1072 1025 1109 Var.)
1044 1073 1085 1101 Ad
1101 1074 1154 1101 hoc
1178 1074 1358 1102 ministerium
1382 1074 1454 1103 sella:
1472 1075 1580 1110 semper
1595 1066 1665 1102 sunt

869 1120 896 1148 in
921 1120 1045 1149 sacristia
1069 1121 1179 1156 posite;
1207 1122 1303 1150 sedere
1324 1121 1428 1157 jussus,
1451 1118 1568 1148 abscissa
1588 1121 1662 1148 coma

871 1170 1033 1200 coronatur,
1063 1167 1202 1202 barbaque
1226 1164 1309 1195 tonsa
1334 1165 1462 1194 tirocinio
1487 1166 1588 1194 Cltristi
1620 1166 1663 1197 as.

868 1213 1004 1249 signatur.
1199 1226 1204 1230 -
1269 1221 1275 1222 ’
1439 1213 1441 1215 ’
1590 1250 1591 1253 η
1626 1205 1628 1208 ’

905 1261 912 1272 ⁵
934 1259 990 1288 lloc
1016 1259 1112 1288 ordine
1137 1259 1232 1288 eadem
1258 1264 1371 1289 tonsura
1394 1259 1492 1297 agitur.
1519 1258 1662 1288 Sacerdoti

867 1306 979 1335 missam
998 1306 1170 1335 celebraturo
1188 1307 1266 1335 adest
1279 1306 1414 1335 armarius
1427 1313 1488 1334 curn
1509 1302 1588 1340 libro,
1605 1302 1664 1333 mal

867 1352 951 1388 gister
966 1353 1129 1381 novitiorum
1153 1360 1215 1380 cum
1238 1352 1342 1389 forcipe
1359 1358 1387 1380 et
1403 1352 1496 1386 linteo,
1511 1358 1570 1388 quin
1584 1360 1598 1379 a
1614 1357 1665 1379 ca-'

868 1399 986 1426 morario
1006 1399 1069 1427 data
1092 1399 1195 1435 jugiter
1213 1399 1247 1427 ad
1268 1400 1321 1427 hoc
1335 1407 1403 1435 opus
1418 1395 1601 1427 servantnr'iu
1616 1406 1661 1427 sa-

866 1445 970 1473 eristia.
980 1445 1065 1485 Quod
1081 1445 1193 1473 linteum
1205 1445 1275 1473 idem
1289 1446 1418 1481 magister
1431 1446 1456 1473 in
1472 1454 1552 1472 manu
1567 1449 1663 1472 tenens

867 1492 901 1519 de
929 1499 1010 1519 manu
1041 1491 1191 1519 sacerdotis
1222 1491 1368 1519 rescissum
1397 1491 1493 1526 recipit
1521 1491 1661 1525 capillum.

865 1537 938 1574 Ergo
961 1538 988 1565 in
1004 1535 1099 1573 primis
1117 1537 1268 1574 przemisso,
1286 1530 1425 1564 Dominus.
1437 1537 1566 1565 vobiscum
1577 1558 1585 1569 ,
1601 1544 1662 1563 cum

867 1583 990 1611 oratione
1017 1583 1126 1615 dicitur,
1145 1583 1260 1615 Praua,
1275 1590 1437 1618 quwsumus.
1464 1582 1567 1610 Deinde
1592 1589 1661 1617 aqua

867 1628 1009 1656 benedicta
1024 1635 1071 1655 eos
1085 1628 1206 1664 aspergit
1223 1632 1251 1655 et
1267 1627 1367 1660 tondet,
1382 1629 1446 1655 mox
1462 1635 1476 1654 a
1487 1628 1587 1663 juvene
1605 1626 1662 1666 (25)

866 1674 1027 1702 indireclum
1043 1675 1158 1710 incthtu
1183 1675 1330 1711 antiplrona
1353 1674 1392 1702 Tu
1405 1682 1443 1708 es,
1459 1673 1579 1707 Domine,
1591 1673 1624 1699 et
1646 1679 1666 1699 ειν

865 1724 1000 1748 conventu
1021 1720 1107 1752 finita,
1122 1719 1251 1754 adjuncto
1266 1720 1345 1748 versu
1358 1719 1498 1747 ’Conserua
1517 1726 1578 1746 cum
1597 1716 1662 1745 (Ilo;

866 1766 918 1798 ria,
938 1765 1089 1800 iterumque
1104 1765 1200 1792 eadem
1220 1764 1366 1799 antipliona
1385 1764 1503 1792 canitur.
1522 1762 1586 1790 Post
1603 1768 1662 1789 tort-

865 1806 956 1839 suram
981 1811 1051 1839 dicit
1072 1811 1210 1839 sacerdos.
1228 1809 1479 1838 Oremus.‘Prrrsta
1500 1804 1659 1845 qomnmus.

865 1859 924 1893 Quo
945 1859 1027 1892 facto,
1042 1859 1075 1886 ad
1093 1858 1206 1886 barbam
1219 1857 1383 1886 tondendum
1403 1856 1514 1889 dicitur,
1533 1855 1660 1882 Dominus

865 1906 1006 1934 uobiscum.
1032 1905 1102 1933 Dcus
1126 1904 1202 1940 cujus
1225 1904 1321 1940 specie.
1335 1903 1400 1932 Post
1420 1904 1489 1931 hanc
1510 1901 1667 1930 orationem-

865 1960 928 1980 non.
943 1945 1089 1988 aspergit,
1104 1952 1151 1979 sed
1176 1959 1238 1978 mox
1263 1950 1374 1978 tondere
1400 1947 1508 1985 incipitl
1531 1948 1607 1982 Quod
1636 1948 1666 1975 si

865 1998 966 2026 fuerint
991 1998 1083 2025 decent
1100 1997 1143 2025 vel
1167 1997 1350 2033 plures,-luuc
1369 1999 1511 2032 postquam
1533 1991 1666 2022 sacerdos-

864 2044 969 2072 duobus
992 2043 1034 2071 vel
1062 2043 1149 2071 tribus
1173 2046 1289 2071 coronas
1308 2040 1506 2077 assignavcrit,
1530 2040 1660 2075 magister

864 2091 996 2127 quosdam
1015 2089 1137 2118 seniores
1155 2088 1280 2122 advocat,
1300 2088 1346 2123 qui
1365 2087 1440 2115 illum
1456 2085 1567 2124 tondere
1583 2084 1667 2127 adju-I

863 2142 939 2165 vent.
963 2136 998 2164 Et
1019 2141 1163 2172 postquam
1186 2142 1280 2162 eorum
1305 2133 1402 2169 singuli
1427 2133 1459 2161 de
1486 2127 1658 2167 singulorum

864 2183 998 2220 capitibus
1017 2187 1046 2210 et.
1067 2181 1160 2209 barbis
1185 2180 1297 2216 capillos
1312 2180 1416 2216 aliquot
1438 2178 1613 2208 absciderint,
1629 2177 1658 2206 in

863 2219 959 2263 eodem
981 2229 1041 2258 loco
1061 2231 1232 2264 exspectant,
1246 2226 1334 2255 donec
1354 2231 1408 2254 tam
1430 2225 1558 2253 sacerdos
1575 2232 1656 2260 quatn

828 2281 850 2309 ι)
863 2277 900 2305 illi
917 2276 1105 2313 unusquisque
1118 2283 1181 2304 cum
1196 2281 1277 2310 quem
1292 2273 1409 2301 totondit
1422 2272 1569 2300 osculetur.

898 2322 1046 2350 Prmdictus
1071 2321 1200 2358 magister
1212 2319 1337 2355 linteum,
1356 2319 1473 2353 forcipes
1489 2322 1516 2345 et
1531 2317 1612 2345 sellas
1629 2316 1655 2343 in

862 2368 1017 2397 sacristiam
1037 2368 1129 2403 reponi
1151 2370 1289 2403 procurat,
1305 2370 1335 2394 ut
1353 2365 1386 2393 ad
1405 2365 1457 2392 tale
1476 2364 1655 2391 ministerium

862 2422 970 2450 semper
984 2422 1016 2443 ea
1031 2414 1058 2442 in
1073 2418 1199 2450 promptu
1214 2413 1323 2441 habeat.
1338 2411 1493 2440 Secundum
1509 2415 1653 2439 consuetu-

861 2461 953 2489 dinem
985 2465 1076 2489 autem
1109 2460 1199 2488 nullus
1223 2459 1493 2489 adconversionem
1518 2458 1605 2484 laicus
1629 2457 1656 2483 in

862 2508 1011 2536 claustrum
1026 2507 1165 2542 recipitur,
1179 2506 1244 2542 quin
1259 2506 1287 2535 in
1303 2505 1350 2534 tali
1363 2510 1444 2533 aetate
1459 2505 1494 2532 sit
1507 2503 1655 2539 profectus,

860 2544 892 2581 ut
908 2554 948 2582 vel
973 2558 1076 2581 tantum
1099 2552 1191 2581 barba:
1214 2553 1324 2585 habeat,
1348 2551 1419 2586 quod
1438 2554 1555 2577 tonsura:
1575 2547 1655 2582 hujus

861 2600 928 2627 ordo
951 2599 1055 2634 impleri
1077 2599 1176 2632 valeat,
1199 2598 1300 2633 quique
1323 2597 1350 2625 iu
1367 2601 1506 2632 posterum
1526 2594 1655 2622 custodite

861 2646 999 2682 subjugari
1016 2654 1068 2674 non
1083 2646 1194 2680 debeat;
1213 2649 1326 2681 excepto
1341 2644 1363 2672 si
1380 2648 1435 2671 tam
1453 2643 1579 2670 incautus
1594 2647 1654 2668 esse

861 2693 986 2723 creuerit.
1011 2692 1121 2728 Itaque,
1146 2697 1290 2727 postquam
1316 2689 1409 2716 novitii
1437 2689 1487 2721 ita,
1504 2692 1534 2714 ιιι
1549 2686 1653 2714 dictum

861 2743 914 2772 cst,
932 2739 957 2765 in
978 2738 1062 2767 choro
1080 2738 1266 2774 designantur,
1287 2735 1412 2764 eumdem
1436 2733 1598 2769 magistrum
1618 2732 1654 2761 ad

876 2822 952 2897 ;(l2i‘)
973 2835 1083 2863 Cuculla
1096 2836 1180 2863 vestis
1194 2825 1270 2867 nota,
1288 2841 1341 2869 qua
1362 2834 1467 2862 scilicet
1485 2837 1567 2870 caput
1586 2839 1652 2868 ope-

877 2879 900 2897 it‘
910 2879 933 2897 )il
950 2879 990 2897 lll'.

861 2879 882 2898 I'i
903 2877 965 2898 ιιιιιι
985 2893 990 2898 .

885 2879 953 2942 θάῖἱ)
969 2879 1000 2935 lld
1015 2912 1068 2941 est,
1080 2907 1137 2935 sine
1154 2906 1337 2935 modulatione
1354 2906 1437 2935 vocis.
