3872 6306
514 365 637 426 “935

1498 362 1517 383 π
1587 356 1648 414 s.
1680 349 2072 414 ‘GUILLELMI
2110 345 2404 404 ABBA'IIS
2443 344 2772 403 lIlItSAUG.
3062 323 3068 328 ’
3656 350 3731 415 me

510 480 943 541 calefactorium
982 486 1321 548 sequuntur,
1342 476 1467 547 quia
1508 473 1617 530 illic
1657 489 1686 528 a
1726 472 2004 544 provisere
2039 484 2121 525 ra.
2150 473 2194 532 Δ
2227 465 2292 520 ad
2318 479 2441 518 eum
2476 462 2531 518 ῖη
2563 463 2808 517 Canitiem
2834 461 3024 517 οοηάηὶ
3052 463 3293 518 *θηῖιιηῑ-
3317 462 3444 519 ΝΜ
3466 465 3517 521 ill
3543 446 3757 530 ῐιῖςιοιιιέ

532 574 826 636 soriorum,
872 570 1167 639 assumptis
1202 583 1301 639 per
1348 567 1666 638 magistrum
1704 565 1825 619 aliis
1856 563 2115 618 fratribus

532 666 624 736 qui
649 680 773 719 eum
806 663 1080 733 adjuvent,
1107 670 1236 717 sunt
1268 659 1511 715 radendi.
1542 657 1676 712 Nam
1710 657 1778 712 ad
1807 656 1955 712 illum
1991 670 2115 727 pcr-

532 757 668 813 tinet
693 763 751 810 ut
779 755 966 810 novitii
997 752 1320 825 regulariter
1351 752 1628 829 radantur.

598 848 778 905 Finita
808 863 938 903 vero
966 862 1177 914 rasura,
1200 820 1541 901 camerariu?
1562 827 1773 898 ‘adesse
1804 856 1911 896 non
1946 838 2117 910 negli-

530 942 627 1013 git,
656 949 712 995 et
744 953 837 996 eos
876 940 943 993 ad
989 937 1302 993 vestiarium
1326 934 1490 990 ducit.
1522 933 1599 988 Illi
1646 946 1881 1001 namque
1922 944 2114 984 omnes

528 1044 656 1091 sunt
704 1032 965 1089 chtiendi
1026 1049 1056 1086 a
1107 1030 1324 1085 Iamulis
1380 1028 1549 1098 ipsius
1593 1024 1903 1081 camerarii.
1938 1024 2115 1079 Vesti-

527 1135 708 1181 menta
758 1140 888 1181 vero
918 1124 1114 1195 quibus
1164 1131 1293 1175 tunc
1334 1127 1628 1185 exuuntur,
1656 1132 1827 1188 usque
1872 1116 1924 1171 in
1972 1116 2113 1171 diem

526 1215 885 1289 professionis
914 1230 1101 1269 eorum
1136 1212 1521 1268 reconduntur.
2072 1256 2076 1260 .

600 1323 688 1361 un.
727 1306 906 1361 Vestis
959 1321 1146 1360 eorum
1200 1313 1400 1359 nostra:
1451 1302 1610 1358 debet
1658 1301 1880 1357 omnino
1926 1300 2117 1356 similis

522 1410 669 1463 esse,
712 1406 914 1468 praeter
958 1397 1123 1466 quod,
1155 1396 1395 1467 quandiu
1444 1402 1606 1449 erunt
1652 1392 1857 1464 absque
1896 1392 2117 1447 benedi-

524 1490 734 1555 ctione,
788 1489 901 1544 sola
955 1488 1164 1544 cuculla
1225 1488 1509 1544 carebunt.
1582 1486 1776 1541 Postea
1849 1484 2113 1556 capellam

523 1580 711 1636 frocco
750 1596 937 1634 eorum
985 1580 1243 1645 assuitur,
1275 1596 1342 1635 ne
1382 1578 1647 1635 notabiles
1676 1578 2115 1634 dissimilitudine

526 1672 810 1727 nobiscum
840 1676 1225 1727 conversantes
1257 1672 1563 1727 videantur.
1596 1669 1784 1742 (Van)
1830 1668 1966 1724 Nam
2002 1670 2116 1725 sive

526 1766 635 1821 sint
662 1766 839 1836 pauci,
864 1766 948 1820 vel
978 1764 1149 1833 multi,
1183 1765 1283 1820 etsi
1314 1762 1690 1834 in‘capitulum
1721 1772 1965 1818 nostrum
2009 1777 2113 1817 non

2218 558 2444 629 poribus
2490 556 2699 625 aliquos
2747 554 3072 611 novitiorum
3126 556 3405 613 venientes
3443 558 3552 629 ejus
3588 562 3736 621 docui.

2219 666 2343 706 nam
2374 649 2447 706 ibi
2498 663 2691 719 capere
2738 647 3054 718 frequenter
3103 649 3467 704 inveniuntur.
3518 650 3625 708 Post
3658 673 3735 714 cog.

2206 756 2367 807 nam,
2398 740 2481 796 vel
2516 738 2655 794 infra
2683 741 3153 811 quadragesimum
3187 751 3308 811 post
3334 743 3617 811 prandium,
3640 765 3735 804 nun-

2219 848 2378 904 quam
2429 847 2527 903 pro
2576 833 2679 888 bac
2731 846 2893 886 causa
2942 830 3070 886 illuc
3120 832 3416 898 accedunt;
3472 835 3584 902 quia
3623 853 3735 895 nullo

2220 935 2348 981 tunc
2390 925 2461 980 ibi
2503 924 2812 988 instruitur,
2861 922 2961 978 nisi
3006 924 3245 979 novitius
3293 924 3484 994 aliquis
3526 925 3640 980 infra
3662 941 3736 986 ttes

2211 1020 2355 1087 dies,
2386 1020 2600 1091 quando
2632 1018 2908 1089 recipitur.
2944 1017 2999 1071 In
3050 1016 3324 1072 auditorio
3358 1027 3534 1073 autem
3563 1020 3733 1079 fratrum

2219 1111 2347 1166 nulli
2385 1125 2571 1166 eorum
2612 1120 2776 1165 causa
2806 1109 3105 1164 instruendi
3132 1108 3374 1179 alioquin
3404 1108 3530 1164 facit
3552 1111 3735 1169 verbum.

2220 1203 2365 1274 Ergo
2402 1218 2525 1257 cum
2557 1202 2789 1273 primum
2821 1202 2975 1267 hora,
3014 1216 3176 1271 quam
3215 1201 3571 1272 praediximus,
3596 1220 3739 1262 conve-

2216 1298 2396 1361 niunt,
2437 1297 2566 1352 licet
2613 1297 2907 1366 capitulum
2959 1311 3081 1350 cum
3133 1295 3239 1350 illis
3293 1296 3569 1362 habeatur,
3610 1308 3736 1356 ιιιιιειε

2216 1404 2409 1445 veraus
2440 1388 2675 1445 Pretiosa
2703 1389 2754 1443 in
2784 1398 2973 1460 aperto
3003 1389 3071 1442 ab
3099 1389 3180 1443 eis
3224 1387 3446 1442 minime
3495 1396 3736 1459 pronunti:-

2222 1490 2329 1547 tur,
2367 1480 2461 1534 sed
2514 1479 2773 1551 magister
2817 1495 3006 1534 eorum
3056 1486 3266 1533 tantum
3318 1478 3449 1533 dicit
3490 1478 3737 1537 Benedicite.

2218 1572 2353 1628 Nam
2412 1574 2781 1643 unusquisque
2833 1572 3086 1637 illorum,
3144 1570 3234 1641 qui
3293 1570 3531 1626 eumdem
3580 1588 3737 1628 versum

2219 1667 2425 1722 sciebat
2470 1679 2640 1734 usque
2688 1667 2741 1719 in
2786 1665 2928 1719 hanc
2983 1665 3170 1718 horam
3209 1678 3317 1716 non
3350 1662 3649 1718 differebat:
3678 1668 3740 1733 qui

2220 1770 2399 1815 autem
2448 1758 2747 1825 nesciebat,
2786 1757 3121 1813 Dominicam
3159 1755 3466 1810 orationem
3494 1756 3599 1811 vice
3620 1757 3741 1824 ipsius

526 1858 771 1919 veniunt,
802 1863 857 1909 et
898 1856 1215 1925 separatim,
1255 1854 1464 1909 scilicet
1508 1854 1561 1909 in
1604 1852 1739 1907 cella
1785 1852 2112 1907 novitiorum
2148 1879 2191 1935 Β
2222 1864 2304 1910 ter
2339 1854 2624 1910 recitabat.
2669 1851 2814 1907 Sane
2849 1851 2892 1906 si
2926 1861 3050 1905 sunt
3079 1848 3168 1904 XII
3198 1847 3499 1912 Lectiones,
3530 1849 3575 1901 in
3606 1851 3741 1919 primis

529 1959 652 2003 cum
693 1943 951 2022 magistro
984 1945 1263 1999 dormiunt
1305 1944 1456 2013 (quia
1491 1958 1769 2019 nunquam
1804 1943 2027 1998 veniunt
2062 1944 2113 1996 in

528 2036 906 2092 dormitorium
960 2046 1204 2091 nostrum
1271 2035 1376 2090 nisi
1410 2035 1787 2107 benedicti):
1834 2043 2011 2089 tamen
2062 2035 2115 2090 in

526 2127 818 2184 refectorio
870 2136 924 2182 et
976 2129 1028 2183 in
1079 2128 1202 2183 aliis
1248 2128 1381 2183 locis
1432 2127 1661 2182 minime
1723 2128 2046 2198 Separantur
2085 2143 2115 2180 a

525 2220 701 2275 nobis.
737 2219 857 2275 Mox
886 2230 1068 2274 autem
1099 2228 1159 2274 ut
1194 2220 1520 2289 vestiuntur,
1553 2219 1812 2288 magister
1845 2234 1939 2273 eos
1981 2219 2117 2273 reei-

522 2311 679 2380 piens
708 2310 760 2365 in
790 2310 1105 2380 praedictam
1135 2308 1328 2364 cellam
1357 2308 1537 2377 ducit,
1561 2308 1742 2377 ibique
1784 2323 1879 2371 eos
1920 2322 2114 2378 pauca,

449 2414 452 2418 '
525 2418 643 2470 qua:
671 2401 735 2455 ad
766 2396 1010 2471 przesens
1053 2409 1175 2455 sunt
1223 2399 1557 2463 necessaria,
1594 2398 1817 2453 instruit
1852 2418 1879 2453 ιε
1923 2399 2117 2453 deinde

525 2492 754 2553 chorum
807 2508 930 2546 eum
982 2491 1066 2569 eis
1115 2491 1307 2547 adiens
1356 2491 1409 2550 in
1464 2490 1582 2546 loco
1647 2490 1840 2545 idoneo
1904 2492 2113 2544 statuit.

524 2581 732 2639 Deinde
778 2583 985 2649 omnia,
1021 2596 1143 2651 qua:
1189 2581 1256 2637 ad
1304 2580 1536 2641 lectulos
1589 2582 1792 2637 habere
1835 2581 2054 2645 debent,
2086 2598 2117 2637 a

522 2673 830 2728 eamerario
863 2673 915 2726 in
946 2672 1137 2727 cellam
1181 2673 1464 2739 eamdem,
1515 2671 1725 2727 sciente
1762 2672 2022 2742 iiiagistro
2063 2681 2115 2727 ct

526 2765 821 2834 unicuique
864 2780 1101 2834 congrua
1144 2747 1485 2835 disponente,
1536 2773 1915 2835 apportantur,
1956 2764 2119 2821 simul

523 2865 579 2919 et
605 2856 851 2922 cucullze,
880 2857 924 2912 si
963 2856 1079 2912 Iieri
1128 2865 1332 2928 potest;
1363 2873 1484 2927 qua:
1523 2872 1695 2927 usque
1723 2857 1792 2912 ad
1821 2858 1961 2911 diem
1994 2874 2121 2927 pro~

524 2946 780 3003 fessionis
819 2963 1028 3011 eorum,
1064 2948 1135 3003 ibi
1184 2957 1490 3012 serventur,
1522 2958 1578 3003 et
1617 2948 1833 3003 nomina
1875 2948 2116 3019 singulo-

526 3052 646 3091 rum
676 3037 727 3091 in
756 3039 978 3093 totidem
1003 3038 1359 3095 breviusculis
1384 3038 1497 3108 (26)
1521 3055 1620 3109 per
1641 3040 1859 3095 eosdem
1890 3040 2119 3110 scripta,

526 3125 755 3182 cucullis
801 3126 1030 3197 singulis
1070 3142 1103 3181 a
1154 3128 1320 3182 dorso
1348 3129 1607 3204 exterius
1653 3143 1755 3198 per
1795 3130 2115 3198 semetipsos

526 3217 747 3274 interim
789 3227 1100 3285 assuuntur,
1140 3228 1193 3273 et
1229 3218 1282 3273 in
1326 3218 1462 3273 bora
1490 3221 1917 3276 consecrationis
1946 3236 2112 3276 unus-

525 3309 758 3379 quisque
778 3325 839 3365 ea
862 3325 981 3380 qum
1008 3308 1109 3364 sibi
1136 3309 1419 3380 competit,
1449 3309 1722 3365 induatur.
1755 3309 1963 3366 Caetera
1989 3327 2125 3374 vero,

524 3401 720 3471 quibus
757 3400 811 3455 in
853 3399 1152 3470 primordio
1187 3399 1519 3470 receptionis
1555 3400 1819 3472 indigent,
1862 3402 2121 3472 magiswr

526 3505 718 3546 eorum
767 3506 797 3545 a
849 3491 1154 3558 camerario
1193 3492 1438 3560 requirit.
1486 3490 1618 3546 Post
1664 3501 1781 3547 tres
1815 3504 1995 3547 autem
2040 3493 2127 3555 vel

525 3597 759 3658 quatuor
785 3587 903 3643 dies
931 3587 1197 3649 adventus
1223 3603 1431 3650 eorum,
1468 3586 1559 3643 bis
1586 3586 1679 3658 qui
1720 3587 1945 3644 litterati
1977 3588 2129 3647 inter.

522 3696 619 3738 eos
649 3689 798 3744 sunt,
828 3678 1085 3750 magistro
1111 3679 1460 3745 admonente,
1489 3678 1709 3734 codices
1734 3679 1800 3733 ad
1830 3678 2118 3737 lectionem

525 3774 595 3827 ab
625 3770 863 3824 armario
888 3757 1112 3836 dantur,
1157 3769 1251 3835 sed
1280 3780 1457 3824 tamen
1490 3771 1556 3825 ad
1585 3786 1680 3827 eos
1704 3786 1810 3826 non
1840 3781 2119 3841 notantur,

527 3863 671 3917 sicut
710 3860 801 3916 alii
849 3860 1070 3926 fratres,
1103 3860 1194 3931 qui
1226 3876 1323 3932 pro
1356 3861 1469 3918 suis
1495 3860 1653 3919 libris
1684 3862 1739 3918 in
1774 3864 1950 3935 capite
1986 3882 2125 3937 qua-

530 3951 854 4023 dragesima‘.
881 3951 1319 4008 ascribebantur.

1140 4063 1370 4121 CAPUT
1407 4064 1493 4122 ιιι.
1522 4032 1525 4035 λ

530 4177 805 4253 Quomodo
831 4159 887 4236 se
911 4179 1135 4255 habeant
1151 4178 1226 4255 in
1255 4178 1388 4234 cella
1413 4181 1747 4251 navitiorum,
1777 4189 1831 4236 et
1855 4186 2122 4255 quomodo

1088 4250 1163 4303 ibi
1192 4250 1547 4305 instruantur.
1867 4250 1878 4255 ⁷
2130 4272 2133 4275 ·

554 4360 565 4387 τ
632 4345 831 4418 Novitii
843 4404 859 4428 ,
871 4361 985 4419 sive
997 4362 1107 4417 sint
1118 4362 1273 4432 pauci
1285 4403 1299 4429 ,
1319 4363 1432 4419 sive
1450 4346 1625 4433 multi,
1645 4364 1697 4420 in
1715 4366 1975 4437 pmdicta
1989 4366 2133 4423 cella

530 4452 894 4509 instruuntur.
914 4452 1165 4521 Quotidie
1184 4469 1416 4524 namque
1444 4456 1672 4513 docendi
1695 4459 1971 4515 omuesibi
1994 4476 2124 4517 con-

530 4544 775 4610 veniunt,
795 4543 1046 4599 videlicet
1072 4543 1123 4598 in
1154 4542 1290 4599 festo
1315 4543 1404 4599 XII
1433 4545 1751 4612 lectionum.
1774 4558 1828 4605 ct
1855 4551 1906 4606 in
1928 4559 2118 4606 octava

531 4731 781 4804 primam.
831 4729 1162 4802 In‘privatis
1210 4726 1341 4788 vero
1391 4734 1584 4791 diebus
1624 4746 1745 4807 post
1788 4738 2117 4794 oblationem

530 4823 730 4894 prioris
768 4823 964 4891 missae,
999 4838 1121 4881 cum
1172 4822 1370 4894 quibus
1415 4824 1578 4880 etiam
1625 4826 1793 4898 aliqui
1830 4830 2117 4887 monacho-

534 4929 651 4968 rum
689 4913 863 4969 adbuc
906 4916 958 4969 in
996 4917 1188 4972 ordine
1236 4916 1415 4983 rudes,
1450 4933 1572 4973 cum
1614 4918 1829 4978 licentia
1862 4923 2117 4988 veniunt;

532 5007 626 5062 sed
667 5006 887 5062 redituri
923 5014 1141 5077 quando
1184 5010 1392 5067 scillam
1423 5011 1489 5066 ad
1512 5013 1805 5084 capitulum
1848 5015 2114 5069 audiunt:

532 5100 758 5168 excepto
786 5099 830 5153 si
866 5100 1003 5155 tales
1034 5108 1182 5166 sunt,
1225 5103 1316 5173 qui
1367 5103 1586 5159 aliunde
1614 5108 1894 5162 venientes
1932 5107 2115 5161 domui

488 5244 491 5249 .
530 5189 737 5247 abbatis
762 5193 1029 5263 permissu
1057 5194 1185 5250 illud
1212 5196 1449 5251 nondum
1472 5195 1798 5266 acceperint.
1826 5197 2113 5265 Praeterea,

531 5285 577 5339 si
610 5286 702 5355 qui
754 5286 1102 5354 novitiorum,
1154 5289 1284 5359 quid
1339 5291 1711 5362 interrogare,
1769 5290 1850 5346 vel
1907 5292 2119 5349 discere

530 5379 735 5439 volunt,
777 5380 1213 5450 quandocumque
1267 5381 1482 5451 aliquod
1540 5381 1879 5436 intervallum
1932 5383 1985 5437 in
2034 5385 2121 5439 die

530 5476 787 5540 occurrit,
817 5477 957 5531 sicut
999 5487 1080 5531 est
1122 5485 1244 5547 post
1286 5477 1505 5530 missam
1548 5485 1603 5531 et
1650 5485 1769 5546 post
1813 5479 2117 5550 cymbalum

532 5552 874 5633 percussum,
905 5565 987 5620 vel
1018 5565 1070 5620 in
1103 5565 1280 5619 hieme
1317 5573 1439 5620 post
1466 5565 1776 5637 prandium,
1800 5577 1994 5639 sponte
2022 5583 2118 5625 sua

606 5761 719 5829 (26)
760 5758 1064 5814 Sclicdulis.

2222 1961 2470 2002 sermone
2520 1943 2842 2015 Evangelico
2884 1942 3268 2004 admonentur,
3300 1939 3393 2015 qui
3435 1948 3487 1996 et
3525 1955 3584 1994 eo
3613 1941 3679 1994 die
3706 1944 3741 1995 in

2218 2036 2453 2106 eapitulo
2486 2038 2683 2106 agitur.
2718 2033 2819 2101 Qui
2862 2047 2984 2086 cum
3018 2028 3124 2085 Per
3153 2014 3548 2084 omniaizswcula
3574 2030 3740 2082 ιιι-ειιὶοο

2220 2120 2356 2196 rum,
2383 2129 2743 2193 concluditur,
2777 2134 2833 2180 et
2861 2124 2927 2179 ab
2956 2124 3212 2178 onmibus
3244 2124 3408 2175 Amen
3437 2120 3742 2190 respondetur.

2220 2222 2277 2276 In
2319 2222 2547 2292 privatis
2586 2221 2776 2275 diebus
2818 2214 3109 2287 aliquando
3158 2229 3282 2269 cum
3332 2212 3741 2277 admonitinnculs,

2219 2332 2337 2387 qua:
2368 2317 2471 2371 illis
2501 2323 2788 2387 congruat,
2828 2321 2886 2366 ut
2916 2311 2967 2364 in
3001 2309 3195 2364 melius
3230 2307 3529 2379 proficiant,
3564 2306 3741 2362 incitau-

2222 2420 2327 2465 tur.
2374 2410 2646 2464 luterdmu
2688 2407 2851 2461 etiam
2899 2403 3145 2474 quazdam
3198 2401 3265 2455 de
3321 2397 3518 2470 regula,
3550 2416 3648 2469 quze
3688 2400 3743 2454 cis

2219 2504 2531 2574 expediant,
2578 2500 2962 2571 praedicantur.
3016 2495 3145 2550 Post
3192 2508 3326 2549 vero
3375 2493 3439 2547 de
3486 2492 3650 2546 ordine
3686 2493 3743 2545 ia-

2219 2604 2520 2651 struuntur.

2290 2706 2345 2762 Si
2374 2706 2495 2776 quis
2530 2704 2633 2759 tale
2669 2704 2797 2774 quid
2839 2701 3137 2765 commisit,
3168 2708 3229 2754 ut
3258 2697 3343 2754 vel
3376 2698 3441 2753 ab
3470 2698 3633 2753 eodem
3659 2709 3744 2748 nm‘
3832 2697 3833 2737 ἰ

2218 2790 2429 2870 gislro,
2480 2796 2565 2852 vel
2609 2796 2676 2850 ab
2725 2795 2831 2850 alio
2884 2793 3000 2864 ejus
3042 2790 3414 2861 condiscipulo
3464 2787 3744 2845 inclametur,
3832 2778 3833 2847 Ῐ

2223 2892 2433 2945 veniam
2466 2888 2684 2960 quidem
2717 2886 2871 2957 petit,
2906 2887 3000 2943 sed
3023 2885 3291 2956 judicium
3323 2899 3477 2938 suum
3510 2897 3601 2935 nou
3622 2879 3744 2932 subit.
3832 2884 3833 2955 ξ

2219 2980 2406 3035 Nullus
2444 2988 2625 3034 autem
2672 2993 2770 3048 pro
2817 2976 3058 3047 qualibet
3093 2974 3250 3045 culpa
3297 2974 3369 3030 ibi
3408 2974 3601 3027 veniam
3633 2972 3744 3039 pPItt,

2218 3072 2320 3127 nisi
2353 3072 2419 3127 ab
2449 3070 2555 3125 alio
2599 3068 2766 3123 fuerit
2795 3068 3139 3122 inclamatus.
3174 3066 3229 3119 Si
3274 3066 3397 3135 quis
3432 3065 3561 3118 inter
3580 3077 3656 3117 eo:
3681 3076 3747 3112 ηε·

2217 3163 2423 3235 gligens
2475 3163 2529 3218 in
2586 3161 2845 3217 discendo
2895 3158 3109 3224 ordine,
3155 3156 3236 3213 vel
3283 3157 3487 3228 tepidus
3524 3154 3570 3209 in
3612 3155 3747 3220 aliquo

2144 3244 2188 3305 (ἶ
2222 3254 2525 3328 huiusmodi
2561 3255 2693 3310 vitio
2734 3252 3179 3325 reprcbensibilis
3209 3266 3331 3306 esse
3367 3249 3745 3319 deprehenditur,

2220 3347 2264 3404 si
2302 3349 2540 3420 primum
2580 3347 2789 3417 aliquot
2834 3344 3044 3400 vicibus
3090 3360 3188 3414 per
3216 3342 3545 3412 magistrum
3579 3350 3747 3410 propter

2222 3441 2327 3497 lioe
2367 3438 2781 3503 admonebatur,
2829 3437 2924 3491 sed
2976 3450 3083 3491 non
3120 3436 3413 3498 correxit,
3462 3449 3619 3487 coram
3660 3431 3745 3482 aliis
3832 3474 3833 3513 ξ

2222 3532 2358 3587 dure
2399 3540 2455 3586 et
2500 3544 2712 3600 aspere,
2746 3538 2907 3599 prout
2948 3537 3165 3583 sanctus
3206 3524 3522 3581 Benedictus
3561 3520 3747 3594 pracigit

2223 3622 2359 3694 (cap.
2391 3620 2448 3685 2,
2474 3620 2589 3692 22),
2635 3636 2741 3674 non
2788 3618 2962 3673 solum
2992 3620 3058 3672 ad
3086 3630 3332 3689 prtesens
3370 3615 3435 3669 ab
3466 3616 3547 3669 illo
3571 3614 3746 3677 corripi-
3832 3638 3833 3699 1

2225 3725 2336 3782 tur,
2363 3716 2457 3771 sed
2489 3714 2793 3785 asperiora,
2824 3713 2875 3767 id
2903 3722 2985 3768 est
3013 3726 3221 3776 carcer,
3259 3711 3418 3782 Bttgtc
3454 3710 3557 3779 (27)
3582 3720 3747 3761 ext-(im;

2222 3807 2521 3865 municatio
2562 3816 2618 3861 et
2655 3805 2861 3877 ﬂagella
2892 3805 2939 3859 ei
2974 3814 3375 3876 preponuntur,
3413 3819 3526 3872 qua:
3558 3802 3750 3872 quando-

2222 3918 2330 3973 que
2378 3901 2520 3956 inter
2570 3898 2769 3954 fratres
2807 3898 2993 3968 procul
3041 3898 3203 3953 dubio
3248 3886 3619 3968 Sit‘passurus.
3649 3892 3744 3946 siin
3832 3880 3833 3925 ἒ

2223 4003 2411 4053 sancta
2439 3990 2852 4048 conversatione
2890 4004 2988 4060 pro
3031 4004 3187 4059 posse
3218 4003 3319 4043 suo
3362 4006 3464 4042 non
3494 3984 3630 4040 fuerit
3661 3980 3746 4036 lci-

2221 4088 2398 4145 vidus.
2429 4088 2601 4154 Quem
2634 4099 2762 4140 vero
2802 4084 3064 4139 intentum
3095 4082 3163 4137 ad
3202 4097 3266 4137 ea
3313 4096 3435 4152 qua:
3470 4079 3616 4140 audit,
3643 4082 3686 4130 ct
3708 4074 3744 4125 in

2224 4182 2475 4237 omnibus
2510 4195 2631 4251 quae
2677 4179 2744 4233 ad
2786 4178 3102 4247 ‘lmjusmodi
3153 4178 3491 4249 propositqu
3536 4171 3746 4245 pertinent

2224 4274 2491 4341 sedulum,
2521 4272 2878 4346 prospexerit,
2900 4287 2999 4328 nec
3022 4271 3071 4325 iu
3100 4271 3203 4326 hac
3222 4270 3364 4336 vice,
3386 4267 3477 4325 sed
3497 4264 3744 4335 aliquando.

2226 4370 2348 4423 eum
2373 4377 2740 4439 opportunum
2767 4364 2952 4431 fuerit,
2980 4374 3248 4420 semotum
3282 4363 3350 4418 ab
3374 4362 3512 4425 aliis,
3532 4366 3745 4412 utcontra

2228 4448 2398 4513 liostis
2428 4466 2767 4513 tentamenta
2799 4457 3011 4511 fortiter
3040 4450 3296 4522 luctetur,
3328 4464 3384 4509 et
3411 4465 3466 4508 ut
3490 4449 3686 4523 quotidie
3707 4447 3744 4498 l'l
3832 4448 3833 4523 ξ

2180 4584 2183 4585 ν
2229 4551 2421 4607 melius
2446 4551 2716 4623 proficiat,
2740 4550 3080 4604 adbortetur.
3108 4547 3270 4619 Ergo,
3299 4548 3445 4602 sicut
3468 4546 3640 4599 dictum
3665 4546 3739 4597 exi.

531 4636 840 4692 Nativitatis
886 4636 1120 4703 Domini,
1148 4648 1207 4693 et
1238 4638 1482 4710 Pascbm,
1512 4653 1567 4698 et
1617 4643 1967 4701 Pentecostes
1998 4657 2121 4717 post
2153 4621 2197 4676 D

2224 4645 2441 4716 quando
2486 4644 2605 4699 illos
2639 4642 2934 4699 secundum
2964 4640 3107 4711 quod
3144 4640 3246 4695 sibi
3292 4652 3424 4695 tunc
3472 4638 3653 4691 videtur
3681 4631 3742 4682 in»
3832 4654 3833 4716 ξ

2225 4733 2510 4800 struxerit,
2543 4733 2595 4788 in
2636 4732 2948 4804 capitulum,
2985 4732 3113 4805 licet
3153 4738 3219 4785 ex
3273 4739 3425 4800 parte
3458 4731 3742 4783 transactum,
3832 4776 3833 4787 χ

2225 4831 2396 4887 vadit.

2295 4926 2483 4983 Potuit.
2499 4924 2694 4997 aliquis
2717 4924 2955 4980 novitius
2978 4923 3093 4985 sive
3114 4923 3167 4979 in
3189 4930 3479 4988 conventu,
3501 4920 3594 4975 sive
3620 4911 3742 4971 alias.

2224 5018 2387 5073 talem
2424 5017 2715 5089 aliquando
2755 5016 3033 5072 incurrere
3078 5017 3320 5086 culpam,
3352 5021 3409 5067 ut
3446 5026 3536 5082 pro
3565 5023 3616 5061 ea
3645 5013 3744 5058 tunc

2223 5108 2308 5163 vel
2339 5108 2407 5163 ab
2437 5108 2619 5178 aliquo
2652 5108 2906 5173 fratrum,
2938 5106 3021 5162 vel
3052 5107 3121 5160 ab
3167 5107 3285 5177 ipso
3331 5104 3570 5176 magistro
3595 5098 3639 5152 in
3676 5106 3744 5147 ω·

2223 5200 2395 5272 pitulo
2448 5200 2732 5256 clametur.
2782 5200 2848 5255 Et
2902 5199 2946 5254 si
3003 5198 3291 5270 aliquoties
3332 5194 3610 5252 admonitus
3649 5199 3743 5239 eam
3832 5204 3833 5272 ξ

2225 5291 2514 5347 emendare
2565 5290 2823 5363 neglexit,
2854 5290 2921 5344 ad
2967 5288 3260 5359 capitulum
3296 5288 3499 5349 ductus,
3529 5281 3594 5337 vel
3627 5278 3743 5332 (latt-

2223 5382 2375 5438 strali
2406 5381 2595 5451 priori,
2628 5381 2708 5437 vel
2739 5382 2855 5452 ejus
2886 5380 3130 5449 adiutore
3165 5378 3304 5433 infra
3342 5378 3474 5432 idem
3503 5368 3741 5442 capilulﬂm

2224 5476 2349 5531 illuc
2393 5476 2622 5539 directo,
2657 5490 2754 5545 per
2791 5488 3008 5529 manum
3041 5471 3283 5542 magistri
3323 5470 3517 5540 virgam
3543 5456 3745 5531 esperia-

2225 5577 2329 5624 tur.
2369 5567 2619 5623 Forsitan
2666 5574 2720 5621 et
2771 5566 2929 5621 talem
2964 5563 3177 5634 culpam
3202 5562 3417 5633 juvenis
3444 5555 3648 5615 novitius
3686 5548 3746 5599 iu-

605 5827 718 5902 (ετ)
755 5829 943 5897 Βυθην,
990 5844 1082 5883 sou
1130 5827 1311 5899 Bojw,
1369 5844 1536 5901 genus
1585 5833 1953 5905 vinculorum,
1999 5843 2106 5893 tam
2157 5835 2344 5891 ferreae
2378 5850 2538 5907 quam
2571 5834 2760 5905 lignea:
2796 5834 3044 5889 diruatnr
3085 5834 3388 5905 compedes.
