  <div class='ocr_page' id='page_1' title='image "/cluster/home/n/w/nwhite01/storage/ocr_20150623/150/hvd.32044015473788/472.png"; bbox 0 0 3890 6314; ppageno 0'>
   <div class='ocr_carea' id='block_1_1' title="bbox 165 355 264 414">
    <p class='ocr_par' dir='ltr' id='par_1_1' title="bbox 165 355 264 414">
     <span class='ocr_line' id='line_1_1' title="bbox 165 355 264 414; baseline 0 -3"><span class='ocrx_word' id='word_1_1' title='bbox 165 355 264 414; x_wconf 79' lang='lat'><strong>9’57</strong></span> 
     </span>
    </p>
   </div>
   <div class='ocr_carea' id='block_1_2' title="bbox 1218 315 2371 405">
    <p class='ocr_par' dir='ltr' id='par_1_2' title="bbox 1218 315 2371 405">
     <span class='ocr_line' id='line_1_2' title="bbox 1218 315 2371 405; baseline -0.001 -3"><span class='ocrx_word' id='word_1_2' title='bbox 1218 342 1665 405; x_wconf 77' lang='lat' dir='ltr'><strong>‘CONS&#39;lt&#39;fUl‘.</strong></span> <span class='ocrx_word' id='word_1_3' title='bbox 1698 315 2024 399; x_wconf 65' lang='lat' dir='ltr'><strong>tunsam.</strong></span> <span class='ocrx_word' id='word_1_4' title='bbox 2066 328 2134 383; x_wconf 70' lang='grc' dir='ltr'><strong>-έ-</strong></span> <span class='ocrx_word' id='word_1_5' title='bbox 2169 340 2299 400; x_wconf 86' lang='lat' dir='ltr'><strong>LIB.</strong></span> <span class='ocrx_word' id='word_1_6' title='bbox 2329 345 2371 403; x_wconf 90' lang='grc' dir='ltr'>ι.</span> 
     </span>
    </p>
   </div>
   <div class='ocr_carea' id='block_1_3' title="bbox 3310 352 3418 415">
    <p class='ocr_par' dir='ltr' id='par_1_3' title="bbox 3310 352 3418 415">
     <span class='ocr_line' id='line_1_3' title="bbox 3310 352 3418 415; baseline 0.028 -3"><span class='ocrx_word' id='word_1_7' title='bbox 3310 352 3418 415; x_wconf 71' lang='lat'><strong>9‘58</strong></span> 
     </span>
    </p>
   </div>
   <div class='ocr_carea' id='block_1_4' title="bbox 167 454 3412 540">
    <p class='ocr_par' dir='ltr' id='par_1_4' title="bbox 167 454 3412 540">
     <span class='ocr_line' id='line_1_4' title="bbox 167 454 3412 540; baseline 0.009 -44"><span class='ocrx_word' id='word_1_8' title='bbox 167 470 360 527; x_wconf 59' lang='lat' dir='ltr'><strong>manu,</strong></span> <span class='ocrx_word' id='word_1_9' title='bbox 394 466 733 523; x_wconf 55' lang='lat' dir='ltr'><strong>committere</strong></span> <span class='ocrx_word' id='word_1_10' title='bbox 764 473 964 536; x_wconf 42' lang='lat' dir='ltr'><strong>potest,</strong></span> <span class='ocrx_word' id='word_1_11' title='bbox 1005 478 1104 536; x_wconf 74' lang='grc' dir='ltr'>ριιο</span> <span class='ocrx_word' id='word_1_12' title='bbox 1142 464 1298 536; x_wconf 62' lang='lat' dir='ltr'><strong>cuius</strong></span> <span class='ocrx_word' id='word_1_13' title='bbox 1349 466 1727 521; x_wconf 55' lang='lat' dir='ltr'><strong>emendatione</strong></span> <span class='ocrx_word' id='word_1_14' title='bbox 1753 456 1803 517; x_wconf 72' lang='grc' dir='ltr'>Α</span> <span class='ocrx_word' id='word_1_15' title='bbox 1831 454 1976 524; x_wconf 88' lang='lat' dir='ltr'><strong>loqui</strong></span> <span class='ocrx_word' id='word_1_16' title='bbox 2010 472 2113 511; x_wconf 91' lang='lat' dir='ltr'><strong>non</strong></span> <span class='ocrx_word' id='word_1_17' title='bbox 2143 458 2478 526; x_wconf 77' lang='lat' dir='ltr'><strong>prohibetur.</strong></span> <span class='ocrx_word' id='word_1_18' title='bbox 2502 459 2559 514; x_wconf 90' lang='lat' dir='ltr'><strong>In</strong></span> <span class='ocrx_word' id='word_1_19' title='bbox 2590 459 2677 516; x_wconf 73' lang='lat' dir='ltr'><strong>X’li</strong></span> <span class='ocrx_word' id='word_1_20' title='bbox 2710 471 2892 518; x_wconf 86' lang='lat' dir='ltr'><strong>autem</strong></span> <span class='ocrx_word' id='word_1_21' title='bbox 2937 463 3260 522; x_wconf 66' lang='lat' dir='ltr'><strong>lectionibus</strong></span> <span class='ocrx_word' id='word_1_22' title='bbox 3284 474 3412 540; x_wconf 69' lang='lat' dir='ltr'><strong>post</strong></span> 
     </span>
    </p>
   </div>
   <div class='ocr_carea' id='block_1_5' title="bbox 167 557 1732 622">
    <p class='ocr_par' dir='ltr' id='par_1_5' title="bbox 167 557 1732 622">
     <span class='ocr_line' id='line_1_5' title="bbox 167 557 1732 622; baseline -0.003 -4"><span class='ocrx_word' id='word_1_23' title='bbox 167 578 259 618; x_wconf 89' lang='lat' dir='ltr'><strong>non</strong></span> <span class='ocrx_word' id='word_1_24' title='bbox 299 559 567 617; x_wconf 88' lang='lat' dir='ltr'><strong>multoties</strong></span> <span class='ocrx_word' id='word_1_25' title='bbox 603 560 981 622; x_wconf 79' lang='lat' dir='ltr'><strong>admoneatur,</strong></span> <span class='ocrx_word' id='word_1_26' title='bbox 1049 557 1147 612; x_wconf 91' lang='lat' dir='ltr'><strong>sed</strong></span> <span class='ocrx_word' id='word_1_27' title='bbox 1188 573 1338 621; x_wconf 69' lang='lat' dir='ltr'><strong>nter,</strong></span> <span class='ocrx_word' id='word_1_28' title='bbox 1383 567 1439 612; x_wconf 90' lang='lat' dir='ltr'><strong>ut</strong></span> <span class='ocrx_word' id='word_1_29' title='bbox 1480 558 1732 613; x_wconf 83' lang='lat' dir='ltr'><strong>inclama-</strong></span> 
     </span>
    </p>
   </div>
   <div class='ocr_carea' id='block_1_6' title="bbox 165 650 1731 721">
    <p class='ocr_par' dir='ltr' id='par_1_6' title="bbox 165 650 1731 721">
     <span class='ocr_line' id='line_1_6' title="bbox 165 650 1731 721; baseline -0.002 -14"><span class='ocrx_word' id='word_1_30' title='bbox 165 663 242 708; x_wconf 89' lang='lat' dir='ltr'><strong>tus</strong></span> <span class='ocrx_word' id='word_1_31' title='bbox 270 650 449 717; x_wconf 83' lang='lat' dir='ltr'><strong>fuerit,</strong></span> <span class='ocrx_word' id='word_1_32' title='bbox 480 662 604 709; x_wconf 85' lang='lat' dir='ltr'><strong>ante</strong></span> <span class='ocrx_word' id='word_1_33' title='bbox 641 651 849 707; x_wconf 79' lang='lat' dir='ltr'><strong>finitum</strong></span> <span class='ocrx_word' id='word_1_34' title='bbox 884 650 1207 719; x_wconf 80' lang='lat' dir='ltr'><strong>capitulum,</strong></span> <span class='ocrx_word' id='word_1_35' title='bbox 1251 665 1350 720; x_wconf 86' lang='lat' dir='ltr'><strong>pro</strong></span> <span class='ocrx_word' id='word_1_36' title='bbox 1383 664 1468 713; x_wconf 91' lang='lat' dir='ltr'><strong>eo,</strong></span> <span class='ocrx_word' id='word_1_37' title='bbox 1498 659 1558 704; x_wconf 83' lang='lat' dir='ltr'><strong>ut</strong></span> <span class='ocrx_word' id='word_1_38' title='bbox 1593 666 1731 721; x_wconf 66' lang='lat' dir='ltr'><strong>prte-</strong></span> 
     </span>
    </p>
   </div>
   <div class='ocr_carea' id='block_1_7' title="bbox 169 730 1733 814">
    <p class='ocr_par' dir='ltr' id='par_1_7' title="bbox 169 730 1733 814">
     <span class='ocr_line' id='line_1_7' title="bbox 169 730 1733 814; baseline 0 -16"><span class='ocrx_word' id='word_1_39' title='bbox 169 730 351 798; x_wconf 84' lang='lat' dir='ltr'><strong>dictum</strong></span> <span class='ocrx_word' id='word_1_40' title='bbox 381 752 482 807; x_wconf 85' lang='lat' dir='ltr'><strong>est,</strong></span> <span class='ocrx_word' id='word_1_41' title='bbox 518 743 841 811; x_wconf 79' lang='lat' dir='ltr'><strong>corrigatur.</strong></span> <span class='ocrx_word' id='word_1_42' title='bbox 880 741 949 797; x_wconf 89' lang='lat' dir='ltr'><strong>Ut</strong></span> <span class='ocrx_word' id='word_1_43' title='bbox 989 742 1033 796; x_wconf 87' lang='lat' dir='ltr'><strong>si</strong></span> <span class='ocrx_word' id='word_1_44' title='bbox 1083 756 1135 796; x_wconf 91' lang='lat' dir='ltr'><strong>v.</strong></span> <span class='ocrx_word' id='word_1_45' title='bbox 1173 758 1224 813; x_wconf 86' lang='lat' dir='ltr'><strong>g.</strong></span> <span class='ocrx_word' id='word_1_46' title='bbox 1266 743 1333 796; x_wconf 86' lang='lat' dir='ltr'><strong>ad</strong></span> <span class='ocrx_word' id='word_1_47' title='bbox 1378 741 1542 798; x_wconf 84' lang='lat' dir='ltr'><strong>alium</strong></span> <span class='ocrx_word' id='word_1_48' title='bbox 1577 742 1733 814; x_wconf 79' lang='lat' dir='ltr'><strong>juve—</strong></span> 
     </span>
    </p>
   </div>
   <div class='ocr_carea' id='block_1_8' title="bbox 165 832 1732 903">
    <p class='ocr_par' dir='ltr' id='par_1_8' title="bbox 165 832 1732 903">
     <span class='ocr_line' id='line_1_8' title="bbox 165 832 1732 903; baseline 0 -15"><span class='ocrx_word' id='word_1_49' title='bbox 165 849 273 889; x_wconf 86' lang='lat' dir='ltr'><strong>nem</strong></span> <span class='ocrx_word' id='word_1_50' title='bbox 331 834 380 887; x_wconf 89' lang='lat' dir='ltr'><strong>in</strong></span> <span class='ocrx_word' id='word_1_51' title='bbox 420 833 662 888; x_wconf 88' lang='lat' dir='ltr'><strong>custodia</strong></span> <span class='ocrx_word' id='word_1_52' title='bbox 718 834 984 903; x_wconf 86' lang='lat' dir='ltr'><strong>positum,</strong></span> <span class='ocrx_word' id='word_1_53' title='bbox 1032 832 1289 902; x_wconf 76' lang='lat' dir='ltr'><strong>quiddam</strong></span> <span class='ocrx_word' id='word_1_54' title='bbox 1340 832 1600 903; x_wconf 89' lang='lat' dir='ltr'><strong>loquitur,</strong></span> <span class='ocrx_word' id='word_1_55' title='bbox 1648 834 1732 889; x_wconf 87' lang='lat' dir='ltr'><strong>vel</strong></span> 
     </span>
    </p>
   </div>
   <div class='ocr_carea' id='block_1_9' title="bbox 168 923 1732 995">
    <p class='ocr_par' dir='ltr' id='par_1_9' title="bbox 168 923 1732 995">
     <span class='ocr_line' id='line_1_9' title="bbox 168 923 1732 995; baseline 0.001 -17"><span class='ocrx_word' id='word_1_56' title='bbox 168 924 347 990; x_wconf 83' lang='lat' dir='ltr'><strong>riserit,</strong></span> <span class='ocrx_word' id='word_1_57' title='bbox 375 923 460 978; x_wconf 89' lang='lat' dir='ltr'><strong>vel</strong></span> <span class='ocrx_word' id='word_1_58' title='bbox 490 925 697 995; x_wconf 83' lang='lat' dir='ltr'><strong>signqu</strong></span> <span class='ocrx_word' id='word_1_59' title='bbox 730 924 942 994; x_wconf 76' lang='lat' dir='ltr'><strong>aliquod</strong></span> <span class='ocrx_word' id='word_1_60' title='bbox 983 924 1201 987; x_wconf 78' lang='lat' dir='ltr'><strong>iecerit;</strong></span> <span class='ocrx_word' id='word_1_61' title='bbox 1237 924 1280 978; x_wconf 87' lang='lat' dir='ltr'><strong>si</strong></span> <span class='ocrx_word' id='word_1_62' title='bbox 1313 933 1487 978; x_wconf 84' lang='lat' dir='ltr'><strong>tamen</strong></span> <span class='ocrx_word' id='word_1_63' title='bbox 1513 925 1732 995; x_wconf 57' lang='lat' dir='ltr'><strong>pra-sci-</strong></span> 
     </span>
    </p>
   </div>
   <div class='ocr_carea' id='block_1_10' title="bbox 165 1016 1730 1091">
    <p class='ocr_par' dir='ltr' id='par_1_10' title="bbox 165 1016 1730 1091">
     <span class='ocr_line' id='line_1_10' title="bbox 165 1016 1730 1091; baseline 0.005 -24"><span class='ocrx_word' id='word_1_64' title='bbox 165 1016 262 1081; x_wconf 82' lang='lat' dir='ltr'><strong>vit,</strong></span> <span class='ocrx_word' id='word_1_65' title='bbox 296 1016 434 1091; x_wconf 90' lang='lat' dir='ltr'><strong>quod</strong></span> <span class='ocrx_word' id='word_1_66' title='bbox 478 1017 548 1072; x_wconf 84' lang='lat' dir='ltr'><strong>ab</strong></span> <span class='ocrx_word' id='word_1_67' title='bbox 594 1016 898 1088; x_wconf 88' lang='lat' dir='ltr'><strong>lmjusmodi</strong></span> <span class='ocrx_word' id='word_1_68' title='bbox 938 1032 1132 1077; x_wconf 85' lang='lat' dir='ltr'><strong>cavere</strong></span> <span class='ocrx_word' id='word_1_69' title='bbox 1186 1018 1390 1073; x_wconf 77' lang='lat' dir='ltr'><strong>debuit.</strong></span> <span class='ocrx_word' id='word_1_70' title='bbox 1438 1018 1730 1089; x_wconf 75' lang='lat' dir='ltr'><strong>Postquam</strong></span> 
     </span>
    </p>
   </div>
   <div class='ocr_carea' id='block_1_11' title="bbox 164 1108 1729 1185">
    <p class='ocr_par' dir='ltr' id='par_1_11' title="bbox 164 1108 1729 1185">
     <span class='ocr_line' id='line_1_11' title="bbox 164 1108 1729 1185; baseline 0.006 -26"><span class='ocrx_word' id='word_1_71' title='bbox 164 1108 236 1177; x_wconf 84' lang='lat' dir='ltr'><strong>(ut</strong></span> <span class='ocrx_word' id='word_1_72' title='bbox 261 1108 453 1163; x_wconf 89' lang='lat' dir='ltr'><strong>dictum</strong></span> <span class='ocrx_word' id='word_1_73' title='bbox 487 1112 592 1177; x_wconf 90' lang='lat' dir='ltr'><strong>est)</strong></span> <span class='ocrx_word' id='word_1_74' title='bbox 623 1110 885 1179; x_wconf 79' lang='lat' dir='ltr'><strong>magister</strong></span> <span class='ocrx_word' id='word_1_75' title='bbox 920 1110 1249 1166; x_wconf 85' lang='lat' dir='ltr'><strong>uovitiorum</strong></span> <span class='ocrx_word' id='word_1_76' title='bbox 1280 1114 1513 1185; x_wconf 87' lang='lat' dir='ltr'><strong>capitulo</strong></span> <span class='ocrx_word' id='word_1_77' title='bbox 1542 1129 1729 1169; x_wconf 86' lang='lat' dir='ltr'><strong>eorum</strong></span> 
     </span>
    </p>
   </div>
   <div class='ocr_carea' id='block_1_12' title="bbox 168 1197 1733 1279">
    <p class='ocr_par' dir='ltr' id='par_1_12' title="bbox 168 1197 1733 1279">
     <span class='ocr_line' id='line_1_12' title="bbox 168 1197 1733 1279; baseline 0.008 -30"><span class='ocrx_word' id='word_1_78' title='bbox 168 1197 328 1263; x_wconf 85' lang='lat' dir='ltr'><strong>ﬁnito,</strong></span> <span class='ocrx_word' id='word_1_79' title='bbox 374 1199 425 1253; x_wconf 90' lang='lat' dir='ltr'><strong>in</strong></span> <span class='ocrx_word' id='word_1_80' title='bbox 474 1211 802 1279; x_wconf 79' lang='lat' dir='ltr'><strong>conventum</strong></span> <span class='ocrx_word' id='word_1_81' title='bbox 857 1202 1025 1268; x_wconf 80' lang='lat' dir='ltr'><strong>redit,</strong></span> <span class='ocrx_word' id='word_1_82' title='bbox 1060 1202 1136 1259; x_wconf 86' lang='lat' dir='ltr'><strong>ibi</strong></span> <span class='ocrx_word' id='word_1_83' title='bbox 1192 1206 1570 1276; x_wconf 80' lang='lat' dir='ltr'><strong>recapitulant,</strong></span> <span class='ocrx_word' id='word_1_84' title='bbox 1613 1222 1733 1277; x_wconf 59' lang='lat' dir='ltr'><strong>quae</strong></span> 
     </span>
    </p>
   </div>
   <div class='ocr_carea' id='block_1_13' title="bbox 169 1291 1733 1368">
    <p class='ocr_par' dir='ltr' id='par_1_13' title="bbox 169 1291 1733 1368">
     <span class='ocr_line' id='line_1_13' title="bbox 169 1291 1733 1368; baseline 0.006 -23"><span class='ocrx_word' id='word_1_85' title='bbox 169 1291 468 1346; x_wconf 86' lang='lat' dir='ltr'><strong>didicerunt.</strong></span> <span class='ocrx_word' id='word_1_86' title='bbox 496 1292 603 1361; x_wconf 78' lang='lat' dir='ltr'><strong>Qui</strong></span> <span class='ocrx_word' id='word_1_87' title='bbox 644 1295 789 1350; x_wconf 88' lang='lat' dir='ltr'><strong>inter</strong></span> <span class='ocrx_word' id='word_1_88' title='bbox 813 1310 907 1351; x_wconf 90' lang='lat' dir='ltr'><strong>eos</strong></span> <span class='ocrx_word' id='word_1_89' title='bbox 950 1298 1003 1351; x_wconf 90' lang='lat' dir='ltr'><strong>in</strong></span> <span class='ocrx_word' id='word_1_90' title='bbox 1046 1296 1331 1368; x_wconf 79' lang='lat' dir='ltr'><strong>disciplina</strong></span> <span class='ocrx_word' id='word_1_91' title='bbox 1365 1300 1571 1355; x_wconf 81' lang='lat' dir='ltr'><strong>ordinis</strong></span> <span class='ocrx_word' id='word_1_92' title='bbox 1602 1312 1733 1356; x_wconf 90' lang='lat' dir='ltr'><strong>sunt</strong></span> 
     </span>
    </p>
   </div>
   <div class='ocr_carea' id='block_1_14' title="bbox 162 1385 1732 1454">
    <p class='ocr_par' dir='ltr' id='par_1_14' title="bbox 162 1385 1732 1454">
     <span class='ocr_line' id='line_1_14' title="bbox 162 1385 1732 1454; baseline 0.004 -16"><span class='ocrx_word' id='word_1_93' title='bbox 162 1385 532 1454; x_wconf 86' lang='lat' dir='ltr'><strong>provectiores,</strong></span> <span class='ocrx_word' id='word_1_94' title='bbox 571 1401 817 1442; x_wconf 81' lang='lat' dir='ltr'><strong>seorsum</strong></span> <span class='ocrx_word' id='word_1_95' title='bbox 866 1388 1142 1443; x_wconf 82' lang='lat' dir='ltr'><strong>instruunt</strong></span> <span class='ocrx_word' id='word_1_96' title='bbox 1174 1390 1225 1444; x_wconf 92' lang='lat' dir='ltr'><strong>in</strong></span> <span class='ocrx_word' id='word_1_97' title='bbox 1261 1405 1327 1445; x_wconf 88' lang='lat' dir='ltr'><strong>eo</strong></span> <span class='ocrx_word' id='word_1_98' title='bbox 1356 1392 1534 1447; x_wconf 84' lang='lat' dir='ltr'><strong>adhuc</strong></span> <span class='ocrx_word' id='word_1_99' title='bbox 1563 1393 1732 1446; x_wconf 83' lang='lat' dir='ltr'><strong>imbe-</strong></span> 
     </span>
    </p>
   </div>
   <div class='ocr_carea' id='block_1_15' title="bbox 168 1472 1732 1554">
    <p class='ocr_par' dir='ltr' id='par_1_15' title="bbox 168 1472 1732 1554">
     <span class='ocr_line' id='line_1_15' title="bbox 168 1472 1732 1554; baseline 0.006 -25"><span class='ocrx_word' id='word_1_100' title='bbox 168 1476 377 1533; x_wconf 87' lang='lat' dir='ltr'><strong>cilliores</strong></span> <span class='ocrx_word' id='word_1_101' title='bbox 409 1493 425 1532; x_wconf 92' lang='lat'><strong>:</strong></span> <span class='ocrx_word' id='word_1_102' title='bbox 460 1479 634 1534; x_wconf 78' lang='lat' dir='ltr'><strong>fervet</strong></span> <span class='ocrx_word' id='word_1_103' title='bbox 676 1472 822 1534; x_wconf 80' lang='lat' dir='ltr'><strong>enim</strong></span> <span class='ocrx_word' id='word_1_104' title='bbox 871 1481 923 1535; x_wconf 83' lang='lat' dir='ltr'><strong>in</strong></span> <span class='ocrx_word' id='word_1_105' title='bbox 973 1482 1040 1537; x_wconf 90' lang='lat' dir='ltr'><strong>iis</strong></span> <span class='ocrx_word' id='word_1_106' title='bbox 1081 1481 1389 1550; x_wconf 79' lang='lat' dir='ltr'><strong>huiusmodi</strong></span> <span class='ocrx_word' id='word_1_107' title='bbox 1433 1485 1613 1554; x_wconf 82' lang='lat' dir='ltr'><strong>operis</strong></span> <span class='ocrx_word' id='word_1_108' title='bbox 1650 1487 1732 1540; x_wconf 82' lang='lat' dir='ltr'><strong>in—</strong></span> 
     </span>
    </p>
   </div>
   <div class='ocr_carea' id='block_1_16' title="bbox 167 1568 1732 1640">
    <p class='ocr_par' dir='ltr' id='par_1_16' title="bbox 167 1568 1732 1640">
     <span class='ocr_line' id='line_1_16' title="bbox 167 1568 1732 1640; baseline 0.006 -20"><span class='ocrx_word' id='word_1_109' title='bbox 167 1568 567 1632; x_wconf 88' lang='lat' dir='ltr'><strong>structio,venia</strong></span> <span class='ocrx_word' id='word_1_110' title='bbox 600 1572 668 1625; x_wconf 91' lang='lat' dir='ltr'><strong>ab</strong></span> <span class='ocrx_word' id='word_1_111' title='bbox 710 1570 774 1625; x_wconf 89' lang='lat' dir='ltr'><strong>iis</strong></span> <span class='ocrx_word' id='word_1_112' title='bbox 801 1570 1197 1640; x_wconf 75' lang='lat' dir='ltr'><strong>frequentatur,</strong></span> <span class='ocrx_word' id='word_1_113' title='bbox 1228 1584 1285 1629; x_wconf 88' lang='lat' dir='ltr'><strong>et</strong></span> <span class='ocrx_word' id='word_1_114' title='bbox 1312 1576 1732 1630; x_wconf 81' lang='lat' dir='ltr'><strong>consuetudina-</strong></span> 
     </span>
    </p>
   </div>
   <div class='ocr_carea' id='block_1_17' title="bbox 164 1656 1730 1738">
    <p class='ocr_par' dir='ltr' id='par_1_17' title="bbox 164 1656 1730 1738">
     <span class='ocr_line' id='line_1_17' title="bbox 164 1656 1730 1738; baseline 0.008 -28"><span class='ocrx_word' id='word_1_115' title='bbox 164 1656 222 1712; x_wconf 88' lang='lat' dir='ltr'><strong>lis</strong></span> <span class='ocrx_word' id='word_1_116' title='bbox 254 1659 562 1731; x_wconf 70' lang='lat' dir='ltr'><strong>inclinatio,</strong></span> <span class='ocrx_word' id='word_1_117' title='bbox 609 1664 965 1720; x_wconf 86' lang='lat' dir='ltr'><strong>addiscuntur</strong></span> <span class='ocrx_word' id='word_1_118' title='bbox 992 1674 1054 1720; x_wconf 86' lang='lat' dir='ltr'><strong>et</strong></span> <span class='ocrx_word' id='word_1_119' title='bbox 1107 1676 1328 1733; x_wconf 59' lang='lat' dir='ltr'><strong>caetera,</strong></span> <span class='ocrx_word' id='word_1_120' title='bbox 1362 1684 1485 1738; x_wconf 73' lang='lat' dir='ltr'><strong>qum</strong></span> <span class='ocrx_word' id='word_1_121' title='bbox 1537 1668 1588 1723; x_wconf 84' lang='lat' dir='ltr'><strong>in</strong></span> <span class='ocrx_word' id='word_1_122' title='bbox 1637 1667 1730 1722; x_wconf 85' lang='lat' dir='ltr'><strong>tali</strong></span> 
     </span>
    </p>
   </div>
   <div class='ocr_carea' id='block_1_18' title="bbox 166 1751 1730 1813">
    <p class='ocr_par' dir='ltr' id='par_1_18' title="bbox 166 1751 1730 1813">
     <span class='ocr_line' id='line_1_18' title="bbox 166 1751 1730 1813; baseline 0.007 -11"><span class='ocrx_word' id='word_1_123' title='bbox 166 1751 387 1805; x_wconf 78' lang='lat' dir='ltr'><strong>exerceri</strong></span> <span class='ocrx_word' id='word_1_124' title='bbox 418 1752 594 1807; x_wconf 80' lang='lat' dir='ltr'><strong>solent</strong></span> <span class='ocrx_word' id='word_1_125' title='bbox 624 1755 829 1809; x_wconf 83' lang='lat' dir='ltr'><strong>schola.</strong></span> <span class='ocrx_word' id='word_1_126' title='bbox 864 1754 921 1809; x_wconf 90' lang='lat' dir='ltr'><strong>Si</strong></span> <span class='ocrx_word' id='word_1_127' title='bbox 963 1756 1048 1812; x_wconf 84' lang='lat' dir='ltr'><strong>cui</strong></span> <span class='ocrx_word' id='word_1_128' title='bbox 1097 1771 1286 1811; x_wconf 86' lang='lat' dir='ltr'><strong>eorum</strong></span> <span class='ocrx_word' id='word_1_129' title='bbox 1326 1772 1355 1811; x_wconf 89' lang='lat' dir='ltr'><strong>a</strong></span> <span class='ocrx_word' id='word_1_130' title='bbox 1396 1759 1594 1812; x_wconf 89' lang='lat' dir='ltr'><strong>domno</strong></span> <span class='ocrx_word' id='word_1_131' title='bbox 1636 1756 1730 1813; x_wconf 87' lang='lat' dir='ltr'><strong>ab-</strong></span> 
     </span>
    </p>
   </div>
   <div class='ocr_carea' id='block_1_19' title="bbox 166 1837 1728 1921">
    <p class='ocr_par' dir='ltr' id='par_1_19' title="bbox 166 1837 1728 1921">
     <span class='ocr_line' id='line_1_19' title="bbox 166 1837 1728 1921; baseline 0.007 -28"><span class='ocrx_word' id='word_1_132' title='bbox 166 1837 272 1893; x_wconf 83' lang='lat' dir='ltr'><strong>bate</strong></span> <span class='ocrx_word' id='word_1_133' title='bbox 297 1841 372 1893; x_wconf 85' lang='lat' dir='ltr'><strong>vel</strong></span> <span class='ocrx_word' id='word_1_134' title='bbox 404 1841 590 1910; x_wconf 80' lang='lat' dir='ltr'><strong>prione</strong></span> <span class='ocrx_word' id='word_1_135' title='bbox 620 1843 892 1915; x_wconf 70' lang='lat' dir='ltr'><strong>ﬂagellum</strong></span> <span class='ocrx_word' id='word_1_136' title='bbox 925 1847 992 1901; x_wconf 89' lang='lat' dir='ltr'><strong>ad</strong></span> <span class='ocrx_word' id='word_1_137' title='bbox 1024 1848 1399 1921; x_wconf 69' lang='lat' dir='ltr'><strong>paenitentiam</strong></span> <span class='ocrx_word' id='word_1_138' title='bbox 1432 1847 1728 1918; x_wconf 89' lang='lat' dir='ltr'><strong>injuuctum</strong></span> 
     </span>
    </p>
   </div>
   <div class='ocr_carea' id='block_1_20' title="bbox 165 1930 1732 2011">
    <p class='ocr_par' dir='ltr' id='par_1_20' title="bbox 165 1930 1732 2011">
     <span class='ocr_line' id='line_1_20' title="bbox 165 1930 1732 2011; baseline 0.008 -28"><span class='ocrx_word' id='word_1_139' title='bbox 165 1930 330 1996; x_wconf 76' lang='lat' dir='ltr'><strong>fuerit,</strong></span> <span class='ocrx_word' id='word_1_140' title='bbox 362 1943 490 1990; x_wconf 92' lang='lat' dir='ltr'><strong>tunc</strong></span> <span class='ocrx_word' id='word_1_141' title='bbox 543 1939 807 2008; x_wconf 85' lang='lat' dir='ltr'><strong>temporis</strong></span> <span class='ocrx_word' id='word_1_142' title='bbox 852 1954 882 1992; x_wconf 87' lang='lat' dir='ltr'><strong>a</strong></span> <span class='ocrx_word' id='word_1_143' title='bbox 935 1940 1218 1995; x_wconf 82' lang='lat' dir='ltr'><strong>sacerdote</strong></span> <span class='ocrx_word' id='word_1_144' title='bbox 1254 1940 1459 2011; x_wconf 87' lang='lat' dir='ltr'><strong>aliquo,</strong></span> <span class='ocrx_word' id='word_1_145' title='bbox 1504 1941 1547 1995; x_wconf 89' lang='lat' dir='ltr'><strong>si</strong></span> <span class='ocrx_word' id='word_1_146' title='bbox 1590 1942 1732 1996; x_wconf 84' lang='lat' dir='ltr'><strong>inter</strong></span> 
     </span>
    </p>
   </div>
   <div class='ocr_carea' id='block_1_21' title="bbox 167 2028 1728 2102">
    <p class='ocr_par' dir='ltr' id='par_1_21' title="bbox 167 2028 1728 2102">
     <span class='ocr_line' id='line_1_21' title="bbox 167 2028 1728 2102; baseline 0.008 -27"><span class='ocrx_word' id='word_1_147' title='bbox 167 2036 247 2077; x_wconf 83' lang='lat' dir='ltr'><strong>cos</strong></span> <span class='ocrx_word' id='word_1_148' title='bbox 272 2039 298 2077; x_wconf 90' lang='lat' dir='ltr'><strong>a</strong></span> <span class='ocrx_word' id='word_1_149' title='bbox 335 2028 597 2097; x_wconf 82' lang='lat' dir='ltr'><strong>magistro</strong></span> <span class='ocrx_word' id='word_1_150' title='bbox 629 2028 696 2083; x_wconf 87' lang='lat' dir='ltr'><strong>ad</strong></span> <span class='ocrx_word' id='word_1_151' title='bbox 740 2030 840 2085; x_wconf 92' lang='lat' dir='ltr'><strong>hoc</strong></span> <span class='ocrx_word' id='word_1_152' title='bbox 889 2031 1112 2086; x_wconf 89' lang='lat' dir='ltr'><strong>idoneus</strong></span> <span class='ocrx_word' id='word_1_153' title='bbox 1151 2032 1379 2086; x_wconf 79' lang='lat' dir='ltr'><strong>inveniri</strong></span> <span class='ocrx_word' id='word_1_154' title='bbox 1425 2034 1631 2102; x_wconf 81' lang='lat' dir='ltr'><strong>potuit,</strong></span> <span class='ocrx_word' id='word_1_155' title='bbox 1676 2033 1728 2087; x_wconf 89' lang='lat' dir='ltr'><strong>in</strong></span> 
     </span>
    </p>
   </div>
   <div class='ocr_carea' id='block_1_22' title="bbox 168 2113 1727 2195">
    <p class='ocr_par' dir='ltr' id='par_1_22' title="bbox 168 2113 1727 2195">
     <span class='ocr_line' id='line_1_22' title="bbox 168 2113 1727 2195; baseline 0.008 -28"><span class='ocrx_word' id='word_1_156' title='bbox 168 2113 269 2169; x_wconf 91' lang='lat' dir='ltr'><strong>loco</strong></span> <span class='ocrx_word' id='word_1_157' title='bbox 304 2118 387 2186; x_wconf 90' lang='lat' dir='ltr'><strong>qui</strong></span> <span class='ocrx_word' id='word_1_158' title='bbox 422 2119 732 2190; x_wconf 89' lang='lat' dir='ltr'><strong>hujusmodi</strong></span> <span class='ocrx_word' id='word_1_159' title='bbox 776 2123 991 2193; x_wconf 79' lang='lat' dir='ltr'><strong>negotio</strong></span> <span class='ocrx_word' id='word_1_160' title='bbox 1023 2124 1309 2192; x_wconf 67' lang='lat' dir='ltr'><strong>deputatus</strong></span> <span class='ocrx_word' id='word_1_161' title='bbox 1343 2132 1447 2189; x_wconf 85' lang='lat' dir='ltr'><strong>est,</strong></span> <span class='ocrx_word' id='word_1_162' title='bbox 1477 2125 1727 2195; x_wconf 82' lang='lat' dir='ltr'><strong>percipit.</strong></span> 
     </span>
    </p>
   </div>
   <div class='ocr_carea' id='block_1_23' title="bbox 164 2206 1731 2285">
    <p class='ocr_par' dir='ltr' id='par_1_23' title="bbox 164 2206 1731 2285">
     <span class='ocr_line' id='line_1_23' title="bbox 164 2206 1731 2285; baseline 0.007 -25"><span class='ocrx_word' id='word_1_163' title='bbox 164 2206 297 2273; x_wconf 76' lang='lat' dir='ltr'><strong>Quod</strong></span> <span class='ocrx_word' id='word_1_164' title='bbox 327 2209 367 2264; x_wconf 88' lang='lat' dir='ltr'><strong>si</strong></span> <span class='ocrx_word' id='word_1_165' title='bbox 402 2211 524 2267; x_wconf 86' lang='lat' dir='ltr'><strong>talis</strong></span> <span class='ocrx_word' id='word_1_166' title='bbox 550 2213 623 2267; x_wconf 90' lang='lat' dir='ltr'><strong>ibi</strong></span> <span class='ocrx_word' id='word_1_167' title='bbox 658 2213 829 2278; x_wconf 83' lang='lat' dir='ltr'><strong>deest,</strong></span> <span class='ocrx_word' id='word_1_168' title='bbox 864 2215 1203 2270; x_wconf 89' lang='lat' dir='ltr'><strong>sacerdotem</strong></span> <span class='ocrx_word' id='word_1_169' title='bbox 1236 2215 1303 2270; x_wconf 83' lang='lat' dir='ltr'><strong>de</strong></span> <span class='ocrx_word' id='word_1_170' title='bbox 1333 2224 1601 2271; x_wconf 89' lang='lat' dir='ltr'><strong>conventu</strong></span> <span class='ocrx_word' id='word_1_171' title='bbox 1634 2231 1731 2285; x_wconf 89' lang='lat' dir='ltr'><strong>pro</strong></span> 
     </span>
    </p>
   </div>
   <div class='ocr_carea' id='block_1_24' title="bbox 167 2299 1729 2374">
    <p class='ocr_par' dir='ltr' id='par_1_24' title="bbox 167 2299 1729 2374">
     <span class='ocr_line' id='line_1_24' title="bbox 167 2299 1729 2374; baseline 0.004 -21"><span class='ocrx_word' id='word_1_172' title='bbox 167 2299 255 2355; x_wconf 87' lang='lat' dir='ltr'><strong>hac</strong></span> <span class='ocrx_word' id='word_1_173' title='bbox 272 2317 425 2357; x_wconf 84' lang='lat' dir='ltr'><strong>causa</strong></span> <span class='ocrx_word' id='word_1_174' title='bbox 467 2305 535 2358; x_wconf 91' lang='lat' dir='ltr'><strong>ad</strong></span> <span class='ocrx_word' id='word_1_175' title='bbox 579 2304 835 2359; x_wconf 86' lang='lat' dir='ltr'><strong>eumdem</strong></span> <span class='ocrx_word' id='word_1_176' title='bbox 866 2305 1048 2360; x_wconf 87' lang='lat' dir='ltr'><strong>locum</strong></span> <span class='ocrx_word' id='word_1_177' title='bbox 1075 2320 1174 2360; x_wconf 91' lang='lat' dir='ltr'><strong>suo</strong></span> <span class='ocrx_word' id='word_1_178' title='bbox 1203 2305 1256 2360; x_wconf 91' lang='lat' dir='ltr'><strong>in</strong></span> <span class='ocrx_word' id='word_1_179' title='bbox 1286 2316 1527 2374; x_wconf 87' lang='lat' dir='ltr'><strong>tempore</strong></span> <span class='ocrx_word' id='word_1_180' title='bbox 1554 2306 1729 2360; x_wconf 83' lang='lat' dir='ltr'><strong>addu-</strong></span> 
     </span>
    </p>
   </div>
   <div class='ocr_carea' id='block_1_25' title="bbox 166 2390 1729 2476">
    <p class='ocr_par' dir='ltr' id='par_1_25' title="bbox 166 2390 1729 2476">
     <span class='ocr_line' id='line_1_25' title="bbox 166 2390 1729 2476; baseline 0.004 -30"><span class='ocrx_word' id='word_1_181' title='bbox 166 2405 273 2447; x_wconf 86' lang='lat' dir='ltr'><strong>cere</strong></span> <span class='ocrx_word' id='word_1_182' title='bbox 300 2392 472 2451; x_wconf 82' lang='lat' dir='ltr'><strong>debet.</strong></span> <span class='ocrx_word' id='word_1_183' title='bbox 505 2394 565 2451; x_wconf 89' lang='lat' dir='ltr'><strong>ln</strong></span> <span class='ocrx_word' id='word_1_184' title='bbox 604 2411 671 2451; x_wconf 90' lang='lat' dir='ltr'><strong>eo</strong></span> <span class='ocrx_word' id='word_1_185' title='bbox 711 2412 925 2467; x_wconf 89' lang='lat' dir='ltr'><strong>quoque</strong></span> <span class='ocrx_word' id='word_1_186' title='bbox 955 2390 1217 2468; x_wconf 87' lang='lat' dir='ltr'><strong>tempore,</strong></span> <span class='ocrx_word' id='word_1_187' title='bbox 1244 2398 1286 2476; x_wconf 86' lang='lat' dir='ltr'><strong>si</strong></span> <span class='ocrx_word' id='word_1_188' title='bbox 1329 2396 1437 2451; x_wconf 88' lang='lat' dir='ltr'><strong>bini</strong></span> <span class='ocrx_word' id='word_1_189' title='bbox 1470 2396 1548 2451; x_wconf 92' lang='lat' dir='ltr'><strong>vel</strong></span> <span class='ocrx_word' id='word_1_190' title='bbox 1586 2398 1729 2452; x_wconf 88' lang='lat' dir='ltr'><strong>terni</strong></span> 
     </span>
    </p>
   </div>
   <div class='ocr_carea' id='block_1_26' title="bbox 166 2487 1731 2559">
    <p class='ocr_par' dir='ltr' id='par_1_26' title="bbox 166 2487 1731 2559">
     <span class='ocr_line' id='line_1_26' title="bbox 166 2487 1731 2559; baseline 0.005 -21"><span class='ocrx_word' id='word_1_191' title='bbox 166 2496 380 2540; x_wconf 78' lang='lat' dir='ltr'><strong>seorsum</strong></span> <span class='ocrx_word' id='word_1_192' title='bbox 409 2487 474 2542; x_wconf 89' lang='lat' dir='ltr'><strong>de</strong></span> <span class='ocrx_word' id='word_1_193' title='bbox 498 2489 698 2543; x_wconf 85' lang='lat' dir='ltr'><strong>ordine</strong></span> <span class='ocrx_word' id='word_1_194' title='bbox 744 2489 1055 2559; x_wconf 76' lang='lat' dir='ltr'><strong>loquuntur,</strong></span> <span class='ocrx_word' id='word_1_195' title='bbox 1100 2499 1324 2559; x_wconf 89' lang='lat' dir='ltr'><strong>propter</strong></span> <span class='ocrx_word' id='word_1_196' title='bbox 1370 2490 1473 2544; x_wconf 89' lang='lat' dir='ltr'><strong>hoc</strong></span> <span class='ocrx_word' id='word_1_197' title='bbox 1506 2505 1612 2545; x_wconf 88' lang='lat' dir='ltr'><strong>non</strong></span> <span class='ocrx_word' id='word_1_198' title='bbox 1647 2505 1731 2546; x_wconf 87' lang='lat' dir='ltr'><strong>re-</strong></span> 
     </span>
    </p>
   </div>
   <div class='ocr_carea' id='block_1_27' title="bbox 167 2577 1731 2652">
    <p class='ocr_par' dir='ltr' id='par_1_27' title="bbox 167 2577 1731 2652">
     <span class='ocr_line' id='line_1_27' title="bbox 167 2577 1731 2652; baseline 0.006 -24"><span class='ocrx_word' id='word_1_199' title='bbox 167 2577 567 2644; x_wconf 88' lang='lat' dir='ltr'><strong>prehenduntur.</strong></span> <span class='ocrx_word' id='word_1_200' title='bbox 601 2581 657 2636; x_wconf 90' lang='lat' dir='ltr'><strong>Si</strong></span> <span class='ocrx_word' id='word_1_201' title='bbox 691 2580 811 2652; x_wconf 90' lang='lat' dir='ltr'><strong>quis</strong></span> <span class='ocrx_word' id='word_1_202' title='bbox 832 2581 993 2636; x_wconf 89' lang='lat' dir='ltr'><strong>etiam</strong></span> <span class='ocrx_word' id='word_1_203' title='bbox 1014 2578 1146 2651; x_wconf 71' lang='lat' dir='ltr'><strong>Quid</strong></span> <span class='ocrx_word' id='word_1_204' title='bbox 1172 2581 1237 2635; x_wconf 89' lang='lat' dir='ltr'><strong>de</strong></span> <span class='ocrx_word' id='word_1_205' title='bbox 1262 2582 1597 2637; x_wconf 84' lang='lat' dir='ltr'><strong>vestimentis</strong></span> <span class='ocrx_word' id='word_1_206' title='bbox 1619 2582 1731 2637; x_wconf 84' lang='lat' dir='ltr'><strong>suis</strong></span> 
     </span>
    </p>
   </div>
   <div class='ocr_carea' id='block_1_28' title="bbox 167 2668 1732 2748">
    <p class='ocr_par' dir='ltr' id='par_1_28' title="bbox 167 2668 1732 2748">
     <span class='ocr_line' id='line_1_28' title="bbox 167 2668 1732 2748; baseline 0.009 -30"><span class='ocrx_word' id='word_1_207' title='bbox 167 2668 263 2721; x_wconf 90' lang='lat' dir='ltr'><strong>vult</strong></span> <span class='ocrx_word' id='word_1_208' title='bbox 301 2672 517 2737; x_wconf 82' lang='lat' dir='ltr'><strong>sarcire,</strong></span> <span class='ocrx_word' id='word_1_209' title='bbox 548 2674 635 2727; x_wconf 85' lang='lat' dir='ltr'><strong>vel</strong></span> <span class='ocrx_word' id='word_1_210' title='bbox 680 2671 881 2729; x_wconf 89' lang='lat' dir='ltr'><strong>lectum</strong></span> <span class='ocrx_word' id='word_1_211' title='bbox 916 2672 1017 2729; x_wconf 87' lang='lat' dir='ltr'><strong>sibi</strong></span> <span class='ocrx_word' id='word_1_212' title='bbox 1061 2682 1336 2739; x_wconf 88' lang='lat' dir='ltr'><strong>sternere,</strong></span> <span class='ocrx_word' id='word_1_213' title='bbox 1382 2684 1512 2731; x_wconf 91' lang='lat' dir='ltr'><strong>tunc</strong></span> <span class='ocrx_word' id='word_1_214' title='bbox 1554 2686 1732 2748; x_wconf 85' lang='lat' dir='ltr'><strong>potest</strong></span> 
     </span>
    </p>
   </div>
   <div class='ocr_carea' id='block_1_29' title="bbox 165 2754 338 2814">
    <p class='ocr_par' dir='ltr' id='par_1_29' title="bbox 165 2754 338 2814">
     <span class='ocr_line' id='line_1_29' title="bbox 165 2754 338 2814; baseline 0.035 -6"><span class='ocrx_word' id='word_1_215' title='bbox 165 2754 338 2814; x_wconf 83' lang='lat' dir='ltr'><strong>facere.</strong></span> 
     </span>
    </p>
   </div>
   <div class='ocr_carea' id='block_1_30' title="bbox 224 2848 1727 2923">
    <p class='ocr_par' dir='ltr' id='par_1_30' title="bbox 224 2848 1727 2923">
     <span class='ocr_line' id='line_1_30' title="bbox 224 2848 1727 2923; baseline 0.009 -21"><span class='ocrx_word' id='word_1_216' title='bbox 224 2848 273 2903; x_wconf 90' lang='lat' dir='ltr'><strong>lu</strong></span> <span class='ocrx_word' id='word_1_217' title='bbox 304 2849 504 2923; x_wconf 75' lang='lat' dir='ltr'><strong>Vigiliis</strong></span> <span class='ocrx_word' id='word_1_218' title='bbox 534 2852 848 2911; x_wconf 85' lang='lat' dir='ltr'><strong>Nativitatis</strong></span> <span class='ocrx_word' id='word_1_219' title='bbox 878 2855 1089 2912; x_wconf 90' lang='lat' dir='ltr'><strong>Domini</strong></span> <span class='ocrx_word' id='word_1_220' title='bbox 1116 2864 1174 2912; x_wconf 90' lang='lat' dir='ltr'><strong>et</strong></span> <span class='ocrx_word' id='word_1_221' title='bbox 1210 2856 1264 2911; x_wconf 91' lang='lat' dir='ltr'><strong>in</strong></span> <span class='ocrx_word' id='word_1_222' title='bbox 1295 2857 1727 2915; x_wconf 74' lang='lat' dir='ltr'><strong>Annuntiatione</strong></span> 
     </span>
    </p>
   </div>
   <div class='ocr_carea' id='block_1_31' title="bbox 170 2942 1727 3021">
    <p class='ocr_par' dir='ltr' id='par_1_31' title="bbox 170 2942 1727 3021">
     <span class='ocr_line' id='line_1_31' title="bbox 170 2942 1727 3021; baseline 0.009 -27"><span class='ocrx_word' id='word_1_223' title='bbox 170 2942 251 3011; x_wconf 81' lang='lat' dir='ltr'><strong>ipsi</strong></span> <span class='ocrx_word' id='word_1_224' title='bbox 275 2961 368 3015; x_wconf 87' lang='lat' dir='ltr'><strong>pro</strong></span> <span class='ocrx_word' id='word_1_225' title='bbox 394 2950 631 3018; x_wconf 83' lang='lat' dir='ltr'><strong>petenda</strong></span> <span class='ocrx_word' id='word_1_226' title='bbox 660 2952 816 3006; x_wconf 82' lang='lat' dir='ltr'><strong>venia</strong></span> <span class='ocrx_word' id='word_1_227' title='bbox 842 2951 893 3005; x_wconf 93' lang='lat' dir='ltr'><strong>in</strong></span> <span class='ocrx_word' id='word_1_228' title='bbox 910 2952 1153 3021; x_wconf 80' lang='lat' dir='ltr'><strong>capitulo</strong></span> <span class='ocrx_word' id='word_1_229' title='bbox 1180 2948 1411 3007; x_wconf 75' lang='lat' dir='ltr'><strong>fratrum</strong></span> <span class='ocrx_word' id='word_1_230' title='bbox 1438 2953 1727 3017; x_wconf 85' lang='lat' dir='ltr'><strong>intersunt,</strong></span> 
     </span>
    </p>
   </div>
   <div class='ocr_carea' id='block_1_32' title="bbox 166 3035 1729 3112">
    <p class='ocr_par' dir='ltr' id='par_1_32' title="bbox 166 3035 1729 3112">
     <span class='ocr_line' id='line_1_32' title="bbox 166 3035 1729 3112; baseline 0.01 -26"><span class='ocrx_word' id='word_1_231' title='bbox 166 3042 212 3087; x_wconf 82' lang='lat' dir='ltr'><strong>et</strong></span> <span class='ocrx_word' id='word_1_232' title='bbox 235 3035 364 3093; x_wconf 83' lang='lat' dir='ltr'><strong>dicto</strong></span> <span class='ocrx_word' id='word_1_233' title='bbox 397 3055 425 3093; x_wconf 72' lang='grc' dir='ltr'>τι</span> <span class='ocrx_word' id='word_1_234' title='bbox 458 3041 643 3110; x_wconf 82' lang='lat' dir='ltr'><strong>priore</strong></span> <span class='ocrx_word' id='word_1_235' title='bbox 677 3040 949 3112; x_wconf 75' lang='lat' dir='ltr'><strong>loquimini</strong></span> <span class='ocrx_word' id='word_1_236' title='bbox 980 3042 1045 3097; x_wconf 80' lang='lat' dir='ltr'><strong>de</strong></span> <span class='ocrx_word' id='word_1_237' title='bbox 1080 3044 1264 3099; x_wconf 77' lang='lat' dir='ltr'><strong>ordine</strong></span> <span class='ocrx_word' id='word_1_238' title='bbox 1301 3046 1551 3101; x_wconf 86' lang='lat' dir='ltr'><strong>redeunt.</strong></span> <span class='ocrx_word' id='word_1_239' title='bbox 1577 3046 1643 3101; x_wconf 79' lang='lat' dir='ltr'><strong>Et</strong></span> <span class='ocrx_word' id='word_1_240' title='bbox 1682 3048 1729 3102; x_wconf 85' lang='lat' dir='ltr'><strong>si</strong></span> 
     </span>
    </p>
   </div>
   <div class='ocr_carea' id='block_1_33' title="bbox 1834 548 3417 629">
    <p class='ocr_par' dir='ltr' id='par_1_33' title="bbox 1834 548 3417 629">
     <span class='ocr_line' id='line_1_33' title="bbox 1834 548 3417 629; baseline 0.009 -26"><span class='ocrx_word' id='word_1_241' title='bbox 1834 548 2126 617; x_wconf 86' lang='lat' dir='ltr'><strong>capitulum</strong></span> <span class='ocrx_word' id='word_1_242' title='bbox 2150 561 2471 621; x_wconf 67' lang='lat' dir='ltr'><strong>exspectant</strong></span> <span class='ocrx_word' id='word_1_243' title='bbox 2491 556 2811 624; x_wconf 79' lang='lat' dir='ltr'><strong>magistrum</strong></span> <span class='ocrx_word' id='word_1_244' title='bbox 2833 556 2917 614; x_wconf 88' lang='lat' dir='ltr'><strong>vel</strong></span> <span class='ocrx_word' id='word_1_245' title='bbox 2940 557 3243 629; x_wconf 82' lang='lat' dir='ltr'><strong>adjutorem</strong></span> <span class='ocrx_word' id='word_1_246' title='bbox 3258 576 3417 617; x_wconf 90' lang='lat' dir='ltr'><strong>suum</strong></span> 
     </span>
    </p>
   </div>
   <div class='ocr_carea' id='block_1_34' title="bbox 1836 643 3421 711">
    <p class='ocr_par' dir='ltr' id='par_1_34' title="bbox 1836 643 3421 711">
     <span class='ocr_line' id='line_1_34' title="bbox 1836 643 3421 711; baseline 0.009 -14"><span class='ocrx_word' id='word_1_247' title='bbox 1836 643 2013 699; x_wconf 89' lang='lat' dir='ltr'><strong>denuo</strong></span> <span class='ocrx_word' id='word_1_248' title='bbox 2061 643 2327 709; x_wconf 86' lang='lat' dir='ltr'><strong>docendi;</strong></span> <span class='ocrx_word' id='word_1_249' title='bbox 2380 646 2425 702; x_wconf 89' lang='lat' dir='ltr'><strong>si</strong></span> <span class='ocrx_word' id='word_1_250' title='bbox 2460 657 2555 702; x_wconf 84' lang='lat' dir='ltr'><strong>est</strong></span> <span class='ocrx_word' id='word_1_251' title='bbox 2601 648 2655 703; x_wconf 92' lang='lat' dir='ltr'><strong>iu</strong></span> <span class='ocrx_word' id='word_1_252' title='bbox 2707 650 3013 706; x_wconf 87' lang='lat' dir='ltr'><strong>minoribus</strong></span> <span class='ocrx_word' id='word_1_253' title='bbox 3055 654 3208 709; x_wconf 87' lang='lat' dir='ltr'><strong>festis</strong></span> <span class='ocrx_word' id='word_1_254' title='bbox 3248 655 3421 711; x_wconf 88' lang='lat' dir='ltr'><strong>donec</strong></span> 
     </span>
    </p>
   </div>
   <div class='ocr_carea' id='block_1_35' title="bbox 1834 733 3416 814">
    <p class='ocr_par' dir='ltr' id='par_1_35' title="bbox 1834 733 3416 814">
     <span class='ocr_line' id='line_1_35' title="bbox 1834 733 3416 814; baseline 0.009 -27"><span class='ocrx_word' id='word_1_255' title='bbox 1834 733 2057 789; x_wconf 81' lang='lat' dir='ltr'><strong>audiant</strong></span> <span class='ocrx_word' id='word_1_256' title='bbox 2081 735 2298 805; x_wconf 81' lang='lat' dir='ltr'><strong>signum</strong></span> <span class='ocrx_word' id='word_1_257' title='bbox 2325 738 2391 793; x_wconf 89' lang='lat' dir='ltr'><strong>ad</strong></span> <span class='ocrx_word' id='word_1_258' title='bbox 2443 740 2657 795; x_wconf 82' lang='lat' dir='ltr'><strong>tertiam</strong></span> <span class='ocrx_word' id='word_1_259' title='bbox 2698 759 2711 794; x_wconf 87' lang='lat'>:</span> <span class='ocrx_word' id='word_1_260' title='bbox 2752 742 2804 798; x_wconf 78' lang='lat' dir='ltr'><strong>si</strong></span> <span class='ocrx_word' id='word_1_261' title='bbox 2840 757 2969 797; x_wconf 84' lang='lat' dir='ltr'><strong>vero</strong></span> <span class='ocrx_word' id='word_1_262' title='bbox 2995 753 3078 799; x_wconf 85' lang='lat' dir='ltr'><strong>est</strong></span> <span class='ocrx_word' id='word_1_263' title='bbox 3109 746 3416 814; x_wconf 87' lang='lat' dir='ltr'><strong>Dominica,</strong></span> 
     </span>
    </p>
   </div>
   <div class='ocr_carea' id='block_1_36' title="bbox 1836 825 3422 907">
    <p class='ocr_par' dir='ltr' id='par_1_36' title="bbox 1836 825 3422 907">
     <span class='ocr_line' id='line_1_36' title="bbox 1836 825 3422 907; baseline 0.009 -28"><span class='ocrx_word' id='word_1_264' title='bbox 1836 825 1888 880; x_wconf 85' lang='lat' dir='ltr'><strong>in</strong></span> <span class='ocrx_word' id='word_1_265' title='bbox 1915 841 2019 895; x_wconf 88' lang='lat' dir='ltr'><strong>qua</strong></span> <span class='ocrx_word' id='word_1_266' title='bbox 2045 827 2096 880; x_wconf 90' lang='lat' dir='ltr'><strong>in</strong></span> <span class='ocrx_word' id='word_1_267' title='bbox 2136 826 2423 907; x_wconf 62' lang='lat' dir='ltr'><strong>Albimn</strong></span> <span class='ocrx_word' id='word_1_268' title='bbox 2460 839 2586 886; x_wconf 87' lang='lat' dir='ltr'><strong>sunt</strong></span> <span class='ocrx_word' id='word_1_269' title='bbox 2612 832 2910 897; x_wconf 88' lang='lat' dir='ltr'><strong>vestiendi,</strong></span> <span class='ocrx_word' id='word_1_270' title='bbox 2941 849 3110 905; x_wconf 83' lang='lat' dir='ltr'><strong>usque</strong></span> <span class='ocrx_word' id='word_1_271' title='bbox 3140 837 3204 891; x_wconf 84' lang='lat' dir='ltr'><strong>ad</strong></span> <span class='ocrx_word' id='word_1_272' title='bbox 3232 853 3422 907; x_wconf 84' lang='lat' dir='ltr'><strong>asper-</strong></span> 
     </span>
    </p>
   </div>
   <div class='ocr_carea' id='block_1_37' title="bbox 1834 916 3417 994">
    <p class='ocr_par' dir='ltr' id='par_1_37' title="bbox 1834 916 3417 994">
     <span class='ocr_line' id='line_1_37' title="bbox 1834 916 3417 994; baseline 0.005 -22"><span class='ocrx_word' id='word_1_273' title='bbox 1834 916 2040 972; x_wconf 84' lang='lat' dir='ltr'><strong>sionem</strong></span> <span class='ocrx_word' id='word_1_274' title='bbox 2070 931 2226 985; x_wconf 81' lang='lat' dir='ltr'><strong>aqme</strong></span> <span class='ocrx_word' id='word_1_275' title='bbox 2275 916 2571 975; x_wconf 66' lang='lat' dir='ltr'><strong>lniitedictze</strong></span> <span class='ocrx_word' id='word_1_276' title='bbox 2602 937 2617 975; x_wconf 85' lang='lat'><strong>:</strong></span> <span class='ocrx_word' id='word_1_277' title='bbox 2648 922 2693 975; x_wconf 89' lang='lat' dir='ltr'><strong>si</strong></span> <span class='ocrx_word' id='word_1_278' title='bbox 2744 931 2925 976; x_wconf 88' lang='lat' dir='ltr'><strong>autem</strong></span> <span class='ocrx_word' id='word_1_279' title='bbox 2953 932 3079 978; x_wconf 85' lang='lat' dir='ltr'><strong>sunt</strong></span> <span class='ocrx_word' id='word_1_280' title='bbox 3108 925 3375 981; x_wconf 87' lang='lat' dir='ltr'><strong>vestieudl</strong></span> <span class='ocrx_word' id='word_1_281' title='bbox 3397 965 3417 994; x_wconf 86' lang='lat'><strong>,</strong></span> 
     </span>
    </p>
   </div>
   <div class='ocr_carea' id='block_1_38' title="bbox 1833 1009 3417 1081">
    <p class='ocr_par' dir='ltr' id='par_1_38' title="bbox 1833 1009 3417 1081">
     <span class='ocr_line' id='line_1_38' title="bbox 1833 1009 3417 1081; baseline 0.008 -22"><span class='ocrx_word' id='word_1_282' title='bbox 1833 1020 2006 1077; x_wconf 74' lang='lat' dir='ltr'><strong>usque</strong></span> <span class='ocrx_word' id='word_1_283' title='bbox 2049 1018 2169 1078; x_wconf 88' lang='lat' dir='ltr'><strong>post</strong></span> <span class='ocrx_word' id='word_1_284' title='bbox 2228 1009 2572 1080; x_wconf 49' lang='lat' dir='ltr'><strong>Evngelitun</strong></span> <span class='ocrx_word' id='word_1_285' title='bbox 2610 1011 2811 1081; x_wconf 85' lang='lat' dir='ltr'><strong>prioris</strong></span> <span class='ocrx_word' id='word_1_286' title='bbox 2851 1011 3047 1068; x_wconf 69' lang='lat' dir='ltr'><strong>Missae.</strong></span> <span class='ocrx_word' id='word_1_287' title='bbox 3072 1013 3183 1069; x_wconf 86' lang='lat' dir='ltr'><strong>Sed</strong></span> <span class='ocrx_word' id='word_1_288' title='bbox 3214 1016 3266 1068; x_wconf 89' lang='lat' dir='ltr'><strong>in</strong></span> <span class='ocrx_word' id='word_1_289' title='bbox 3302 1017 3417 1081; x_wconf 90' lang='lat' dir='ltr'><strong>bis,</strong></span> 
     </span>
    </p>
   </div>
   <div class='ocr_carea' id='block_1_39' title="bbox 1834 1097 3418 1170">
    <p class='ocr_par' dir='ltr' id='par_1_39' title="bbox 1834 1097 3418 1170">
     <span class='ocr_line' id='line_1_39' title="bbox 1834 1097 3418 1170; baseline 0.008 -20"><span class='ocrx_word' id='word_1_290' title='bbox 1834 1097 1878 1150; x_wconf 92' lang='lat' dir='ltr'><strong>si</strong></span> <span class='ocrx_word' id='word_1_291' title='bbox 1937 1108 2057 1167; x_wconf 88' lang='lat' dir='ltr'><strong>post</strong></span> <span class='ocrx_word' id='word_1_292' title='bbox 2107 1101 2435 1170; x_wconf 90' lang='lat' dir='ltr'><strong>capitulum,</strong></span> <span class='ocrx_word' id='word_1_293' title='bbox 2480 1100 2651 1156; x_wconf 80' lang='lat' dir='ltr'><strong>Verba</strong></span> <span class='ocrx_word' id='word_1_294' title='bbox 2702 1119 2858 1168; x_wconf 81' lang='lat' dir='ltr'><strong>mea,</strong></span> <span class='ocrx_word' id='word_1_295' title='bbox 2913 1102 2995 1157; x_wconf 87' lang='lat' dir='ltr'><strong>vel</strong></span> <span class='ocrx_word' id='word_1_296' title='bbox 3045 1101 3280 1159; x_wconf 59' lang='lat' dir='ltr'><strong>oﬁcium</strong></span> <span class='ocrx_word' id='word_1_297' title='bbox 3321 1108 3418 1161; x_wconf 87' lang='lat' dir='ltr'><strong>de-</strong></span> 
     </span>
    </p>
   </div>
   <div class='ocr_carea' id='block_1_40' title="bbox 1828 1174 3421 1267">
    <p class='ocr_par' dir='ltr' id='par_1_40' title="bbox 1828 1174 3421 1267">
     <span class='ocr_line' id='line_1_40' title="bbox 1828 1174 3421 1267; baseline 0.009 -29"><span class='ocrx_word' id='word_1_298' title='bbox 1828 1174 2143 1243; x_wconf 71' lang='lat' dir='ltr'><strong>functorum</strong></span> <span class='ocrx_word' id='word_1_299' title='bbox 2211 1207 2334 1245; x_wconf 89' lang='lat' dir='ltr'><strong>cum</strong></span> <span class='ocrx_word' id='word_1_300' title='bbox 2399 1192 2701 1260; x_wconf 80' lang='lat' dir='ltr'><strong>pulsatione</strong></span> <span class='ocrx_word' id='word_1_301' title='bbox 2775 1194 3046 1264; x_wconf 79' lang='lat' dir='ltr'><strong>sequitur,</strong></span> <span class='ocrx_word' id='word_1_302' title='bbox 3105 1207 3228 1264; x_wconf 89' lang='lat' dir='ltr'><strong>post</strong></span> <span class='ocrx_word' id='word_1_303' title='bbox 3304 1198 3421 1267; x_wconf 84' lang='lat' dir='ltr'><strong>ejus</strong></span> 
     </span>
    </p>
   </div>
   <div class='ocr_carea' id='block_1_41' title="bbox 1830 1276 3418 1351">
    <p class='ocr_par' dir='ltr' id='par_1_41' title="bbox 1830 1276 3418 1351">
     <span class='ocr_line' id='line_1_41' title="bbox 1830 1276 3418 1351; baseline 0.005 -20"><span class='ocrx_word' id='word_1_304' title='bbox 1830 1276 2193 1348; x_wconf 75' lang='lat' dir='ltr'><strong>expletionem</strong></span> <span class='ocrx_word' id='word_1_305' title='bbox 2222 1281 2350 1334; x_wconf 89' lang='lat' dir='ltr'><strong>item</strong></span> <span class='ocrx_word' id='word_1_306' title='bbox 2374 1297 2472 1350; x_wconf 89' lang='lat' dir='ltr'><strong>pro</strong></span> <span class='ocrx_word' id='word_1_307' title='bbox 2497 1281 2856 1339; x_wconf 81' lang='lat' dir='ltr'><strong>iustructione</strong></span> <span class='ocrx_word' id='word_1_308' title='bbox 2876 1294 3237 1338; x_wconf 85' lang='lat' dir='ltr'><strong>revertuntur.</strong></span> <span class='ocrx_word' id='word_1_309' title='bbox 3266 1285 3418 1351; x_wconf 85' lang='lat' dir='ltr'><strong>Quod</strong></span> 
     </span>
    </p>
   </div>
   <div class='ocr_carea' id='block_1_42' title="bbox 1831 1366 3419 1445">
    <p class='ocr_par' dir='ltr' id='par_1_42' title="bbox 1831 1366 3419 1445">
     <span class='ocr_line' id='line_1_42' title="bbox 1831 1366 3419 1445; baseline 0.004 -24"><span class='ocrx_word' id='word_1_310' title='bbox 1831 1366 1878 1421; x_wconf 77' lang='lat' dir='ltr'><strong>si</strong></span> <span class='ocrx_word' id='word_1_311' title='bbox 1909 1378 1991 1423; x_wconf 90' lang='lat' dir='ltr'><strong>cst</strong></span> <span class='ocrx_word' id='word_1_312' title='bbox 2019 1368 2216 1424; x_wconf 81' lang='lat' dir='ltr'><strong>festum</strong></span> <span class='ocrx_word' id='word_1_313' title='bbox 2248 1370 2382 1442; x_wconf 66' lang='lat'><strong>(29),</strong></span> <span class='ocrx_word' id='word_1_314' title='bbox 2411 1373 2460 1426; x_wconf 92' lang='lat' dir='ltr'><strong>in</strong></span> <span class='ocrx_word' id='word_1_315' title='bbox 2483 1388 2590 1443; x_wconf 82' lang='lat' dir='ltr'><strong>quo</strong></span> <span class='ocrx_word' id='word_1_316' title='bbox 2612 1374 2677 1427; x_wconf 90' lang='lat' dir='ltr'><strong>ad</strong></span> <span class='ocrx_word' id='word_1_317' title='bbox 2703 1386 2996 1430; x_wconf 88' lang='lat' dir='ltr'><strong>nocturnos</strong></span> <span class='ocrx_word' id='word_1_318' title='bbox 3018 1378 3329 1445; x_wconf 74' lang='lat' dir='ltr'><strong>autiphouae</strong></span> <span class='ocrx_word' id='word_1_319' title='bbox 3353 1376 3419 1431; x_wconf 85' lang='lat' dir='ltr'><strong>IV</strong></span> 
     </span>
    </p>
   </div>
   <div class='ocr_carea' id='block_1_43' title="bbox 1829 1457 3419 1538">
    <p class='ocr_par' dir='ltr' id='par_1_43' title="bbox 1829 1457 3419 1538">
     <span class='ocr_line' id='line_1_43' title="bbox 1829 1457 3419 1538; baseline 0.006 -26"><span class='ocrx_word' id='word_1_320' title='bbox 1829 1457 2012 1513; x_wconf 88' lang='lat' dir='ltr'><strong>solent</strong></span> <span class='ocrx_word' id='word_1_321' title='bbox 2060 1460 2305 1525; x_wconf 86' lang='lat' dir='ltr'><strong>cantari,</strong></span> <span class='ocrx_word' id='word_1_322' title='bbox 2360 1472 2481 1531; x_wconf 90' lang='lat' dir='ltr'><strong>post</strong></span> <span class='ocrx_word' id='word_1_323' title='bbox 2518 1460 2733 1529; x_wconf 78' lang='lat' dir='ltr'><strong>Venite,</strong></span> <span class='ocrx_word' id='word_1_324' title='bbox 2779 1481 2902 1520; x_wconf 76' lang='lat' dir='ltr'><strong>mox</strong></span> <span class='ocrx_word' id='word_1_325' title='bbox 2950 1477 3073 1536; x_wconf 87' lang='lat' dir='ltr'><strong>post</strong></span> <span class='ocrx_word' id='word_1_326' title='bbox 3125 1469 3419 1538; x_wconf 84' lang='lat' dir='ltr'><strong>capitulum</strong></span> 
     </span>
    </p>
   </div>
   <div class='ocr_carea' id='block_1_44' title="bbox 1836 1549 3418 1635">
    <p class='ocr_par' dir='ltr' id='par_1_44' title="bbox 1836 1549 3418 1635">
     <span class='ocr_line' id='line_1_44' title="bbox 1836 1549 3418 1635; baseline 0.008 -31"><span class='ocrx_word' id='word_1_327' title='bbox 1836 1549 2068 1617; x_wconf 66' lang='lat' dir='ltr'><strong>Factum,</strong></span> <span class='ocrx_word' id='word_1_328' title='bbox 2121 1569 2215 1608; x_wconf 84' lang='lat' dir='ltr'><strong>eos</strong></span> <span class='ocrx_word' id='word_1_329' title='bbox 2266 1556 2333 1608; x_wconf 92' lang='lat' dir='ltr'><strong>ad</strong></span> <span class='ocrx_word' id='word_1_330' title='bbox 2382 1555 2669 1611; x_wconf 88' lang='lat' dir='ltr'><strong>ecclesiam</strong></span> <span class='ocrx_word' id='word_1_331' title='bbox 2699 1558 2782 1635; x_wconf 84' lang='lat' dir='ltr'><strong>ire</strong></span> <span class='ocrx_word' id='word_1_332' title='bbox 2818 1561 3121 1619; x_wconf 72' lang='lat' dir='ltr'><strong>convenit:</strong></span> <span class='ocrx_word' id='word_1_333' title='bbox 3154 1574 3418 1631; x_wconf 81' lang='lat' dir='ltr'><strong>excepto,</strong></span> 
     </span>
    </p>
   </div>
   <div class='ocr_carea' id='block_1_45' title="bbox 1832 1643 3417 1720">
    <p class='ocr_par' dir='ltr' id='par_1_45' title="bbox 1832 1643 3417 1720">
     <span class='ocr_line' id='line_1_45' title="bbox 1832 1643 3417 1720; baseline 0.006 -22"><span class='ocrx_word' id='word_1_334' title='bbox 1832 1643 1878 1698; x_wconf 91' lang='lat' dir='ltr'><strong>si</strong></span> <span class='ocrx_word' id='word_1_335' title='bbox 1909 1643 2120 1714; x_wconf 83' lang='lat' dir='ltr'><strong>aliquos</strong></span> <span class='ocrx_word' id='word_1_336' title='bbox 2161 1647 2394 1702; x_wconf 90' lang='lat' dir='ltr'><strong>novitios</strong></span> <span class='ocrx_word' id='word_1_337' title='bbox 2445 1649 2727 1704; x_wconf 85' lang='lat' dir='ltr'><strong>venientes</strong></span> <span class='ocrx_word' id='word_1_338' title='bbox 2776 1650 2905 1720; x_wconf 89' lang='lat' dir='ltr'><strong>quid</strong></span> <span class='ocrx_word' id='word_1_339' title='bbox 2940 1646 3068 1705; x_wconf 81' lang='lat' dir='ltr'><strong>v&#39;elit</strong></span> <span class='ocrx_word' id='word_1_340' title='bbox 3109 1653 3324 1709; x_wconf 77' lang='lat' dir='ltr'><strong>docere.</strong></span> <span class='ocrx_word' id='word_1_341' title='bbox 3358 1654 3417 1708; x_wconf 92' lang='lat' dir='ltr'><strong>Si</strong></span> 
     </span>
    </p>
   </div>
   <div class='ocr_carea' id='block_1_46' title="bbox 1833 1736 3418 1811">
    <p class='ocr_par' dir='ltr' id='par_1_46' title="bbox 1833 1736 3418 1811">
     <span class='ocr_line' id='line_1_46' title="bbox 1833 1736 3418 1811; baseline 0.008 -23"><span class='ocrx_word' id='word_1_342' title='bbox 1833 1750 1963 1790; x_wconf 88' lang='lat' dir='ltr'><strong>vero</strong></span> <span class='ocrx_word' id='word_1_343' title='bbox 1994 1738 2061 1790; x_wconf 91' lang='lat' dir='ltr'><strong>ad</strong></span> <span class='ocrx_word' id='word_1_344' title='bbox 2093 1736 2327 1793; x_wconf 76' lang='lat' dir='ltr'><strong>alliciunt</strong></span> <span class='ocrx_word' id='word_1_345' title='bbox 2377 1738 2785 1808; x_wconf 80' lang='lat' dir='ltr'><strong>defunctorum,</strong></span> <span class='ocrx_word' id='word_1_346' title='bbox 2814 1741 2897 1797; x_wconf 89' lang='lat' dir='ltr'><strong>vel</strong></span> <span class='ocrx_word' id='word_1_347' title='bbox 2943 1744 3011 1798; x_wconf 83' lang='lat' dir='ltr'><strong>ad</strong></span> <span class='ocrx_word' id='word_1_348' title='bbox 3048 1742 3217 1799; x_wconf 74' lang='lat' dir='ltr'><strong>Verba</strong></span> <span class='ocrx_word' id='word_1_349' title='bbox 3271 1760 3418 1811; x_wconf 83' lang='lat' dir='ltr'><strong>mea,</strong></span> 
     </span>
    </p>
   </div>
   <div class='ocr_carea' id='block_1_47' title="bbox 1833 1829 3416 1905">
    <p class='ocr_par' dir='ltr' id='par_1_47' title="bbox 1833 1829 3416 1905">
     <span class='ocr_line' id='line_1_47' title="bbox 1833 1829 3416 1905; baseline 0.007 -25"><span class='ocrx_word' id='word_1_350' title='bbox 1833 1836 1955 1897; x_wconf 90' lang='lat' dir='ltr'><strong>post</strong></span> <span class='ocrx_word' id='word_1_351' title='bbox 1981 1829 2275 1898; x_wconf 78' lang='lat' dir='ltr'><strong>capitulum</strong></span> <span class='ocrx_word' id='word_1_352' title='bbox 2309 1830 2544 1900; x_wconf 83' lang='lat' dir='ltr'><strong>pulsatio</strong></span> <span class='ocrx_word' id='word_1_353' title='bbox 2570 1832 2850 1903; x_wconf 73' lang='lat' dir='ltr'><strong>signorum</strong></span> <span class='ocrx_word' id='word_1_354' title='bbox 2883 1842 3013 1889; x_wconf 91' lang='lat' dir='ltr'><strong>tunc</strong></span> <span class='ocrx_word' id='word_1_355' title='bbox 3043 1836 3197 1905; x_wconf 89' lang='lat' dir='ltr'><strong>sequi</strong></span> <span class='ocrx_word' id='word_1_356' title='bbox 3224 1835 3416 1903; x_wconf 84' lang='lat' dir='ltr'><strong>debet,</strong></span> 
     </span>
    </p>
   </div>
   <div class='ocr_carea' id='block_1_48' title="bbox 1834 1920 3424 1992">
    <p class='ocr_par' dir='ltr' id='par_1_48' title="bbox 1834 1920 3424 1992">
     <span class='ocr_line' id='line_1_48' title="bbox 1834 1920 3424 1992; baseline 0.007 -18"><span class='ocrx_word' id='word_1_357' title='bbox 1834 1920 2012 1992; x_wconf 85' lang='lat' dir='ltr'><strong>nullus</strong></span> <span class='ocrx_word' id='word_1_358' title='bbox 2054 1937 2243 1975; x_wconf 87' lang='lat' dir='ltr'><strong>eorum</strong></span> <span class='ocrx_word' id='word_1_359' title='bbox 2295 1922 2364 1977; x_wconf 86' lang='lat' dir='ltr'><strong>ibi</strong></span> <span class='ocrx_word' id='word_1_360' title='bbox 2393 1936 2655 1981; x_wconf 80' lang='lat' dir='ltr'><strong>remanet.</strong></span> <span class='ocrx_word' id='word_1_361' title='bbox 2683 1925 2790 1992; x_wconf 78' lang='lat' dir='ltr'><strong>Qui</strong></span> <span class='ocrx_word' id='word_1_362' title='bbox 2827 1928 3059 1984; x_wconf 74' lang='lat' dir='ltr'><strong>ttovitius</strong></span> <span class='ocrx_word' id='word_1_363' title='bbox 3082 1929 3154 1983; x_wconf 77' lang='lat' dir='ltr'><strong>ad</strong></span> <span class='ocrx_word' id='word_1_364' title='bbox 3194 1945 3424 1985; x_wconf 86' lang='lat' dir='ltr'><strong>conver-</strong></span> 
     </span>
    </p>
   </div>
   <div class='ocr_carea' id='block_1_49' title="bbox 1832 2011 3418 2091">
    <p class='ocr_par' dir='ltr' id='par_1_49' title="bbox 1832 2011 3418 2091">
     <span class='ocr_line' id='line_1_49' title="bbox 1832 2011 3418 2091; baseline 0.008 -26"><span class='ocrx_word' id='word_1_365' title='bbox 1832 2011 2038 2067; x_wconf 81' lang='lat' dir='ltr'><strong>sionem</strong></span> <span class='ocrx_word' id='word_1_366' title='bbox 2071 2016 2257 2081; x_wconf 91' lang='lat' dir='ltr'><strong>venit,</strong></span> <span class='ocrx_word' id='word_1_367' title='bbox 2290 2017 2451 2073; x_wconf 88' lang='lat' dir='ltr'><strong>alicui</strong></span> <span class='ocrx_word' id='word_1_368' title='bbox 2494 2020 2630 2073; x_wconf 88' lang='lat' dir='ltr'><strong>bene</strong></span> <span class='ocrx_word' id='word_1_369' title='bbox 2656 2020 2958 2075; x_wconf 77' lang='lat' dir='ltr'><strong>exercitato</strong></span> <span class='ocrx_word' id='word_1_370' title='bbox 2986 2022 3418 2091; x_wconf 75' lang='lat' dir='ltr'><strong>commendatur,</strong></span> 
     </span>
    </p>
   </div>
   <div class='ocr_carea' id='block_1_50' title="bbox 1832 2106 3417 2182">
    <p class='ocr_par' dir='ltr' id='par_1_50' title="bbox 1832 2106 3417 2182">
     <span class='ocr_line' id='line_1_50' title="bbox 1832 2106 3417 2182; baseline 0.005 -23"><span class='ocrx_word' id='word_1_371' title='bbox 1832 2106 1923 2175; x_wconf 89' lang='lat' dir='ltr'><strong>qui</strong></span> <span class='ocrx_word' id='word_1_372' title='bbox 1976 2107 2282 2179; x_wconf 89' lang='lat' dir='ltr'><strong>ubicunque</strong></span> <span class='ocrx_word' id='word_1_373' title='bbox 2328 2111 2564 2180; x_wconf 89' lang='lat' dir='ltr'><strong>poterit,</strong></span> <span class='ocrx_word' id='word_1_374' title='bbox 2629 2126 2813 2165; x_wconf 89' lang='lat' dir='ltr'><strong>curam</strong></span> <span class='ocrx_word' id='word_1_375' title='bbox 2859 2111 2977 2179; x_wconf 88' lang='lat' dir='ltr'><strong>ejus</strong></span> <span class='ocrx_word' id='word_1_376' title='bbox 3023 2119 3202 2182; x_wconf 76' lang='lat' dir='ltr'><strong>gerat,</strong></span> <span class='ocrx_word' id='word_1_377' title='bbox 3256 2123 3313 2167; x_wconf 91' lang='lat' dir='ltr'><strong>et</strong></span> <span class='ocrx_word' id='word_1_378' title='bbox 3363 2115 3417 2168; x_wconf 90' lang='lat' dir='ltr'><strong>in</strong></span> 
     </span>
    </p>
   </div>
   <div class='ocr_carea' id='block_1_51' title="bbox 1832 2195 3419 2266">
    <p class='ocr_par' dir='ltr' id='par_1_51' title="bbox 1832 2195 3419 2266">
     <span class='ocr_line' id='line_1_51' title="bbox 1832 2195 3419 2266; baseline 0.006 -17"><span class='ocrx_word' id='word_1_379' title='bbox 1832 2195 2063 2250; x_wconf 85' lang='lat' dir='ltr'><strong>ecclesia</strong></span> <span class='ocrx_word' id='word_1_380' title='bbox 2109 2196 2262 2266; x_wconf 83' lang='lat' dir='ltr'><strong>juxta</strong></span> <span class='ocrx_word' id='word_1_381' title='bbox 2314 2214 2437 2254; x_wconf 89' lang='lat' dir='ltr'><strong>eum</strong></span> <span class='ocrx_word' id='word_1_382' title='bbox 2492 2202 2798 2255; x_wconf 86' lang='lat' dir='ltr'><strong>orationem</strong></span> <span class='ocrx_word' id='word_1_383' title='bbox 2854 2199 3038 2256; x_wconf 86' lang='lat' dir='ltr'><strong>faciat.</strong></span> <span class='ocrx_word' id='word_1_384' title='bbox 3103 2201 3207 2257; x_wconf 79' lang='lat' dir='ltr'><strong>Per</strong></span> <span class='ocrx_word' id='word_1_385' title='bbox 3256 2216 3419 2259; x_wconf 87' lang='lat' dir='ltr'><strong>omne</strong></span> 
     </span>
    </p>
   </div>
   <div class='ocr_carea' id='block_1_52' title="bbox 1833 2290 3422 2365">
    <p class='ocr_par' dir='ltr' id='par_1_52' title="bbox 1833 2290 3422 2365">
     <span class='ocr_line' id='line_1_52' title="bbox 1833 2290 3422 2365; baseline 0.007 -25"><span class='ocrx_word' id='word_1_386' title='bbox 1833 2295 2072 2359; x_wconf 85' lang='lat' dir='ltr'><strong>tempus,</strong></span> <span class='ocrx_word' id='word_1_387' title='bbox 2127 2305 2237 2359; x_wconf 89' lang='lat' dir='ltr'><strong>quo</strong></span> <span class='ocrx_word' id='word_1_388' title='bbox 2289 2290 2341 2343; x_wconf 90' lang='lat' dir='ltr'><strong>in</strong></span> <span class='ocrx_word' id='word_1_389' title='bbox 2392 2292 2582 2345; x_wconf 89' lang='lat' dir='ltr'><strong>eadem</strong></span> <span class='ocrx_word' id='word_1_390' title='bbox 2633 2290 2769 2346; x_wconf 80' lang='lat' dir='ltr'><strong>cella</strong></span> <span class='ocrx_word' id='word_1_391' title='bbox 2806 2293 3146 2359; x_wconf 73' lang='lat' dir='ltr'><strong>consistunt,</strong></span> <span class='ocrx_word' id='word_1_392' title='bbox 3190 2303 3422 2365; x_wconf 71' lang='lat' dir='ltr'><strong>excepto</strong></span> 
     </span>
    </p>
   </div>
   <div class='ocr_carea' id='block_1_53' title="bbox 1831 2379 3422 2457">
    <p class='ocr_par' dir='ltr' id='par_1_53' title="bbox 1831 2379 3422 2457">
     <span class='ocr_line' id='line_1_53' title="bbox 1831 2379 3422 2457; baseline 0.006 -24"><span class='ocrx_word' id='word_1_393' title='bbox 1831 2388 1957 2434; x_wconf 85' lang='lat' dir='ltr'><strong>ante</strong></span> <span class='ocrx_word' id='word_1_394' title='bbox 2002 2379 2143 2445; x_wconf 89' lang='lat' dir='ltr'><strong>diem</strong></span> <span class='ocrx_word' id='word_1_395' title='bbox 2193 2380 2549 2451; x_wconf 71' lang='lat' dir='ltr'><strong>professionis</strong></span> <span class='ocrx_word' id='word_1_396' title='bbox 2595 2398 2739 2450; x_wconf 64' lang='lat' dir='ltr'><strong>sure,</strong></span> <span class='ocrx_word' id='word_1_397' title='bbox 2785 2385 2991 2454; x_wconf 82' lang='lat' dir='ltr'><strong>absque</strong></span> <span class='ocrx_word' id='word_1_398' title='bbox 3036 2387 3150 2457; x_wconf 70' lang='lat'><strong>(50)</strong></span> <span class='ocrx_word' id='word_1_399' title='bbox 3206 2386 3422 2457; x_wconf 85' lang='lat' dir='ltr'><strong>capitiis</strong></span> 
     </span>
    </p>
   </div>
   <div class='ocr_carea' id='block_1_54' title="bbox 1830 2467 3422 2546">
    <p class='ocr_par' dir='ltr' id='par_1_54' title="bbox 1830 2467 3422 2546">
     <span class='ocr_line' id='line_1_54' title="bbox 1830 2467 3422 2546; baseline 0.007 -22"><span class='ocrx_word' id='word_1_400' title='bbox 1830 2467 2108 2543; x_wconf 66' lang='lat' dir='ltr'><strong>lcapntiis]</strong></span> <span class='ocrx_word' id='word_1_401' title='bbox 2142 2471 2418 2528; x_wconf 88' lang='lat' dir='ltr'><strong>incedunt.</strong></span> <span class='ocrx_word' id='word_1_402' title='bbox 2470 2472 2790 2546; x_wconf 82' lang='lat' dir='ltr'><strong>Quicunque</strong></span> <span class='ocrx_word' id='word_1_403' title='bbox 2835 2476 2977 2532; x_wconf 90' lang='lat' dir='ltr'><strong>inter</strong></span> <span class='ocrx_word' id='word_1_404' title='bbox 3021 2493 3117 2533; x_wconf 87' lang='lat' dir='ltr'><strong>eos</strong></span> <span class='ocrx_word' id='word_1_405' title='bbox 3147 2478 3324 2535; x_wconf 84' lang='lat' dir='ltr'><strong>idonei</strong></span> <span class='ocrx_word' id='word_1_406' title='bbox 3350 2479 3422 2535; x_wconf 87' lang='lat' dir='ltr'><strong>ad</strong></span> 
     </span>
    </p>
   </div>
   <div class='ocr_carea' id='block_1_55' title="bbox 1832 2562 3420 2634">
    <p class='ocr_par' dir='ltr' id='par_1_55' title="bbox 1832 2562 3420 2634">
     <span class='ocr_line' id='line_1_55' title="bbox 1832 2562 3420 2634; baseline 0.006 -16"><span class='ocrx_word' id='word_1_407' title='bbox 1832 2562 1936 2618; x_wconf 86' lang='lat' dir='ltr'><strong>hoc</strong></span> <span class='ocrx_word' id='word_1_408' title='bbox 1988 2563 2261 2631; x_wconf 90' lang='lat' dir='ltr'><strong>videntur,</strong></span> <span class='ocrx_word' id='word_1_409' title='bbox 2315 2567 2526 2623; x_wconf 88' lang='lat' dir='ltr'><strong>custodi</strong></span> <span class='ocrx_word' id='word_1_410' title='bbox 2595 2568 2870 2634; x_wconf 61' lang='lat' dir='ltr'><strong>ecclesia},</strong></span> <span class='ocrx_word' id='word_1_411' title='bbox 2928 2570 3013 2626; x_wconf 89' lang='lat' dir='ltr'><strong>vel</strong></span> <span class='ocrx_word' id='word_1_412' title='bbox 3070 2570 3420 2627; x_wconf 77' lang='lat' dir='ltr'><strong>refectoranio</strong></span> 
     </span>
    </p>
   </div>
   <div class='ocr_carea' id='block_1_56' title="bbox 1831 2654 3421 2734">
    <p class='ocr_par' dir='ltr' id='par_1_56' title="bbox 1831 2654 3421 2734">
     <span class='ocr_line' id='line_1_56' title="bbox 1831 2654 3421 2734; baseline 0.009 -26"><span class='ocrx_word' id='word_1_413' title='bbox 1831 2654 2107 2723; x_wconf 82' lang='lat' dir='ltr'><strong>adjutores</strong></span> <span class='ocrx_word' id='word_1_414' title='bbox 2148 2674 2177 2712; x_wconf 89' lang='lat' dir='ltr'><strong>a</strong></span> <span class='ocrx_word' id='word_1_415' title='bbox 2229 2660 2409 2729; x_wconf 89' lang='lat' dir='ltr'><strong>priore</strong></span> <span class='ocrx_word' id='word_1_416' title='bbox 2441 2662 2804 2732; x_wconf 80' lang='lat' dir='ltr'><strong>deputantur;</strong></span> <span class='ocrx_word' id='word_1_417' title='bbox 2858 2662 2952 2720; x_wconf 90' lang='lat' dir='ltr'><strong>sed</strong></span> <span class='ocrx_word' id='word_1_418' title='bbox 3004 2672 3183 2720; x_wconf 88' lang='lat' dir='ltr'><strong>tamen</strong></span> <span class='ocrx_word' id='word_1_419' title='bbox 3214 2666 3421 2734; x_wconf 87' lang='lat' dir='ltr'><strong>absque</strong></span> 
     </span>
    </p>
   </div>
   <div class='ocr_carea' id='block_1_57' title="bbox 1830 2749 3419 2820">
    <p class='ocr_par' dir='ltr' id='par_1_57' title="bbox 1830 2749 3419 2820">
     <span class='ocr_line' id='line_1_57' title="bbox 1830 2749 3419 2820; baseline 0.008 -20"><span class='ocrx_word' id='word_1_420' title='bbox 1830 2749 1948 2819; x_wconf 87' lang='lat' dir='ltr'><strong>ejus</strong></span> <span class='ocrx_word' id='word_1_421' title='bbox 1999 2750 2266 2820; x_wconf 89' lang='lat' dir='ltr'><strong>permissu</strong></span> <span class='ocrx_word' id='word_1_422' title='bbox 2322 2755 2638 2810; x_wconf 87' lang='lat' dir='ltr'><strong>sacerdotes</strong></span> <span class='ocrx_word' id='word_1_423' title='bbox 2693 2755 2763 2810; x_wconf 91' lang='lat' dir='ltr'><strong>ad</strong></span> <span class='ocrx_word' id='word_1_424' title='bbox 2823 2754 3178 2813; x_wconf 86' lang='lat' dir='ltr'><strong>celebrandas</strong></span> <span class='ocrx_word' id='word_1_425' title='bbox 3222 2758 3419 2813; x_wconf 85' lang='lat' dir='ltr'><strong>missas</strong></span> 
     </span>
    </p>
   </div>
   <div class='ocr_carea' id='block_1_58' title="bbox 1832 2838 3418 2916">
    <p class='ocr_par' dir='ltr' id='par_1_58' title="bbox 1832 2838 3418 2916">
     <span class='ocr_line' id='line_1_58' title="bbox 1832 2838 3418 2916; baseline 0.007 -24"><span class='ocrx_word' id='word_1_426' title='bbox 1832 2838 2090 2908; x_wconf 76' lang='lat' dir='ltr'><strong>adjuvare</strong></span> <span class='ocrx_word' id='word_1_427' title='bbox 2118 2853 2364 2912; x_wconf 90' lang='lat' dir='ltr'><strong>possunt.</strong></span> <span class='ocrx_word' id='word_1_428' title='bbox 2393 2845 2473 2899; x_wconf 87' lang='lat' dir='ltr'><strong>Ad</strong></span> <span class='ocrx_word' id='word_1_429' title='bbox 2501 2845 2791 2916; x_wconf 76' lang='lat' dir='ltr'><strong>coquinum</strong></span> <span class='ocrx_word' id='word_1_430' title='bbox 2814 2855 2872 2902; x_wconf 89' lang='lat' dir='ltr'><strong>et</strong></span> <span class='ocrx_word' id='word_1_431' title='bbox 2896 2846 3075 2902; x_wconf 86' lang='lat' dir='ltr'><strong>lumen</strong></span> <span class='ocrx_word' id='word_1_432' title='bbox 3102 2847 3156 2902; x_wconf 89' lang='lat' dir='ltr'><strong>in</strong></span> <span class='ocrx_word' id='word_1_433' title='bbox 3187 2847 3418 2904; x_wconf 79' lang='lat' dir='ltr'><strong>ecclesia</strong></span> 
     </span>
    </p>
   </div>
   <div class='ocr_carea' id='block_1_59' title="bbox 1832 2929 3417 3007">
    <p class='ocr_par' dir='ltr' id='par_1_59' title="bbox 1832 2929 3417 3007">
     <span class='ocr_line' id='line_1_59' title="bbox 1832 2929 3417 3007; baseline 0.006 -22"><span class='ocrx_word' id='word_1_434' title='bbox 1832 2929 2227 3000; x_wconf 87' lang='lat' dir='ltr'><strong>deportandum</strong></span> <span class='ocrx_word' id='word_1_435' title='bbox 2249 2975 2264 2999; x_wconf 93' lang='lat'><strong>,</strong></span> <span class='ocrx_word' id='word_1_436' title='bbox 2294 2936 2361 2990; x_wconf 82' lang='lat' dir='ltr'><strong>ab</strong></span> <span class='ocrx_word' id='word_1_437' title='bbox 2386 2937 2627 3007; x_wconf 88' lang='lat' dir='ltr'><strong>armario</strong></span> <span class='ocrx_word' id='word_1_438' title='bbox 2658 2952 2782 2992; x_wconf 87' lang='lat' dir='ltr'><strong>cum</strong></span> <span class='ocrx_word' id='word_1_439' title='bbox 2813 2937 2936 2993; x_wconf 89' lang='lat' dir='ltr'><strong>aliis</strong></span> <span class='ocrx_word' id='word_1_440' title='bbox 2958 2946 3220 2995; x_wconf 85' lang='lat' dir='ltr'><strong>notantur</strong></span> <span class='ocrx_word' id='word_1_441' title='bbox 3243 2953 3267 2999; x_wconf 64' lang='grc' dir='ltr'><strong>ι</strong></span> <span class='ocrx_word' id='word_1_442' title='bbox 3291 2955 3417 2996; x_wconf 83' lang='lat' dir='ltr'><strong>nant</strong></span> 
     </span>
    </p>
   </div>
   <div class='ocr_carea' id='block_1_60' title="bbox 1829 3021 3409 3103">
    <p class='ocr_par' dir='ltr' id='par_1_60' title="bbox 1829 3021 3409 3103">
     <span class='ocr_line' id='line_1_60' title="bbox 1829 3021 3409 3103; baseline 0.007 -27"><span class='ocrx_word' id='word_1_443' title='bbox 1829 3021 1879 3077; x_wconf 88' lang='lat' dir='ltr'><strong>ei</strong></span> <span class='ocrx_word' id='word_1_444' title='bbox 1931 3022 2144 3079; x_wconf 80' lang='lat' dir='ltr'><strong>illorum</strong></span> <span class='ocrx_word' id='word_1_445' title='bbox 2192 3028 2411 3083; x_wconf 82' lang='lat' dir='ltr'><strong>nomina</strong></span> <span class='ocrx_word' id='word_1_446' title='bbox 2440 3044 2469 3081; x_wconf 90' lang='lat' dir='ltr'><strong>a</strong></span> <span class='ocrx_word' id='word_1_447' title='bbox 2494 3029 2719 3100; x_wconf 65' lang='lat' dir='ltr'><strong>praefato</strong></span> <span class='ocrx_word' id='word_1_448' title='bbox 2756 3031 3018 3102; x_wconf 78' lang='lat' dir='ltr'><strong>magistro</strong></span> <span class='ocrx_word' id='word_1_449' title='bbox 3042 3033 3254 3102; x_wconf 86' lang='lat' dir='ltr'><strong>pridem</strong></span> <span class='ocrx_word' id='word_1_450' title='bbox 3284 3048 3409 3103; x_wconf 82' lang='lat' dir='ltr'><strong>per-</strong></span> 
     </span>
    </p>
   </div>
   <div class='ocr_carea' id='block_1_61' title="bbox 171 3116 3421 3220">
    <p class='ocr_par' dir='ltr' id='par_1_61' title="bbox 171 3116 3421 3220">
     <span class='ocr_line' id='line_1_61' title="bbox 171 3116 3421 3220; baseline 0.009 -43"><span class='ocrx_word' id='word_1_451' title='bbox 171 3140 349 3197; x_wconf 71' lang='lat' dir='ltr'><strong>tuagnze</strong></span> <span class='ocrx_word' id='word_1_452' title='bbox 378 3134 764 3190; x_wconf 66' lang='lat' dir='ltr'><strong>aestimationis</strong></span> <span class='ocrx_word' id='word_1_453' title='bbox 794 3135 1037 3207; x_wconf 89' lang='lat' dir='ltr'><strong>hospites</strong></span> <span class='ocrx_word' id='word_1_454' title='bbox 1059 3151 1156 3207; x_wconf 89' lang='lat' dir='ltr'><strong>pro</strong></span> <span class='ocrx_word' id='word_1_455' title='bbox 1183 3135 1526 3194; x_wconf 77' lang='lat' dir='ltr'><strong>fraternitate</strong></span> <span class='ocrx_word' id='word_1_456' title='bbox 1553 3139 1729 3195; x_wconf 82' lang='lat' dir='ltr'><strong>susci-</strong></span> <span class='ocrx_word' id='word_1_457' title='bbox 1750 3152 1803 3220; x_wconf 71' lang='grc' dir='ltr'>ο</span> <span class='ocrx_word' id='word_1_458' title='bbox 1832 3116 2034 3187; x_wconf 59' lang='lat' dir='ltr'><strong>scrip”</strong></span> <span class='ocrx_word' id='word_1_459' title='bbox 2052 3119 2540 3220; x_wconf 50' lang='grc' dir='ltr'><strong>Ρηδῗηωδίξξξιυνν</strong></span> <span class='ocrx_word' id='word_1_460' title='bbox 2555 3120 2675 3220; x_wconf 54' lang='grc' dir='ltr'><strong>ίῇδίξ</strong></span> <span class='ocrx_word' id='word_1_461' title='bbox 2689 3137 2904 3220; x_wconf 61' lang='grc' dir='ltr'><strong>Ψ¹⁰ίξ¹¹θ</strong></span> <span class='ocrx_word' id='word_1_462' title='bbox 2919 3125 3178 3220; x_wconf 55' lang='lat' dir='ltr'><strong>m‘fgis‘e&#39;</strong></span> <span class='ocrx_word' id='word_1_463' title='bbox 3196 3125 3421 3220; x_wconf 36' lang='lat' dir='ltr'><strong>insin“?</strong></span> 
     </span>
    </p>
   </div>
   <div class='ocr_carea' id='block_1_62' title="bbox 169 3216 1729 3301">
    <p class='ocr_par' dir='ltr' id='par_1_62' title="bbox 169 3216 1729 3301">
     <span class='ocr_line' id='line_1_62' title="bbox 169 3216 1729 3301; baseline 0.012 -32"><span class='ocrx_word' id='word_1_464' title='bbox 169 3216 337 3283; x_wconf 85' lang='lat' dir='ltr'><strong>pieuda</strong></span> <span class='ocrx_word' id='word_1_465' title='bbox 376 3223 501 3280; x_wconf 89' lang='lat' dir='ltr'><strong>illuc</strong></span> <span class='ocrx_word' id='word_1_466' title='bbox 544 3226 842 3296; x_wconf 86' lang='lat' dir='ltr'><strong>aliquando</strong></span> <span class='ocrx_word' id='word_1_467' title='bbox 881 3238 1007 3282; x_wconf 90' lang='lat' dir='ltr'><strong>sunt</strong></span> <span class='ocrx_word' id='word_1_468' title='bbox 1052 3227 1318 3294; x_wconf 77' lang='lat' dir='ltr'><strong>ducendi,</strong></span> <span class='ocrx_word' id='word_1_469' title='bbox 1363 3239 1587 3301; x_wconf 80' lang='lat' dir='ltr'><strong>propter</strong></span> <span class='ocrx_word' id='word_1_470' title='bbox 1634 3245 1729 3288; x_wconf 86' lang='lat' dir='ltr'><strong>eos</strong></span> 
     </span>
    </p>
   </div>
   <div class='ocr_carea' id='block_1_63' title="bbox 168 3310 1730 3395">
    <p class='ocr_par' dir='ltr' id='par_1_63' title="bbox 168 3310 1730 3395">
     <span class='ocr_line' id='line_1_63' title="bbox 168 3310 1730 3395; baseline 0.013 -36"><span class='ocrx_word' id='word_1_471' title='bbox 168 3310 471 3370; x_wconf 79' lang='lat' dir='ltr'><strong>advocamur</strong></span> <span class='ocrx_word' id='word_1_472' title='bbox 513 3318 568 3371; x_wconf 85' lang='lat' dir='ltr'><strong>in</strong></span> <span class='ocrx_word' id='word_1_473' title='bbox 611 3316 716 3373; x_wconf 85' lang='lat' dir='ltr'><strong>line</strong></span> <span class='ocrx_word' id='word_1_474' title='bbox 751 3318 999 3389; x_wconf 88' lang='lat' dir='ltr'><strong>capituli.</strong></span> <span class='ocrx_word' id='word_1_475' title='bbox 1048 3316 1113 3374; x_wconf 85' lang='lat' dir='ltr'><strong>Et</strong></span> <span class='ocrx_word' id='word_1_476' title='bbox 1153 3330 1445 3391; x_wconf 78' lang='lat' dir='ltr'><strong>postquam</strong></span> <span class='ocrx_word' id='word_1_477' title='bbox 1486 3322 1730 3395; x_wconf 85' lang='lat' dir='ltr'><strong>hospites</strong></span> 
     </span>
    </p>
   </div>
   <div class='ocr_carea' id='block_1_64' title="bbox 169 3400 1729 3483">
    <p class='ocr_par' dir='ltr' id='par_1_64' title="bbox 169 3400 1729 3483">
     <span class='ocr_line' id='line_1_64' title="bbox 169 3400 1729 3483; baseline 0.01 -29"><span class='ocrx_word' id='word_1_478' title='bbox 169 3400 227 3468; x_wconf 93' lang='lat' dir='ltr'><strong>(si</strong></span> <span class='ocrx_word' id='word_1_479' title='bbox 256 3406 419 3463; x_wconf 83' lang='lat' dir='ltr'><strong>tamen</strong></span> <span class='ocrx_word' id='word_1_480' title='bbox 463 3419 595 3464; x_wconf 88' lang='lat' dir='ltr'><strong>sunt</strong></span> <span class='ocrx_word' id='word_1_481' title='bbox 642 3410 827 3467; x_wconf 75' lang='lat' dir='ltr'><strong>clerici</strong></span> <span class='ocrx_word' id='word_1_482' title='bbox 876 3412 961 3466; x_wconf 89' lang='lat' dir='ltr'><strong>vel</strong></span> <span class='ocrx_word' id='word_1_483' title='bbox 1008 3412 1157 3483; x_wconf 83' lang='lat' dir='ltr'><strong>laici)</strong></span> <span class='ocrx_word' id='word_1_484' title='bbox 1208 3413 1334 3469; x_wconf 84' lang='lat' dir='ltr'><strong>inde</strong></span> <span class='ocrx_word' id='word_1_485' title='bbox 1372 3402 1729 3483; x_wconf 86' lang='lat' dir='ltr'><strong>deducantur,</strong></span> 
     </span>
    </p>
   </div>
   <div class='ocr_carea' id='block_1_65' title="bbox 174 3489 1730 3575">
    <p class='ocr_par' dir='ltr' id='par_1_65' title="bbox 174 3489 1730 3575">
     <span class='ocr_line' id='line_1_65' title="bbox 174 3489 1730 3575; baseline 0.012 -31"><span class='ocrx_word' id='word_1_486' title='bbox 174 3489 376 3565; x_wconf 75' lang='lat' dir='ltr'><strong>iuctnpta</strong></span> <span class='ocrx_word' id='word_1_487' title='bbox 404 3500 704 3569; x_wconf 85' lang='lat' dir='ltr'><strong>psalmodia</strong></span> <span class='ocrx_word' id='word_1_488' title='bbox 729 3543 743 3567; x_wconf 93' lang='lat'><strong>,</strong></span> <span class='ocrx_word' id='word_1_489' title='bbox 789 3500 955 3557; x_wconf 80' lang='lat' dir='ltr'><strong>Verba</strong></span> <span class='ocrx_word' id='word_1_490' title='bbox 994 3520 1138 3571; x_wconf 81' lang='lat' dir='ltr'><strong>meo,</strong></span> <span class='ocrx_word' id='word_1_491' title='bbox 1173 3504 1271 3575; x_wconf 81' lang='lat' dir='ltr'><strong>ipsi</strong></span> <span class='ocrx_word' id='word_1_492' title='bbox 1302 3522 1425 3561; x_wconf 89' lang='lat' dir='ltr'><strong>cum</strong></span> <span class='ocrx_word' id='word_1_493' title='bbox 1464 3520 1730 3563; x_wconf 73' lang='lat' dir='ltr'><strong>contentu</strong></span> 
     </span>
    </p>
   </div>
   <div class='ocr_carea' id='block_1_66' title="bbox 171 3589 1733 3668">
    <p class='ocr_par' dir='ltr' id='par_1_66' title="bbox 171 3589 1733 3668">
     <span class='ocr_line' id='line_1_66' title="bbox 171 3589 1733 3668; baseline 0.012 -33"><span class='ocrx_word' id='word_1_494' title='bbox 171 3589 488 3655; x_wconf 73' lang='lat' dir='ltr'><strong>egrediuntur</strong></span> <span class='ocrx_word' id='word_1_495' title='bbox 564 3592 720 3660; x_wconf 86' lang='lat' dir='ltr'><strong>Quod</strong></span> <span class='ocrx_word' id='word_1_496' title='bbox 773 3611 881 3649; x_wconf 88' lang='lat' dir='ltr'><strong>non</strong></span> <span class='ocrx_word' id='word_1_497' title='bbox 920 3596 1067 3663; x_wconf 91' lang='lat' dir='ltr'><strong>erit,</strong></span> <span class='ocrx_word' id='word_1_498' title='bbox 1115 3598 1335 3668; x_wconf 84' lang='lat' dir='ltr'><strong>quando</strong></span> <span class='ocrx_word' id='word_1_499' title='bbox 1361 3609 1486 3668; x_wconf 86' lang='lat' dir='ltr'><strong>post</strong></span> <span class='ocrx_word' id='word_1_500' title='bbox 1518 3600 1733 3668; x_wconf 90' lang='lat' dir='ltr'><strong>capitu-</strong></span> 
     </span>
    </p>
   </div>
   <div class='ocr_carea' id='block_1_67' title="bbox 172 3673 1733 3760">
    <p class='ocr_par' dir='ltr' id='par_1_67' title="bbox 172 3673 1733 3760">
     <span class='ocr_line' id='line_1_67' title="bbox 172 3673 1733 3760; baseline 0.013 -35"><span class='ocrx_word' id='word_1_501' title='bbox 172 3673 264 3730; x_wconf 88' lang='lat' dir='ltr'><strong>lum</strong></span> <span class='ocrx_word' id='word_1_502' title='bbox 299 3678 402 3751; x_wconf 74' lang='lat'><strong>(28)</strong></span> <span class='ocrx_word' id='word_1_503' title='bbox 437 3684 681 3740; x_wconf 79' lang='lat' dir='ltr'><strong>tabulam</strong></span> <span class='ocrx_word' id='word_1_504' title='bbox 711 3687 939 3741; x_wconf 88' lang='lat' dir='ltr'><strong>audiunt</strong></span> <span class='ocrx_word' id='word_1_505' title='bbox 963 3729 979 3752; x_wconf 94' lang='lat'><strong>,</strong></span> <span class='ocrx_word' id='word_1_506' title='bbox 1006 3688 1088 3743; x_wconf 88' lang='lat' dir='ltr'><strong>vel</strong></span> <span class='ocrx_word' id='word_1_507' title='bbox 1121 3689 1480 3760; x_wconf 86' lang='lat' dir='ltr'><strong>pulsatiouem</strong></span> <span class='ocrx_word' id='word_1_508' title='bbox 1520 3691 1586 3746; x_wconf 89' lang='lat' dir='ltr'><strong>ad</strong></span> <span class='ocrx_word' id='word_1_509' title='bbox 1617 3691 1733 3746; x_wconf 80' lang='lat' dir='ltr'><strong>olli-</strong></span> 
     </span>
    </p>
   </div>
   <div class='ocr_carea' id='block_1_68' title="bbox 173 3765 1731 3854">
    <p class='ocr_par' dir='ltr' id='par_1_68' title="bbox 173 3765 1731 3854">
     <span class='ocr_line' id='line_1_68' title="bbox 173 3765 1731 3854; baseline 0.012 -36"><span class='ocrx_word' id='word_1_510' title='bbox 173 3765 292 3822; x_wconf 88' lang='lat' dir='ltr'><strong>cium</strong></span> <span class='ocrx_word' id='word_1_511' title='bbox 321 3772 727 3842; x_wconf 85' lang='lat' dir='ltr'><strong>defunctorum,</strong></span> <span class='ocrx_word' id='word_1_512' title='bbox 762 3778 845 3834; x_wconf 91' lang='lat' dir='ltr'><strong>vel</strong></span> <span class='ocrx_word' id='word_1_513' title='bbox 872 3780 939 3834; x_wconf 91' lang='lat' dir='ltr'><strong>ad</strong></span> <span class='ocrx_word' id='word_1_514' title='bbox 969 3783 1203 3850; x_wconf 87' lang='lat' dir='ltr'><strong>psalmos</strong></span> <span class='ocrx_word' id='word_1_515' title='bbox 1239 3780 1402 3837; x_wconf 83' lang='lat' dir='ltr'><strong>Verba</strong></span> <span class='ocrx_word' id='word_1_516' title='bbox 1425 3800 1560 3850; x_wconf 80' lang='lat' dir='ltr'><strong>mea,</strong></span> <span class='ocrx_word' id='word_1_517' title='bbox 1592 3781 1731 3854; x_wconf 90' lang='lat' dir='ltr'><strong>quod</strong></span> 
     </span>
    </p>
   </div>
   <div class='ocr_carea' id='block_1_69' title="bbox 176 3853 1733 3942">
    <p class='ocr_par' dir='ltr' id='par_1_69' title="bbox 176 3853 1733 3942">
     <span class='ocr_line' id='line_1_69' title="bbox 176 3853 1733 3942; baseline 0.015 -35"><span class='ocrx_word' id='word_1_518' title='bbox 176 3853 413 3918; x_wconf 73' lang='lat' dir='ltr'><strong>interdum</strong></span> <span class='ocrx_word' id='word_1_519' title='bbox 450 3864 570 3921; x_wconf 81' lang='lat' dir='ltr'><strong>ﬁeri</strong></span> <span class='ocrx_word' id='word_1_520' title='bbox 612 3866 756 3923; x_wconf 86' lang='lat' dir='ltr'><strong>&#39;solet</strong></span> <span class='ocrx_word' id='word_1_521' title='bbox 784 3884 886 3940; x_wconf 90' lang='lat' dir='ltr'><strong>pro</strong></span> <span class='ocrx_word' id='word_1_522' title='bbox 914 3870 1097 3942; x_wconf 87' lang='lat' dir='ltr'><strong>aliquo</strong></span> <span class='ocrx_word' id='word_1_523' title='bbox 1140 3871 1423 3939; x_wconf 80' lang='lat' dir='ltr'><strong>defuncto;</strong></span> <span class='ocrx_word' id='word_1_524' title='bbox 1456 3889 1578 3928; x_wconf 89' lang='lat' dir='ltr'><strong>nam</strong></span> <span class='ocrx_word' id='word_1_525' title='bbox 1610 3853 1733 3930; x_wconf 78' lang='lat' dir='ltr'><strong>mox</strong></span> 
     </span>
    </p>
   </div>
   <div class='ocr_carea' id='block_1_70' title="bbox 174 3946 1733 4034">
    <p class='ocr_par' dir='ltr' id='par_1_70' title="bbox 174 3946 1733 4034">
     <span class='ocr_line' id='line_1_70' title="bbox 174 3946 1733 4034; baseline 0.014 -35"><span class='ocrx_word' id='word_1_526' title='bbox 174 3946 218 3999; x_wconf 81' lang='lat' dir='ltr'><strong>in</strong></span> <span class='ocrx_word' id='word_1_527' title='bbox 244 3966 550 4012; x_wconf 85' lang='lat' dir='ltr'><strong>conventum</strong></span> <span class='ocrx_word' id='word_1_528' title='bbox 584 3974 772 4017; x_wconf 75' lang='lat' dir='ltr'><strong>omnes</strong></span> <span class='ocrx_word' id='word_1_529' title='bbox 805 3962 1047 4016; x_wconf 90' lang='lat' dir='ltr'><strong>veniunt.</strong></span> <span class='ocrx_word' id='word_1_530' title='bbox 1084 3962 1138 4017; x_wconf 92' lang='lat' dir='ltr'><strong>Si</strong></span> <span class='ocrx_word' id='word_1_531' title='bbox 1178 3971 1357 4019; x_wconf 89' lang='lat' dir='ltr'><strong>autem</strong></span> <span class='ocrx_word' id='word_1_532' title='bbox 1383 3974 1468 4020; x_wconf 88' lang='lat' dir='ltr'><strong>est</strong></span> <span class='ocrx_word' id='word_1_533' title='bbox 1509 3966 1561 4019; x_wconf 90' lang='lat' dir='ltr'><strong>in</strong></span> <span class='ocrx_word' id='word_1_534' title='bbox 1589 3964 1733 4034; x_wconf 81' lang='lat' dir='ltr'><strong>Qua-</strong></span> 
     </span>
    </p>
   </div>
   <div class='ocr_carea' id='block_1_71' title="bbox 174 4037 1733 4124">
    <p class='ocr_par' dir='ltr' id='par_1_71' title="bbox 174 4037 1733 4124">
     <span class='ocr_line' id='line_1_71' title="bbox 174 4037 1733 4124; baseline 0.01 -28"><span class='ocrx_word' id='word_1_535' title='bbox 174 4037 446 4110; x_wconf 76' lang='lat' dir='ltr'><strong>dragesima</strong></span> <span class='ocrx_word' id='word_1_536' title='bbox 474 4050 529 4103; x_wconf 93' lang='lat' dir='ltr'><strong>in</strong></span> <span class='ocrx_word' id='word_1_537' title='bbox 560 4050 666 4105; x_wconf 88' lang='lat' dir='ltr'><strong>illis</strong></span> <span class='ocrx_word' id='word_1_538' title='bbox 693 4053 922 4121; x_wconf 83' lang='lat' dir='ltr'><strong>privatis</strong></span> <span class='ocrx_word' id='word_1_539' title='bbox 952 4053 1181 4122; x_wconf 81' lang='lat' dir='ltr'><strong>diebus,</strong></span> <span class='ocrx_word' id='word_1_540' title='bbox 1212 4054 1429 4124; x_wconf 81' lang='lat' dir='ltr'><strong>quaudo</strong></span> <span class='ocrx_word' id='word_1_541' title='bbox 1459 4056 1733 4112; x_wconf 86' lang='lat' dir='ltr'><strong>silentium</strong></span> 
     </span>
    </p>
   </div>
   <div class='ocr_carea' id='block_1_72' title="bbox 174 4126 1733 4221">
    <p class='ocr_par' dir='ltr' id='par_1_72' title="bbox 174 4126 1733 4221">
     <span class='ocr_line' id='line_1_72' title="bbox 174 4126 1733 4221; baseline 0.015 -38"><span class='ocrx_word' id='word_1_542' title='bbox 174 4126 221 4183; x_wconf 90' lang='lat' dir='ltr'><strong>iu</strong></span> <span class='ocrx_word' id='word_1_543' title='bbox 246 4134 467 4195; x_wconf 87' lang='lat' dir='ltr'><strong>claustro</strong></span> <span class='ocrx_word' id='word_1_544' title='bbox 511 4143 881 4199; x_wconf 87' lang='lat' dir='ltr'><strong>observatur:</strong></span> <span class='ocrx_word' id='word_1_545' title='bbox 913 4156 1040 4201; x_wconf 92' lang='lat' dir='ltr'><strong>tunc</strong></span> <span class='ocrx_word' id='word_1_546' title='bbox 1082 4150 1404 4217; x_wconf 87' lang='lat' dir='ltr'><strong>couventui,</strong></span> <span class='ocrx_word' id='word_1_547' title='bbox 1451 4160 1733 4221; x_wconf 88' lang='lat' dir='ltr'><strong>postquam</strong></span> 
     </span>
    </p>
   </div>
   <div class='ocr_carea' id='block_1_73' title="bbox 178 4223 1736 4311">
    <p class='ocr_par' dir='ltr' id='par_1_73' title="bbox 178 4223 1736 4311">
     <span class='ocr_line' id='line_1_73' title="bbox 178 4223 1736 4311; baseline 0.013 -32"><span class='ocrx_word' id='word_1_548' title='bbox 178 4223 307 4283; x_wconf 74' lang='lat' dir='ltr'><strong>ﬁnito</strong></span> <span class='ocrx_word' id='word_1_549' title='bbox 334 4235 571 4305; x_wconf 87' lang='lat' dir='ltr'><strong>capitulo</strong></span> <span class='ocrx_word' id='word_1_550' title='bbox 599 4239 666 4291; x_wconf 91' lang='lat' dir='ltr'><strong>ad</strong></span> <span class='ocrx_word' id='word_1_551' title='bbox 695 4236 982 4295; x_wconf 86' lang='lat' dir='ltr'><strong>lectionem</strong></span> <span class='ocrx_word' id='word_1_552' title='bbox 1030 4242 1261 4309; x_wconf 83' lang='lat' dir='ltr'><strong>sederit,</strong></span> <span class='ocrx_word' id='word_1_553' title='bbox 1296 4242 1622 4311; x_wconf 76' lang='lat' dir='ltr'><strong>junguntur;</strong></span> <span class='ocrx_word' id='word_1_554' title='bbox 1652 4243 1736 4298; x_wconf 83' lang='lat' dir='ltr'><strong>vel</strong></span> 
     </span>
    </p>
   </div>
   <div class='ocr_carea' id='block_1_74' title="bbox 176 4318 1734 4406">
    <p class='ocr_par' dir='ltr' id='par_1_74' title="bbox 176 4318 1734 4406">
     <span class='ocr_line' id='line_1_74' title="bbox 176 4318 1734 4406; baseline 0.012 -33"><span class='ocrx_word' id='word_1_555' title='bbox 176 4318 217 4368; x_wconf 78' lang='lat' dir='ltr'><strong>si</strong></span> <span class='ocrx_word' id='word_1_556' title='bbox 236 4331 306 4374; x_wconf 84' lang='lat' dir='ltr'><strong>est</strong></span> <span class='ocrx_word' id='word_1_557' title='bbox 327 4323 516 4381; x_wconf 86' lang='lat' dir='ltr'><strong>festum</strong></span> <span class='ocrx_word' id='word_1_558' title='bbox 544 4328 638 4383; x_wconf 74' lang='lat' dir='ltr'><strong>XII</strong></span> <span class='ocrx_word' id='word_1_559' title='bbox 684 4330 1025 4393; x_wconf 84' lang='lat' dir='ltr'><strong>Lectionum,</strong></span> <span class='ocrx_word' id='word_1_560' title='bbox 1051 4336 1269 4403; x_wconf 85' lang='lat' dir='ltr'><strong>quando</strong></span> <span class='ocrx_word' id='word_1_561' title='bbox 1291 4344 1410 4406; x_wconf 88' lang='lat' dir='ltr'><strong>post</strong></span> <span class='ocrx_word' id='word_1_562' title='bbox 1437 4336 1734 4406; x_wconf 84' lang='lat' dir='ltr'><strong>capitulum</strong></span> 
     </span>
    </p>
   </div>
   <div class='ocr_carea' id='block_1_75' title="bbox 176 4415 1732 4497">
    <p class='ocr_par' dir='ltr' id='par_1_75' title="bbox 176 4415 1732 4497">
     <span class='ocr_line' id='line_1_75' title="bbox 176 4415 1732 4497; baseline 0.012 -35"><span class='ocrx_word' id='word_1_563' title='bbox 176 4420 281 4464; x_wconf 74' lang='lat' dir='ltr'><strong>cum</strong></span> <span class='ocrx_word' id='word_1_564' title='bbox 309 4415 523 4482; x_wconf 86' lang='lat' dir='ltr'><strong>psalmis</strong></span> <span class='ocrx_word' id='word_1_565' title='bbox 564 4416 732 4473; x_wconf 79' lang='lat' dir='ltr'><strong>Verba</strong></span> <span class='ocrx_word' id='word_1_566' title='bbox 763 4437 900 4486; x_wconf 82' lang='lat' dir='ltr'><strong>mea,</strong></span> <span class='ocrx_word' id='word_1_567' title='bbox 933 4421 985 4476; x_wconf 90' lang='lat' dir='ltr'><strong>in</strong></span> <span class='ocrx_word' id='word_1_568' title='bbox 1012 4424 1581 4497; x_wconf 80' lang='lat' dir='ltr'><strong>majoremecclesiatu</strong></span> <span class='ocrx_word' id='word_1_569' title='bbox 1605 4429 1732 4493; x_wconf 89' lang='lat' dir='ltr'><strong>itur,</strong></span> 
     </span>
    </p>
   </div>
   <div class='ocr_carea' id='block_1_76' title="bbox 1833 3211 3418 3288">
    <p class='ocr_par' dir='ltr' id='par_1_76' title="bbox 1833 3211 3418 3288">
     <span class='ocr_line' id='line_1_76' title="bbox 1833 3211 3418 3288; baseline 0.006 -26"><span class='ocrx_word' id='word_1_570' title='bbox 1833 3222 1929 3263; x_wconf 87' lang='lat' dir='ltr'><strong>eos</strong></span> <span class='ocrx_word' id='word_1_571' title='bbox 1955 3218 2143 3287; x_wconf 86' lang='lat' dir='ltr'><strong>postea</strong></span> <span class='ocrx_word' id='word_1_572' title='bbox 2176 3211 2243 3266; x_wconf 89' lang='lat' dir='ltr'><strong>de</strong></span> <span class='ocrx_word' id='word_1_573' title='bbox 2271 3212 2512 3282; x_wconf 86' lang='lat' dir='ltr'><strong>quolibet</strong></span> <span class='ocrx_word' id='word_1_574' title='bbox 2538 3212 2736 3281; x_wconf 81' lang='lat' dir='ltr'><strong>ollicio,</strong></span> <span class='ocrx_word' id='word_1_575' title='bbox 2765 3216 2833 3270; x_wconf 90' lang='lat' dir='ltr'><strong>ad</strong></span> <span class='ocrx_word' id='word_1_576' title='bbox 2858 3215 3007 3286; x_wconf 90' lang='lat' dir='ltr'><strong>quod</strong></span> <span class='ocrx_word' id='word_1_577' title='bbox 3036 3217 3418 3288; x_wconf 77' lang='lat' dir='ltr'><strong>pramominati</strong></span> 
     </span>
    </p>
   </div>
   <div class='ocr_carea' id='block_1_77' title="bbox 1834 3282 2689 3369">
    <p class='ocr_par' dir='ltr' id='par_1_77' title="bbox 1834 3282 2689 3369">
     <span class='ocr_line' id='line_1_77' title="bbox 1834 3282 2689 3369; baseline 0.006 -16"><span class='ocrx_word' id='word_1_578' title='bbox 1834 3308 1959 3353; x_wconf 77' lang='lat' dir='ltr'><strong>sunt</strong></span> <span class='ocrx_word' id='word_1_579' title='bbox 1991 3298 2043 3353; x_wconf 90' lang='lat' dir='ltr'><strong>in</strong></span> <span class='ocrx_word' id='word_1_580' title='bbox 2072 3282 2337 3369; x_wconf 77' lang='lat' dir='ltr'><strong>capitulo.</strong></span> <span class='ocrx_word' id='word_1_581' title='bbox 2684 3334 2689 3335; x_wconf 46' lang='grc' dir='ltr'><em>κ</em></span> 
     </span>
    </p>
   </div>
   <div class='ocr_carea' id='block_1_78' title="bbox 1903 3392 3422 3468">
    <p class='ocr_par' dir='ltr' id='par_1_78' title="bbox 1903 3392 3422 3468">
     <span class='ocr_line' id='line_1_78' title="bbox 1903 3392 3422 3468; baseline 0.006 -24"><span class='ocrx_word' id='word_1_582' title='bbox 1903 3392 2348 3463; x_wconf 85' lang='lat' dir='ltr'><strong>Quandocunque</strong></span> <span class='ocrx_word' id='word_1_583' title='bbox 2382 3394 2579 3450; x_wconf 85' lang='lat' dir='ltr'><strong>fratres</strong></span> <span class='ocrx_word' id='word_1_584' title='bbox 2627 3405 2756 3452; x_wconf 79' lang='lat' dir='ltr'><strong>ante</strong></span> <span class='ocrx_word' id='word_1_585' title='bbox 2780 3398 3094 3453; x_wconf 79' lang='lat' dir='ltr'><strong>mandatum</strong></span> <span class='ocrx_word' id='word_1_586' title='bbox 3122 3397 3422 3468; x_wconf 58' lang='lat' dir='ltr'><strong>prmlavant</strong></span> 
     </span>
    </p>
   </div>
   <div class='ocr_carea' id='block_1_79' title="bbox 1836 3481 3416 3555">
    <p class='ocr_par' dir='ltr' id='par_1_79' title="bbox 1836 3481 3416 3555">
     <span class='ocr_line' id='line_1_79' title="bbox 1836 3481 3416 3555; baseline 0.003 -19"><span class='ocrx_word' id='word_1_587' title='bbox 1836 3481 1889 3536; x_wconf 88' lang='lat' dir='ltr'><strong>in</strong></span> <span class='ocrx_word' id='word_1_588' title='bbox 1919 3482 2240 3538; x_wconf 90' lang='lat' dir='ltr'><strong>occidentali</strong></span> <span class='ocrx_word' id='word_1_589' title='bbox 2273 3494 2433 3553; x_wconf 87' lang='lat' dir='ltr'><strong>parte</strong></span> <span class='ocrx_word' id='word_1_590' title='bbox 2467 3485 2724 3555; x_wconf 81' lang='lat' dir='ltr'><strong>claustri,</strong></span> <span class='ocrx_word' id='word_1_591' title='bbox 2751 3502 2997 3542; x_wconf 89' lang='lat' dir='ltr'><strong>seorsum</strong></span> <span class='ocrx_word' id='word_1_592' title='bbox 3044 3488 3149 3543; x_wconf 89' lang='lat' dir='ltr'><strong>hoc</strong></span> <span class='ocrx_word' id='word_1_593' title='bbox 3194 3488 3416 3542; x_wconf 77' lang='lat' dir='ltr'><strong>faciunt.</strong></span> 
     </span>
    </p>
   </div>
   <div class='ocr_carea' id='block_1_80' title="bbox 1836 3570 3420 3648">
    <p class='ocr_par' dir='ltr' id='par_1_80' title="bbox 1836 3570 3420 3648">
     <span class='ocr_line' id='line_1_80' title="bbox 1836 3570 3420 3648; baseline 0.004 -22"><span class='ocrx_word' id='word_1_594' title='bbox 1836 3570 1894 3626; x_wconf 83' lang='lat' dir='ltr'><strong>In</strong></span> <span class='ocrx_word' id='word_1_595' title='bbox 1939 3580 2127 3628; x_wconf 73' lang='lat' dir='ltr'><strong>testate</strong></span> <span class='ocrx_word' id='word_1_596' title='bbox 2175 3588 2304 3628; x_wconf 88' lang='lat' dir='ltr'><strong>vero</strong></span> <span class='ocrx_word' id='word_1_597' title='bbox 2336 3586 2457 3646; x_wconf 91' lang='lat' dir='ltr'><strong>post</strong></span> <span class='ocrx_word' id='word_1_598' title='bbox 2499 3590 2728 3642; x_wconf 90' lang='lat' dir='ltr'><strong>nonam,</strong></span> <span class='ocrx_word' id='word_1_599' title='bbox 2772 3578 2991 3648; x_wconf 87' lang='lat' dir='ltr'><strong>quando</strong></span> <span class='ocrx_word' id='word_1_600' title='bbox 3026 3577 3212 3633; x_wconf 87' lang='lat' dir='ltr'><strong>tabula</strong></span> <span class='ocrx_word' id='word_1_601' title='bbox 3257 3576 3420 3633; x_wconf 81' lang='lat' dir='ltr'><strong>debet</strong></span> 
     </span>
    </p>
   </div>
   <div class='ocr_carea' id='block_1_81' title="bbox 1836 3667 3421 3740">
    <p class='ocr_par' dir='ltr' id='par_1_81' title="bbox 1836 3667 3421 3740">
     <span class='ocr_line' id='line_1_81' title="bbox 1836 3667 3421 3740; baseline 0.004 -21"><span class='ocrx_word' id='word_1_602' title='bbox 1836 3667 2089 3736; x_wconf 89' lang='lat' dir='ltr'><strong>percuti,</strong></span> <span class='ocrx_word' id='word_1_603' title='bbox 2142 3667 2331 3723; x_wconf 88' lang='lat' dir='ltr'><strong>novitii</strong></span> <span class='ocrx_word' id='word_1_604' title='bbox 2381 3678 2437 3723; x_wconf 92' lang='lat' dir='ltr'><strong>et</strong></span> <span class='ocrx_word' id='word_1_605' title='bbox 2491 3670 2742 3725; x_wconf 89' lang='lat' dir='ltr'><strong>monachi</strong></span> <span class='ocrx_word' id='word_1_606' title='bbox 2790 3670 3029 3740; x_wconf 86' lang='lat' dir='ltr'><strong>capitulo</strong></span> <span class='ocrx_word' id='word_1_607' title='bbox 3082 3671 3260 3727; x_wconf 82' lang='lat' dir='ltr'><strong>adhuc</strong></span> <span class='ocrx_word' id='word_1_608' title='bbox 3310 3685 3421 3726; x_wconf 81' lang='lat' dir='ltr'><strong>non</strong></span> 
     </span>
    </p>
   </div>
   <div class='ocr_carea' id='block_1_82' title="bbox 1836 3758 3421 3831">
    <p class='ocr_par' dir='ltr' id='par_1_82' title="bbox 1836 3758 3421 3831">
     <span class='ocr_line' id='line_1_82' title="bbox 1836 3758 3421 3831; baseline 0.004 -21"><span class='ocrx_word' id='word_1_609' title='bbox 1836 3758 2081 3825; x_wconf 82' lang='lat' dir='ltr'><strong>adunati,</strong></span> <span class='ocrx_word' id='word_1_610' title='bbox 2110 3767 2454 3815; x_wconf 86' lang='lat' dir='ltr'><strong>transeuntes</strong></span> <span class='ocrx_word' id='word_1_611' title='bbox 2478 3760 2772 3831; x_wconf 90' lang='lat' dir='ltr'><strong>capitulum</strong></span> <span class='ocrx_word' id='word_1_612' title='bbox 2799 3762 2852 3816; x_wconf 91' lang='lat' dir='ltr'><strong>in</strong></span> <span class='ocrx_word' id='word_1_613' title='bbox 2881 3762 3171 3829; x_wconf 85' lang='lat' dir='ltr'><strong>ecclesiam</strong></span> <span class='ocrx_word' id='word_1_614' title='bbox 3194 3763 3421 3828; x_wconf 73' lang='lat' dir='ltr'><strong>vadunt,</strong></span> 
     </span>
    </p>
   </div>
   <div class='ocr_carea' id='block_1_83' title="bbox 1837 3848 3424 3925">
    <p class='ocr_par' dir='ltr' id='par_1_83' title="bbox 1837 3848 3424 3925">
     <span class='ocr_line' id='line_1_83' title="bbox 1837 3848 3424 3925; baseline 0.004 -22"><span class='ocrx_word' id='word_1_615' title='bbox 1837 3848 2193 3921; x_wconf 78' lang='lat' dir='ltr'><strong>ibiquejuxta</strong></span> <span class='ocrx_word' id='word_1_616' title='bbox 2243 3850 2524 3906; x_wconf 88' lang='lat' dir='ltr'><strong>introitum</strong></span> <span class='ocrx_word' id='word_1_617' title='bbox 2569 3868 2691 3908; x_wconf 89' lang='lat' dir='ltr'><strong>cum</strong></span> <span class='ocrx_word' id='word_1_618' title='bbox 2723 3852 2908 3921; x_wconf 79' lang='lat' dir='ltr'><strong>libris,</strong></span> <span class='ocrx_word' id='word_1_619' title='bbox 2936 3853 2983 3912; x_wconf 87' lang='lat' dir='ltr'><strong>si</strong></span> <span class='ocrx_word' id='word_1_620' title='bbox 3009 3869 3147 3925; x_wconf 88' lang='lat' dir='ltr'><strong>quos</strong></span> <span class='ocrx_word' id='word_1_621' title='bbox 3170 3854 3243 3910; x_wconf 90' lang='lat' dir='ltr'><strong>ibi</strong></span> <span class='ocrx_word' id='word_1_622' title='bbox 3271 3854 3424 3910; x_wconf 50' lang='lat' dir='ltr'><strong>inve-6</strong></span> 
     </span>
    </p>
   </div>
   <div class='ocr_carea' id='block_1_84' title="bbox 1837 3943 3423 4019">
    <p class='ocr_par' dir='ltr' id='par_1_84' title="bbox 1837 3943 3423 4019">
     <span class='ocr_line' id='line_1_84' title="bbox 1837 3943 3423 4019; baseline 0.005 -24"><span class='ocrx_word' id='word_1_623' title='bbox 1837 3943 2044 4005; x_wconf 89' lang='lat' dir='ltr'><strong>nerint,</strong></span> <span class='ocrx_word' id='word_1_624' title='bbox 2092 3943 2320 4010; x_wconf 80' lang='lat' dir='ltr'><strong>sedent,</strong></span> <span class='ocrx_word' id='word_1_625' title='bbox 2354 3943 2526 4000; x_wconf 89' lang='lat' dir='ltr'><strong>donec</strong></span> <span class='ocrx_word' id='word_1_626' title='bbox 2552 3954 2677 4016; x_wconf 88' lang='lat' dir='ltr'><strong>post</strong></span> <span class='ocrx_word' id='word_1_627' title='bbox 2701 3949 3110 4019; x_wconf 86' lang='lat' dir='ltr'><strong>percussionem</strong></span> <span class='ocrx_word' id='word_1_628' title='bbox 3142 3946 3337 4004; x_wconf 74' lang='lat' dir='ltr'><strong>tabula:</strong></span> <span class='ocrx_word' id='word_1_629' title='bbox 3368 3948 3423 4003; x_wconf 80' lang='lat' dir='ltr'><strong>in</strong></span> 
     </span>
    </p>
   </div>
   <div class='ocr_carea' id='block_1_85' title="bbox 1834 4022 3426 4107">
    <p class='ocr_par' dir='ltr' id='par_1_85' title="bbox 1834 4022 3426 4107">
     <span class='ocr_line' id='line_1_85' title="bbox 1834 4022 3426 4107; baseline 0.004 -18"><span class='ocrx_word' id='word_1_630' title='bbox 1834 4046 2163 4091; x_wconf 87' lang='lat' dir='ltr'><strong>conventum</strong></span> <span class='ocrx_word' id='word_1_631' title='bbox 2182 4046 2401 4092; x_wconf 71' lang='lat' dir='ltr'><strong>exeant.</strong></span> <span class='ocrx_word' id='word_1_632' title='bbox 2420 4036 2477 4092; x_wconf 90' lang='lat' dir='ltr'><strong>Si</strong></span> <span class='ocrx_word' id='word_1_633' title='bbox 2499 4038 2624 4107; x_wconf 89' lang='lat' dir='ltr'><strong>quis</strong></span> <span class='ocrx_word' id='word_1_634' title='bbox 2643 4052 2832 4094; x_wconf 89' lang='lat' dir='ltr'><strong>eorum</strong></span> <span class='ocrx_word' id='word_1_635' title='bbox 2855 4022 3126 4096; x_wconf 73' lang='lat' dir='ltr'><strong>scribendi</strong></span> <span class='ocrx_word' id='word_1_636' title='bbox 3148 4040 3232 4096; x_wconf 84' lang='lat' dir='ltr'><strong>vel</strong></span> <span class='ocrx_word' id='word_1_637' title='bbox 3254 4040 3426 4096; x_wconf 78' lang='lat' dir='ltr'><strong>libros</strong></span> 
     </span>
    </p>
   </div>
   <div class='ocr_carea' id='block_1_86' title="bbox 1838 4128 3423 4204">
    <p class='ocr_par' dir='ltr' id='par_1_86' title="bbox 1838 4128 3423 4204">
     <span class='ocr_line' id='line_1_86' title="bbox 1838 4128 3423 4204; baseline 0.004 -21"><span class='ocrx_word' id='word_1_638' title='bbox 1838 4128 2035 4198; x_wconf 80' lang='lat' dir='ltr'><strong>ligandi</strong></span> <span class='ocrx_word' id='word_1_639' title='bbox 2083 4138 2169 4185; x_wconf 91' lang='lat' dir='ltr'><strong>est</strong></span> <span class='ocrx_word' id='word_1_640' title='bbox 2213 4131 2445 4195; x_wconf 88' lang='lat' dir='ltr'><strong>sciolns,</strong></span> <span class='ocrx_word' id='word_1_641' title='bbox 2490 4132 2546 4186; x_wconf 92' lang='lat' dir='ltr'><strong>in</strong></span> <span class='ocrx_word' id='word_1_642' title='bbox 2592 4131 2728 4187; x_wconf 87' lang='lat' dir='ltr'><strong>cella</strong></span> <span class='ocrx_word' id='word_1_643' title='bbox 2785 4134 3111 4190; x_wconf 84' lang='lat' dir='ltr'><strong>novitiorum</strong></span> <span class='ocrx_word' id='word_1_644' title='bbox 3168 4144 3347 4204; x_wconf 90' lang='lat' dir='ltr'><strong>potest</strong></span> <span class='ocrx_word' id='word_1_645' title='bbox 3392 4150 3423 4189; x_wconf 85' lang='lat' dir='ltr'><strong>a</strong></span> 
     </span>
    </p>
   </div>
   <div class='ocr_carea' id='block_1_87' title="bbox 1836 4220 3424 4303">
    <p class='ocr_par' dir='ltr' id='par_1_87' title="bbox 1836 4220 3424 4303">
     <span class='ocr_line' id='line_1_87' title="bbox 1836 4220 3424 4303; baseline 0.006 -32"><span class='ocrx_word' id='word_1_646' title='bbox 1836 4220 2100 4289; x_wconf 70' lang='lat' dir='ltr'><strong>magistro</strong></span> <span class='ocrx_word' id='word_1_647' title='bbox 2132 4220 2239 4275; x_wconf 84' lang='lat' dir='ltr'><strong>illis</strong></span> <span class='ocrx_word' id='word_1_648' title='bbox 2272 4222 2479 4293; x_wconf 76' lang='lat' dir='ltr'><strong>injungi</strong></span> <span class='ocrx_word' id='word_1_649' title='bbox 2516 4223 2617 4295; x_wconf 89' lang='lat' dir='ltr'><strong>hoc</strong></span> <span class='ocrx_word' id='word_1_650' title='bbox 2647 4239 2784 4303; x_wconf 79' lang='lat' dir='ltr'><strong>opus</strong></span> <span class='ocrx_word' id='word_1_651' title='bbox 2817 4242 2830 4277; x_wconf 90' lang='lat'><strong><em>:</em></strong></span> <span class='ocrx_word' id='word_1_652' title='bbox 2866 4229 2911 4280; x_wconf 91' lang='lat' dir='ltr'><strong>si</strong></span> <span class='ocrx_word' id='word_1_653' title='bbox 2943 4235 3123 4281; x_wconf 87' lang='lat' dir='ltr'><strong>tamen</strong></span> <span class='ocrx_word' id='word_1_654' title='bbox 3152 4226 3424 4294; x_wconf 80' lang='lat' dir='ltr'><strong>rogaverit</strong></span> 
     </span>
    </p>
   </div>
   <div class='ocr_carea' id='block_1_88' title="bbox 1837 4311 3423 4387">
    <p class='ocr_par' dir='ltr' id='par_1_88' title="bbox 1837 4311 3423 4387">
     <span class='ocr_line' id='line_1_88' title="bbox 1837 4311 3423 4387; baseline 0.004 -23"><span class='ocrx_word' id='word_1_655' title='bbox 1837 4326 1960 4364; x_wconf 88' lang='lat' dir='ltr'><strong>cum</strong></span> <span class='ocrx_word' id='word_1_656' title='bbox 1997 4312 2288 4366; x_wconf 87' lang='lat' dir='ltr'><strong>armarius.</strong></span> <span class='ocrx_word' id='word_1_657' title='bbox 2317 4311 2566 4369; x_wconf 89' lang='lat' dir='ltr'><strong>Novitins</strong></span> <span class='ocrx_word' id='word_1_658' title='bbox 2598 4313 2887 4379; x_wconf 82' lang='lat' dir='ltr'><strong>litteratus,</strong></span> <span class='ocrx_word' id='word_1_659' title='bbox 2918 4316 3009 4385; x_wconf 89' lang='lat' dir='ltr'><strong>qui</strong></span> <span class='ocrx_word' id='word_1_660' title='bbox 3035 4317 3087 4370; x_wconf 91' lang='lat' dir='ltr'><strong>in</strong></span> <span class='ocrx_word' id='word_1_661' title='bbox 3115 4316 3202 4371; x_wconf 90' lang='lat' dir='ltr'><strong>tali</strong></span> <span class='ocrx_word' id='word_1_662' title='bbox 3227 4316 3423 4387; x_wconf 81' lang='lat' dir='ltr'><strong>juven~</strong></span> 
     </span>
    </p>
   </div>
   <div class='ocr_carea' id='block_1_89' title="bbox 1841 4403 3422 4477">
    <p class='ocr_par' dir='ltr' id='par_1_89' title="bbox 1841 4403 3422 4477">
     <span class='ocr_line' id='line_1_89' title="bbox 1841 4403 3422 4477; baseline 0.005 -22"><span class='ocrx_word' id='word_1_663' title='bbox 1841 4410 1955 4457; x_wconf 88' lang='lat' dir='ltr'><strong>tute</strong></span> <span class='ocrx_word' id='word_1_664' title='bbox 1985 4412 2098 4467; x_wconf 91' lang='lat' dir='ltr'><strong>est,</strong></span> <span class='ocrx_word' id='word_1_665' title='bbox 2149 4403 2478 4459; x_wconf 89' lang='lat' dir='ltr'><strong>admonente</strong></span> <span class='ocrx_word' id='word_1_666' title='bbox 2503 4405 2622 4475; x_wconf 88' lang='lat' dir='ltr'><strong>ejus</strong></span> <span class='ocrx_word' id='word_1_667' title='bbox 2652 4407 2941 4477; x_wconf 78' lang='lat' dir='ltr'><strong>magistro,</strong></span> <span class='ocrx_word' id='word_1_668' title='bbox 2972 4407 3024 4462; x_wconf 92' lang='lat' dir='ltr'><strong>in</strong></span> <span class='ocrx_word' id='word_1_669' title='bbox 3051 4408 3355 4464; x_wconf 88' lang='lat' dir='ltr'><strong>custodiam</strong></span> <span class='ocrx_word' id='word_1_670' title='bbox 3390 4426 3422 4463; x_wconf 88' lang='lat' dir='ltr'><strong>a</strong></span> 
     </span>
    </p>
   </div>
   <div class='ocr_carea' id='block_1_90' title="bbox 175 4494 3423 4587">
    <p class='ocr_par' dir='ltr' id='par_1_90' title="bbox 175 4494 3423 4587">
     <span class='ocr_line' id='line_1_90' title="bbox 175 4494 3423 4587; baseline 0.006 -48"><span class='ocrx_word' id='word_1_671' title='bbox 175 4508 223 4553; x_wconf 71' lang='grc' dir='ltr'>ει</span> <span class='ocrx_word' id='word_1_672' title='bbox 267 4519 653 4579; x_wconf 47' lang='lat' dir='ltr'><strong>consequa“,</strong></span> <span class='ocrx_word' id='word_1_673' title='bbox 700 4511 849 4567; x_wconf 71' lang='grc' dir='ltr'>χχχ</span> <span class='ocrx_word' id='word_1_674' title='bbox 897 4513 1089 4584; x_wconf 56' lang='lat' dir='ltr'><strong>psalmi</strong></span> <span class='ocrx_word' id='word_1_675' title='bbox 1126 4525 1254 4569; x_wconf 69' lang='lat' dir='ltr'><strong>sum</strong></span> <span class='ocrx_word' id='word_1_676' title='bbox 1282 4494 1557 4584; x_wconf 53' lang='lat' dir='ltr'><strong>‘canendi,</strong></span> <span class='ocrx_word' id='word_1_677' title='bbox 1609 4528 1737 4574; x_wconf 63' lang='lat' dir='ltr'><strong>&quot;me</strong></span> <span class='ocrx_word' id='word_1_678' title='bbox 1766 4527 1815 4587; x_wconf 72' lang='grc' dir='ltr'>υ</span> <span class='ocrx_word' id='word_1_679' title='bbox 1842 4495 2039 4550; x_wconf 90' lang='lat' dir='ltr'><strong>domno</strong></span> <span class='ocrx_word' id='word_1_680' title='bbox 2066 4494 2261 4550; x_wconf 87' lang='lat' dir='ltr'><strong>abbate</strong></span> <span class='ocrx_word' id='word_1_681' title='bbox 2287 4496 2541 4563; x_wconf 87' lang='lat' dir='ltr'><strong>traditur,</strong></span> <span class='ocrx_word' id='word_1_682' title='bbox 2570 4508 2637 4561; x_wconf 79' lang='lat' dir='ltr'><strong>et,</strong></span> <span class='ocrx_word' id='word_1_683' title='bbox 2655 4499 2746 4553; x_wconf 87' lang='lat' dir='ltr'><strong>alii</strong></span> <span class='ocrx_word' id='word_1_684' title='bbox 2798 4501 3001 4556; x_wconf 85' lang='lat' dir='ltr'><strong>novitio</strong></span> <span class='ocrx_word' id='word_1_685' title='bbox 3032 4502 3423 4558; x_wconf 89' lang='lat' dir='ltr'><strong>custodiendus</strong></span> 
     </span>
    </p>
   </div>
   <div class='ocr_carea' id='block_1_91' title="bbox 179 4603 1735 4681">
    <p class='ocr_par' dir='ltr' id='par_1_91' title="bbox 179 4603 1735 4681">
     <span class='ocr_line' id='line_1_91' title="bbox 179 4603 1735 4681; baseline 0.01 -31"><span class='ocrx_word' id='word_1_686' title='bbox 179 4604 436 4667; x_wconf 60' lang='lat' dir='ltr'><strong>antequam</strong></span> <span class='ocrx_word' id='word_1_687' title='bbox 458 4603 792 4675; x_wconf 86' lang='lat' dir='ltr'><strong>incipiantur</strong></span> <span class='ocrx_word' id='word_1_688' title='bbox 816 4606 976 4662; x_wconf 88' lang='lat' dir='ltr'><strong>iidem</strong></span> <span class='ocrx_word' id='word_1_689' title='bbox 1001 4607 1194 4677; x_wconf 88' lang='lat' dir='ltr'><strong>psalmi</strong></span> <span class='ocrx_word' id='word_1_690' title='bbox 1220 4623 1235 4661; x_wconf 87' lang='lat'><strong>:</strong></span> <span class='ocrx_word' id='word_1_691' title='bbox 1261 4618 1314 4664; x_wconf 90' lang='lat' dir='ltr'><strong>et</strong></span> <span class='ocrx_word' id='word_1_692' title='bbox 1340 4609 1383 4665; x_wconf 91' lang='lat' dir='ltr'><strong>si</strong></span> <span class='ocrx_word' id='word_1_693' title='bbox 1407 4609 1472 4663; x_wconf 87' lang='lat' dir='ltr'><strong>ad</strong></span> <span class='ocrx_word' id='word_1_694' title='bbox 1498 4626 1735 4681; x_wconf 70' lang='lat' dir='ltr'><strong>prwsens</strong></span> 
     </span>
    </p>
   </div>
   <div class='ocr_carea' id='block_1_92' title="bbox 179 4682 1739 4768">
    <p class='ocr_par' dir='ltr' id='par_1_92' title="bbox 179 4682 1739 4768">
     <span class='ocr_line' id='line_1_92' title="bbox 179 4682 1739 4768; baseline 0.013 -34"><span class='ocrx_word' id='word_1_695' title='bbox 179 4682 347 4754; x_wconf 84' lang='lat' dir='ltr'><strong>aliquis</strong></span> <span class='ocrx_word' id='word_1_696' title='bbox 372 4695 603 4750; x_wconf 81' lang='lat' dir='ltr'><strong>novitius</strong></span> <span class='ocrx_word' id='word_1_697' title='bbox 630 4697 807 4763; x_wconf 86' lang='lat' dir='ltr'><strong>adest,</strong></span> <span class='ocrx_word' id='word_1_698' title='bbox 834 4699 924 4768; x_wconf 91' lang='lat' dir='ltr'><strong>qui</strong></span> <span class='ocrx_word' id='word_1_699' title='bbox 958 4699 1099 4753; x_wconf 82' lang='lat' dir='ltr'><strong>intra</strong></span> <span class='ocrx_word' id='word_1_700' title='bbox 1124 4706 1238 4755; x_wconf 88' lang='lat' dir='ltr'><strong>tres</strong></span> <span class='ocrx_word' id='word_1_701' title='bbox 1267 4700 1380 4755; x_wconf 84' lang='lat' dir='ltr'><strong>dies</strong></span> <span class='ocrx_word' id='word_1_702' title='bbox 1407 4700 1477 4756; x_wconf 77' lang='lat' dir='ltr'><strong>ad</strong></span> <span class='ocrx_word' id='word_1_703' title='bbox 1508 4716 1739 4757; x_wconf 83' lang='lat' dir='ltr'><strong>conver-</strong></span> 
     </span>
    </p>
   </div>
   <div class='ocr_carea' id='block_1_93' title="bbox 180 4777 1737 4864">
    <p class='ocr_par' dir='ltr' id='par_1_93' title="bbox 180 4777 1737 4864">
     <span class='ocr_line' id='line_1_93' title="bbox 180 4777 1737 4864; baseline 0.015 -37"><span class='ocrx_word' id='word_1_704' title='bbox 180 4777 358 4838; x_wconf 83' lang='lat' dir='ltr'><strong>sionem</strong></span> <span class='ocrx_word' id='word_1_705' title='bbox 382 4788 563 4855; x_wconf 89' lang='lat' dir='ltr'><strong>venit,</strong></span> <span class='ocrx_word' id='word_1_706' title='bbox 607 4804 730 4845; x_wconf 90' lang='lat' dir='ltr'><strong>eum</strong></span> <span class='ocrx_word' id='word_1_707' title='bbox 772 4791 1032 4862; x_wconf 78' lang='lat' dir='ltr'><strong>magister</strong></span> <span class='ocrx_word' id='word_1_708' title='bbox 1066 4793 1212 4863; x_wconf 85' lang='lat' dir='ltr'><strong>ejus,</strong></span> <span class='ocrx_word' id='word_1_709' title='bbox 1243 4802 1361 4863; x_wconf 90' lang='lat' dir='ltr'><strong>post</strong></span> <span class='ocrx_word' id='word_1_710' title='bbox 1389 4804 1737 4864; x_wconf 87' lang='lat' dir='ltr'><strong>percautatos</strong></span> 
     </span>
    </p>
   </div>
   <div class='ocr_carea' id='block_1_94' title="bbox 182 4864 1736 4957">
    <p class='ocr_par' dir='ltr' id='par_1_94' title="bbox 182 4864 1736 4957">
     <span class='ocr_line' id='line_1_94' title="bbox 182 4864 1736 4957; baseline 0.012 -31"><span class='ocrx_word' id='word_1_711' title='bbox 182 4864 218 4919; x_wconf 76' lang='grc' dir='ltr'><strong>Χ</strong></span> <span class='ocrx_word' id='word_1_712' title='bbox 242 4876 463 4940; x_wconf 77' lang='lat' dir='ltr'><strong>psalmos</strong></span> <span class='ocrx_word' id='word_1_713' title='bbox 482 4923 497 4948; x_wconf 90' lang='lat'><strong>,</strong></span> <span class='ocrx_word' id='word_1_714' title='bbox 526 4882 593 4936; x_wconf 89' lang='lat' dir='ltr'><strong>ad</strong></span> <span class='ocrx_word' id='word_1_715' title='bbox 619 4882 997 4938; x_wconf 89' lang='lat' dir='ltr'><strong>instruendum</strong></span> <span class='ocrx_word' id='word_1_716' title='bbox 1028 4885 1261 4941; x_wconf 89' lang='lat' dir='ltr'><strong>educere</strong></span> <span class='ocrx_word' id='word_1_717' title='bbox 1291 4896 1485 4957; x_wconf 89' lang='lat' dir='ltr'><strong>potest.</strong></span> <span class='ocrx_word' id='word_1_718' title='bbox 1518 4886 1577 4942; x_wconf 88' lang='lat' dir='ltr'><strong>Si</strong></span> <span class='ocrx_word' id='word_1_719' title='bbox 1608 4903 1736 4945; x_wconf 83' lang='lat' dir='ltr'><strong>vero</strong></span> 
     </span>
    </p>
   </div>
   <div class='ocr_carea' id='block_1_95' title="bbox 184 4960 1738 5048">
    <p class='ocr_par' dir='ltr' id='par_1_95' title="bbox 184 4960 1738 5048">
     <span class='ocr_line' id='line_1_95' title="bbox 184 4960 1738 5048; baseline 0.012 -32"><span class='ocrx_word' id='word_1_720' title='bbox 184 4960 283 5016; x_wconf 78' lang='lat' dir='ltr'><strong>dies</strong></span> <span class='ocrx_word' id='word_1_721' title='bbox 297 4967 486 5026; x_wconf 84' lang='lat' dir='ltr'><strong>silentii</strong></span> <span class='ocrx_word' id='word_1_722' title='bbox 515 4972 606 5042; x_wconf 89' lang='lat' dir='ltr'><strong>(de</strong></span> <span class='ocrx_word' id='word_1_723' title='bbox 632 4989 737 5044; x_wconf 89' lang='lat' dir='ltr'><strong>qua</strong></span> <span class='ocrx_word' id='word_1_724' title='bbox 766 4972 970 5029; x_wconf 88' lang='lat' dir='ltr'><strong>dictum</strong></span> <span class='ocrx_word' id='word_1_725' title='bbox 1003 4978 1107 5048; x_wconf 91' lang='lat' dir='ltr'><strong>est)</strong></span> <span class='ocrx_word' id='word_1_726' title='bbox 1139 4986 1268 5033; x_wconf 90' lang='lat' dir='ltr'><strong>tunc</strong></span> <span class='ocrx_word' id='word_1_727' title='bbox 1295 4978 1481 5045; x_wconf 86' lang='lat' dir='ltr'><strong>instat,</strong></span> <span class='ocrx_word' id='word_1_728' title='bbox 1507 4980 1593 5035; x_wconf 90' lang='lat' dir='ltr'><strong>hic</strong></span> <span class='ocrx_word' id='word_1_729' title='bbox 1616 4977 1738 5034; x_wconf 88' lang='lat' dir='ltr'><strong>talis</strong></span> 
     </span>
    </p>
   </div>
   <div class='ocr_carea' id='block_1_96' title="bbox 187 5056 1737 5139">
    <p class='ocr_par' dir='ltr' id='par_1_96' title="bbox 187 5056 1737 5139">
     <span class='ocr_line' id='line_1_96' title="bbox 187 5056 1737 5139; baseline 0.009 -28"><span class='ocrx_word' id='word_1_730' title='bbox 187 5056 507 5127; x_wconf 77' lang='lat' dir='ltr'><strong>magistrum,</strong></span> <span class='ocrx_word' id='word_1_731' title='bbox 539 5064 663 5120; x_wconf 85' lang='lat' dir='ltr'><strong>aliis</strong></span> <span class='ocrx_word' id='word_1_732' title='bbox 698 5065 1061 5133; x_wconf 86' lang='lat' dir='ltr'><strong>abeuntibus,</strong></span> <span class='ocrx_word' id='word_1_733' title='bbox 1092 5068 1160 5122; x_wconf 89' lang='lat' dir='ltr'><strong>ab</strong></span> <span class='ocrx_word' id='word_1_734' title='bbox 1190 5084 1256 5122; x_wconf 88' lang='lat' dir='ltr'><strong>eo</strong></span> <span class='ocrx_word' id='word_1_735' title='bbox 1278 5070 1487 5139; x_wconf 83' lang='lat' dir='ltr'><strong>jussus,</strong></span> <span class='ocrx_word' id='word_1_736' title='bbox 1520 5071 1572 5124; x_wconf 89' lang='lat' dir='ltr'><strong>in</strong></span> <span class='ocrx_word' id='word_1_737' title='bbox 1604 5069 1737 5125; x_wconf 81' lang='lat' dir='ltr'><strong>cella</strong></span> 
     </span>
    </p>
   </div>
   <div class='ocr_carea' id='block_1_97' title="bbox 186 5154 1739 5230">
    <p class='ocr_par' dir='ltr' id='par_1_97' title="bbox 186 5154 1739 5230">
     <span class='ocr_line' id='line_1_97' title="bbox 186 5154 1739 5230; baseline 0.013 -34"><span class='ocrx_word' id='word_1_738' title='bbox 186 5157 451 5217; x_wconf 81' lang='lat' dir='ltr'><strong>exspectat.</strong></span> <span class='ocrx_word' id='word_1_739' title='bbox 466 5154 522 5211; x_wconf 91' lang='lat' dir='ltr'><strong>In</strong></span> <span class='ocrx_word' id='word_1_740' title='bbox 534 5158 681 5212; x_wconf 89' lang='lat' dir='ltr'><strong>omni</strong></span> <span class='ocrx_word' id='word_1_741' title='bbox 710 5168 955 5228; x_wconf 88' lang='lat' dir='ltr'><strong>tempore</strong></span> <span class='ocrx_word' id='word_1_742' title='bbox 978 5159 1231 5230; x_wconf 87' lang='lat' dir='ltr'><strong>loquendi</strong></span> <span class='ocrx_word' id='word_1_743' title='bbox 1257 5165 1542 5217; x_wconf 90' lang='lat' dir='ltr'><strong>couventui</strong></span> <span class='ocrx_word' id='word_1_744' title='bbox 1571 5163 1739 5216; x_wconf 79' lang='lat' dir='ltr'><strong>inter-</strong></span> 
     </span>
    </p>
   </div>
   <div class='ocr_carea' id='block_1_98' title="bbox 188 5246 1734 5325">
    <p class='ocr_par' dir='ltr' id='par_1_98' title="bbox 188 5246 1734 5325">
     <span class='ocr_line' id='line_1_98' title="bbox 188 5246 1734 5325; baseline 0.014 -39"><span class='ocrx_word' id='word_1_745' title='bbox 188 5248 324 5304; x_wconf 88' lang='lat' dir='ltr'><strong>sunt,</strong></span> <span class='ocrx_word' id='word_1_746' title='bbox 354 5246 450 5302; x_wconf 90' lang='lat' dir='ltr'><strong>nisi</strong></span> <span class='ocrx_word' id='word_1_747' title='bbox 485 5252 702 5318; x_wconf 91' lang='lat' dir='ltr'><strong>quando</strong></span> <span class='ocrx_word' id='word_1_748' title='bbox 725 5252 926 5322; x_wconf 72' lang='lat' dir='ltr'><strong>capitis</strong></span> <span class='ocrx_word' id='word_1_749' title='bbox 955 5253 1036 5308; x_wconf 83' lang='lat' dir='ltr'><strong>eis</strong></span> <span class='ocrx_word' id='word_1_750' title='bbox 1066 5252 1243 5307; x_wconf 87' lang='lat' dir='ltr'><strong>ablata</strong></span> <span class='ocrx_word' id='word_1_751' title='bbox 1280 5263 1407 5309; x_wconf 84' lang='lat' dir='ltr'><strong>sunt</strong></span> <span class='ocrx_word' id='word_1_752' title='bbox 1439 5273 1452 5308; x_wconf 91' lang='lat'><strong>:</strong></span> <span class='ocrx_word' id='word_1_753' title='bbox 1481 5255 1734 5325; x_wconf 90' lang='lat' dir='ltr'><strong>sparsim,</strong></span> 
     </span>
    </p>
   </div>
   <div class='ocr_carea' id='block_1_99' title="bbox 191 5331 1740 5413">
    <p class='ocr_par' dir='ltr' id='par_1_99' title="bbox 191 5331 1740 5413">
     <span class='ocr_line' id='line_1_99' title="bbox 191 5331 1740 5413; baseline 0.014 -34"><span class='ocrx_word' id='word_1_754' title='bbox 191 5331 373 5389; x_wconf 80' lang='lat' dir='ltr'><strong>mixtim</strong></span> <span class='ocrx_word' id='word_1_755' title='bbox 407 5339 546 5395; x_wconf 87' lang='lat' dir='ltr'><strong>inter</strong></span> <span class='ocrx_word' id='word_1_756' title='bbox 570 5338 769 5397; x_wconf 72' lang='lat' dir='ltr'><strong>fratres</strong></span> <span class='ocrx_word' id='word_1_757' title='bbox 799 5344 1109 5413; x_wconf 85' lang='lat' dir='ltr'><strong>loquuntur.</strong></span> <span class='ocrx_word' id='word_1_758' title='bbox 1152 5341 1341 5399; x_wconf 84' lang='lat' dir='ltr'><strong>Frater</strong></span> <span class='ocrx_word' id='word_1_759' title='bbox 1380 5360 1503 5399; x_wconf 88' lang='lat' dir='ltr'><strong>cum</strong></span> <span class='ocrx_word' id='word_1_760' title='bbox 1536 5345 1740 5400; x_wconf 88' lang='lat' dir='ltr'><strong>novitio</strong></span> 
     </span>
    </p>
   </div>
   <div class='ocr_carea' id='block_1_100' title="bbox 251 5510 1741 5593">
    <p class='ocr_par' dir='ltr' id='par_1_100' title="bbox 251 5510 1741 5593">
     <span class='ocr_line' id='line_1_100' title="bbox 251 5510 1741 5593; baseline 0.004 -19"><span class='ocrx_word' id='word_1_761' title='bbox 251 5510 353 5583; x_wconf 58' lang='lat'><strong>(98)</strong></span> <span class='ocrx_word' id='word_1_762' title='bbox 366 5516 792 5593; x_wconf 77' lang='lat' dir='ltr'><strong>_&#39;i_‘ahulalignea,</strong></span> <span class='ocrx_word' id='word_1_763' title='bbox 808 5520 961 5593; x_wconf 85' lang='lat' dir='ltr'><strong>cujus</strong></span> <span class='ocrx_word' id='word_1_764' title='bbox 986 5523 1334 5593; x_wconf 87' lang='lat' dir='ltr'><strong>percussione</strong></span> <span class='ocrx_word' id='word_1_765' title='bbox 1356 5524 1741 5581; x_wconf 80' lang='lat' dir='ltr'><strong>excitabantur</strong></span> 
     </span>
    </p>
   </div>
   <div class='ocr_carea' id='block_1_101' title="bbox 196 5587 1742 5652">
    <p class='ocr_par' dir='ltr' id='par_1_101' title="bbox 196 5587 1742 5652">
     <span class='ocr_line' id='line_1_101' title="bbox 196 5587 1742 5652; baseline 0.015 -23"><span class='ocrx_word' id='word_1_766' title='bbox 196 5587 413 5652; x_wconf 71' lang='lat' dir='ltr'><strong>motumhi</strong></span> <span class='ocrx_word' id='word_1_767' title='bbox 438 5629 451 5651; x_wconf 92' lang='lat'><strong>,</strong></span> <span class='ocrx_word' id='word_1_768' title='bbox 487 5587 731 5647; x_wconf 76' lang='lat' dir='ltr'><strong>malleolo</strong></span> <span class='ocrx_word' id='word_1_769' title='bbox 777 5587 999 5648; x_wconf 62' lang='lat' dir='ltr'><strong>scilicet</strong></span> <span class='ocrx_word' id='word_1_770' title='bbox 1034 5594 1273 5647; x_wconf 84' lang='lat' dir='ltr'><strong>tabulam</strong></span> <span class='ocrx_word' id='word_1_771' title='bbox 1309 5596 1587 5651; x_wconf 81' lang='lat' dir='ltr'><strong>tondente.</strong></span> <span class='ocrx_word' id='word_1_772' title='bbox 1614 5592 1742 5652; x_wconf 63' lang='lat' dir='ltr'><strong>Haec</strong></span> 
     </span>
    </p>
   </div>
   <div class='ocr_carea' id='block_1_102' title="bbox 192 5650 1738 5733">
    <p class='ocr_par' dir='ltr' id='par_1_102' title="bbox 192 5650 1738 5733">
     <span class='ocr_line' id='line_1_102' title="bbox 192 5650 1738 5733; baseline 0.012 -30"><span class='ocrx_word' id='word_1_773' title='bbox 192 5650 357 5733; x_wconf 46' lang='lat' dir='ltr'><strong>eadem</strong></span> <span class='ocrx_word' id='word_1_774' title='bbox 416 5650 613 5733; x_wconf 75' lang='lat' dir='ltr'><strong>tabula</strong></span> <span class='ocrx_word' id='word_1_775' title='bbox 649 5663 962 5732; x_wconf 86' lang='lat' dir='ltr'><strong>pulsabatur</strong></span> <span class='ocrx_word' id='word_1_776' title='bbox 1017 5650 1567 5733; x_wconf 74' lang='lat' dir='ltr'><strong>seu‘percutiebatur</strong></span> <span class='ocrx_word' id='word_1_777' title='bbox 1612 5650 1738 5721; x_wconf 82' lang='lat' dir='ltr'><strong>dum</strong></span> 
     </span>
    </p>
   </div>
   <div class='ocr_carea' id='block_1_103' title="bbox 197 5718 1284 5803">
    <p class='ocr_par' dir='ltr' id='par_1_103' title="bbox 197 5718 1284 5803">
     <span class='ocr_line' id='line_1_103' title="bbox 197 5718 1284 5803; baseline 0.016 -31"><span class='ocrx_word' id='word_1_778' title='bbox 197 5718 417 5803; x_wconf 53' lang='lat' dir='ltr'><strong>alliciunt</strong></span> <span class='ocrx_word' id='word_1_779' title='bbox 462 5718 671 5802; x_wconf 72' lang='lat' dir='ltr'><strong>aliquod</strong></span> <span class='ocrx_word' id='word_1_780' title='bbox 723 5735 987 5803; x_wconf 79' lang='lat' dir='ltr'><strong>agendum</strong></span> <span class='ocrx_word' id='word_1_781' title='bbox 1028 5718 1284 5791; x_wconf 58' lang='lat' dir='ltr'><strong>insta&#39;hat.</strong></span> 
     </span>
    </p>
   </div>
   <div class='ocr_carea' id='block_1_104' title="bbox 259 5790 1738 5877">
    <p class='ocr_par' dir='ltr' id='par_1_104' title="bbox 259 5790 1738 5877">
     <span class='ocr_line' id='line_1_104' title="bbox 259 5790 1738 5877; baseline 0.009 -28"><span class='ocrx_word' id='word_1_782' title='bbox 259 5790 359 5866; x_wconf 59' lang='grc' dir='ltr'><strong>βυ)</strong></span> <span class='ocrx_word' id='word_1_783' title='bbox 386 5790 786 5858; x_wconf 71' lang='grc' dir='ltr'><strong>Βυειίιὶιειιάιιιίῖ</strong></span> <span class='ocrx_word' id='word_1_784' title='bbox 834 5814 964 5875; x_wconf 89' lang='lat' dir='ltr'><strong>puto</strong></span> <span class='ocrx_word' id='word_1_785' title='bbox 997 5823 1010 5861; x_wconf 91' lang='lat'>:</span> <span class='ocrx_word' id='word_1_786' title='bbox 1045 5804 1108 5859; x_wconf 89' lang='lat' dir='ltr'><strong>In</strong></span> <span class='ocrx_word' id='word_1_787' title='bbox 1146 5821 1248 5877; x_wconf 78' lang='lat' dir='ltr'><strong>quo</strong></span> <span class='ocrx_word' id='word_1_788' title='bbox 1286 5805 1356 5860; x_wconf 83' lang='lat' dir='ltr'><strong>ad</strong></span> <span class='ocrx_word' id='word_1_789' title='bbox 1388 5814 1668 5862; x_wconf 71' lang='lat' dir='ltr'><strong>nocturnos</strong></span> <span class='ocrx_word' id='word_1_790' title='bbox 1705 5825 1738 5863; x_wconf 77' lang='grc' dir='ltr'><em>α</em></span> 
     </span>
    </p>
   </div>
   <div class='ocr_carea' id='block_1_105' title="bbox 515 5896 952 5960">
    <p class='ocr_par' dir='ltr' id='par_1_105' title="bbox 515 5896 952 5960">
     <span class='ocr_line' id='line_1_105' title="bbox 515 5896 952 5960; baseline 0.005 -4"><span class='ocrx_word' id='word_1_791' title='bbox 515 5896 761 5960; x_wconf 64' lang='grc' dir='ltr'>Ριτιιοι</span> <span class='ocrx_word' id='word_1_792' title='bbox 830 5899 952 5959; x_wconf 73' lang='grc'><strong>(21..</strong></span> 
     </span>
    </p>
   </div>
   <div class='ocr_carea' id='block_1_106' title="bbox 1838 4589 3426 4666">
    <p class='ocr_par' dir='ltr' id='par_1_106' title="bbox 1838 4589 3426 4666">
     <span class='ocr_line' id='line_1_106' title="bbox 1838 4589 3426 4666; baseline 0.003 -22"><span class='ocrx_word' id='word_1_793' title='bbox 1838 4589 2216 4645; x_wconf 89' lang='lat' dir='ltr'><strong>committitur.</strong></span> <span class='ocrx_word' id='word_1_794' title='bbox 2243 4590 2300 4645; x_wconf 91' lang='lat' dir='ltr'><strong>Si</strong></span> <span class='ocrx_word' id='word_1_795' title='bbox 2334 4606 2462 4646; x_wconf 87' lang='lat' dir='ltr'><strong>vero</strong></span> <span class='ocrx_word' id='word_1_796' title='bbox 2486 4592 2575 4648; x_wconf 88' lang='lat' dir='ltr'><strong>ille</strong></span> <span class='ocrx_word' id='word_1_797' title='bbox 2607 4609 2712 4646; x_wconf 91' lang='lat' dir='ltr'><strong>non</strong></span> <span class='ocrx_word' id='word_1_798' title='bbox 2744 4593 2930 4659; x_wconf 85' lang='lat' dir='ltr'><strong>adest,</strong></span> <span class='ocrx_word' id='word_1_799' title='bbox 2961 4609 3137 4666; x_wconf 90' lang='lat' dir='ltr'><strong>neque</strong></span> <span class='ocrx_word' id='word_1_800' title='bbox 3165 4609 3261 4665; x_wconf 89' lang='lat' dir='ltr'><strong>per</strong></span> <span class='ocrx_word' id='word_1_801' title='bbox 3284 4611 3426 4649; x_wconf 85' lang='lat' dir='ltr'><strong>nun-</strong></span> 
     </span>
    </p>
   </div>
   <div class='ocr_carea' id='block_1_107' title="bbox 1839 4682 3423 4758">
    <p class='ocr_par' dir='ltr' id='par_1_107' title="bbox 1839 4682 3423 4758">
     <span class='ocr_line' id='line_1_107' title="bbox 1839 4682 3423 4758; baseline 0.003 -21"><span class='ocrx_word' id='word_1_802' title='bbox 1839 4682 1973 4737; x_wconf 89' lang='lat' dir='ltr'><strong>tium</strong></span> <span class='ocrx_word' id='word_1_803' title='bbox 2017 4683 2215 4752; x_wconf 85' lang='lat' dir='ltr'><strong>prioris</strong></span> <span class='ocrx_word' id='word_1_804' title='bbox 2250 4684 2428 4754; x_wconf 89' lang='lat' dir='ltr'><strong>aliqua</strong></span> <span class='ocrx_word' id='word_1_805' title='bbox 2482 4685 2872 4741; x_wconf 84' lang='lat' dir='ltr'><strong>commoditate</strong></span> <span class='ocrx_word' id='word_1_806' title='bbox 2901 4688 3179 4743; x_wconf 83' lang='lat' dir='ltr'><strong>conveniri</strong></span> <span class='ocrx_word' id='word_1_807' title='bbox 3210 4697 3423 4758; x_wconf 90' lang='lat' dir='ltr'><strong>potest,</strong></span> 
     </span>
    </p>
   </div>
   <div class='ocr_carea' id='block_1_108' title="bbox 1840 4774 3425 4851">
    <p class='ocr_par' dir='ltr' id='par_1_108' title="bbox 1840 4774 3425 4851">
     <span class='ocr_line' id='line_1_108' title="bbox 1840 4774 3425 4851; baseline 0.004 -23"><span class='ocrx_word' id='word_1_808' title='bbox 1840 4782 1949 4829; x_wconf 89' lang='lat' dir='ltr'><strong>tam</strong></span> <span class='ocrx_word' id='word_1_809' title='bbox 2004 4774 2239 4832; x_wconf 88' lang='lat' dir='ltr'><strong>uovitius</strong></span> <span class='ocrx_word' id='word_1_810' title='bbox 2282 4774 2501 4847; x_wconf 87' lang='lat' dir='ltr'><strong>juvenis</strong></span> <span class='ocrx_word' id='word_1_811' title='bbox 2551 4792 2713 4849; x_wconf 88' lang='lat' dir='ltr'><strong>quam</strong></span> <span class='ocrx_word' id='word_1_812' title='bbox 2768 4778 2906 4835; x_wconf 89' lang='lat' dir='ltr'><strong>alius</strong></span> <span class='ocrx_word' id='word_1_813' title='bbox 2959 4780 3118 4851; x_wconf 89' lang='lat' dir='ltr'><strong>hujus</strong></span> <span class='ocrx_word' id='word_1_814' title='bbox 3170 4780 3350 4835; x_wconf 64' lang='lat' dir='ltr'><strong>aetatis</strong></span> <span class='ocrx_word' id='word_1_815' title='bbox 3395 4796 3425 4834; x_wconf 87' lang='lat' dir='ltr'><strong>a</strong></span> 
     </span>
    </p>
   </div>
   <div class='ocr_carea' id='block_1_109' title="bbox 1837 4868 3426 4945">
    <p class='ocr_par' dir='ltr' id='par_1_109' title="bbox 1837 4868 3426 4945">
     <span class='ocr_line' id='line_1_109' title="bbox 1837 4868 3426 4945; baseline 0.004 -24"><span class='ocrx_word' id='word_1_816' title='bbox 1837 4868 2020 4939; x_wconf 83' lang='lat' dir='ltr'><strong>priore</strong></span> <span class='ocrx_word' id='word_1_817' title='bbox 2062 4871 2323 4926; x_wconf 71' lang='lat' dir='ltr'><strong>custodia:</strong></span> <span class='ocrx_word' id='word_1_818' title='bbox 2354 4873 2752 4944; x_wconf 84' lang='lat' dir='ltr'><strong>mancipantur.</strong></span> <span class='ocrx_word' id='word_1_819' title='bbox 2798 4873 3043 4944; x_wconf 85' lang='lat' dir='ltr'><strong>Novitio,</strong></span> <span class='ocrx_word' id='word_1_820' title='bbox 3091 4874 3183 4945; x_wconf 91' lang='lat' dir='ltr'><strong>qui</strong></span> <span class='ocrx_word' id='word_1_821' title='bbox 3241 4874 3426 4929; x_wconf 90' lang='lat' dir='ltr'><strong>frocco</strong></span> 
     </span>
    </p>
   </div>
   <div class='ocr_carea' id='block_1_110' title="bbox 1840 4964 3425 5040">
    <p class='ocr_par' dir='ltr' id='par_1_110' title="bbox 1840 4964 3425 5040">
     <span class='ocr_line' id='line_1_110' title="bbox 1840 4964 3425 5040; baseline 0.003 -22"><span class='ocrx_word' id='word_1_822' title='bbox 1840 4964 2058 5021; x_wconf 86' lang='lat' dir='ltr'><strong>indutus</strong></span> <span class='ocrx_word' id='word_1_823' title='bbox 2083 4966 2428 5037; x_wconf 89' lang='lat' dir='ltr'><strong>recipiendus</strong></span> <span class='ocrx_word' id='word_1_824' title='bbox 2450 4969 2630 5040; x_wconf 90' lang='lat' dir='ltr'><strong>aliqua</strong></span> <span class='ocrx_word' id='word_1_825' title='bbox 2661 4970 2727 5025; x_wconf 90' lang='lat' dir='ltr'><strong>de</strong></span> <span class='ocrx_word' id='word_1_826' title='bbox 2755 4970 2890 5027; x_wconf 89' lang='lat' dir='ltr'><strong>cella</strong></span> <span class='ocrx_word' id='word_1_827' title='bbox 2919 4969 3239 5034; x_wconf 85' lang='lat' dir='ltr'><strong>advenerit,</strong></span> <span class='ocrx_word' id='word_1_828' title='bbox 3270 4969 3425 5023; x_wconf 89' lang='lat' dir='ltr'><strong>aufe-</strong></span> 
     </span>
    </p>
   </div>
   <div class='ocr_carea' id='block_1_111' title="bbox 1840 5057 3427 5128">
    <p class='ocr_par' dir='ltr' id='par_1_111' title="bbox 1840 5057 3427 5128">
     <span class='ocr_line' id='line_1_111' title="bbox 1840 5057 3427 5128; baseline 0.001 -19"><span class='ocrx_word' id='word_1_829' title='bbox 1840 5057 2065 5111; x_wconf 83' lang='lat' dir='ltr'><strong>rendum</strong></span> <span class='ocrx_word' id='word_1_830' title='bbox 2091 5066 2175 5112; x_wconf 89' lang='lat' dir='ltr'><strong>est</strong></span> <span class='ocrx_word' id='word_1_831' title='bbox 2204 5060 2480 5128; x_wconf 90' lang='lat' dir='ltr'><strong>caputium</strong></span> <span class='ocrx_word' id='word_1_832' title='bbox 2512 5070 2665 5116; x_wconf 77' lang='lat' dir='ltr'><strong>extra</strong></span> <span class='ocrx_word' id='word_1_833' title='bbox 2699 5060 3025 5123; x_wconf 83' lang='lat' dir='ltr'><strong>claustrum,</strong></span> <span class='ocrx_word' id='word_1_834' title='bbox 3056 5061 3098 5113; x_wconf 91' lang='lat' dir='ltr'><strong>si</strong></span> <span class='ocrx_word' id='word_1_835' title='bbox 3138 5072 3201 5113; x_wconf 88' lang='lat' dir='ltr'><strong>ea</strong></span> <span class='ocrx_word' id='word_1_836' title='bbox 3230 5068 3307 5112; x_wconf 83' lang='lat' dir='ltr'><strong>cst</strong></span> <span class='ocrx_word' id='word_1_837' title='bbox 3334 5058 3427 5111; x_wconf 87' lang='lat' dir='ltr'><strong>die</strong></span> 
     </span>
    </p>
   </div>
   <div class='ocr_carea' id='block_1_112' title="bbox 1839 5145 3426 5222">
    <p class='ocr_par' dir='ltr' id='par_1_112' title="bbox 1839 5145 3426 5222">
     <span class='ocr_line' id='line_1_112' title="bbox 1839 5145 3426 5222; baseline 0.001 -23"><span class='ocrx_word' id='word_1_838' title='bbox 1839 5145 2267 5215; x_wconf 85' lang='lat' dir='ltr'><strong>benedicendus,</strong></span> <span class='ocrx_word' id='word_1_839' title='bbox 2296 5163 2404 5220; x_wconf 86' lang='lat' dir='ltr'><strong>qua</strong></span> <span class='ocrx_word' id='word_1_840' title='bbox 2434 5150 2750 5222; x_wconf 89' lang='lat' dir='ltr'><strong>suscipitur,</strong></span> <span class='ocrx_word' id='word_1_841' title='bbox 2776 5160 2870 5206; x_wconf 71' lang='lat' dir='ltr'><strong>aut</strong></span> <span class='ocrx_word' id='word_1_842' title='bbox 2891 5151 2935 5206; x_wconf 85' lang='lat' dir='ltr'><strong>si</strong></span> <span class='ocrx_word' id='word_1_843' title='bbox 2964 5148 3125 5219; x_wconf 81' lang='lat' dir='ltr'><strong>aliqui</strong></span> <span class='ocrx_word' id='word_1_844' title='bbox 3153 5145 3341 5202; x_wconf 86' lang='lat' dir='ltr'><strong>novitii</strong></span> <span class='ocrx_word' id='word_1_845' title='bbox 3372 5146 3426 5201; x_wconf 88' lang='lat' dir='ltr'><strong>in</strong></span> 
     </span>
    </p>
   </div>
   <div class='ocr_carea' id='block_1_113' title="bbox 1840 5242 3423 5316">
    <p class='ocr_par' dir='ltr' id='par_1_113' title="bbox 1840 5242 3423 5316">
     <span class='ocr_line' id='line_1_113' title="bbox 1840 5242 3423 5316; baseline 0.001 -21"><span class='ocrx_word' id='word_1_846' title='bbox 1840 5242 1975 5297; x_wconf 88' lang='lat' dir='ltr'><strong>cella</strong></span> <span class='ocrx_word' id='word_1_847' title='bbox 2028 5244 2355 5300; x_wconf 85' lang='lat' dir='ltr'><strong>novitiorutn</strong></span> <span class='ocrx_word' id='word_1_848' title='bbox 2404 5247 2598 5301; x_wconf 87' lang='lat' dir='ltr'><strong>ablatis</strong></span> <span class='ocrx_word' id='word_1_849' title='bbox 2647 5248 2881 5316; x_wconf 85' lang='lat' dir='ltr'><strong>caputiis</strong></span> <span class='ocrx_word' id='word_1_850' title='bbox 2928 5251 2985 5299; x_wconf 87' lang='lat' dir='ltr'><strong>tu</strong></span> <span class='ocrx_word' id='word_1_851' title='bbox 3013 5259 3059 5298; x_wconf 51' lang='lat' dir='ltr'><strong>sc</strong></span> <span class='ocrx_word' id='word_1_852' title='bbox 3121 5260 3185 5294; x_wconf 84' lang='lat' dir='ltr'><strong>un</strong></span> <span class='ocrx_word' id='word_1_853' title='bbox 3210 5250 3423 5296; x_wconf 79' lang='lat' dir='ltr'><strong>rantur.</strong></span> 
     </span>
    </p>
   </div>
   <div class='ocr_carea' id='block_1_114' title="bbox 1843 5320 3428 5409">
    <p class='ocr_par' dir='ltr' id='par_1_114' title="bbox 1843 5320 3428 5409">
     <span class='ocr_line' id='line_1_114' title="bbox 1843 5320 3428 5409; baseline -0.003 -19"><span class='ocrx_word' id='word_1_854' title='bbox 1843 5334 2135 5392; x_wconf 85' lang='lat' dir='ltr'><strong>Sciendum</strong></span> <span class='ocrx_word' id='word_1_855' title='bbox 2163 5347 2248 5394; x_wconf 92' lang='lat' dir='ltr'><strong>est</strong></span> <span class='ocrx_word' id='word_1_856' title='bbox 2272 5348 2453 5395; x_wconf 90' lang='lat' dir='ltr'><strong>autem</strong></span> <span class='ocrx_word' id='word_1_857' title='bbox 2473 5381 2488 5406; x_wconf 95' lang='lat'><strong>,</strong></span> <span class='ocrx_word' id='word_1_858' title='bbox 2517 5320 2659 5409; x_wconf 82' lang='lat' dir='ltr'><strong>quod</strong></span> <span class='ocrx_word' id='word_1_859' title='bbox 2694 5339 2872 5392; x_wconf 87' lang='lat' dir='ltr'><strong>nulltts</strong></span> <span class='ocrx_word' id='word_1_860' title='bbox 2921 5355 3157 5409; x_wconf 88' lang='lat' dir='ltr'><strong>unquam</strong></span> <span class='ocrx_word' id='word_1_861' title='bbox 3196 5336 3428 5393; x_wconf 86' lang='lat' dir='ltr'><strong>novitio-</strong></span> 
     </span>
    </p>
   </div>
   <div class='ocr_carea' id='block_1_115' title="bbox 1844 5509 3274 5583">
    <p class='ocr_par' dir='ltr' id='par_1_115' title="bbox 1844 5509 3274 5583">
     <span class='ocr_line' id='line_1_115' title="bbox 1844 5509 3274 5583; baseline 0.001 -21"><span class='ocrx_word' id='word_1_862' title='bbox 1844 5517 2085 5583; x_wconf 76' lang='lat' dir='ltr'><strong>qua_tuor_</strong></span> <span class='ocrx_word' id='word_1_863' title='bbox 2110 5511 2416 5581; x_wconf 70' lang='lat' dir='ltr'><strong>antiphona:</strong></span> <span class='ocrx_word' id='word_1_864' title='bbox 2443 5512 2617 5568; x_wconf 85' lang='lat' dir='ltr'><strong>solent</strong></span> <span class='ocrx_word' id='word_1_865' title='bbox 2648 5511 2860 5568; x_wconf 90' lang='lat' dir='ltr'><strong>cantari</strong></span> <span class='ocrx_word' id='word_1_866' title='bbox 2892 5520 3013 5583; x_wconf 89' lang='lat' dir='ltr'><strong>post</strong></span> <span class='ocrx_word' id='word_1_867' title='bbox 3051 5509 3274 5583; x_wconf 53' lang='lat' dir='ltr'><strong>Venite-</strong></span> 
     </span>
    </p>
   </div>
   <div class='ocr_carea' id='block_1_116' title="bbox 1867 5580 3426 5654">
    <p class='ocr_par' dir='ltr' id='par_1_116' title="bbox 1867 5580 3426 5654">
     <span class='ocr_line' id='line_1_116' title="bbox 1867 5580 3426 5654; baseline -0.002 -15"><span class='ocrx_word' id='word_1_868' title='bbox 1867 5587 1873 5593; x_wconf 87' lang='grc'><strong>’</strong></span> <span class='ocrx_word' id='word_1_869' title='bbox 1912 5580 2026 5654; x_wconf 77' lang='lat'><strong>(50)</strong></span> <span class='ocrx_word' id='word_1_870' title='bbox 2047 5580 2290 5652; x_wconf 88' lang='lat' dir='ltr'><strong>Caputiis</strong></span> <span class='ocrx_word' id='word_1_871' title='bbox 2312 5583 2617 5654; x_wconf 65' lang='lat' dir='ltr'><strong>legendum,</strong></span> <span class='ocrx_word' id='word_1_872' title='bbox 2631 5600 2751 5654; x_wconf 83' lang='lat' dir='ltr'><strong>quae</strong></span> <span class='ocrx_word' id='word_1_873' title='bbox 2764 5580 3100 5653; x_wconf 55' lang='lat' dir='ltr'><strong>sunt&#39;capitis</strong></span> <span class='ocrx_word' id='word_1_874' title='bbox 3116 5588 3426 5652; x_wconf 76' lang='lat' dir='ltr'><strong>tegumenta</strong></span> 
     </span>
    </p>
   </div>
   <div class='ocr_carea' id='block_1_117' title="bbox 1845 5652 3428 5723">
    <p class='ocr_par' dir='ltr' id='par_1_117' title="bbox 1845 5652 3428 5723">
     <span class='ocr_line' id='line_1_117' title="bbox 1845 5652 3428 5723; baseline 0.001 -18"><span class='ocrx_word' id='word_1_875' title='bbox 1845 5652 2031 5723; x_wconf 83' lang='lat' dir='ltr'><strong>cappis</strong></span> <span class='ocrx_word' id='word_1_876' title='bbox 2056 5661 2240 5709; x_wconf 85' lang='lat' dir='ltr'><strong>assuta</strong></span> <span class='ocrx_word' id='word_1_877' title='bbox 2274 5671 2295 5723; x_wconf 14' lang='lat'><strong>7:</strong></span> <span class='ocrx_word' id='word_1_878' title='bbox 2325 5652 2459 5707; x_wconf 85' lang='lat' dir='ltr'><strong>Nam</strong></span> <span class='ocrx_word' id='word_1_879' title='bbox 2489 5652 2738 5722; x_wconf 72' lang='lat' dir='ltr'><strong>capitium</strong></span> <span class='ocrx_word' id='word_1_880' title='bbox 2756 5697 2771 5721; x_wconf 90' lang='lat'><strong>,</strong></span> <span class='ocrx_word' id='word_1_881' title='bbox 2802 5670 2896 5710; x_wconf 88' lang='lat' dir='ltr'><strong>seu</strong></span> <span class='ocrx_word' id='word_1_882' title='bbox 2918 5652 3188 5722; x_wconf 66' lang='lat' dir='ltr'><strong>rupit-ium</strong></span> <span class='ocrx_word' id='word_1_883' title='bbox 3217 5660 3428 5723; x_wconf 88' lang='lat' dir='ltr'><strong>partem</strong></span> 
     </span>
    </p>
   </div>
   <div class='ocr_carea' id='block_1_118' title="bbox 1844 5722 3178 5796">
    <p class='ocr_par' dir='ltr' id='par_1_118' title="bbox 1844 5722 3178 5796">
     <span class='ocr_line' id='line_1_118' title="bbox 1844 5722 3178 5796; baseline 0.001 -20"><span class='ocrx_word' id='word_1_884' title='bbox 1844 5722 1974 5778; x_wconf 71' lang='lat' dir='ltr'><strong>tedis</strong></span> <span class='ocrx_word' id='word_1_885' title='bbox 2001 5738 2172 5781; x_wconf 83' lang='lat' dir='ltr'><strong>sacrae</strong></span> <span class='ocrx_word' id='word_1_886' title='bbox 2198 5722 2358 5796; x_wconf 72' lang='lat' dir='ltr'><strong>vulgo</strong></span> <span class='ocrx_word' id='word_1_887' title='bbox 2392 5723 2784 5795; x_wconf 62' lang='lat' dir='ltr'><strong>presbyterium</strong></span> <span class='ocrx_word' id='word_1_888' title='bbox 2817 5723 3178 5792; x_wconf 68' lang='lat' dir='ltr'><strong>significabat.</strong></span> 
     </span>
    </p>
   </div>
   <div class='ocr_carea' id='block_1_119' title="bbox 3110 5902 3190 5964">
    <p class='ocr_par' dir='ltr' id='par_1_119' title="bbox 3110 5902 3190 5964">
     <span class='ocr_line' id='line_1_119' title="bbox 3110 5902 3190 5964; baseline 0 0"><span class='ocrx_word' id='word_1_889' title='bbox 3110 5902 3190 5964; x_wconf 83' lang='lat'><strong>30</strong></span> 
     </span>
    </p>
   </div>
  </div>
