3890 6314
430 322 536 387 959

1489 299 1956 378 8.,6111ΜΕΙΜΙ
1984 293 2281 359 ABBATIS
2319 288 2642 356 illBSAUG.

433 452 553 494 rum
582 431 1035 496 communicabit,
1065 429 1792 501 priusquamconsecratus,
1827 417 1933 476 nisi
1966 417 2019 472 in

2140 447 2237 488 .res
2267 431 2544 486 orationes
2566 435 2883 498 sequentes,
2927 435 2986 482 et
3013 426 3083 481 de
3113 425 3350 505 reliquo,
3382 422 3599 495 quoties
3648 425 3695 477 is

430 529 660 588 summis
704 527 947 598 quinque
1009 520 1437 584 festivitatibus,
1495 515 1637 570 etin
1688 512 1793 568 illis
1847 509 2019 565 tribus

433 625 622 680 diebus
663 629 788 675 ante
817 616 1050 681 Pascha;
1098 615 1144 670 si
1197 613 1321 669 talis
1368 607 1657 665 infirmitas
1702 606 1753 660 ei
1798 602 2023 658 minime

432 713 839 787 Super-venerit,
868 725 990 781 quae
1016 708 1120 765 sibi
1154 704 1540 763 necessitatem
1586 691 2022 787 communieaudi

436 785 622 865 faciat.
651 800 804 871 Quod
835 810 1015 855 tamen
1044 796 1283 853 novitius
1310 789 1613 936 omne?
1636 802 1739 841 non
1767 785 2025 840 observa-

436 898 513 936 It‘n
568 892 802 936 .ptinmei
834 891 1074 936 nnmlmn
1104 888 1305 936 domno
1334 883 1475 936 abl‘a
1534 920 1550 936 .
1586 878 1669 934 τρι
1700 876 1865 936 ιιιίοιὶ
1893 889 2024 930 con-

432 892 804 956 bitsetiamsi
833 891 1074 948 nondum
1104 888 1305 943 donmo
1334 876 1669 946 ablachl
1700 876 1865 948 priori
1893 889 2024 930 con-

435 988 723 1045 fessionen
747 998 900 1040 suam
920 981 1130 1039 fecerit.
1146 977 1407 1048 Quisquis
1430 976 1576 1079 iulg
1594 987 1687 1028 eos
1710 972 1775 1029 de
1794 968 2023 1079 ecclesia

435 1079 729 1137 ad‘cellam
766 1082 931 1131 noctu
963 1072 1153 1128 venire
1181 1086 1288 1127 non
1321 1060 1630 1138 praesumit,
1662 1063 1768 1118 nisi
1799 1060 1885 1117 vel
1916 1073 2025 1114 uno

439 1173 592 1230 socio
644 1177 925 1238 assumpto
968 1174 1161 1220 etnon
1203 1163 1321 1218 sine
1365 1161 1590 1216 lumine.
1637 1157 1772 1214 Nam
1822 1155 2027 1225 aliquot

438 1268 749 1323 Absconsas
775 1261 888 1332 (51)
912 1258 1071 1329 juxta
1103 1258 1277 1313 altare
1300 1266 1355 1311 et
1379 1256 1522 1312 ostio
1548 1252 1790 1311 ecclesiae
1837 1249 2049 1336 proxi-~

442 1374 590 1413 mum
619 1355 853 1420 invenit,
904 1367 1137 1423 quarum
1188 1366 1352 1405 unam
1403 1350 1654 1419 accipere
1699 1345 1923 1417 poterit.
1968 1341 2025 1397 Si

438 1459 660 1522 propter
684 1447 1057 1504 infirmitatem
1083 1453 1211 1499 ante
1240 1442 1465 1497 chorum
1495 1441 1684 1496 sedere
1704 1479 1719 1504 ,
1748 1437 1833 1493 vel
1863 1444 2025 1491 noctu

443 1558 542 1614 pro
569 1536 965 1620 exstingtenda
990 1533 1085 1590 siti
1130 1535 1199 1588 ad
1238 1531 1599 1611 riniirmariam
1647 1530 1759 1594 ire,
1803 1526 1884 1581 vel
1932 1540 2029 1596 pro

439 1634 553 1693 solo
580 1631 776 1702 pedum
805 1628 994 1683 dolore
1024 1633 1325 1680 nocturnos
1343 1623 1566 1679 calceos
1598 1621 1651 1675 in
1681 1620 1771 1674 die
1804 1626 2030 1690 portare

440 1741 581 1797 opus
596 1725 666 1779 sit
682 1764 698 1786 ,
729 1723 797 1778 ad
819 1724 925 1778 hoc
947 1720 1223 1776 licentiam
1249 1734 1281 1773 a
1305 1716 1568 1786 magistro
1591 1711 1838 1783 accipere
1863 1707 2027 1763 valet.

441 1819 524 1873 Ad
562 1814 918 1871 inllrtuariam
965 1820 1150 1867 autem
1190 1825 1291 1880 pro
1326 1822 1486 1879 supra
1526 1805 1667 1861 dicta
1720 1816 1883 1858 causa
1912 1800 2029 1870 ipso

348 1952 351 1955 .
440 1906 661 1977 quidem
688 1905 921 1961 ducente
958 1901 1146 1956 venit:
1180 1900 1276 1955 sed
1301 1898 1357 1954 in
1390 1896 1634 1953 crastino
1661 1893 1764 1948 nisi
1793 1908 1821 1946 a
1850 1891 2031 1962 priore

441 2001 492 2056 ei
522 1996 853 2054 intirmarius
878 1995 1131 2064 impetret
1158 1991 1465 2054 licentiam,
1494 1989 1617 2045 inde
1648 2000 1753 2041 non
1779 1984 1993 2039 redibit.

516 2088 575 2143 Si
604 2100 742 2156 opus
770 2082 935 2141 habet
966 2082 1222 2137 balneare
1257 2080 1325 2135 ad
1357 2077 1705 2134 Nativitatem
1737 2072 1947 2130 Domini
1978 2083 2034 2128 et

446 2178 692 2246 Pascbae,
708 2193 830 2234 cum
852 2174 1094 2247 ejusdem
1121 2170 1617 2245 magistriseientia
1640 2168 1837 2240 potius,
1868 2179 2032 2236 quam

444 2272 668 2331 licentia
721 2271 827 2327 hoc
886 2265 1194 2323 facitzalio
1246 2275 1490 2335 tempore
1534 2273 1719 2318 autem
1768 2276 1905 2316 nunt
1926 2257 2031 2314 nisi

444 2363 664 2420 licentia
690 2366 913 2430 accepta
934 2374 965 2412 a
986 2357 1189 2428 priore.
1213 2354 1480 2419 Quamdiu
1511 2353 1630 2410 sine
1657 2349 2034 2409 benedictione

446 2455 641 2516 fuerit,
675 2468 783 2508 non
808 2460 894 2508 est
915 2448 1284 2515 consuetudo,
1313 2456 1369 2501 ut
1398 2446 1529 2501 fiant
1559 2445 1609 2501 ei
1647 2455 1915 2507 cocturae,
1949 2442 2033 2501 vel

453 2547 562 2604 ulla
594 2542 903 2617 huiusmodi
934 2540 1225 2608 medicina,
1258 2549 1455 2611 praeter
1479 2537 1759 2609 sanguinis
1780 2536 2036 2593 minutio-

448 2659 607 2708 nem,
664 2641 769 2698 riisi
826 2640 969 2696 forte
1017 2647 1173 2694 tanta
1217 2639 1292 2694 sit
1338 2637 1669 2702 necessitas,
1726 2648 1829 2705 pro
1880 2630 2037 2703 cujus

448 2733 824 2807 magnitudine
852 2731 1108 2803 impietas
1150 2730 1422 2795 videatur,
1451 2745 1557 2785 non
1585 2726 1880 2796 infringere
1906 2738 2038 2778 con-

448 2827 811 2883 suetudinem.
842 2824 1064 2880 lnterim
1086 2825 1280 2889 etiam,
1304 2823 1434 2878 dum
1459 2837 1565 2879 non
1589 2830 1672 2875 est
1696 2818 2037 2880 benedictus,

450 2921 494 2973 si
542 2919 743 2989 fugerit
793 2918 861 2974 de
904 2918 1269 2983 monasterio,
1300 2931 1407 2971 non
1450 2924 1536 2971 est
1580 2910 2036 2984 persequendus:

449 3010 578 3080 quia
607 3010 844 3065 nondum
865 3020 948 3067 est
970 3011 1293 3072 monachus,
1309 3023 1485 3078 neque
1508 3005 1813 3077 professus;
1840 3003 1888 3058 si
1908 3015 2039 3056 vero

450 3109 645 3169 sponte
670 3100 924 3167 redierit,
952 3115 1059 3155 non
1098 3111 1184 3155 est
1232 3098 1392 3155 facile
1415 3095 1819 3168 suscipiendus,
1850 3093 1945 3150 sed
1970 3094 2040 3146 de

451 3189 723 3246 industria
752 3190 1207 3246 contemnendus.
1228 3188 1286 3245 Si
1315 3189 1586 3259 patienter
1613 3187 1715 3241 hoc
1751 3183 1957 3246 tulerit,
1986 3190 2041 3237 et

451 3298 515 3338 ex
575 3280 742 3338 corde
793 3281 1142 3352 paenituerit,
1186 3296 1297 3337 non
1343 3289 1431 3336 est
1478 3280 1553 3334 in.
1582 3276 1821 3349 capitulo
1866 3274 2040 3330 nudus

452 3374 865 3443 praesentandus
905 3391 920 3429 :
972 3374 1100 3444 quia
1152 3388 1255 3430 nee
1301 3371 1566 3428 cucullum
1616 3384 1716 3427 nec
1765 3369 2038 3440 caputinm

454 3464 655 3532 habet,
685 3467 783 3523 sed
832 3476 1045 3522 tantum
1087 3466 1303 3521 abbatis
1342 3475 1614 3536 praecepto
1643 3464 1699 3518 in
1744 3462 2040 3518 claustrum

454 3558 693 3626 iacitur,
723 3569 780 3614 et
813 3559 1105 3615 conventui
1140 3559 1435 3613 adunatur.
1467 3556 1524 3611 In
1557 3554 1933 3627 aagritudinem
1960 3552 2042 3605 in-

458 3651 646 3708 sideris
662 3667 888 3709 carnem
920 3667 1030 3707 non
1053 3652 1349 3707 manducat
1371 3689 1386 3714 ,
1420 3649 1633 3705 etiamsi
1664 3648 1716 3701 in
1743 3643 2040 3701 inﬁrmarin

454 3743 528 3799 sit
554 3741 780 3796 multum
807 3742 1037 3807 debilis,
1060 3742 1160 3798 nisi
1190 3741 1296 3795 alio
1327 3740 1452 3796 cibu
1499 3739 1646 3794 relici
1696 3743 1948 3806 nequeat.
1980 3734 2043 3788 lit

456 3835 503 3889 si
545 3835 911 3903 convalescit,
960 3843 1181 3905 propter
1232 3836 1335 3890 hoc
1384 3834 1596 3888 veniam
1638 3846 1745 3886 non
1782 3831 1937 3898 petit.
1986 3828 2041 3883 Si

457 3924 582 3993 quis
641 3924 939 3979 monachus
1018 3925 1162 3981 inter
1227 3924 1462 3979 novitios
1526 3922 1836 3989 instruitur,
1907 3920 2045 3975 hanc

426 4016 764 4071 doctrinam
805 4032 913 4072 non
944 4016 1184 4082 deserit,
1226 4017 1330 4071 nisi
1377 4032 1500 4070 cum
1549 4014 1807 4086 magistro
1836 4022 2044 4082 tempus

455 4124 578 4165 esse
608 4109 838 4165 videtur.
888 4110 1014 4177 llis,
1046 4126 1167 4180 qua:
1212 4119 1544 4180 sequuntur,
1571 4108 1759 4164 novitii
1804 4119 2044 4179 tempore

455 4204 791 4272 probationis
816 4221 927 4260 suae
951 4206 1315 4260 instruuntur.

1066 4280 1298 4351 CAPUT
1339 4293 1429 4348 IV.

1012 4386 1091 4441 De
1115 4387 1479 4441 inclinatione.
1794 4430 1797 4431 ν

493 4482 606 4548 (ιιι).
617 4477 755 4548 var.)
769 4477 913 4534 Sane
927 4478 1196 4551 imprimis
1209 4479 1312 4545 etsi
1327 4480 1379 4533 id
1394 4494 1640 4549 parvum,
1657 4493 1756 4534 nec
1771 4477 2046 4533 monitione

458 4570 682 4640 dignum
695 4572 905 4629 censeri
928 4572 1179 4641 possitab
1196 4571 1398 4641 aliquo,
1417 4582 1596 4627 tamen
1612 4586 1735 4627 cum
1748 4588 1854 4627 non
1882 4587 2050 4642 parvo

466 4662 673 4731 studio,
696 4664 925 4732 quilibet
956 4664 1195 4719 novitius
1233 4674 1318 4720 est
1343 4664 1711 4731 instruendus,
1738 4674 1799 4720 ut
1836 4667 2050 4738 regula-

446 4752 600 4805 'riter
628 4752 769 4806 sciat
797 4751 1087 4818 inclinare,
1123 4753 1335 4810 scilicet
1371 4771 1479 4811 non
1517 4755 1682 4811 dorso
1707 4753 1963 4823 allevato,
1989 4765 2047 4810 ut

459 4840 783 4911 quibusdam
819 4841 1215 4914 negligentibus
1256 4854 1343 4900 est
1369 4844 1636 4903 familiare
1664 4861 1680 4900 :
1705 4845 1801 4902 sed
1838 4846 1934 4909 ita,
1990 4856 2050 4902 ut

461 4936 687 4989 dorsum
713 4935 789 4990 sit
812 4936 1139 5001 submissius
1163 4953 1326 5009 quam
1363 4939 1555 5005 lumbi,
1603 4948 1659 4995 et
1692 4948 1855 5010 caput
1881 4939 2051 4995 subli-

458 5030 603 5086 mius
631 5042 794 5100 quam
838 5031 1083 5087 dorsum.
1128 5033 1304 5101 Quam
1362 5034 1768 5091 inclinationem
1809 5042 2051 5106 uesper

458 5136 614 5177 usum
650 5123 803 5179 An'rs
832 5138 904 5178 ετ
945 5139 1120 5181 ιιετιιο
1160 5124 1274 5195 (52)
1317 5125 1667 5196 appellamus,
1702 5142 1825 5197 qua:
1858 5135 2049 5183 contra

458 5213 741 5271 Orientem
771 5216 979 5287 incipit,
1008 5227 1064 5273 et
1110 5219 1232 5275 linit
1261 5228 1453 5275 contra
1479 5217 1845 5276 Occidentem.
1873 5220 2049 5289 Quam

457 5306 629 5359 etiam
656 5306 865 5378 agimus
905 5310 1083 5379 primo
1121 5322 1247 5366 ante
1278 5309 1601 5368 Nocturnus
1630 5323 1751 5382 post
1784 5322 1894 5371 tres
1921 5328 2045 5368 ora-

459 5396 671 5461 tiones,
698 5408 752 5453 et
774 5410 897 5470 post
945 5400 1372 5475 Completorium
1426 5404 1665 5471 finitum,
1690 5415 1746 5459 et
1767 5406 1896 5459 item
1924 5416 2050 5474 post

495 5600 507 5612 Ι
539 5526 665 5604 (51)
689 5531 956 5612 Absconsa
991 5550 1140 5612 c_:eca_
1162 5538 1416 5612 interna,
1443 5552 1558 5612 qua
1579 5536 1826 5612 monachi
1854 5546 1910 5592 ut
1933 5536 2047 5607 pluo

463 5604 660 5656 rituum
694 5604 983 5659 utebantur
1014 5609 1065 5661 in
1094 5608 1358 5664 obeundis
1389 5604 1743 5664 tiOl‘lllilOl'ilS.

384 5748 385 5753 η
467 5741 478 5752 .
534 5672 649 5753 (ζὴ)
690 5673 971 5753 llaenvoces
992 5689 1111 5731 ante
1132 5688 1180 5732 et
1204 5693 1362 5744 retro,
1409 5679 1725 5753 frequenter
1756 5686 2050 5753 recurrunt

464 5743 521 5801 in
560 5744 663 5802 hoc
700 5743 1008 5819 Ordinario,
1054 5762 1269 5823 semper
1314 5743 1524 5808 tameu'
1549 5750 1861 5823 signiﬁcant
1892 5749 2049 5807 incli-

2121 526 2354 582 ecclesia
2405 522 2780 589 convenimus,
2818 522 2905 576 vel
2931 520 2987 575 in
3019 519 3274 589 capitulo,
3310 520 3401 572 vel
3427 514 3697 573 refectorio

2123 619 2337 689 agimus
2376 630 2497 672 eam
2546 623 2609 669 et
2629 613 2701 669 ad
2725 613 3036 675 introitum,
3063 609 3211 687 etad
3240 610 3481 665 exitum.
3527 606 3624 663 Sed
3649 606 3699 661 in

2123 708 2353 765 ecclesia
2387 706 2666 763 Dominica
2697 704 2946 760 oratione
2964 703 3121 773 prius
3135 701 3429 773 prmmissa
3449 740 3463 762 ,
3493 709 3697 767 excepto

2123 799 2341 870 quando
2364 796 2790 868 Completorium
2816 793 3123 864 incipitur,
3160 802 3215 847 et
3242 790 3476 861 quando
3500 805 3529 842 a
3561 804 3701 858 pra»,

2126 891 2219 946 diu
2252 889 2392 945 vela
2416 902 2571 944 ctena
2601 887 2743 942 imus
2789 884 2844 939 in
2868 883 3177 947 ecclesiam,
3219 890 3357 936 tunc
3386 894 3497 933 non
3528 876 3621 932 nisi
3640 876 3698 930 ad

2126 984 2354 1049 exitum,
2384 981 2498 1037 sive
2524 979 2657 1034 hora
2688 974 3259 1054 regularissequatur,
3276 973 3406 1029 sive
3440 986 3566 1025 non.
3587 968 3697 1023 Item

2127 1076 2196 1130 ad
2234 1074 2493 1141 oliicium,
2519 1072 2564 1127 si
2601 1071 2657 1126 in
2687 1070 2776 1127 die
2803 1077 3080 1133 cantatur,
3104 1082 3211 1123 non
3237 1064 3593 1126 inclinamus,
3614 1059 3699 1115 nisi

2128 1171 2194 1223 ad
2225 1168 2387 1223 linem
2412 1206 2427 1231 ,
2486 1163 2785 1234 etquoties
2808 1163 3063 1218 venimus
3098 1160 3164 1215 ad
3196 1157 3503 1214 ecclesiam
3526 1164 3701 1213 Sancta:

2129 1258 2328 1313 Maria}.
2361 1256 2825 1325 Quandocumque
2852 1263 3035 1308 autem
3064 1263 3193 1306 ante
3234 1250 3474 1304 missam
3503 1250 3701 1317 proces-

2129 1352 2211 1408 sio
2240 1350 2367 1406 illuc
2391 1350 2594 1422 agitur,
2636 1363 2812 1419 neque
2837 1347 2904 1401 ad
2933 1345 3097 1401 linem
3147 1342 3453 1399 inclinatur
3483 1357 3500 1394 :
3530 1342 3591 1393 de
3612 1356 3702 1409 qua

2130 1453 2253 1516 post
2278 1442 2521 1498 Psahnos
2548 1439 2994 1496 anniversatiales
3027 1438 3126 1511 [αι.
3152 1432 3579 1506 anniversalcs].
3599 1449 3703 1489 cum

2134 1533 2463 1589 rrvcrthnur
2521 1532 2576 1586 in
2633 1530 2958 1605 capitulum,
3006 1545 3069 1585 ea
3105 1529 3249 1594 vice,
3287 1543 3407 1583 non
3434 1527 3537 1581 nisi
3561 1524 3703 1581 siml

2134 1624 2482 1693 inclinamns,
2538 1623 2750 1680 scilicet
2790 1634 2919 1679 ante
2966 1621 3379 1694 percussionem
3430 1617 3703 1677 tabulalu

2132 1719 2299 1774 choro
2329 1730 2567 1788 quoque,
2598 1716 2888 1773 stationem
2938 1714 3192 1785 quotiens
3219 1722 3526 1775 mutamus,
3557 1710 3617 1764 ad
3638 1708 3703 1764 ala

2134 1822 2507 1881 terutramque
2545 1810 2771 1865 missam
2822 1808 3166 1867 inclinanms.
3210 1807 3294 1862 Ad
3332 1806 3535 1861 missas
3557 1804 3703 1865 enim,

2134 1905 2225 1975 qui
2254 1913 2381 1959 sunt
2405 1904 2674 1970 seniores,
2705 1910 2851 1957 stant
2902 1900 3066 1970 primi
3091 1909 3148 1957 et
3172 1900 3420 1970 proximi
3444 1895 3701 1969 principali

2133 1994 2292 2050 altari
2326 2013 2345 2048 ι
2375 1994 2445 2050 ad
2483 1993 2765 2066 regulares
2788 1992 2953 2049 horas
2984 1991 3265 2048 novissimi
3290 1991 3350 2046 in
3374 1988 3704 2047 extremitate

2134 2084 2305 2151 chori,
2361 2093 2557 2155 praeter
2586 2084 2653 2138 ad
2683 2083 2922 2140 Tertiam
2958 2082 3030 2141 in
3056 2081 3353 2139 duodecim
3383 2080 3699 2142 lectionibus,

2130 2175 2190 2231 in
2250 2176 2469 2247 quibus,
2520 2176 2647 2246 quia
2710 2175 2847 2232 solet
2892 2176 3122 2231 eandem
3169 2174 3371 2230 horam
3400 2170 3702 2229 mamtinalis

2134 2268 2302 2326 missa
2356 2269 2684 2339 praecedere,
2722 2278 2781 2323 et
2826 2267 3001 2339 major
3029 2266 3213 2324 statim
3254 2264 3569 2327 succedere,
3597 2277 3700 2331 pro-

2136 2369 2260 2432 pter
2311 2361 2416 2415 hoc
2463 2368 2617 2430 puto,
2663 2360 2809 2429 quod
2860 2358 3026 2415 statio
3068 2373 3178 2415 non
3219 2366 3492 2415 mutatur.
3522 2354 3702 2411 Dehoc

2136 2460 2317 2507 autem
2359 2449 2616 2525 praefatus
2663 2448 2872 2505 Christi
2911 2448 3185 2505 scholaris
3232 2462 3348 2503 non
3395 2456 3503 2502 tam
3536 2443 3698 2499 auditu

2137 2553 2402 2616 quantum
2433 2544 2550 2598 visu
2580 2542 2889 2600 instruitur.

2765 2635 2993 2695 CAPUT
3035 2634 3098 2691 γ.

2281 2728 2359 2785 De
2395 2728 2631 2796 silentio,
2654 2729 2711 2785 in
2733 2729 2922 2801 quibus
2950 2730 3169 2800 oiﬁcinis
3189 2729 3260 2783 sit
3281 2728 3568 2784 tenendum.

2149 2858 2155 2864 .
2212 2821 2353 2895 (un.)
2379 2821 2529 2893 Opus
2557 2837 2774 2893 quoque
2796 2823 2957 2880 habet
2987 2834 3045 2879 ut
3074 2824 3227 2894 signa
3257 2823 3542 2895 diligenter
3562 2818 3690 2874 addi-

2140 2925 2278 2980 scat,
2331 2913 2530 2984 quibus
2578 2924 2763 2971 tacens
2823 2915 3223 2985 quodammodo
3264 2916 3540 2988 loquatur,
3591 2913 3696 2981 quia

2138 3008 2459 3079 priusquam
2504 3008 2776 3070 adunatus
2821 3009 2985 3064 fuerit
3035 3009 3102 3064 ad
3157 3019 3491 3065 conventum
3527 3006 3635 3062 liwt
3654 3007 3697 3059 ei

2066 3128 2112 3191 ρ
2142 3098 2422 3155 rarissime
2446 3098 2616 3169 loqui.
2646 3099 2712 3154 Et
2747 3099 2880 3156 tales
2905 3099 3135 3157 olﬁeinze
3157 3112 3289 3157 sunt
3310 3102 3367 3158 in
3399 3098 3697 3164 elaustro,iu

2142 3192 2341 3263 quibus
2359 3199 2444 3247 est
2473 3192 2730 3247 traditum
2759 3207 2787 3247 a
2811 3192 3063 3248 Patrihus
3088 3194 3315 3250 nostris.
3342 3203 3404 3249 et
3429 3191 3697 3263 prensum,

2142 3291 2203 3338 ut
2252 3290 2575 3353 perpetuum
2634 3283 2909 3339 silentium
2944 3292 3215 3349 teneatur,
3248 3285 3303 3340 id
3344 3294 3435 3342 est
3478 3282 3696 3344 ecclesia,

2142 3373 2553 3439 dormitorium,
2584 3373 2954 3440 refectorium,
2982 3375 3217 3447 coquina
3242 3376 3530 3445 regularis.
3556 3373 3607 3429 lu
3627 3372 3698 3428 bis

2143 3463 2375 3536 singulis
2426 3472 2537 3519 tam
2578 3464 2629 3518 in
2686 3464 2799 3530 die,
2830 3480 2996 3534 quam
3026 3466 3080 3520 in
3129 3475 3319 3531 nocte,
3370 3468 3421 3522 si
3450 3467 3531 3521 vel
3557 3480 3697 3520 unum

2143 3556 2370 3609 verbum
2403 3570 2677 3625 quoquam
2709 3554 2965 3611 audiente
2996 3555 3255 3624 loquitur,
3287 3566 3485 3626 sponte
3514 3553 3697 3610 vcinam

2143 3646 2300 3716 petit.
2360 3646 2467 3701 Sed
2498 3646 2544 3701 si
2576 3646 2718 3703 hanc
2760 3646 3141 3719 negligentiam
3189 3648 3695 3720 aliquotiensinw-

2146 3739 2298 3808 rerit,
2330 3740 2598 3796 interdum
2620 3739 2886 3810 judicium
2920 3757 3025 3797 non
3056 3743 3262 3801 evadit.
3295 3748 3309 3763 ⁸
3330 3743 3488 3797 Alias
3513 3755 3636 3801 vero.
3654 3736 3695 3790 εὖ

2145 3833 2277 3902 quid
2315 3832 2579 3903 loquitur,
2628 3835 2733 3889 nisi
2793 3835 3365 3890 inclamatusveniam
3426 3849 3534 3890 non
3559 3829 3694 3892 facit;

2145 3924 2239 3979 sed
2266 3935 2396 3980 tunc
2432 3940 2557 3979 raro
2588 3924 2853 3995 judicium
2876 3926 3081 3981 evadit.
3108 3925 3249 3998 (ιω.)
3286 3926 3355 3981 Et
3383 3926 3433 3981 si
3462 3924 3539 3980 vel
3565 3935 3695 3977 unam

2145 4016 2502 4086 antiphonam
2555 4016 2643 4071 vel
2692 4017 3117 4087 responsorium,
3164 4016 3249 4072 vel
3273 4015 3423 4071 aliud
3470 4009 3696 4085 quidtale

2145 4109 2539 4180 absqueilibro
2586 4109 2972 4175 nominaverit,
3012 4119 3065 4165 et
3100 4109 3156 4164 in
3195 4109 3344 4165 libro
3394 4105 3552 4164 simul
3595 4116 3694 4161 cum

2145 4198 2438 4256 emissione
2476 4197 2627 4255 verbi
2652 4215 2762 4256 non
2794 4200 3010 4265 viderit,
3042 4200 3109 4256 de
3135 4200 3237 4256 hoc
3260 4216 3369 4255 non
3398 4199 3540 4255 aliud
3562 4207 3693 4265 qm

2144 4290 2303 4361 plane
2340 4289 2621 4345 silentium
2667 4298 2922 4351 censetur
2974 4288 3281 4362 infregisse.
3308 4296 3326 4310 ‘
3358 4291 3420 4347 In
3464 4283 3696 4345 auditorio

2152 4401 2258 4443 non
2296 4386 2427 4442 licet
2452 4387 2505 4441 ei
2542 4386 2688 4457 loqui
2708 4385 2970 4452 sedendo,
3004 4386 3109 4442 nisi
3135 4402 3261 4442 cum
3293 4386 3498 4441 domno
3514 4381 3690 4439 abbate.

2076 4481 2122 4541 D
2152 4477 2237 4533 vel
2292 4478 2500 4548 priore,
2549 4488 2643 4534 aut
2696 4478 2974 4535 claustrali
3024 4480 3207 4550 priore
3230 4479 3466 4549 pleuiter
3489 4476 3695 4534 ordinem

2154 4575 2388 4623 tenente.
2436 4567 2542 4623 Sed
2578 4578 2633 4623 et
2662 4584 2941 4639 nunquam
2978 4568 3031 4624 in
3056 4570 3345 4626 duodecim
3386 4565 3691 4627 lectionibus

2151 4672 2327 4727 neque
2370 4659 2423 4713 in
2471 4668 2660 4714 astate
2700 4659 2928 4730 privatis
2983 4660 3174 4717 diebus
3208 4670 3502 4730 antequam
3543 4654 3693 4712 [itania

2151 4750 2392 4816 finiatur,
2442 4765 2620 4821 neque
2674 4751 2727 4805 in
2756 4752 2951 4823 hyeme
2979 4763 3105 4808 ante
3142 4754 3466 4809 tertiamibi
3497 4751 3571 4804 vel
3594 4744 3693 4803 ειιέὕὲ

2151 4845 2206 4900 in
2232 4844 2468 4900 claustro
2501 4844 2797 4915 quidquam
2828 4844 3085 4916 loquitur.
3111 4846 3227 4903 Hoc
3247 4854 3304 4902 et
3333 4847 3403 4903 in.
3422 4846 3548 4903 cella
3574 4837 3694 4897 Imi-

2153 4936 2351 4991 tiorum
2405 4935 2751 5003 observatur,
2800 4946 3028 5009 excepto
3085 4939 3230 5009 quod
3265 4940 3497 4995 domnus
3538 4932 3691 4993 abbas.

2151 5027 2240 5084 vel
2265 5026 2445 5097 Prior,
2474 5027 2560 5083 vel
2598 5027 2854 5100 Magister
2918 5031 3273 5099 novitiurum,
3300 5032 3462 5088 solito
3492 5036 3692 5100 tempoﬂ

2151 5127 2334 5191 potest
2364 5118 2438 5175 ibi
2465 5117 2693 5190 alicujus
2717 5120 2907 5176 novitii
2938 5122 3339 5180 confessionem
3366 5125 3567 5180 audire.

2767 5211 2997 5270 CAPUT
3037 5213 3123 5270 Vl.

2649 5306 2729 5362 De
2755 5308 2923 5378 signis
2964 5308 3234 5378 loquendi.

2223 5398 2299 5454 De
2317 5398 2448 5469 ipsis
2473 5408 2654 5455 autem
2683 5399 2874 5469 signis,
2906 5408 2964 5454 ut
2985 5399 3164 5469 aliqua
3194 5414 3413 5470 ponam,
3444 5414 3491 5451 v.
3516 5391 3688 5470 3433).

2083 2718 2093 2754 l

2152 5536 2428 5608 nationem
2458 5536 2725 5608 corporis,
2771 5552 2889 5607 qua:
2912 5548 3120 5608 ποηιτιι⁸
3145 5535 3417 5608 Orientem
3448 5531 3688 5608 neque

2151 5607 2265 5679 [init
2297 5617 2479 5661 contra
2515 5606 2870 5671 Occidentem,
2905 5617 2963 5661 ut
2988 5609 3040 5661 in
3090 5606 3220 5663 0rd.
3247 5606 3485 5662 Cluniae.
3514 5606 3689 5662 moniti-

2152 5693 2291 5732 mus.

2224 5723 2337 5820 δὲ)
2379 5746 2516 5804 Vide
2547 5762 2669 5820 cap.
2700 5747 2787 5805 l7.
2810 5757 2955 5820 part.
2982 5723 3022 5803 ιί
3055 5746 3185 5805 0rd.
3213 5746 3455 5807 Cluniae.
