3872 6306
440 318 444 323 ’
462 307 566 365 943

1510 296 1580 363 HS.
1613 291 1987 353 GUILLELMI
2017 289 2319 349 ABBATIS
2350 291 2694 353 rHlllSAUG.
3603 298 3683 355 9H

460 437 602 486 eam,
634 433 754 489 qua:
775 416 997 474 inferior
1015 422 1122 482 est,
1146 411 1445 484 paululum.
1480 411 1532 466 in
1558 426 1739 488 aerem
1792 425 2036 466 movens.
2067 403 2114 474 Α
2144 409 2254 466 lum
2287 425 2446 480 rene.
2493 410 2695 468 Eodem
2738 408 2908 467 modo
2927 423 3026 481 pro
3062 412 3260 468 minari
3311 426 3496 483 pruna,
3539 414 3685 474 addita

457 516 660 573 Eodem
690 511 869 575 modo,
913 511 958 565 si
1009 523 1169 576 perna
1211 505 1386 569 assari
1409 506 1617 576 cupias.
1649 504 1755 563 Pro
1785 504 1940 577 signo
1970 504 2051 559 la-

459 607 585 675 ctis,
616 619 805 660 omnes
834 602 1034 673 digitos
1076 600 1317 659 dextera
1345 613 1537 653 manus
1567 597 1793 653 minimo
1824 597 2050 654 alterius

448 713 657 759 manus
678 696 846 767 digito
865 696 1282 765 circumponas,
1323 699 1380 748 et
1423 691 1503 747 sic
1543 692 1596 746 in
1630 706 1812 746 aerem
1844 691 2050 756 trahas,

460 791 635 862 ipsum
661 790 743 843 lac
771 787 1135 858 emulgentem
1158 788 1438 844 simulans.
1469 783 1742 862 Pﬁiguo
1754 781 2042 853 placentae;

459 879 696 951 generali
722 880 879 950 signo
908 879 1191 950 praemisso
1211 878 1371 950 panis
1397 873 1631 943 etcasei,
1652 873 1719 929 de
1750 888 1857 927 una
1888 887 2051 928 manu

460 987 649 1027 omnes
687 972 886 1041 digitos
913 970 1152 1037 inﬂecte,
1180 981 1236 1027 et
1263 970 1339 1026 ita
1370 981 1689 1055 manueava
1734 966 1789 1020 in
1827 966 2054 1021 interio-

464 1079 581 1119 rem
625 1063 968 1133 superﬁciem
1024 1062 1254 1118 alterius
1296 1075 1490 1116 inanus
1533 1054 1691 1129 pone.
1743 1056 1849 1113 Pro
1900 1056 2054 1128 signo

464 1156 838 1227 crispellarum
867 1156 980 1227 (ιϐ)
1004 1156 1085 1211 vel
1119 1154 1499 1227 frigdolarum,
1527 1168 1651 1208 cum
1670 1167 1851 1222 pugno
1867 1150 2056 1220 accipe

466 1250 671 1317 crines,
700 1249 856 1319 quasi
879 1249 1069 1320 cupias
1091 1263 1187 1303 eos
1209 1248 1282 1303 ita
1307 1250 1522 1320 crispos
1545 1253 1741 1306 facere.
1771 1247 1878 1303 Pro
1900 1245 2055 1318 signo

468 1340 804 1395 raseolarum
855 1337 990 1409 (47);
1044 1340 1287 1410 generali
1338 1342 1495 1413 signo
1554 1340 1836 1413 praemisso
1874 1339 2052 1411 panis,

464 1430 657 1485 simula
690 1445 814 1487 cum
840 1430 1051 1493 duobus
1077 1432 1266 1503 digitis
1317 1432 1434 1489 illas
1475 1434 1716 1488 minutas
1764 1431 2053 1487 involutio-

461 1535 584 1587 nes,
620 1535 741 1591 qua:
775 1521 830 1577 in
886 1521 969 1576 eis
1021 1531 1144 1576 sum
1178 1520 1335 1578 facta:
1370 1538 1434 1579 ex
1466 1539 1528 1579 ea
1560 1532 1738 1595 parte,
1778 1538 1882 1593 qua
1928 1530 2055 1578 sunt

464 1613 803 1683 complicata:
831 1622 886 1668 et
911 1613 1065 1683 quasi
1100 1615 1359 1669 rotundze.
1390 1616 1500 1670 Pro
1546 1616 1703 1687 signo
1749 1614 1925 1686 panis,
1959 1611 2053 1684 qui

467 1704 523 1758 in
555 1704 834 1773 sartagine
876 1704 1159 1775 coquitur;
1186 1708 1503 1777 pra-scripto
1531 1710 1697 1763 modo
1743 1716 1933 1762 contra
1972 1706 2057 1761 di-

2157 502 2458 559 elevatioue
2486 501 2696 558 minimi
2724 500 2898 573 digiti.
2930 501 3034 558 Pro
3081 503 3238 575 signo
3292 517 3598 569 cerasortun;
3621 521 3688 578 ge-

2157 594 2329 651 nerali
2379 595 2534 666 signo
2575 594 2860 667 praemisso
2887 594 3112 666 digitum
3145 597 3201 652 in
3228 610 3366 663 gena
3411 611 3550 666 pone.
3573 601 3687 667 quod

2156 688 2384 742 rubequ
2422 703 2639 758 semper
2670 687 2908 745 colorem
2937 689 3216 759 exprimit.
3252 688 3358 742 Pro
3384 690 3527 759 signo
3548 688 3689 762 frago-

2159 795 2303 845 rum,
2337 780 2501 835 trium
2531 783 2891 837 maximorum
2917 782 3262 837 summitates
3282 781 3557 851 digitorum
3588 798 3688 838 con—

2157 870 2344 941 iunge,
2374 873 2599 944 reliquis
2619 890 2836 947 quoque
2869 875 3079 930 duobus
3117 875 3454 944 compositis,
3496 875 3685 946 applica-

2157 965 2332 1036 tisQue
2356 965 2560 1022 dextra:
2580 982 2774 1025 manus
2797 967 2971 1024 tribus
2991 967 3690 1038 digitis,vellicantemmoros

2156 1055 2351 1111 simula
2399 1073 2417 1111 :
2455 1057 2844 1130 sciendumque
2899 1070 2986 1114 est
3031 1061 3215 1114 omnia
3288 1058 3444 1128 nigri,
3480 1059 3691 1131 rubeique

2156 1148 2354 1205 coloris
2406 1148 2579 1222 fraga,
2625 1167 2900 1222 imumque
2950 1151 3201 1221 idemque
3246 1150 3456 1221 signent
3495 1151 3690 1206 habere:

2156 1248 2407 1311 excepto,
2443 1242 2585 1311 quod
2635 1242 2788 1315 nigra
2834 1243 3030 1298 tunicae
3056 1244 3251 1314 signo,
3287 1242 3390 1296 alia
3419 1255 3537 1297 vero
3574 1243 3693 1298 rubei

2156 1331 2358 1393 coloris
2387 1332 2544 1405 signo
2569 1332 2786 1390 dill‘erre
2808 1332 2999 1389 facias.

2768 1416 2997 1483 CAPUT
3038 1426 3129 1483 XI.

2410 1520 2413 1525 ’
2459 1515 2538 1575 De
2558 1517 2724 1589 signis
2752 1535 3027 1589 pomorum
3057 1518 3472 1589 peregrinorum.

2172 1646 2175 1649 ‹
2229 1608 2247 1628 ⁹
2279 1606 2386 1664 Pro
2424 1610 2580 1681 signo
2609 1612 2753 1682 pomi
2780 1611 3019 1677 cedrini;
3055 1611 3298 1682 generali
3330 1612 3588 1681 pmmisso
3618 1612 3694 1668 hoc

2158 1698 2316 1765 adde,
2346 1712 2404 1755 ut
2440 1702 2758 1765 interiorem
2782 1712 2989 1774 partem
3008 1702 3220 1773 pollicis
3244 1713 3425 1759 mento
3447 1717 3691 1774 suppeozs.

466 1786 645 1866 gitum‘
668 1795 845 1864 suilla,
892 1797 1216 1868 signumque
1245 1799 1526 1869 sagiminis
1557 1800 1715 1855 adde.
1756 1799 1863 1854 Pro
1896 1799 2054 1870 signo
2085 1800 2130 1856 B
2160 1791 2263 1847 Pro
2292 1794 2448 1866 signo
2482 1796 2637 1861 ﬁcus.
2667 1796 2908 1868 generali
2934 1798 3220 1867 praemisso
3251 1797 3523 1869 utriusque
3544 1816 3690 1855 manus

467 1890 737 1959 pulrnenti
810 1890 1054 1945 oleribus
1126 1890 1397 1957 confecti;
1468 1908 1590 1948 eum
1662 1893 1838 1947 indice
1922 1892 2056 1947 dex-

466 1990 556 2037 tro
634 1982 686 2036 in
760 1980 1075 2036 summitate
1142 1984 1307 2054 pugni
1375 1982 1581 2039 sinistri
1657 1983 1854 2038 simula
1920 1982 2056 2038 inci-

463 2075 682 2132 dentem
734 2074 955 2130 easdem
1000 2074 1215 2131 herbas.
1269 2075 1377 2131 Pro
1404 2078 1572 2148 signo
1610 2075 2050 2141 sorhiciunculae,

464 2166 517 2220 id
564 2174 664 2227 est,
711 2164 816 2220 cibi
870 2180 938 2219 ex
995 2164 1203 2232 herbis,
1249 2174 1383 2229 ete.,
1430 2178 1486 2221 et
1518 2165 1756 2221 oleribus
1787 2165 2053 2233 confecti;

462 2268 651 2312 contra
708 2265 985 2312 extentam
1041 2273 1264 2313 manum
1324 2259 1607 2321 sinistram
1674 2274 1864 2331 gyrum
1928 2274 2053 2314 cum

450 2348 666 2405 dextro
700 2348 904 2405 {iudice
965 2348 1166 2415 facias;
1219 2366 1319 2421 pro
1367 2367 1433 2406 eo
1481 2352 1621 2421 quod
1670 2361 1724 2407 et
1755 2350 1927 2421 ipsum
1978 2350 2053 2406 ita

471 2443 862 2499 circumfertur
906 2443 960 2498 in
992 2442 1121 2498 olla.
1163 2443 1271 2500 Pro
1318 2444 1474 2516 signo
1516 2444 1676 2511 milii,
1713 2445 1819 2501 isto
1860 2444 2051 2499 eodem

459 2534 746 2604 pimirtisso
769 2535 873 2590 hoc
897 2535 1055 2603 adde,
1086 2543 1145 2590 ut
1165 2536 1412 2607 pollicem
1436 2538 1491 2592 in
1517 2537 1828 2593 summitate
1844 2536 2053 2592 minimi

462 2628 616 2699 digiti
644 2627 915 2683 modicum
932 2627 1184 2699 prosilire
1200 2627 1387 2686 facias.
1413 2629 1523 2687 Pro
1537 2630 1693 2701 signo
1713 2628 2050 2696 comedendi;

466 2719 604 2775 duos
632 2733 919 2789 supremos
959 2719 1161 2791 digitos
1189 2722 1508 2792 coniunctos
1547 2722 1614 2776 ad
1642 2737 1705 2778 os
1733 2720 1901 2777 semel
1930 2736 2055 2791 por-

458 2812 602 2883 rige,
629 2813 842 2867 caeteris
864 2811 1065 2884 pugillo
1092 2813 1400 2884 implicatis.
1426 2812 1533 2870 Pro
1558 2813 1712 2886 signo
1724 2815 1907 2869 carnis
1930 2829 2052 2868 eum

460 2904 646 2975 digitis
672 2905 885 2960 duobus
920 2904 1165 2959 dextera:
1224 2921 1422 2960 manus
1458 2906 1513 2961 in
1572 2907 1831 2961 exteriori
1862 2921 2046 2976 super-

463 2996 587 3050 ficie
611 2996 840 3051 alterius
862 3009 1046 3054 cutem
1082 3006 1247 3068 tange
1270 3037 1285 3063 ,
1319 2998 1504 3051 addito
1523 2999 1680 3067 signo
1708 2998 2048 3052 comedendi.

460 3084 573 3142 Pro
599 3089 753 3157 signo
789 3090 1092 3161 sagiminis,
1133 3091 1363 3145 extende
1388 3106 1618 3145 .marmm
1661 3090 1965 3155 sinistram,
1992 3100 2048 3145 et

461 3186 581 3241 tres
600 3156 807 3236 medios
834 3156 1035 3252 digitos
1061 3180 1289 3236 alterius
1310 3197 1503 3237 manus
1542 3183 1594 3238 in
1626 3182 1772 3239 illius
1803 3182 2046 3238 interiori
2076 3156 2121 3219 Ο

463 3268 663 3326 leniter
692 3270 867 3336 trahe,
898 3271 1054 3342 quasi
1115 3282 1407 3342 angentem
1456 3273 1695 3329 simules.
1747 3274 1853 3329 Pro
1893 3276 2051 3346 signo

464 3359 572 3416 olei
626 3361 909 3426 naturalis,
960 3362 1104 3431 quod
1144 3378 1211 3418 ex
1260 3364 1491 3419 nucibus
1534 3365 1653 3419 fieri
1706 3365 1865 3432 solet,
1906 3382 2048 3436 pra:-

461 3458 634 3509 tnisso
648 3453 805 3509 nucis
828 3454 1008 3526 signo,
1036 3455 1172 3509 adde
1195 3455 1405 3525 signum
1430 3456 1734 3528 sagimiuis.
1767 3457 1872 3515 Pro
1895 3460 2051 3530 signo

466 3544 662 3609 mellis,
700 3545 977 3617 paulisper
1015 3544 1102 3600 fac
1145 3545 1385 3617 linguam
1418 3564 1703 3620 apparere,
1750 3560 1802 3605 et
1854 3552 2051 3622 digitos

467 3637 702 3707 applica,
732 3640 890 3708 quasi
925 3638 1168 3697 lambere
1205 3641 1359 3696 velis.
2008 3640 2012 3645 ’

1068 3752 1298 3827 (uror
1334 3771 1401 3826 x.

967 3880 1043 3937 De
1073 3883 1234 3954 signis
1261 3900 1557 3955 pomorum.

539 4001 558 4015 '
598 3993 704 4050 Pro
736 3995 892 4068 signo
944 3997 1088 4069 pomi
1142 3998 1389 4067 pollicem
1421 4016 1544 4057 cum
1599 4000 1721 4058 aliis
1766 4004 2047 4059 concludo.

462 4086 571 4144 Pro
604 4088 761 4161 signo
803 4089 927 4160 piri,
987 4090 1225 4161 generali
1276 4091 1433 4163 signo
1479 4094 1759 4163 prmmisso
1817 4093 2048 4151 indicem

463 4184 711 4239 extende.
743 4182 852 4238 Pro
889 4185 1042 4255 signo
1066 4184 1247 4241 cotani
1281 4184 1423 4256 (48);
1465 4188 1702 4256 generali
1729 4188 1887 4261 signo
1914 4205 2050 4261 pra:-

463 4275 632 4332 misso
655 4276 867 4346 signum
897 4276 1090 4347 lapidis
1114 4278 1272 4336 adde.
1295 4277 1401 4334 Pro
1427 4279 1582 4350 signo
1610 4281 1852 4351 persicae,
1881 4298 2048 4353 gene-

464 4365 565 4420 rali
597 4366 753 4438 signo
780 4368 1101 4437 prmisisse,
1127 4364 1349 4437 pellicia?
1379 4369 1592 4439 signum
1629 4369 1787 4426 adde.
1833 4370 1939 4428 Pro
1970 4373 2048 4429 si-

465 4473 572 4529 gno
607 4458 847 4528 nespilae,
872 4458 1108 4527 generali
1131 4459 1288 4530 signo
1328 4462 1611 4531 prmmisso
1638 4465 1779 4535 regis
1830 4466 2043 4537 signum

465 4548 623 4602 adde.
659 4546 764 4602 Pro
796 4549 952 4618 signo
979 4546 1198 4617 majoris
1233 4551 1409 4616 nucis,
1456 4555 1825 4611 summitatem
1851 4556 2047 4613 indicis

464 4639 521 4693 in
548 4640 660 4694 oris
692 4640 1093 4696 extremitatem
1128 4657 1286 4712 pone.
1329 4644 1531 4700 Eodem
1560 4661 1660 4715 pro
1684 4648 1876 4704 minori
1912 4665 2051 4707 nuce

465 4732 648 4789 addita
680 4732 981 4789 elevatione
1021 4735 1229 4789 minimi
1279 4736 1463 4805 digiti,
1498 4739 1642 4809 quod
1686 4755 1903 4812 semper
1931 4760 2048 4801 rem

462 4840 689 4894 parvam
730 4826 1019 4896 signiﬁcat.
1063 4826 1169 4883 Pro
1208 4827 1362 4900 signo
1390 4830 1527 4885 botri
1571 4846 1764 4889 oinnes
1813 4835 2049 4893 sinistre

462 4930 656 4968 manus
692 4915 891 4984 digitos
926 4912 1213 4986 mqualiter
1258 4916 1556 4990 conjunge,
1609 4925 1925 4998 cunctisque
1981 4930 2049 4987 de

464 5023 623 5061 manu
662 5007 828 5061 altera
856 5010 1258 5079 circumpositis
1287 5014 1338 5070 in
1374 5016 1537 5070 finem
1559 5018 1828 5087 pra'dictaa
1855 5021 2049 5077 leniter

459 5099 743 5165 contraire,
789 5102 943 5170 quasi
986 5104 1330 5180 colligentem
1363 5125 1496 5165 uvas
1520 5110 1802 5168 simulans.
1836 5112 1943 5169 Pro
1971 5115 2047 5171 si-

460 5206 565 5261 gno
614 5194 838 5263 majoris
888 5211 1111 5265 prome,
1174 5202 1416 5270 generali
1470 5206 1756 5275 praemisso
1810 5209 2045 5266 indicem

462 5298 626 5353 super
648 5284 902 5342 dextrum
922 5327 935 5351 ,
969 5288 1207 5345 medium
1252 5306 1380 5351 vero
1410 5310 1574 5365 super
1602 5297 1878 5354 sinistrum
1918 5314 2049 5355 ocu-

527 5415 641 5494 (ῥϐ)
682 5416 963 5488 Crispella,
1011 5418 1220 5494 Rustici
1266 5424 1408 5494 apud
1448 5423 1792 5483 Normannos
1846 5438 2047 5483 vocant

456 5482 988 5611 gréperova'pauca
1018 5506 1144 5547 cum
1192 5482 1588 5562 fariiiarmixta,
1648 5507 1704 5553 et
1753 5482 1806 5553 in
1861 5482 2043 5554 sarta;

496 5573 583 5611 me
631 5574 767 5611 rixa.
1182 5606 1185 5609 .

458 5570 927 5716 gladiosic.
950 5631 1084 5716 ειέθε
1100 5606 1453 5716 ferale-et
1472 5635 1863 5716 ἢξιίειᾶεκ-Νίξῐι
1890 5640 2044 5716 ’9³³8⁸

458 5698 708 5780 videntur
734 5698 952 5780 differre
1062 5698 1282 5780 oblatis,
1312 5720 1417 5780 seu.
1434 5698 1768 5780 oblii's.Gall.
1802 5698 2038 5780 Uublievr,

459 5765 724 5837 Gauﬂres,
750 5766 935 5825 Germ.
970 5769 1199 5841 Ilippen,
1229 5765 1277 5829 si
1306 5777 1414 5832 sint
1444 5765 1693 5847 majores.

2075 4510 2123 4569 D

2158 1886 2355 1957 digitos
2377 1888 2660 1958 complica,
2694 1889 3009 1959 junctisque
3042 1891 3108 1942 ad
3145 1890 3378 1945 invicem
3412 1892 3629 1945 manibus
3649 1893 3693 1946 in

2157 1980 2420 2050 superiori
2467 1996 2680 2037 rursum
2725 1981 3004 2052 disjunge,
3054 1982 3219 2037 veluti
3249 1982 3343 2052 qui
3370 1995 3479 2037 rem
3501 1983 3690 2053 aliquam

2156 2072 2365 2128 dividit.
2392 2071 2503 2128 Pro
2520 2072 2681 2144 signo
2696 2083 2991 2139 castaneae,
3008 2062 3231 2130 manum
3255 2075 3310 2131 in
3334 2090 3543 2132 manum
3563 2092 3687 2148 pane,

2155 2163 2241 2220 bis
2272 2164 2354 2221 vel
2394 2174 2473 2220 ter
2502 2180 2623 2220 eam
2654 2164 3069 2221 circumferens.

2761 2256 2991 2314 CAPUT
3023 2257 3138 2314 ΧΠ.

2693 2346 2769 2402 De
2797 2349 2957 2419 signis
2983 2350 3208 2404 olerum.

2182 2488 2185 2489 γ
2226 2445 2242 2461 ⁸
2280 2439 2545 2496 Generale
2571 2442 2786 2513 signum
2824 2442 3030 2496 olerum
3063 2423 3187 2509 esi,
3214 2441 3444 2499 indicem
3466 2442 3693 2506 deorsum,

2158 2533 2208 2588 id
2236 2541 2340 2598 est,
2376 2542 2563 2588 contra
2597 2544 2800 2588 terram
2830 2534 3154 2599 extendere,
3190 2535 3272 2590 sic
3296 2543 3471 2589 tamen
3496 2544 3548 2589 ut
3574 2551 3690 2588 sum.

2157 2624 2402 2679 ntitatem
2429 2624 2799 2695 pollicisillitrs
2824 2627 3003 2682 medio
3032 2627 3267 2682 articulo
3291 2642 3540 2698 apponas.
3553 2627 3693 2694 Quod,

2156 2716 2259 2770 etsi
2290 2716 2547 2771 onmibus
2572 2716 2813 2772 oleribus
2847 2718 3022 2788 primo
3066 2717 3185 2772 loco
3231 2719 3529 2784 conveniat,
3554 2727 3695 2773 tamen

2156 2823 2380 2879 porrum
2413 2808 2728 2880 specialiter
2757 2810 3044 2881 etproprie
3071 2811 3272 2881 signat.
3300 2809 3409 2866 Pro
3431 2812 3572 2882 signo
3593 2827 3695 2879 cepe

2156 2902 2394 2971 generali
2434 2903 2716 2973 praamisso
2769 2904 2875 2958 hoc
2924 2904 3083 2966 adde,
3120 2912 3181 2958 ut
3207 2903 3460 2963 omnibus
3502 2903 3697 2958 sinistre

2156 3009 2352 3053 manus
2378 2995 2559 3067 digitis
2583 2994 2800 3052 insimul
2825 2994 3057 3065 junctis,
3090 2996 3343 3051 dextrum
3379 2995 3592 3053 indicem
3623 3010 3697 3064 per

2155 3104 2342 3144 eorum
2399 3088 2684 3146 sumitates
2737 3090 2946 3155 trahas,
2993 3088 3257 3145 simulans
3296 3103 3447 3158 eum,
3474 3089 3556 3160 qui
3603 3104 3699 3144 cum

2152 3181 2327 3236 cultro
2351 3180 2556 3251 aliquid
2622 3180 2843 3238 incidat.
2897 3180 3003 3238 Pro
3031 3183 3190 3254 signo
3216 3183 3460 3253 peponis,
3487 3182 3699 3253 prmtlicto

2153 3274 2314 3329 modo
2342 3274 2541 3344 digitos
2567 3274 2860 3345 conjunge,
2886 3285 2943 3330 et
2990 3275 3223 3331 indicem
3251 3291 3351 3346 per
3368 3274 3627 3345 juncturas
3650 3273 3696 3328 il-

2153 3360 2327 3417 lorum
2360 3363 2612 3418 deorsum
2640 3365 2817 3428 trahe,
2850 3379 2915 3420 ac
2953 3364 2998 3420 si
3046 3362 3239 3433 lineas,
3278 3380 3403 3438 qme
3432 3368 3482 3422 in
3520 3382 3578 3422 eo
3607 3379 3698 3419 csso

2152 3452 2349 3514 solent,
2396 3452 2529 3510 velis
2580 3454 2909 3526 depingere..
2948 3454 3056 3512 Pro
3093 3457 3252 3529 signo
3295 3468 3464 3525 ruue;
3502 3457 3697 3529 generali

2153 3546 2436 3616 praemisso
2467 3547 2569 3602 hoc
2601 3548 2757 3615 adde,
2813 3558 2871 3603 ut
2900 3565 3024 3605 cum
3055 3559 3167 3606 tota
3200 3567 3365 3605 manu
3407 3550 3698 3607 vellicautem

2151 3651 2272 3692 eam
2300 3637 2544 3694 simules.
2578 3637 2683 3694 Pro
2710 3640 2867 3711 signo
2893 3640 3134 3707 feniculi,
3162 3643 3405 3713 signum,
3432 3659 3532 3715 quo
3556 3644 3695 3712 spieu-

2153 3728 2255 3782 dor
2315 3727 2457 3783 oculi
2513 3728 2861 3800 designatur,
2921 3731 3082 3788 adde.
3112 3731 3219 3790 Pro
3262 3734 3423 3805 signo
3467 3740 3696 3803 panoz-etc

2154 3819 2542 3878 Rheinoviante
2569 3822 2731 3894 (48⁸),
2764 3824 3003 3895 generali
3034 3828 3341 3897 praemisso,
3399 3843 3599 3883 manum
3625 3841 3696 3880 ex-

2153 3919 2367 3967 tensam
2391 3912 2598 3983 pectori
2626 3928 2858 3985 appone,
2904 3914 3092 3972 addito
3121 3917 3247 3973 boni
3280 3919 3455 3989 signo,
3489 3932 3547 3972 eo
3582 3915 3694 3987 quod

2151 4005 2400 4062 res'satis
2428 4008 2711 4064 commoda
2741 4009 2813 4063 sit
2838 4008 3088 4066 intirmis.
3121 4008 3231 4065 Pro
3256 4012 3416 4082 signo
3443 4011 3598 4076 aneti,
3625 4022 3697 4078 5e-

2152 4097 2321 4153 nerali
2347 4101 2646 4169 praemisso,
2687 4102 2938 4170 pollicem
2961 4116 3087 4160 cum
3116 4102 3560 4175 indiceprosimo
3578 4100 3695 4155 nari-

2152 4190 2252 4245 bus
2290 4193 2543 4257 admove,
2594 4194 2781 4250 addito
2829 4195 3088 4265 praedicto
3131 4195 3399 4266 cujusque
3436 4196 3508 4251 rei
3553 4194 3695 4264 signo.

2150 4280 2258 4339 Pro
2281 4284 2440 4353 signo
2460 4286 2595 4356 apii,
2620 4288 2862 4356 generali
2895 4287 3198 4358 pmmisso,
3230 4290 3449 4359 signum
3478 4287 3691 4344 minutio-

2152 4377 2238 4435 nis
2259 4380 2416 4435 adde.
2447 4380 2555 4435 Pro
2584 4380 2741 4451 signo
2782 4380 2987 4447 solvite,
3028 4380 3268 4453 generali
3325 4382 3607 4451 praemisso,
3640 4376 3695 4431 si-

2152 4483 2315 4538 gnum
2327 4469 2457 4525 salis
2469 4468 2738 4525 adde.Pro
2752 4470 3162 4547 signoporcioli,
3179 4470 3421 4541 generali
3441 4471 3695 4542 praemissa,

2153 4561 2370 4632 signum
2399 4564 2552 4634 porci
2574 4564 2734 4619 adde.
2752 4563 2858 4618 Pro
2871 4566 3028 4635 signo
3052 4564 3304 4631 lactucae,
3332 4564 3569 4637 generali
3585 4576 3697 4633 prae-

2153 4654 2322 4709 misso
2356 4655 2555 4727 digitos
2582 4670 2780 4712 manus
2826 4656 3036 4713 dextrte
3074 4673 3266 4715 omnes
3305 4658 3610 4727 comprime,
3648 4662 3693 4706 et

2150 4747 2439 4802 confestim
2465 4748 2730 4822 disjunge,
2762 4754 2916 4822 quasi
2957 4751 3243 4807 mollitiem
3279 4761 3331 4807 et
3358 4753 3475 4823 ejus
3502 4746 3696 4804 latitudi-

2150 4850 2275 4892 nem
2332 4839 2616 4897 simulans.
2670 4843 2775 4899 Pro
2798 4844 2953 4915 signo
2985 4844 3278 4910 ceraefolii,
3316 4843 3548 4913 generali
3592 4855 3697 4911 pre-

2150 4930 2317 4987 misso
2342 4948 2481 4990 cera:
2507 4936 2684 5005 sigqu
2714 4938 2966 5006 adjunge.
2992 4936 3106 4992 Pro
3124 4937 3285 5009 signo
3312 4938 3479 4999 cauli.
3516 4948 3694 4991 inanem

2149 5026 2849 5099 complicatam,przemisso
2870 5030 3129 5101 generali,
3157 5046 3355 5087 versus
3381 5041 3568 5087 terram
3592 5044 3694 5101 pau-

2149 5117 2319 5173 lulum
2350 5121 2608 5194 impinge,
2636 5124 2791 5192 quasi
2824 5124 2915 5192 qui
2954 5122 3183 5193 plantat.
3211 5124 3318 5180 Pro
3359 5125 3510 5196 signo
3551 5131 3693 5195 petro-

2149 5208 2318 5276 silini,
2338 5211 2578 5279 generali
2606 5215 2921 5286 praemisso,
2954 5216 3169 5288 signum
3217 5217 3415 5289 lapidis
3451 5214 3693 5274 addeJ’rO

2150 5302 2304 5374 signo
2332 5306 2609 5372 nasturtii,
2643 5307 2785 5378 quod
2815 5307 3115 5382 vulgariter
3147 5310 3321 5367 cresco
3371 5311 3480 5385 (l9)
3510 5312 3688 5373 dicitur,

2217 5431 2333 5557 ςιε)
2365 5434 2651 5518 ‘Cotanum,
2706 5441 3007 5502 Cotoneum
3042 5446 3265 5514 malam,
3313 5448 3494 5505 Germ.
3523 5446 3684 5505 Kittrn.

2217 5505 2282 5557 Ii.
2335 5506 2487 5557 Lam.
2529 5507 2735 5557 Comna
2782 5515 2979 5557 rlivilnr
3008 5521 3147 5557 nnml
3183 5519 3220 5557 Ρ
3280 5519 3421 5557 Imu-
3470 5520 3516 5557 in
3547 5514 3681 5557 Amni-

2145 5500 2487 5587 Gali-.4903.
2529 5500 2735 5564 Catena
2782 5500 2979 5569 dicitur
3007 5521 3147 5587 apud
3182 5500 3682 5587 ι’ζίἇιὶὲῖῖὶιέιωὲιέ

2185 5646 2196 5659 ,
2218 5574 2356 5660 με’)
2399 5575 2668 5660 Ριζηορεια
2689 5622 2722 5660 ,Α
2739 5587 2967 5660 panacis
2994 5574 3229 5660 “species
3251 5631 3267 5653 ,
3331 5574 3684 5657 liueinoriana,

2144 5645 2307 5720 dicta,
2340 5648 2483 5720 quod
2512 5649 2654 5704 circa
2687 5645 2957 5720 Rhenum,
2988 5645 3200 5713 facilius
3228 5645 3454 5717 crescat.
3564 5708 3569 5715 .

2216 5715 2577 5804 (ἑὴβιξεωοε
2616 5715 2977 5804 Cardatnine,
3018 5715 3682 5804 νηιιειυνιὶυιιιντιιιυίιιίωηιο

2145 5784 2284 5841 Call.
2309 5784 2559 5842 Cretaea.
2635 5790 2679 5823 ῑιι
2956 5784 2973 5821 .'
3398 5784 3517 5819 ar:
3552 5784 3565 5821 :7
