3890 6314
152 404 244 461 MS

1259 407 1672 469 cossmur.
1707 388 2036 473 musaeo.
2067 404 2137 459 :—
2172 392 2375 477 unﬁt.

3290 430 3356 487 94
3367 428 3413 486 ἲ.-

153 521 404 592 pnemisso
434 521 675 591 generali
704 518 789 578 l‘ac
814 538 1082 594 apparere
1116 522 1375 594 linguam,
1406 527 1705 598 applicato-
1736 536 1781 592 Α
1810 531 1966 602 signo
1991 534 2162 599 aceti,
2198 534 2430 592 indicem
2455 537 2506 593 in
2539 520 2936 613 dextera‘parte
2964 516 3197 617 gutturis
3223 532 3406 605 semel“

151 628 240 681 qae
269 612 434 667 indice
484 613 815 670 lambentem
844 615 1060 671 simula.
1087 618 1191 672 Pro
1214 617 1374 689 signo
1402 622 1707 690 papaveris,

151 704 359 775 generali
386 708 669 776 praemisso
716 724 958 779 pugnum
993 725 1209 764 sursum
1258 710 1398 765 leva.
1428 711 1534 765 Pro
1557 714 1709 784 signo

68 820 85 847 ηε
151 795 249 861 lilii,
274 797 548 865 prarinisso
577 798 845 867 generali,
871 800 1152 855 stramiuei
1183 801 1397 871 signum
1426 804 1582 858 adde.
1601 804 1708 863 Pro

149 890 279 959 s‘guo
307 903 458 951 rosae,
497 891 786 958 pra-misso
812 892 1072 961 generali,
1102 893 1314 963 signum
1344 896 1706 955 rubcicoloris

147 982 280 1035 adde.
308 980 409 1036 Pro
434 983 591 1051 signo
618 985 788 1055 ysopi,
840 987 1076 1056 generali
1108 987 1385 1057 praemisso
1416 989 1517 1045 hoc
1544 991 1701 1058 adde,

146 1085 191 1125 ιιι
220 1072 470 1127 interiora
505 1090 698 1135 manus
730 1091 980 1146 expansa:
1032 1079 1284 1153 deorsum
1339 1096 1496 1135 versa
1536 1098 1703 1154 prope

66 1194 85 1221 ,μ
150 1173 322 1217 terram
352 1174 571 1232 teneas;
606 1182 671 1223 eo
701 1170 843 1238 quod
866 1169 1086 1224 humilis
1113 1171 1277 1235 herba
1307 1182 1412 1236 est,
1439 1183 1494 1228 et
1517 1174 1701 1231 humi-

80 1308 83 1313 ,
145 1251 320 1307 litatem
341 1270 566 1325 semper
595 1259 932 1329 significans.
957 1260 1063 1315 Pro
1099 1262 1255 1333 signo
1277 1265 1528 1321 abrotani
1560 1267 1697 1341 (50),

142 1348 264 1415 quod
291 1349 390 1402 alio
420 1352 663 1407 nomine
695 1355 1000 1409 stabiwurlz
1049 1358 1378 1428 appellatur,
1416 1364 1697 1431 praemisso

142 1440 371 1508 generali.
410 1441 542 1510 ligni
569 1446 781 1514 signum
818 1448 973 1502 adde.
1021 1448 1128 1505 Pro
1187 1451 1340 1521 signo
1392 1455 1693 1526 absynthii,

60 1572 73 1589 ,
141 1530 345 1599 generali
387 1534 672 1600 praemisso
703 1536 807 1592 hoc
826 1538 989 1603 adde,
1016 1542 1229 1597 utduos
1258 1543 1477 1614 digitos,
1508 1546 1560 1601 id
1585 1556 1689 1614 est,

142 1620 343 1675 indicem
374 1633 427 1677 et
456 1626 695 1681 medium
737 1639 793 1683 et
830 1645 858 1682 a
882 1631 1097 1687 ea-teris
1120 1632 1416 1706 disjungas,
1462 1647 1516 1693 et
1548 1638 1691 1710 ipsos

137 1726 318 1782 quoque
344 1714 413 1770 ab
438 1714 674 1773 invicem
706 1719 1006 1788 disjunetos
1036 1724 1107 1777 ita
1140 1742 1377 1782 moveas.
1403 1726 1511 1785 Pro
1533 1730 1688 1801 signo

138 1807 247 1868 allii,
277 1809 554 1877 permisso
601 1815 861 1885 generali,
893 1820 1124 1873 extende
1152 1820 1374 1891 digitum
1404 1833 1591 1879 contra
1623 1841 1685 1882 os

136 1900 370 1967 paululum
397 1915 671 1973 apertum.
714 1905 819 1962 Pro
859 1909 1011 1980 signo
1060 1910 1190 1966 rafae
1243 1913 1379 1985 (5|),
1441 1918 1683 1986 generali

137 1990 380 2056 prtemisso
404 1998 645 2050 extende
677 1997 914 2053 iudicem
955 2000 1191 2058 sinistra:
1221 2020 1433 2072 manus,
1460 2019 1513 2063 et
1543 2010 1687 2065 indi-

42 2152 77 2165 "
132 2095 229 2136 cem
272 2084 483 2141 alterius
533 2104 729 2144 manus
783 2090 924 2147 ineo
957 2095 1140 2151 trahes
1166 2108 1357 2155 contra
1403 2110 1476 2168 te,
1529 2103 1683 2172 quasi

135 2172 374 2230 radentem
417 2180 668 2235 simules.
695 2180 801 2238 Pro
844 2185 1002 2255 signo
1048 2204 1213 2259 rapac,
1260 2194 1495 2263 generali
1548 2211 1686 2264 pra:—

136 2264 286 2330 tlliSSO,
308 2270 629 2337 prmdietum
677 2273 910 2331 indicem
961 2293 1125 2347 super
1153 2281 1316 2337 alium
1347 2283 1399 2338 in
1426 2286 1681 2343 annulum

134 2357 277 2412 trabe.

708 2459 942 2519 CAPUT
981 2464 1116 2521 XIII.

576 2546 658 2603 De
691 2550 853 2625 signis
883 2545 1201 2613 aromatum.

188 2630 276 2687 Pro
296 2635 442 2706 signo
470 2640 739 2711 gingibri,
772 2647 1016 2713 generali
1069 2650 1254 2705 itidem
1275 2652 1436 2723 signo
1484 2655 1681 2712 herba-

58 2720 63 2725 ⁴
133 2739 225 2780 ιιιιιι
252 2732 541 2800 praemisso,
584 2751 711 2791 cum
744 2756 923 2811 pugno
947 2743 1138 2798 dextro
1165 2745 1217 2799 in
1256 2749 1570 2805 summitate
1599 2752 1675 2804 al-

134 2818 268 2875 terius
295 2822 479 2879 simula
508 2829 993 2887 circumferentem
1027 2835 1258 2903 molam;
1310 2838 1439 2895 item
1482 2842 1678 2899 simula

46 2976 51 2999 ﬂ
131 2909 588 2977 circumducentem
635 2922 870 2989 molam;
926 2926 1120 2983 deinde
1158 2928 1247 2985 fac
1275 2947 1539 3002 apparere
1572 2934 1679 2991 lin-

129 3014 277 3096 guam,
304 3008 682 3079 applicatoque
725 3012 927 3095 indice,
969 3014 1319 3087 lambentem.
1370 3020 1476 3078 Pro
1521 3027 1677 3096 signo

130 3091 286 3157 thuris,
314 3101 443 3154 fabae
483 3103 704 3172 signum
753 3092 1052 3175 praemitte,
1104 3122 1159 3167 et
1201 3124 1387 3183 postea
1425 3118 1675 3187 pollicem

129 3198 222 3240 cum
255 3190 347 3246 sibi
376 3196 633 3262 proximo
666 3199 888 3255 naribus
922 3202 1169 3258 admove.

60 3284 61 3287 “
676 3289 905 3347 CAPUT
941 3293 1077 3349 XIV.

495 3380 576 3436 De
603 3383 765 3451 signis
798 3386 989 3441 diversi
1018 3388 1259 3459 liquoris.

181 3466 195 3483 ⁶
216 3464 304 3522 Pro
331 3472 479 3542 signo
508 3490 698 3545 aqnze,
740 3493 930 3536 omnes
960 3483 1195 3540 dextera:
1230 3502 1423 3542 uiantis
1469 3488 1670 3560 digitos

125 3558 373 3632 euujunge,
403 3577 456 3620 et
486 3583 588 3636 per
608 3568 881 3640 obliquum
918 3590 1093 3631 move.
1146 3576 1252 3631 Pro
1301 3579 1459 3650 signo
1498 3558 1674 3639 bene-

50 3656 51 3659 ‘
124 3649 248 3708 dieue
288 3653 509 3733 [aqum],
605 3665 888 3733 pra-luisse
949 3670 1187 3738 generali
1232 3649 1452 3728 extenta
1507 3690 1667 3730 manu

125 3743 294 3814 signum
320 3755 493 3809 crucis
524 3756 683 3811 adde.
720 3756 827 3812 Pro
854 3760 1009 3828 signo
1032 3765 1343 3835 ceret'isitn,
1385 3769 1669 3838 przemisso

42 3846 47 3849 ‘
126 3836 243 3906 signa
269 3843 503 3915 biln‘ndi,
557 3851 834 3907 modicum
876 3853 1028 3909 suilla
1061 3868 1253 3913 contra
1301 3860 1591 3918 dexteram
1613 3864 1667 3920 in

125 3926 298 4002 longum
330 3950 638 3998 extensam.
708 3943 815 4001 Pro
858 3947 1013 4019 signo
1058 3953 1301 4008 medonis
1332 3953 1443 4026 (5‘2)
1469 3996 1485 4021 ,
1526 3971 1665 4026 prte-

41 4031 45 4035 '
126 4023 254 4116 taleae
283 4032 427 4100 signo
462 4034 714 4104 bibendi,
756 4055 977 4094 manum
1030 4044 1112 4099 ori
1145 4023 1479 4116 applicabis,
1526 4023 1667 4105 lant-

127 4110 401 4210 l‘rttntemqne
450 4127 771 4195 simulabis,
825 4132 968 4201 quod
1020 4142 1075 4188 et.
1116 4110 1291 4192 "tellis
1320 4110 1531 4210 signum
1558 4151 1663 4197 est.

124 4201 204 4305 Pro
224 4214 364 4283 signo
381 4220 517 4287 viri,
554 4221 790 4277 indicem
818 4224 1033 4282 inflecte
1055 4236 1109 4282 et
1137 4230 1207 4283 ita
1229 4201 1659 4305 labiisadjnnge.

40 4308 43 4311 ‘
124 4295 287 4397 Eodem
311 4312 463 4367 modo
493 4314 659 4368 etiam
679 4316 890 4386 signum
924 4319 1139 4376 bibendi
1172 4322 1354 4379 facies.
1386 4295 1491 4380 Pro
1511 4295 1664 4397 signo

123 4394 313 4488 potionis
354 4404 727 4476 pigmentataa,
783 4426 904 4482 quae
952 4412 1212 4470 elaretmu
1283 4417 1422 4488 (55),
1475 4420 1526 4474 id
1565 4394 1666 4475 test

122 4482 344 4547 iiiurancli
391 4498 593 4555 dicitur
635 4517 665 4555 a
720 4502 998 4573 pluribus;
1080 4508 1341 4565 eunt-lude
1379 4519 1663 4581 utramque

1817 631 2025 678 tantum
2059 626 2313 683 deorsum
2340 631 2516 685 trahe.
2560 631 2665 689 Pro
2708 636 2861 707 signo
2896 639 3002 693 vini
3054 640 3204 696 rnbei
3243 641 3386 696 indi-

1811 734 1931 774 cem
1961 721 2015 776 in
2042 738 2177 794 gena
2203 724 2381 779 trahe.
2417 724 2521 781 Pro
2537 727 2688 799 signo
2712 730 2821 785 vini
2848 732 3001 802 clari,
3033 734 3168 791 duos
3193 735 3426 806 digitos.

1808 813 1969 871 oculo
1988 815 2363 901 cimumpoge

2405 910 2636 967 CAPUT
2675 912 2791 968 XV.

2323 1003 2398 1057 De
2424 1006 2584 1075 signis
2610 1022 2873 1061 vasorum.

1858 1088 1992 1165 ’(ιιι).
2047 1092 2152 1149 Pro
2176 1095 2332 1166 signo
2360 1098 2624 1164 seutellae,
2644 1100 3053 1168 n'ianumeleva,
3087 1102 3388 1174 digitosque

1803 1197 1909 1237 non
1939 1182 2261 1255 coniunctos
2301 1186 2696 1259 aliquantulum
2744 1189 2977 1256 innecte,
3015 1206 3081 1247 eo
3106 1193 3245 1262 quod
3270 1195 3413 1264 ipsa.

1800 1287 2039 1330 concava
2069 1277 2160 1332 sit.
2206 1278 2310 1333 Pro
2340 1280 2493 1352 signo
2516 1292 2720 1336 cavatae
2751 1281 2889 1354 (54),
2926 1281 3139 1353 pollicis
3164 1267 3391 1343 summié

1802 1376 1965 1424 tatem
1990 1369 2045 1425 iu
2075 1370 2312 1427 sinistrae
2342 1388 2535 1428 manus
2580 1375 2815 1429 medium
2844 1390 3009 1445 pone;
3038 1384 3273 1446 quatuor
3298 1391 3390 1433 se-

1795 1474 2027 1532 quentes
2075 1466 2274 1536 digitos
2304 1468 2576 1525 modicnm
2610 1470 3041 1527 circumferendo
3082 1472 3382 1533 dimittens.

1795 1555 1899 1610 Pro
1927 1556 2081 1629 signo
2104 1557 2425 1622 cocldearis,
2485 1570 2692 1616 tantum
2717 1562 3006 1633 digitorum
3039 1564 3395 1620 summitates

1793 1648 2080 1722 coniunge,
2106 1662 2161 1708 et
2183 1653 2263 1708 sic
2293 1654 2561 1710 levantem
2592 1671 2715 1709 cum
2749 1656 2864 1725 ipso
2892 1655 3159 1711 cochleari
3202 1658 3379 1712 sorbi-

1797 1742 2095 1800 tiunculam
2124 1746 2338 1802 simula.
2373 1747 2482 1805 Pro
2513 1749 2668 1821 signo
2696 1751 2907 1821 scyphi,
2933 1766 3092 1821 quem
3110 1752 3383 1823 justitiam

1789 1834 1905 1906 (55)
1929 1850 2208 1904 vocamus,
2230 1837 2426 1893 inclina
2455 1856 2672 1894 manmu
2703 1843 2973 1908 deorsum,
2994 1852 3049 1899 et
3079 1844 3151 1896 ita
3185 1858 3373 1898 cavam

1792 1935 1914 1982 tene
1943 1927 2125 1999 digitis
2156 1928 2544 2000 aliquantulum
2588 1930 2818 1987 inflexis.
2850 1932 2955 1987 Pro
2988 1935 3140 2005 signo
3172 1944 3393 2003 patera}

1788 2034 1854 2074 ex
1911 2034 2015 2089 qua
2065 2019 2287 2083 bibitur,
2355 2030 2465 2076 tres
2526 2023 2721 2092 digitos
2774 2040 2962 2093 parum
3029 2024 3272 2091 inflecte,
3315 2034 3389 2078 et.

1790 2110 1866 2165 sic
1890 2126 2104 2166 sursum
2132 2121 2274 2167 tene.
2299 2113 2403 2168 Pro
2437 2114 2590 2183 signo
2612 2115 2811 2169 eicothi
2839 2115 2976 2185 (56),
3005 2116 3192 2169 eodem
3219 2116 3376 2186 signo

1788 2204 2086 2273 pr.emisso,
2110 2205 2211 2260 hoc
2240 2205 2399 2271 adde,
2434 2218 2492 2259 ut
2527 2206 2751 2277 digitum
2778 2208 2944 2279 digito
2993 2207 3373 2263 circumferas.

1788 2295 1893 2349 Pro
1934 2296 2088 2368 signo
2143 2296 2336 2366 phiala:
2383 2299 2584 2359 vitrea},
2644 2299 2927 2368 pimmisso
2971 2301 3126 2371 signo
3173 2312 3375 2371 patera:

1789 2388 1891 2441 hoc
1932 2388 2089 2455 adde,
2142 2400 2201 2444 ut
2232 2389 2371 2445 duos
2414 2390 2612 2461 digitos
2655 2392 2801 2446 circa
2832 2390 3048 2448 oculum
3100 2407 3289 2463 ponas,
3314 2384 3381 2447 ut

1785 2480 2071 2550 splendore
2093 2482 2255 2550 oeuli,
2284 2482 2539 2551 splendor
2564 2484 2687 2539 vitri
2711 2485 3067 2555 significetur.
3093 2484 3197 2540 Pro
3214 2485 3371 2556 signo

1786 2573 2012 2642 vaseuli,
2043 2575 2094 2629 in
2133 2590 2239 2644 quo
2263 2575 2342 2631 sal
2380 2575 2632 2641 habetur,
2684 2579 2965 2648 praemisso
2999 2578 3152 2649 signo
3182 2577 3368 2632 itidem

1785 2676 2005 2736 paterae,
2060 2666 2291 2738 ailjnnge
2344 2669 2555 2739 signum
2585 2669 2736 2725 salis.
2780 2669 2885 2726 Pro
2913 2670 3067 2742 signo
3088 2669 3383 2741 sportula},

1784 2760 2069 2829 prtcmisso
2099 2760 2253 2831 signo
2280 2760 2411 2832 ligni
2442 2762 2703 2832 cujusvis,
2732 2762 2963 2833 digitum
2996 2777 3213 2817 sursum
3243 2777 3370 2817 ver-

1781 2865 1899 2905 sum
1925 2851 2170 2916 incurva,
2201 2852 2397 2909 deinde
2424 2854 2637 2926 signum
2671 2856 2827 2926 panis
2860 2854 3049 2910 facias.
3079 2853 3185 2910 Pro
3210 2855 3366 2926 signo

1781 2930 1963 2999 autem
2014 2944 2140 3014 ligni
2180 2945 2445 3014 cujusvis,
2483 2963 2607 3002 cum
2640 2958 2859 3003 extenta
2892 2964 3055 3003 manu
3092 2950 3282 3006 dextra
3312 2949 3383 3007 in.

1780 3034 2007 3091 alterius
2042 3052 2235 3093 manus
2288 3047 2343 3093 et
2388 3039 2598 3095 brachii
2635 3041 2978 3111 compagine,
3035 3041 3187 3109 quasi
3224 3041 3363 3098 inei-

1778 3128 1995 3183 dentem
2018 3143 2140 3183 cum
2175 3131 2402 3186 dolabro
2420 3131 2633 3187 fabrum
2652 3133 2865 3188 simula.
2882 3132 2989 3188 Pro
3014 3132 3169 3205 signo
3196 3134 3361 3201 vasis,

1701 3240 1745 3302 ρ
1776 3219 1832 3274 in
1888 3234 1998 3290 quo
2028 3229 2238 3275 acetum
2270 3222 2475 3292 portari
2528 3223 2688 3290 solet,
2716 3225 3000 3311 prmniisso
3038 3224 3362 3295 praecedenti

1776 3314 1952 3383 signo,
1997 3315 2136 3370 adde
2191 3316 2404 3385 signum
2466 3318 2630 3374 aceti.
2681 3316 2790 3373 Pro
2835 3319 2991 3390 signo
3025 3319 3191 3383 vasis,
3217 3320 3362 3388 quod

1775 3406 1934 3476 vulgo
1966 3406 2208 3461 Cannam
2231 3408 2348 3480 (57)
2384 3409 2605 3476 dicitur,
2648 3410 2886 3482 generali
2918 3411 3222 3480 premisso,
3257 3411 3360 3467 hoc

1773 3499 1938 3563 adde,
1995 3507 2074 3563 ut,
2130 3498 2273 3554 sicut
2321 3501 2637 3570 prardictum
2673 3511 2777 3569 est,
2810 3503 3035 3573 digitum
3086 3502 3358 3567 incurves,

1772 3593 2030 3662 adjuncto
2080 3595 2188 3649 viui
2241 3594 2417 3663 signo.
2475 3594 2677 3649 Eodem
2738 3594 2898 3649 modo
2946 3594 3112 3650 facies
3144 3595 3360 3665 signum

1771 3688 1917 3743 vasis
1961 3688 2187 3758 sinapis,
2239 3686 2421 3742 addito
2471 3685 2711 3755 ejusdem
2768 3686 2973 3756 sinapis
3023 3684 3197 3759 signo.
3252 3685 3371 3742 Pro;

1770 3778 1925 3849 signo
1947 3780 2091 3835 vasis
2136 3777 2352 3841 vinarii,
2390 3779 2532 3848 quod
2560 3793 2589 3832 a
2622 3777 2779 3847 plebe
2804 3777 2977 3834 znber
3001 3778 3117 3850 (58)
3150 3794 3377 3834 nuncu-.

1721 3929 1724 3932 ,
1769 3881 1949 3941 patnr,
1998 3870 2241 3944 generali
2294 3869 2600 3942 pra-misso,
2634 3885 2850 3925 rursum
2883 3870 3359 3927 indicemutrnma

1769 3976 1874 4030 quc
1922 3977 2087 4032 supra
2142 3961 2287 4016 dicto
2314 3960 2475 4015 modo
2507 3961 2755 4025 incurva,
2788 3962 2932 4032 quod
2952 3976 3247 4019 commune
3272 3971 3358 4018 est

1765 4036 2008 4110 omnium
2031 4069 2306 4119 vasorum,
2336 4070 2456 4124 quae
2478 4054 2634 4109 binas
2658 4069 2821 4110 aures
2852 4054 3055 4110 habere
3077 4056 3354 4123 videntur,

1767 4146 2090 4217 signumque
2146 4146 2254 4200 vini
2287 4147 2352 4200 ad
2385 4146 2630 4200 ultimum
2660 4146 2819 4200 adde.
2854 4145 2944 4202 Sic
2995 4147 3158 4201 etiam
3191 4148 3356 4215 vasis,

1769 4237 1821 4290 in
1848 4235 2043 4305 quibus
2070 4237 2225 4305 panis
2250 4238 2455 4305 portari
2500 4237 2657 4300 solet,
2690 4251 2908 4307 semper
2932 4236 3241 4292 addendum
3268 4247 3354 4292 est

1767 4324 1923 4397 panis
1949 4326 2185 4394 signum.
2217 4325 2323 4381 Pro
2354 4328 2505 4397 signo
2530 4326 2707 4389 fustis,
2740 4342 2847 4397 quo
2876 4327 3062 4381 vinum
3097 4326 3182 4381 vel
3205 4326 3354 4382 aliud

1768 4417 2076 4487 hujusmodi
2126 4422 2335 4488 portari
2384 4420 2546 4482 solet,
2597 4418 2836 4491 generali
2887 4419 3168 4490 praemisso
3198 4421 3357 4492 signo

1768 4492 1921 4582 ligni,
1964 4510 2159 4582 pugnis
2184 4512 2349 4566 etiam
2382 4527 2544 4582 super
2584 4513 2816 4569 invicem
2839 4512 3066 4582 junctis,
3100 4512 3365 4572 humero~

123 4591 331 4653 manum,
368 4600 421 4645 et
446 4593 944 4652 circumducentem
970 4598 1200 4669 ιηοιειιη,
1249 4601 1506 4672 adjuncto
1549 4605 1658 4661 γῑηί
1693 4600 1738 4658 1)
1766 4615 1872 4669 que
1921 4599 2179 4655 adhibitis
2236 4600 2411 4670 ipsum
2467 4610 2796 4672 perlatorem
2829 4602 3043 4659 simula.
3070 4602 3176 4659 Pro
3199 4606 3363 4675 signo

124 4670 263 4741 Signo.
294 4679 388 4736 Pro
414 4685 572 4758 signo
599 4689 867 4758 potionis,
924 4706 1044 4761 qua:
1096 4703 1178 4748 est
1226 4670 1348 4748 cum
1399 4695 1556 4752 melle
1606 4706 1663 4753 el

120 4761 363 4859 alnynthio
382 4778 667 4847 confecta,
723 4782 963 4854 ejusdem
989 4784 1260 4856 absynthii
1314 4789 1469 4858 signo
1521 4803 1660 4859 pra:-

122 4854 280 4949 Itlisso,
308 4863 489 4925 itidem
516 4872 626 4926 vini
654 4873 871 4945 signum
902 4854 1147 4948 adjung-e.
1191 4876 1297 4933 Pro
1325 4854 1484 4949 signo
1508 4854 1656 4940 sinat

120 4946 206 5012 Pis.
232 4963 712 5028 pugnumdextrnm
745 4967 796 5020 iu
831 4966 1055 5022 alterius
1070 4946 1391 5024 summitate
1420 4970 1658 5025 circurn-

121 5033 209 5132 {cf}
248 5052 389 5116 quasi
429 5056 719 5112 molentem
757 5058 1013 5124 simules,
1064 5061 1260 5117 deinde
1300 5062 1549 5132 pollicem
1603 5064 1655 5118 in

120 5128 290 5190 minimi
315 5140 460 5211 digiti
501 5158 749 5204 extremo
786 5140 1016 5205 articulo
1036 5150 1285 5221 prosilire
1329 5152 1512 5207 facias.
1550 5151 1657 5209 Pro

302 5297 640 5375 {lbromnnnn
668 5320 763 5375 pro
792 5308 1124 5362 abrotonum.
1146 5307 1286 5363 Call.
1320 5311 1579 5365 Aurosne.

174 5351 268 5448 (ξι)
304 5351 447 5448 nam
469 5351 718 5443 έῖἱέἶιῖιῖῐ,
734 5351 1419 5448 ’ἶιῖῖέᾶἑῖιῖἄέἐυῖιῖξ’ἱιῦὤ
1436 5351 1656 5438 ἶῖἱέἷέίι

116 5424 347 5515 oblggga,
362 5424 725 5515 izaecf.1a}.'.'.{i:.
752 5424 810 5502 Ei
835 5424 1418 5515 Eiiﬁafbieiﬁfnizii'cii
1450 5424 1650 5507 ἱξῐιγεῖἓξ

301 5492 465 5589 dieeo,
518 5514 691 5580 Meda,
718 5492 856 5587 aqua
884 5492 1080 5583 mulsa,
1104 5520 1250 5589 potio
1278 5492 1438 5575 melle
1459 5492 1650 5578 ωιχῖξὲἷ

173 5568 429 5662 (ᾇῆλινίςιθ
456 5568 1566 5662 nostris.“55,3.13:135.};(eam:
1578 5568 1651 5649 "iii

119 5633 223 5698 0rd.
244 5633 466 5710 Cluniae.

175 5710 275 5856 (ὄρ)
307 5720 513 5792 Curato,
542 5731 754 5786 catiuus
795 5733 1136 5804 profundior.

179 5782 256 5856 (:50
311 5789 534 5856 Iustitio.
564 5800 815 5856 noculum
843 5805 1136 5856 vinarium.

311 5782 534 5859 Iustitio.
553 5782 1139 5878 pagani"iniiinii;
1167 5814 1429 5878 quantum
1453 5806 1655 5878 cuique

121 5851 283 5913 ςυιιιρίί
316 5877 487 5932 potum
505 5851 824 5942 iiiiiiiiéiié,
854 5851 1574 5949 manu};anginam?

1764 4688 2024 4755 scntellae,
2059 4692 2112 4745 in
2139 4705 2242 4759 qua
2267 4691 2422 4746 mica:
2449 4694 2687 4764 recolligi
2714 4693 2913 4761 solent,
2933 4694 3174 4751 scutellze
3199 4696 3373 4765 signo.

1764 4783 2069 4854 praemisso,
2129 4783 2325 4839 deinde
2368 4802 2491 4840 cum
2533 4787 2723 4842 dextra
2783 4804 2954 4843 manu.
3002 4789 3054 4843 in
3104 4790 3351 4846 interiori

1763 4876 1988 4931 alterius
2027 4876 2219 4931 simula
2268 4864 2683 4949 recolligentem
2721 4882 2941 4937 easdem
2978 4898 3099 4937 curn
3139 4884 3351 4941 flabello

1762 4969 1876 5042 (59)
1907 4970 1974 5026 ad
2000 4972 2106 5027 hoc
2137 4971 2312 5042 ipsum
2338 4980 2542 5043 aptato.
2564 4971 2666 5029 Pro
2687 4974 2842 5046 signo
2863 4976 3107 5045 praedicti
3128 4976 3348 5044 llaliclli,

1761 5062 2044 5134 pranuisso
2076 5064 2231 5135 signo
2282 5063 2430 5133 ligni,
2469 5065 2610 5135 quod
2640 5075 2975 5135 postremum
3003 5075 3085 5123 est
3118 5068 3344 5133 dictum,

1759 5156 2013 5228 adjunge.
2082 5156 2188 5213 Pro
2249 5157 2403 5229 signo
2428 5224 2431 5227 _
2458 5155 2620 5218 follis.
2656 5174 2795 5229 pone
2826 5173 3059 5229 pugnum
3100 5161 3348 5215 dextrum

1830 5309 2259 5437 (56)|Cicolhus,
2313 5324 2513 5387 patera:
2572 5315 2806 5385 species,
2873 5315 3015 5385 apud
3072 5323 3347 5377 nostrates

1830 5399 2077 5437 macros.

1758 5399 2077 5439 monacnos.

1829 5455 2270 5534 (57)'_Cannata,‘
2287 5456 2541 5534 poculu_m
2567 5456 2832 5511 vinarium
2855 5454 3048 5527 majus,
3083 5461 3345 5534 mnopho-

1758 5541 1900 5580 rum.
1938 5526 2199 5582 German.
2231 5526 2432 5593 (lenne,
2454 5527 2674 5582 Comen.

1828 5596 1941 5673 (58)
1968 5597 2173 5673 ΔΖιιὺιιιχ
2203 5613 2299 5673 vas
2324 5599 2595 5653 vinarium
2637 5597 2875 5673 ligneum
2907 5599 2993 5656 hic
3023 5599 3295 5673 signiﬁcat
3318 5621 3339 5672 ;

1755 5667 1864 5743 (Ιμο
1892 5667 2052 5743 linjns
2085 5670 2302 5743 generis
2317 5683 2453 5743 vasa
2482 5669 2727 5743 nonnihil
2766 5667 3113 5743 majoravini)
3134 5667 3339 5743 repleta

1756 5737 1840 5792 vir
1866 5737 2122 5812 robestus
2153 5739 2415 5812 ambabus
2437 5739 2687 5812 manibus
2721 5737 2923 5812 portat.
2954 5741 3067 5799 Vox
3096 5753 3177 5800 est
3194 5737 3369 5803 ’ϐαι-ο,

1757 5810 1932 5863 manis
1959 5819 2108 5879 nota,
2135 5809 2269 5865 alias
2304 5808 2593 5879 Biitschen,
2630 5808 2836 5867 Goiten.

1825 5878 1939 5951 (59)
1984 5878 2281 5937 Flnbeilum
2308 5895 2409 5936 vox
2443 5878 2599 5951 nota,
2634 5882 2727 5939 sed
2756 5883 2842 5939 hic
2868 5883 3153 5958 legendum
3184 5886 3335 5949 VHG!
