3872 6306
478 312 582 368 851

1517 310 1577 366 S.
1614 306 1995 366 GUILLELMl
2032 300 2326 361 ABBATIS
2354 299 2661 356 lill’lSAUG’

3605 306 3683 363 εει

475 435 665 495 postea
688 423 871 494 profer
888 439 1077 480 omnes
1100 423 1293 497 digitos
1316 424 1598 493 utriusque
1627 438 1843 487 manus,
1867 421 2058 475 deinde
2088 424 2132 480 Λ
2168 431 2359 470 omnes
2386 414 2582 485 digitos
2615 414 2887 470 ittctlrves.
2917 412 3025 469 Pro
3055 415 3210 484 signo
3236 414 3466 487 Regulae,
3492 411 3684 488 generali

476 514 737 582 indicem,
768 532 889 571 cum
943 516 1143 582 medio,
1202 517 1413 572 caeteris
1464 517 1694 570 inflexis.
1751 516 1856 570 Pro
1903 515 2057 585 signo

473 620 658 662 malta:
703 607 840 679 (75),
889 609 1129 679 generali
1186 609 1341 679 signo
1404 608 1693 662 herbarum
1744 607 2050 678 pnmnisso,

476 700 749 755 manicam
775 708 916 765 tene,
952 710 1007 755 et
1043 701 1255 772 signum
1289 698 1627 769 cxpandendi
1654 699 1906 769 adiunge.

1066 791 1294 847 CAPUT
1332 789 1448 846 XX.

538 881 614 935 De
643 883 838 952 signis,
854 899 971 953 qua:
998 884 1068 937 ad
1097 883 1329 937 divinum
1359 881 1670 950 obsequium
1696 882 1975 949 pertinent.

540 976 555 991 ‘
582 972 687 1026 Pro
729 973 886 1045 signo
930 974 1207 1039 lectionis,
1242 974 1429 1030 manui
1468 981 1523 1027 et
1573 973 1776 1043 pectori
1824 974 2047 1045 digitum

468 1065 702 1121 indicem
752 1067 989 1138 impinge
1022 1109 1037 1133 ,
1086 1074 1139 1122 et
1182 1066 1458 1137 paululmn
1507 1074 1801 1120 attractum
1847 1066 1917 1119 ita
1964 1065 2048 1121 fac

464 1156 697 1221 resilire,
724 1158 881 1228 quasi
907 1159 999 1228 qui
1036 1158 1222 1213 folimn
1261 1158 1465 1213 codicis
1497 1158 1711 1212 evertit.
1749 1157 1851 1210 Pro
1892 1158 2048 1227 signo

463 1249 819 1318 responsorii,
871 1250 1103 1306 articulo
1148 1252 1349 1309 indicis
1390 1251 1640 1324 pollicem
1692 1268 1954 1323 suppono,
1993 1263 2046 1305 et

464 1339 538 1395 ita
584 1339 667 1395 fac
716 1356 840 1395 eum
889 1342 1163 1412 prosilire.
1216 1342 1322 1399 Pro
1370 1345 1524 1416 signo
1555 1360 1767 1411 versus,
1812 1344 2045 1399 articulo

463 1430 679 1486 minimi
707 1430 867 1501 digiti
888 1432 1139 1501 pollicem
1188 1450 1452 1506 suppone,
1498 1437 1700 1504 ethoc,
1729 1437 1873 1507 quod
1906 1453 2045 1506 prae-

457 1519 681 1574 missum
715 1534 821 1586 est,
848 1522 914 1577 de
941 1523 1171 1578 saliente
1204 1524 1363 1580 adde.
1392 1527 1496 1582 Pro
1518 1528 1675 1598 signo
1702 1527 2040 1598 autipbonar,

457 1614 827 1670 summitatem
855 1615 1064 1685 pollicis
1094 1633 1160 1671 ac
1198 1619 1405 1674 minimi
1446 1620 1597 1693 digiti
1646 1620 1935 1693 corijunge,
1988 1630 2043 1677 et

456 1705 537 1760 sic
578 1721 767 1775 parum
809 1708 1055 1776 pollicem
1101 1710 1355 1765 deorsum
1403 1715 1582 1768 trahe.
1620 1711 1725 1767 Pro
1766 1714 1925 1786 signo
1956 1714 2040 1767 ln-

2163 506 2465 578 prremisso,
2499 507 2599 560 hoc
2643 505 2801 570 adde,
2838 514 2897 558 ut
2924 505 3176 576 capillum
3206 506 3320 576 (76)
3360 523 3513 576 super
3536 526 3682 568 autem

2160 598 2483 668 pendentem
2505 613 2628 652 cum
2655 596 2865 651 duobus
2892 597 3074 667 digitis
3096 598 3481 667 apprehendas.
3510 614 3687 671 propter

2158 690 2268 745 duo
2296 690 2539 754 nomina,
2565 688 2763 759 quibus
2791 688 2952 742 abbas
2982 701 3212 744 vocatur
3236 699 3294 743 et
3327 690 3566 755 domum;
3588 682 3683 761 quia

2155 787 2209 835 et
2238 779 2294 835 S.
2324 780 2649 834 Benedictus
2671 789 2861 834 auctor
2894 780 3093 847 regulre
3124 777 3286 847 hujus
3315 789 3432 834 erat
3462 792 3514 836 et
3540 784 3682 841 oflicii.

2153 871 2261 926 Pro
2300 872 2456 943 signo
2508 870 2801 943 hytnnarii,
2852 871 3087 943 generali
3142 872 3424 942 przemisso
3469 875 3605 941 addc,
3642 890 3686 933 ut

2153 964 2400 1035 pollicem
2433 973 2487 1019 et
2522 964 2757 1019 indicem
2786 968 2990 1019 dextrae
3029 980 3222 1018 manus
3249 965 3537 1033 proferens,
3574 984 3683 1023 sunt-

2152 1056 2370 1113 mitates
2410 1072 2599 1113 eorum
2631 1058 2948 1129 cenjungas,
2989 1075 3095 1128 quo
3128 1072 3367 1128 pnes-ens
3414 1068 3602 1128 tempus
3623 1064 3689 1117 vel

2149 1151 2293 1222 quod
2339 1151 2573 1221 primunt
2626 1160 2733 1217 est,
2787 1151 3149 1223 significatur,
3200 1161 3256 1205 et
3312 1150 3415 1205 hoc
3456 1152 3594 1223 signo
3637 1156 3688 1209 ad

2150 1244 2493 1317 hymnarium
2544 1253 2767 1315 propter
2812 1246 2915 1299 hoc
2954 1243 3129 1299 solum
3179 1244 3405 1299 verbum
3456 1244 3691 1301 inretitum

2147 1346 2249 1401 est,
2283 1337 2333 1392 id
2361 1347 2467 1403 est,
2511 1334 2696 1391 Primo
2742 1338 2969 1391 dierum.
2997 1336 3102 1390 Pro
3131 1336 3288 1407 signo
3330 1335 3587 1402 Psalterii,
3618 1355 3691 1408 ge-

2148 1430 2315 1484 nerali
2354 1429 2669 1499 przentisso,
2699 1430 2800 1484 hoc
2836 1429 3007 1494 adde,
3042 1438 3101 1483 ut
3135 1428 3483 1483 summitates
3524 1430 3686 1501 digito-

2146 1537 2263 1576 rum
2311 1521 2516 1577 dextrte
2562 1537 2697 1577 cava
2746 1538 2915 1577 manu
2962 1524 3016 1577 in
3060 1522 3226 1594 caruit
3274 1537 3465 1591 ponas,
3506 1532 3690 1593 propter

2143 1613 2551 1669 similitudinem
2598 1630 2815 1685 cor-orm:
2845 1656 2861 1678 ,
2916 1631 3078 1686 quam
3131 1632 3227 1670 rex
3272 1615 3412 1670 solet
3459 1625 3687 1686 portare;

2143 1707 2268 1777 quia
2303 1706 2468 1760 David
2508 1715 2699 1762 auctor
2738 1707 3069 1777 psalmorum
3122 1725 3218 1764 rex
3263 1717 3401 1764 erat.
3445 1708 3546 1765 Pro
3565 1711 3691 1782 signo

457 1798 674 1863 troilus,
696 1798 946 1869 pollicem
977 1812 1033 1856 et
1063 1802 1111 1857 ei
1141 1804 1446 1874 proximum
1480 1804 1663 1874 profer
1701 1807 2015 1861 summitati

2144 1798 2267 1853 libri
2295 1795 2706 1866 prophetarum,
2735 1798 2975 1868 generali
3009 1800 3316 1869 prmmisso,
3349 1800 3448 1856 hoc
3476 1802 3613 1866 adde,
3642 1813 3687 1856 ut

452 1887 553 1943 bus
600 1903 788 1944 eorum
830 1890 1057 1960 junctis,
1102 1902 1294 1948 contra
1339 1908 1402 1948 os
1434 1909 1658 1948 manum
1689 1896 1923 1965 applica,
1974 1911 2039 1952 ac

451 1979 665 2059 demum
715 1981 893 2037 missa:
942 1984 1156 2054 signum
1190 1984 1447 2056 adiunge.
1487 1984 1594 2041 Pro
1639 1986 1797 2059 signo
1830 1985 2035 2055 Gloria,

452 2057 650 2138 digitos
690 2087 881 2131 ontnes
907 2075 1115 2133 dextrzn
1143 2091 1335 2132 manus
1358 2077 1595 2144 inflecte,
1638 2057 1884 2135 eamdem
1923 2096 2037 2135 ma-

447 2175 575 2214 num
599 2161 679 2216 ori
711 2163 949 2238 applica,
981 2166 1125 2236 quod
1158 2178 1385 2225 cantum
1414 2170 1708 2241 significat.
1750 2170 1857 2227 Pro
1878 2172 2037 2242 signo

445 2251 716 2320 Alleluia,
772 2254 888 2311 leva
942 2274 1171 2333 manum.
1217 2268 1275 2314 et
1339 2261 1686 2317 summitates
1737 2260 2033 2332 digitorum

449 2341 699 2412 iuflexas,
725 2349 879 2417 quasi
910 2352 978 2405 ad
1007 2350 1296 2406 velandum
1333 2368 1487 2406 move
1515 2362 1735 2423 prepter
1762 2353 2027 2423 Angelos;

2146 1905 2363 1944 mamuu
2400 1890 2669 1945 directam
2708 1890 2892 1955 trahas
2924 1906 3021 1961 per
3054 1890 3282 1961 capillos
3310 1901 3496 1947 contra
3531 1908 3682 1947 aurem

2142 1980 2410 2045 dextram,
2437 1978 2579 2050 quod
2621 1992 2955 2036 senectutem
3001 1981 3290 2053 significat.
3315 1980 3421 2037 Pro
3452 1983 3592 2054 signo
3620 1985 3684 2038 ιε-

2138 2073 2447 2137 bliolheeaz,
2475 2073 2712 2145 generali
2747 2075 3049 2144 praemisso,
3085 2076 3187 2129 hoc
3212 2075 3368 2139 adde,
3397 2086 3451 2129 ut
3477 2078 3687 2145 proferas

2137 2182 2329 2224 omnes
2354 2163 2551 2235 digitos
2582 2182 2772 2222 manus
2804 2168 3105 2237 utriusque.
3138 2168 3247 2223 Pro
3276 2169 3438 2240 signo
3464 2171 3679 2238 epistola-

2137 2272 2257 2310 rum
2290 2255 2470 2322 Pauli,
2508 2257 2787 2326 praemisso
2818 2258 3083 2328 generali.
3120 2259 3256 2313 adde
3304 2260 3507 2329 signum
3547 2261 3675 2314 calvi.

2134 2343 2240 2400 Pro
2279 2346 2435 2415 signo
2480 2344 2744 2400 librorum
2782 2345 2906 2411 .lob,
2951 2348 3190 2418 generali
3224 2350 3516 2419 prmtiiisso,
3559 2366 3681 2405 men.

2134 2446 2246 2490 tum
2297 2454 2421 2493 cum
2472 2440 2661 2493 dextra
2730 2448 2892 2506 tene,
2951 2440 3147 2495 deinde
3197 2442 3443 2497 eamdem
3473 2443 3679 2497 dextram

2130 2544 2425 2600 expansam
2494 2546 2658 2602 super
2707 2541 2895 2601 pectus
2947 2549 3137 2603 ponas,
3194 2536 3339 2604 quod
3387 2545 3467 2590 est
3501 2536 3675 2608 signum

2130 2622 2489 2679 infirmitatis.
2520 2624 2627 2679 Pro
2653 2625 2811 2696 signo
2834 2625 3115 2693 Glossarii,
3146 2629 3389 2698 generali
3417 2631 3675 2700 prmmisso,

2128 2716 2266 2772 adde
2296 2717 2510 2789 signum
2546 2716 2823 2783 lectionis,
2849 2709 3035 2790 postea
3077 2737 3269 2776 omnes
3297 2722 3488 2794 digitos
3509 2712 3675 2779 dextra:

2127 2807 2181 2861 in
2218 2823 2383 2863 unum
2418 2808 2727 2881 .conjonge,
2776 2810 2921 2880 quod
2956 2828 3149 2868 omnes
3186 2813 3387 2870 fratres
3436 2816 3665 2883 signiﬁcat

2124 2900 2466 2955 convenisse.
2501 2899 2608 2955 Pro
2644 2902 2800 2973 signo
2846 2901 2967 2957 libri
3004 2906 3436 2974 sequentiarmu,
3468 2908 3665 2977 generali

441 2438 584 2505 quod
607 2447 660 2491 ut
689 2440 954 2511 creditur,
982 2444 1049 2498 ab
1068 2444 1291 2513 Angelis
1306 2446 1358 2498 in
1376 2446 1516 2500 caelo
1532 2455 1803 2503 cantatur.
1828 2445 1932 2501 Pro
1952 2448 2029 2503 si-

439 2527 866 2602 guo.Pr0s'a>(74)
886 2576 900 2595 ,
916 2550 1077 2604 quam
1094 2536 1661 2609 quidamSequentium
1676 2552 1891 2606 vocant,
1911 2543 2028 2598 leva

438 2631 658 2673 manum
702 2622 1041 2692 inclinatam,
1090 2636 1143 2682 et
1173 2638 1394 2699 pectore
1437 2643 1557 2684 eam
1601 2633 1907 2688 amovendo
1938 2635 2027 2688 itt-

438 2719 607 2779 verte,
635 2714 709 2769 ita
739 2724 800 2770 ut
828 2718 971 2787 quod
1019 2718 1172 2789 prius
1217 2728 1337 2777 erat
1378 2737 1619 2787 sursum,
1646 2722 1719 2779 sit
1748 2726 2023 2781 deorsum.

448 2800 557 2858 Pro
590 2806 743 2879 signo
790 2811 1140 2879 responsorii;
1182 2814 1333 2869 trabe
1363 2829 1580 2869 manum
1635 2830 1732 2885 per
1777 2827 2022 2873 ventrem

436 2895 714 2965 deorsum,
756 2901 906 2970 quod;
946 2904 1163 2959 tractim
1193 2904 1308 2961 fieri
1341 2921 1558 2977 setnper
1597 2907 1938 2978 significetur
1969 2920 2024 2966 et

431 2990 691 3058 praediolo
740 2993 901 3048 modo
941 3009 1166 3051 manum
1207 2997 1273 3051 ad
1326 3012 1387 3054 es
1436 2997 1667 3069 applica.
1718 2999 1825 3055 Pro
1866 3001 2025 3073 signo
2123 2992 2426 3062 prternisso,
2453 2993 2665 3065 signum
2684 2994 2828 3050 adde
2849 2994 3122 3069 Martyris.
3148 2997 3253 3053 Pro
3277 2999 3429 3069 signo
3446 3000 3668 3055 lillriBt'r-

430 3081 724 3146 Oil’ertorii,
760 3086 1040 3155 prtetuisso
1068 3089 1306 3160 generali
1334 3092 1708 3160 signocantus
1729 3093 2011 3160 oll'erendi,
2120 3083 2587 3157 viariirsenera'i
2642 3087 2943 3156 Ρτλιδηὶίδεον
2995 3088 3231 3144 indicet“
3286 3106 3384 3157 βθν
3432 3090 3665 3161 οι³¹ί⁶1¹¹¹¹⁸¹¹

429 3175 645 3246 signum
678 3175 834 3231 adde.
869 3177 975 3234 Pro
1021 3179 1178 3253 signo
1205 3182 1643 3251 communionis,
1684 3185 1812 3241 item
1855 3204 2018 3259 gone-
2046 3176 2087 3232 C
2122 3190 2284 3245 super
2320 3192 2483 3232 nares
2523 3179 2704 3241 trahe,
2746 3180 3128 3233 Obtruncatam
3154 3196 3269 3234 rem
3297 3182 3561 3236 simulans.
3584 3182 3669 3235 Pro

427 3265 532 3321 rali
559 3266 715 3339 signo
743 3269 1024 3338 praemisso
1068 3281 1283 3340 cantus,
1316 3274 1531 3345 signum
1576 3278 2015 3336 communieandi

2125 3266 2277 3335 signo
2331 3266 2454 3321 libri
2521 3272 3024 3338 consuetudinum,
3090 3274 3332 3343 generali
3394 3275 3667 3345 prmuisso,

422 3357 584 3419 “de.
2118 3367 2325 3413 vestem
2364 3370 2554 3414 contra
2588 3371 2782 3431 pectus
2819 3364 3139 3434 comprime.
3182 3365 3290 3420 Pro
3320 3369 3471 3438 signo
3509 3384 3665 3438 perga-

2115 3453 2285 3517 meni,
2317 3452 2474 3520 signo
2500 3454 2737 3522 generali
2778 3455 3048 3512 librorum
3077 3460 3385 3527 prmmisso,
3410 3463 3503 3515 hoc
3530 3462 3665 3523 addc,

2113 3550 2172 3595 ut
2232 3542 2417 3613 digitis
2466 3543 2751 3614 utriusque
2803 3561 2998 3602 manus
3067 3547 3420 3617 conjunctis,
3481 3566 3663 3606 utanum

2110 3636 2293 3689 manui
2336 3635 2712 3705 circumferas,
2751 3641 2893 3709 quod
2933 3641 3099 3695 etiam
3132 3651 3217 3697 est
3252 3643 3460 3713 signan
3507 3646 3656 3714 signo-

2110 3745 2252 3784 rum.
2281 3728 2389 3786 Pro
2416 3731 2572 3803 signo
2598 3732 2787 3787 rotnlm
2818 3732 2957 3804 (Ti),
2989 3734 3218 3804 digitum
3260 3736 3433 3807 digito
3455 3739 3655 3791 circurn-

2107 3822 2212 3889 l'er,
2247 3840 2312 3879 ac
2339 3824 2534 3879 deinde
2582 3824 2913 3880 scribentem
2963 3826 3181 3881 simula.
3222 3827 3329 3884 Pro
3371 3830 3518 3901 signo
3555 3829 3659 3883 Bre-

2106 3916 2190 3971 vis
2221 3917 2360 3987 (‘78),
2396 3918 2603 3987 primos
2630 3918 2894 3974 articulos
2930 3930 3168 3988 quatuor
3209 3922 3498 3992 digitorum
3535 3920 3657 3975 iulio

2106 4016 2212 4070 cte,
2243 4007 2483 4077 itemque
2510 4006 2842 4064 scribentem
2871 4008 3086 4063 simula.
3116 4008 3226 4067 Pro
3253 4012 3411 4081 signo
3434 4012 3660 4082 Martyro-

2103 4098 2253 4171 logii,
2289 4100 2660 4155 summitatem
2701 4100 2919 4170 pollicis
2951 4116 3049 4171 per
3091 4104 3433 4159 summitates
3465 4102 3655 4157 (τείρει)-

2104 4208 2225 4248 rum
2257 4192 2550 4264 digitorum
2594 4194 2801 4250 dextrte
2838 4196 2993 4265 quasi
3035 4199 3408 4266 computando
3441 4196 3657 4253 celeriter

2106 4282 2283 4348 trahe,
2324 4283 2592 4353 incipiens
2631 4300 2660 4338 a
2695 4285 2939 4339 minimo.
2969 4285 3077 4340 Pro
3110 4287 3269 4356 signo
3302 4287 3420 4342 libri
3467 4287 3656 4343 saecula-

2102 4373 2207 4439 ris,
2247 4387 2409 4444 quem
2436 4373 2633 4443 aliquis
2655 4375 2957 4443 composuit
2978 4372 3261 4447 Paganus,
3285 4378 3514 4448 generali
3544 4392 3651 4447 pne-

2103 4463 2271 4520 misso
2318 4464 2475 4535 signo
2506 4464 2651 4531 libri,
2684 4466 2785 4520 hoc
2833 4466 2990 4530 adde,
3031 4477 3091 4520 ut
3129 4483 3319 4522 aurem
3367 4484 3482 4523 cum
3512 4469 3655 4536 digito

2034 4544 2075 4597 ί)
2103 4566 2317 4629 tangas,
2365 4558 2507 4613 sicut
2538 4558 2691 4614 canis
2729 4574 2851 4613 cum
2881 4561 3015 4629 pede
3042 4561 3295 4629 pruriens
3338 4561 3496 4627 solet;
3532 4560 3648 4630 quod

1003 3456 1233 3515 CAPUT
1286 3457 1426 3515 XXI.

938 3547 1018 3603 De
1036 3548 1200 3620 signis
1223 3549 1499 3606 librorum.

499 3636 642 3693 'Pro
681 3638 922 3710 generali
961 3641 1118 3711 signo
1155 3640 1444 3708 librorum,
1488 3646 1721 3703 extende
1764 3663 2009 3714 manum,

418 3738 474 3786 et
498 3744 674 3799 move,
719 3732 864 3788 sicut
893 3732 1081 3789 folium
1122 3734 1247 3790 libri
1284 3737 1491 3791 moveri
1513 3738 1671 3793 solet.
1701 3739 1814 3808 ¹Ριό
1854 3742 2009 3813 signo

415 3820 566 3878 Libri
617 3822 869 3888 Missalis,
921 3826 1161 3896 generali
1200 3827 1359 3897 signo
1397 3830 1697 3899 praemisso,
1745 3834 1906 3901 adde,
1949 3847 2008 3891 ut

416 3929 641 3971 manum
673 3917 923 3977 dextram
955 3926 1234 3974 extentam
1265 3920 1409 3975 inter
1440 3921 1675 3978 medium
1706 3926 1919 3996 pollicis
1952 3939 2007 3985 et

416 4008 621 4086 indicis
642 4010 869 4067 alterius
918 4027 1113 4066 manus
1139 4012 1295 4080 quasi
1350 4012 1555 4069 ferrum
1602 4016 1845 4076 limando
1887 4033 2003 4077 tra-

421 4102 558 4157 has:
587 4102 691 4159 hoe
730 4106 894 4161 etiam
926 4102 1188 4175 cujusque
1216 4105 1297 4161 rei
1333 4116 1437 4172 est,
1469 4121 1628 4176 quam
1664 4110 1717 4164 in
1748 4111 2004 4183 frequen-

414 4193 489 4248 tia
534 4196 820 4251 habemus.
858 4197 1156 4271 Pro‘signo
1207 4198 1332 4255 libri
1384 4201 1727 4272 Epistolaris,
1760 4209 1999 4277 generali

411 4286 569 4357 signo
598 4285 705 4344 hoc
741 4289 901 4355 adde,
932 4300 993 4346 ut
1012 4291 1228 4362 signum
1260 4295 1438 4351 crucis
1463 4296 1517 4351 in
1548 4309 1768 4367 pectore
1805 4301 1995 4357 facias.

410 4378 518 4435 Pro
539 4380 697 4450 signo
722 4389 903 4438 textus
926 4384 1223 4456 Evangelii,
1249 4390 1532 4456 praemisso
1546 4396 1786 4462 generali
1815 4397 1998 4465 signo,

412 4470 518 4526 hoc
549 4472 715 4539 adde,
754 4484 817 4530 ut
851 4476 1062 4547 signum
1114 4480 1292 4535 erucis
1337 4481 1505 4539 facias
1539 4485 1591 4540 in
1644 4488 1842 4543 fronte.
1891 4490 2004 4544 Pro

411 4563 571 4635 signo
630 4564 783 4633 libri,
832 4568 885 4623 in
938 4585 1049 4641 quo
1077 4570 1361 4642 legendtun
1409 4584 1494 4631 est
1545 4579 1611 4631 ad
1664 4579 1992 4644 Noeturnos,

411 4655 701 4722 prmmisso
732 4661 973 4726 generali
1020 4662 1175 4735 signo
1218 4672 1275 4719 et
1317 4664 1440 4720 libri
1478 4676 1533 4723 et
1569 4670 1840 4736 lectionis.
1892 4674 1996 4728 hoc

405 4744 570 4811 adde,
621 4756 681 4801 ut
724 4764 944 4805 manum
991 4753 1058 4807 ad
1110 4755 1387 4809 maxillam
1433 4774 1621 4827 ponas.
1673 4762 1778 4817 Pro
1836 4766 1994 4835 signo

403 4839 771 4905 antiphouarii
801 4885 814 4905 ,
847 4848 1083 4911 generali
1136 4854 1423 4920 prmmisso
1471 4853 1593 4908 libri
1650 4855 1836 4924 signo,
1888 4858 1991 4914 hoc

404 4928 572 4995 adde,
594 4939 657 4986 ut
679 4946 870 4991 omnes
894 4935 1091 5008 digitos
1118 4942 1545 5004 manusdextrze
1575 4941 1820 5000 inﬂectas
1864 4963 1990 5015 pro-

402 5027 525 5085 pter
569 5036 795 5080 oeumas
825 5026 963 5097 (75),
1012 5030 1064 5084 in
1110 5046 1174 5086 eo
1207 5030 1469 5097 inflexas;
1512 5043 1698 5101 postea
1738 5035 1985 5105 pollicem

399 5111 452 5166 in
480 5114 659 5169 medio
686 5117 891 5175 indicis
923 5122 1155 5179 articulo
1183 5124 1435 5193 prosilire
1470 5124 1661 5182 facias.
1687 5127 1795 5183 Pro
1825 5131 1986 5197 signo

400 5199 521 5256 libri
568 5205 859 5264 Gradualis
898 5212 1088 5267 eodem
1130 5212 1315 5279 modo,
1347 5229 1455 5284 quo
1504 5216 1824 5287 praedictum
1875 5230 1978 5283 est,

408 5316 821 5441 11](7.“5)11ξιαιια,
868 5330 1071 5389 storea,
1101 5332 1289 5395 teges;
1323 5326 1374 5383 in
1416 5331 1601 5385 mattis
1637 5332 1984 5388 dormiebant

464 5404 597 5441 1111210
623 5407 677 5441 ΙΙ.

440 5402 677 5443 lmmcltl.

464 5457 574 5542 (τίς)
617 5460 763 5542 Libri
805 5463 1051 5542 llituales
1080 5467 1455 5542 Ecclesiastici
1492 5488 1612 5527 eam
1643 5474 1975 5536 orationem.

392 5538 508 5612 qlia;
538 5531 609 5612 ιιι*
626 5531 798 5587 missa
816 5534 1031 5612 canitur
1053 5548 1177 5592 ante
1205 5540 1558 5612 Evangelium
1591 5544 1643 5597 in
1676 5531 1978 5612 maioribus

388 5594 806 5678 hstisProsnm,
837 5620 931 5678 seu
958 5606 1299 5678 Sequcmiam
1323 5594 1539 5669 vocant:

458 5669 573 5749 (75)
621 5669 855 5749 Nerium,
898 5669 1127 5747 lubilus,
1178 5683 1465 5749 productio
1492 5691 1685 5739 cantus
1726 5686 1777 5739 in
1827 5686 1972 5742 finali

389 5735 565 5811 ittera
592 5735 922 5811 antiphonm.

460 5807 578 5883 (76)
613 5807 837 5875 ΕχῘΙιος,
877 5816 991 5872 Ιοςο
1026 5820 1245 5892 colliges
1300 5824 1693 5883 monachorum
1748 5829 1971 5904 capillos

2099 4664 2202 4705 nec
2251 4650 2528 4706 immerito
2573 4651 2668 4706 tali
2713 4652 2975 4706 animanti
3029 4653 3265 4709 inlidelis
3300 4665 3647 4725 comparatur;

2096 4741 2239 4811 quod
2300 4742 2463 4798 etiam
2523 4743 2739 4813 signum
2781 4754 2862 4800 est
2914 4745 3087 4800 canis.
3143 4746 3253 4803 Pro
3297 4748 3451 4819 signo
3491 4746 3644 4802 analo-

2095 4831 2167 4904 gii
2200 4834 2335 4905 (79),
2368 4835 2805 4906 ρι’ωιιιίδδορηειιί
2834 4836 3011 4907 signo,
3057 4837 3471 4910 coniunctisque
3500 4838 3642 4893 mani-

2093 4932 2194 4985 bus
2237 4929 2398 4984 simul
2438 4938 2492 4984 ct
2527 4928 2757 4992 inflexis,
2803 4930 3060 4986 interiora
3095 4932 3335 5002 ipsarum
3379 4933 3525 4989 faciei
3562 4946 3645 5001 op-

2092 5037 2251 5093 pone.
2298 5022 2405 5076 Pro
2445 5023 2600 5093 signo
2641 5022 2769 5094 ligni
2804 5025 2870 5078 ad
2918 5023 3097 5079 lumen
3134 5028 3425 5082 tenendum
3457 5040 3641 5094 compo—

2087 5116 2201 5182 siti,
2237 5132 2456 5171 manum
2484 5117 2765 5171 sinistram
2795 5119 3052 5183 extende,
3105 5119 3363 5175 interiora
3395 5121 3505 5189 eius
3538 5134 3638 5173 sur-

2089 5226 2213 5265 sum
2237 5220 2478 5275 vertens,
2511 5208 2848 5280 alteramth
2884 5211 2936 5266 in
2967 5211 3226 5282 iunctura
3251 5228 3439 5267 manus
3464 5208 3634 5265 brachii

2088 5360 2155 5418 ex
2196 5345 2411 5416 integro
2433 5360 2587 5400 rasos
2616 5361 2727 5418 non
2754 5346 2939 5398 fuisse.
2961 5344 3061 5399 Cui
3084 5347 3243 5412 adde.
3271 5350 3408 5417 quod
3432 5346 3632 5418 pectines

2087 5417 2264 5489 υἱεέιιιΔ
2295 5416 2937 5489 usumconfedclmnlur,
2972 5430 3029 5470 ut
3057 5434 3124 5471 ex
3160 5416 3313 5489 seqq.
3344 5416 3541 5489 patebit.

2158 5486 2273 5559 (77)
2318 5485 2541 5547 Rolulw,
2573 5487 2824 5550 Rutulus,
2857 5489 3081 5550 seheda,
3113 5485 3303 5543 charta
3336 5485 3387 5545 in
3407 5489 3631 5559 speciem,

2085 5556 2272 5610 romer
2299 5573 2392 5611 seu
2431 5569 2557 5610 rota:
2584 5558 2891 5612 convoluta.

2155 5627 2269 5698 (78)
2312 5626 2511 5687 Brevia.
2556 5629 2940 5695 im'etuarinnt,
2983 5629 3173 5685 charta
3209 5632 3476 5686 continens
3504 5624 3623 5685 indi-

2081 5712 2219 5759 cem,
2258 5706 2359 5752 etc.

2154 5767 2270 5839 (79)
2310 5767 2649 5843 Analogiunt,
2683 5770 2968 5841 pulpitum,
3000 5772 3178 5827 ambo.
