3890 6314
64 343 142 401 95ζί
1121 335 1537 405 ρωνδτιτυτ.
1568 337 1577 395 l

1690 338 1894 397 SACG.
1936 368 2005 381 —-
2035 338 2161 395 LIB.
2206 338 2245 393 Ι.

3170 345 3276 403 954

64 471 192 526 super
225 453 380 523 ipsam
406 451 574 524 erige,
606 463 746 507 Sicut
774 449 926 506 vides
951 447 1126 519 ipsum
1162 448 1580 515 instrumentum
1613 458 1659 517 Α
1692 469 1844 521 rum,
1891 452 2169 522 praemisso
2219 452 2482 522 generali,
2533 469 2772 527 pugnum
2828 470 2993 526 super
3036 472 3274 530 pugnum

62 565 153 606 esse
203 548 413 611 factum,
458 555 512 601 et
561 545 694 599 adde
743 543 966 598 luminis
1010 543 1245 614 signum.
1278 542 1386 599 Pro
1428 545 1586 616 signo

63 640 306 702 formulae,
364 640 644 709 prannisso
686 638 814 709 ligni
867 639 1043 709 signo,
1095 653 1315 692 manum
1367 638 1583 705 inanem

63 734 282 795 extende,
335 747 394 783 ac
453 731 535 785 sic
592 730 982 799 procutnbendi
1041 730 1092 784 in
1155 740 1353 785 terram
1412 730 1585 788 facias

62 828 244 895 signum,
276 824 411 893 quod
440 824 605 877 etiam
641 824 854 893 signum
879 833 961 879 est
988 824 1178 879 veniae.

574 914 807 975 CAPUT
844 916 1006 971 XXII.

470 1009 546 1065 De
568 1011 729 1081 signis
754 1027 1118 1080 personarum.

116 1101 238 1157 'Pro
290 1106 441 1175 signo
496 1105 680 1161 domui
723 1105 959 1175 abbatis,
1006 1107 1094 1163 fac
1148 1108 1288 1165 idem
1344 1110 1581 1181 signum,

60 1195 237 1264 quodde
263 1194 457 1267 Regula
490 1207 576 1253 est
614 1199 977 1270 praemissum.
1006 1198 1113 1256 Pro
1136 1200 1293 1273 signo
1326 1202 1582 1258 monachi

61 1303 148 1341 Cum
172 1303 310 1340 manu
342 1299 464 1345 tene
488 1290 744 1360 capillum
772 1289 1017 1346 cucullm.
1047 1289 1154 1348 Pro
1175 1295 1332 1364 signo
1359 1292 1574 1356 inclusi,

61 1382 162 1433 adde
202 1381 393 1452 signum
445 1381 720 1449 fenestrae,
764 1386 818 1442 iri
856 1397 941 1443 est
989 1388 1203 1458 signum
1251 1387 1581 1457 splendoris.

60 1468 135 1522 Pro
157 1472 288 1541 signo
313 1474 587 1539 monachi,
636 1475 727 1546 qui
759 1485 843 1532 est
875 1478 1115 1533 nutritus
1139 1478 1192 1532 in
1230 1478 1583 1544 monasterio,

60 1564 242 1630 generali
294 1566 614 1633 pnemisso,
663 1567 890 1640 digitum
952 1570 1235 1625 minimum
1283 1570 1444 1626 labiis
1488 1571 1586 1625 ad-

60 1668 188 1719 move,
236 1672 323 1727 pro
354 1674 420 1713 eo
493 1661 641 1729 quod
698 1661 773 1715 ita
832 1662 979 1732 sugit
1028 1662 1228 1718 infans.
1279 1664 1384 1719 Pro
1424 1664 1584 1737 signo

61 1747 222 1814 prioris,
265 1750 448 1804 simula
486 1767 612 1807 cum
662 1754 873 1810 duobus
904 1755 1089 1826 digitis
1126 1756 1337 1812 setllam
1369 1767 1577 1822 tenere,

60 1850 93 1890 et
118 1840 171 1892 ita
199 1856 302 1895 eain
351 1860 568 1899 sonare.
602 1844 709 1899 Pro
757 1847 916 1918 sig-io
959 1848 1204 1920 Majoris,
1258 1864 1467 1919 magna:
1501 1851 1578 1906 rei

61 1930 218 1998 signum
244 1932 388 1986 addc.
418 1932 523 1988 Pro
547 1937 703 2004 signo
738 1936 1050 1993 elaustralis
1077 1938 1301 2008 prioris,
1331 1941 1580 2010 generali

62 2021 296 2087 pr.t:llll550,
342 2023 579 2080 indicem
632 2027 884 2083 deorsum
943 2037 1118 2095 verte,
1178 2039 1232 2085 ct
1290 2030 1583 2086 circumfer

64 2114 171 2178 quasi
195 2116 434 2184 gyrando.
478 2117 591 2174 l’ro
624 2120 780 2189 signo
808 2120 1073 2189 adjut'oris
1104 2122 1267 2188 illius,
1313 2124 1442 2178 item
1482 2140 1579 2195 ge-

65 2207 185 2259 nnuli
230 2209 527 2277 pia-misso,
574 2212 802 2284 digitum
856 2214 1139 2269 minimum
1192 2217 1461 2285 extende,
1514 2232 1581 2272 eo

64 2298 163 2361 quod
201 2312 283 2367 per
305 2315 419 2354 cum
474 2318 696 2373 semper
728 2319 896 2373 parva
936 2320 1025 2361 res
1069 2307 1430 2377 significetur.
1473 2308 1597 2365 Pro

64 2386 175 2453 signo
207 2392 406 2446 armarii
451 2403 506 2448 et
550 2393 932 2461 Pimccntoris,
984 2398 1225 2468 generali
1271 2400 1576 2467 praetulisse,

67 2480 163 2531 addc
202 2481 388 2548 signum
439 2485 697 2539 cantandi
747 2496 803 2540 et
851 2486 1143 2555 pulsandi;
1194 2489 1323 2559 quia
1373 2490 1485 2559 ipse
1526 2492 1577 2544 in

68 2569 281 2627 duodecim
326 2575 651 2633 lectionibus
696 2579 761 2633 ad
814 2577 1077 2648 majorem
1119 2580 1367 2647 missam,
1425 2580 1581 2649 cujus

69 2664 241 2719 cilicium
283 2678 377 2731 est,
410 2670 643 2739 primatu
696 2670 904 2726 scillam
959 2672 1148 2743 incipit.
1189 2672 1429 2744 pulsare.
1475 2674 1580 2729 Pro

68 2752 293 2827 signo(8tl}
318 2758 632 2828 Circatoris,
680 2762 835 2833 signo
872 2763 1111 2831 generali
1160 2766 1414 2821 monachi
1444 2782 1578 2838 prae-

70 2848 202 2913 misso,
233 2854 497 2922 praedicto,
522 2855 687 2910 modo
729 2856 962 2912 indicent
1010 2857 1215 2928 profer.
1268 2858 1373 2914 Pro
1422 2861 1579 2932 signo

67 2943 242 2998 riislodis
279 2947 532 3014 ecclesize,
586 2949 829 3020 generali
888 2951 1191 3019 prannisso,
1244 2968 1366 3006 cum
1414 2967 1576 3008 manu

68 3028 206 3085 siuida
255 3050 559 3108 campanam
639 3054 859 3095 sonare.
908 3040 1013 3096 Pro
1070 3042 1225 3112 signo
1260 3044 1574 3111 camerarii,

1690 562 1828 617 pone
1856 544 2114 609 vicissim,
2156 545 2312 615 quasi
2359 544 2581 603 simules
2620 557 2999 603 construentes
3034 565 3271 605 murum.

1689 639 1794 694 Pro
1844 638 1999 709 signo
2060 637 2249 701 senis,
2317 638 2471 693 trahe
2527 654 2747 692 maumn
2791 641 3052 695 directam
3106 658 3273 711 super

1688 729 1911 800 capillos
1955 737 2144 784 contra
2190 742 2377 783 aurem
2430 726 2697 782 dextram.
2734 726 2839 781 Pro
2889 731 3042 800 signo
3095 729 3273 786 Mare-

1690 821 1878 887 scalci,
1928 836 2051 875 cum
2090 819 2302 874 dnolms
2330 818 2512 889 digitis
2551 830 2676 878 tene
2706 821 2933 891 capillos
2969 824 3275 879 anteriores

1688 912 2108 982 propterjnbas,
2133 926 2268 981 quas
2294 911 2494 966 habent
2524 913 2740 968 caballi.
2777 913 2921 969 Idem
2952 923 3035 968 est
3057 916 3271 986 signum

1688 1001 1902 1057 caballi.
1944 1000 2050 1056 Pro
2091 1000 2244 1069 signo
2274 1001 2523 1067 asinarii,
2572 1003 2938 1059 summitatem
2963 1004 3171 1073 pollicis
3206 1007 3277 1062 ad

1688 1111 1875 1150 aurem
1923 1111 2082 1168 pone,
2137 1108 2474 1171 caeterosquc
2521 1101 2720 1172 digitos
2770 1110 3052 1171 porrectos
3094 1118 3272 1167 move,

1686 1188 1828 1244 sicut
1856 1189 2045 1246 asinus
2074 1206 2284 1255 aurem,
2316 1194 2502 1249 addito
2536 1195 2691 1266 signo
2716 1196 2954 1251 videndi.
2986 1196 3092 1251 Pro
3119 1196 3277 1266 signo

1684 1284 2062 1354 compatriota:
2088 1285 2170 1340 vel
2196 1289 2610 1359 consanguinei,
2645 1298 2767 1344 tene
2811 1305 3029 1345 manum
3080 1300 3276 1344 contra

1689 1376 1905 1442 faciem,
1939 1378 2013 1432 ita
2049 1388 2106 1432 nt
2146 1380 2383 1436 medium
2415 1382 2642 1454 digitum
2687 1398 2820 1438 naso
2848 1384 3116 1453 imponas,
3144 1398 3275 1453 pro-

1688 1481 1814 1540 pter
1856 1471 2203 1541 sanguinem.
2244 1474 2336 1543 qui
2389 1474 2514 1530 inde
2562 1489 2948 1545 noununqtmm
2983 1475 3119 1529 ﬂuit.
3171 1475 3278 1529 Pro

1687 1562 1842 1632 signo
1865 1563 2063 1633 patris,
2094 1564 2285 1619 eodem
2318 1566 2622 1633 praemisso,
2661 1566 2808 1620 senis
2853 1566 3065 1635 signum
3110 1564 3272 1618 adde.

1686 1652 1791 1709 Pro
1832 1654 1988 1726 signo
2029 1654 2234 1720 fratris,
2281 1656 2561 1725 praemisso
2605 1658 2732 1712 item
2782 1654 3275 1726 consanguinitatis

1688 1751 1864 1820 signo,
1906 1765 2086 1820 parva:
2129 1750 2205 1806 rei
2254 1749 2465 1821 signum
2508 1751 2666 1806 adde.
2718 1751 2822 1805 Pro
2863 1752 3019 1820 signo
3061 1748 3285 1814 matris,

1690 1846 1829 1901 idem
1863 1844 1947 1900 l'ac
1969 1845 2225 1915 adjuncto
2259 1848 2416 1920 signo
2458 1844 2719 1899 mulieris.
2749 1844 2850 1898 Pro
2876 1844 3033 1914 signo
3065 1842 3271 1897 sororis

1685 1937 1827 1991 idem
1855 1937 1945 1991 fac
1971 1940 2114 2007 quod
2144 1948 2199 1993 et
2227 1938 2439 2000 matris,
2471 1936 2726 2007 adjuncto
2759 1951 2939 2006 parra:
2971 1934 3045 1988 rei
3091 1933 3287 2005 signo.

1686 2027 1793 2083 Pro
1832 2031 2002 2101 signo
2046 2028 2242 2087 Clerici
2298 2030 2526 2100 digitum
2574 2029 2692 2082 auri
2739 2025 3051 2090 circumfer,
3118 2024 3273 2094 quasi

1685 2119 1949 2191 gyrautlo,
2003 2129 2228 2191 prOpter
2266 2118 2679 2175 similitudinem
2728 2133 2965 2182 coronat,
3010 2130 3171 2184 quam
3221 2115 3273 2167 in

1682 2212 1858 2281 capite
1881 2212 2126 2269 Clericus
2157 2212 2341 2267 habet.
2368 2211 2473 2265 l‘ro
2500 2210 2657 2280 signo
2687 2208 2860 2275 Laici,
2885 2216 3125 2263 mentmn
3150 2206 3288 2262 tene

1682 2317 1805 2356 cum
1838 2302 2027 2357 dextra
2056 2302 2211 2372 quasi
2242 2302 2469 2356 harliam
2500 2300 2742 2354 trahens.
2779 2298 2887 2354 Pro
2913 2298 3070 2369 signo
3100 2296 3273 2353 homi-

1683 2394 1788 2459 nis,
1820 2394 1912 2464 qui
1948 2395 2178 2450 alterius
2197 2403 2284 2450 est
2312 2393 2525 2464 linguae,
2556 2409 2679 2448 cum
2710 2391 3053 2463 digito—labia
3082 2399 3270 2461 tange,

1682 2494 1907 2553 propter
1933 2484 2223 2555 loquelam.
2259 2485 2364 2541 Pro
2390 2488 2546 2557 signo
2575 2484 2778 2543 sutoris
2808 2482 3085 2554 praemisso
3111 2483 3270 2554 signo

1680 2575 1854 2641 Laiei,
1889 2578 2123 2633 iudicem
2146 2580 2400 2634 dextrum
2440 2595 2604 2649 super
2632 2578 2862 2634 indicem
2895 2576 3178 2632 sinistrum
3211 2577 3295 2631 in

1682 2669 1898 2724 inodum
1920 2670 2098 2725 crucis
2124 2684 2283 2739 pone,
2315 2674 2503 2742 sicque
2532 2685 2758 2727 movens
2776 2669 2931 2739 quasi
2961 2669 3052 2739 qui
3077 2668 3269 2725 subula

1680 2759 1939 2828 perforat,
1975 2770 2220 2819 suentem
2253 2761 2468 2817 simula.

2242 2854 2475 2911 CAPUT
2523 2853 2713 2910 XXIII.

2039 2946 2112 3001 De
2140 2949 2303 3019 signis
2343 2951 2667 3004 diversarum
2715 2963 2912 3001 rerum.

1758 3040 1905 3097 ‘Pro
1946 3041 2102 3111 signo
2158 3042 2427 3106 ouminm,
2484 3040 2888 3109 comprehende
2933 3038 3162 3110 capillos
3219 3038 3273 3093 iu

68 3126 242 3230 ﬁf'tltlrtlll
281 3132 575 3200 prmmisso,
626 3133 821 3189 simula
874 3136 1129 3192 denarios
1173 3148 1573 3195 numerantem.
1602 3170 1649 3230 ε
1681 3134 1878 3191 fronte.
1905 3134 2012 3190 Pro
2039 3136 2195 3208 signo
2220 3136 2497 3207 loquendi,
2538 3146 2727 3192 contra
2750 3152 2812 3191 os
2838 3146 2959 3191 tene
2988 3134 3265 3198 dextram,

69 3210 139 3266 l’ro
174 3218 304 3288 signo
330 3222 628 3289 cellcrarii,
660 3227 901 3296 generali
932 3228 1234 3297 praemisso,
1282 3232 1477 3286 simula
1521 3235 1574 3287 in

68 3320 224 3362 ltttltllllll
239 3312 421 3369 clavem
457 3327 665 3383 tenere,
696 3327 751 3372 et
769 3319 922 3388 quasi
952 3335 1088 3375 serie
1119 3321 1339 3376 infixam
1368 3323 1573 3378 innuit-

70 3406 160 3453 lere.
195 3401 279 3457 Pro
312 3408 457 3479 signo
498 3410 783 3479 Granarii,
840 3412 932 3484 qui
973 3429 1248 3468 annonam
1294 3415 1485 3485 recipit
1521 3427 1573 3471 et

67 3501 214 3556 sci-rat,
238 3495 411 3553 siumla
450 3515 579 3555 cum
620 3502 883 3558 ambabus
915 3504 1188 3571 manibus,
1216 3506 1371 3573 quasi
1413 3506 1574 3561 alicui

67 3585 143 3635 vasi
173 3601 404 3647 annonam
446 3596 774 3652 immitteres
798 3598 865 3652 ad
901 3598 1257 3652 moliendum.
1291 3599 1398 3654 Pro
1421 3600 1576 3671 signo

69 3672 313 3750 Hortularii,
360 3689 601 3755 generali
648 3691 954 3761 przemisso,
997 3691 1231 3747 indicem
1269 3691 1481 3748 inflecte
1523 3703 1577 3749 et

68 3771 244 3839 attrahe,
261 3774 386 3831 sicut
410 3779 499 3849 qui
526 3790 769 3835 rastrum
805 3782 875 3836 de
905 3791 1047 3838 terra
1077 3782 1259 3837 trahit.
1287 3782 1395 3838 Pro
1418 3782 1575 3853 signo

68 3866 249 3919 custodis
287 3868 520 3943 hospitii,
554 3875 648 3929 ubi
701 3876 965 3946 hospites,
1017 3877 1109 3946 qui
1157 3888 1283 3931 sunt
1326 3878 1572 3944 ditiores,

68 3953 355 4029 “Cipiuntur,
398 3965 640 4036 generali
684 3967 990 4038 praemisso,
1037 3967 1233 4029 simula
1291 3968 1359 4022 de
1411 3984 1574 4023 manu

67 4038 243 4137 gladium
263 4052 487 4110 trahere.
521 4056 629 4112 Pro
658 4058 813 4129 signo
842 4057 1282 4133 cleemosynarii.
1310 4060 1402 4129 qui
1436 4060 1577 4115 rcci-

68 4140 381 4210 P'll’auperes,
429 4149 588 4203 trahe
633 4163 855 4204 manum
888 4150 956 4204 de
1003 4149 1229 4204 humero
1261 4150 1487 4206 sinistro
1522 4151 1574 4207 in

68 4222 254 4283 dextrum
288 4235 433 4305 latus,
470 4242 614 4296 sicut
647 4242 879 4314 corrigia
907 4257 1053 4314 pera:
1078 4241 1215 4297 solet
1257 4258 1289 4297 a
1322 4242 1578 4312 pauperi-

68 4313 135 4415 tais
165 4330 356 4390 portari.
408 4332 513 4389 Pro
556 4335 712 4407 signo
764 4336 1075 4415 intirmarii,
1126 4336 1218 4406 qui
1259 4337 1578 4405 obsequitur

69 4410 257 4485 infirmis,
302 4430 530 4495 generali
566 4410 873 4499 praemisso,
910 4428 1046 4484 adde
1090 4429 1307 4500 signum
1346 4428 1576 4483 intimu-

1682 3237 1736 3281 et
1763 3230 1836 3283 ita
1882 3244 2003 3285 eam
2041 3246 2236 3297 move;
2290 3232 2391 3287 hoc
2435 3238 2521 3286 est
2550 3231 2777 3301 signum
2816 3228 2982 3283 etiam
3036 3227 3275 3298 legendi.

1683 3322 1788 3378 Pro
1822 3324 1979 3395 signo
2027 3323 2305 3388 audiendi,
2361 3333 2485 3380 tene
2534 3323 2771 3379 indicem
2822 3330 3008 3377 contra
3052 3335 3289 3379 aurem.

1681 3415 1790 3472 Pro
1819 3419 1976 3488 signo
2009 3417 2312 3481 nesciendi,
2342 3433 2465 3472 cum
2496 3416 2677 3471 indice
2704 3423 2888 3470 erecto
2919 3413 3059 3469 labia
3085 3420 3273 3482 tange.

1679 3506 1787 3563 Pro
1816 3509 1969 3580 signo
2011 3509 2382 3573 obliviscendi,
2417 3509 2647 3563 indicem
2690 3508 2758 3562 de
2804 3522 2934 3561 aure
2963 3506 3152 3559 dextra
3197 3504 3271 3557 ad

1679 3600 1959 3655 sinistram
1993 3599 2252 3655 transfer.
2306 3600 2413 3655 Pro
2463 3600 2621 3670 signo
2670 3597 2988 3661 mentiendi,
3025 3596 3264 3650 indice";

1680 3704 1848 3761 super
1925 3690 2065 3746 labia
2148 3692 2382 3763 positum
2453 3690 2627 3744 trahe.
2700 3687 2807 3743 Pro
2883 3686 3038 3758 signo
3108 3699 3274 3740 oscua

1681 3785 1867 3853 laudi,
1933 3786 2166 3842 indicem
2240 3785 2398 3842 lahiis
2475 3786 2712 3856 impone.
2778 3782 2884 3837 Pro
2960 3782 3117 3853 signo
3195 3779 3271 3834 de

1681 3878 1887 3934 reiictte
1936 3878 2394 3943 consuetudinis,
2460 3876 2544 3933 vel
2603 3875 2832 3931 alterius
2900 3875 2979 3930 rei
3045 3870 3285 3929 iuterdi-,

1679 3980 1822 4036 ctae,
1876 3970 1993 4026 sive
2039 3986 2160 4041 quae
2203 3970 2319 4039 jam
2366 3969 2666 4036 defecerit,
2707 3970 2942 4026 indicem
2989 3968 3279 4023 dexterum

1677 4074 1807 4117 ante
1878 4063 2282 4119 extremitatem
2358 4063 2568 4118 sinistri
2630 4063 2877 4129 dimitte,
2930 4063 3087 4130 quasi
3146 4076 3279 4115 cuiu

1677 4156 1855 4211 cultro
1916 4156 2123 4227 aliquid
2189 4165 2563 4227 ntrtputantem
2612 4154 2879 4213 simules.
2940 4153 3047 4210 Pro
3116 4154 3317 4223 signo‘

1680 4246 1974 4311 vestiendi,
2007 4246 2243 4302 maxime
2295 4261 2419 4299 cum
2464 4244 2607 4310 allia,
2662 4258 2762 4314 per
2812 4250 3003 4313 peetus
3050 4256 3273 4295 manum
3318 4266 3319 4269 η

1681 4337 1836 4392 trahe
1848 4338 2124 4395 deorsuin.
2145 4337 2248 4392 Pro
2263 4338 2418 4405 signo
2435 4336 2668 4393 exuendi
2686 4344 2912 4397 vestem,
2928 4349 3035 4404 qua
3052 4334 3275 4395 indutus.

1677 4446 1759 4496 es,
1790 4447 1914 4486 cum
1938 4430 2134 4500 pollice
2174 4440 2231 4486 et
2258 4432 2435 4487 indice
2460 4445 2491 4485 a
2513 4437 2734 4500 pectore
2766 4427 2943 4482 trahe.
2972 4424 3081 4485 Pro
3107 4425 3273 4499 signo
3318 4454 3321 4457 »

70 4505 173 4598 tatis.
199 4510 286 4569 Pro
308 4520 457 4592 signo
480 4523 846 4588 refectorarii,
877 4522 1119 4594 generali
1160 4537 1464 4593 prlthDISsG,
1488 4521 1574 4575 fac
1605 4544 1651 4603 υ
1679 4523 2046 4586 discalciandi,
2075 4522 2542 4594 prmmissosigno
2572 4520 2852 4606 corrigiae,
2883 4521 3023 4575 adde
3057 4519 3275 4591 signum

67 4589 223 4661 δίὲηυηι
257 4606 575 4671 refectionis.
625 4610 732 4668 Pro
768 4617 922 4681 signo
964 4614 1247 4668 custodum
1284 4612 1573 4675 Juvenum,

67 4692 279 4750 Prorutisso
305 4704 808 4771 generali,admove
837 4706 1064 4777 digitum
1093 4705 1399 4769 mininuun,
1433 4704 1576 4774 quod

66 4785 124 4828 est
160 4783 338 4855 signum
378 4795 613 4865 juvenis,
653 4790 725 4852 'et
771 4796 1004 4855 indicem
1038 4812 1179 4869 pone
1229 4798 1295 4852 ad
1334 4799 1575 4862 oculum,

67 4873 168 4967 littod
192 4890 260 4933 est
282 4884 483 4955 signum
512 4890 745 4945 videndi.
795 4889 899 4945 Pro
930 4891 1087 4961 signo
1132 4889 1374 4959 magistri
1419 4889 1573 4944 novi.

69 4966 124 5057 ξιιν
170 4974 297 5031 trahe
351 4996 565 5040 manum
615 4985 893 5056 obliquam
956 5002 1053 5057 per
1105 4986 1332 5055 capillos
1384 4996 1576 5043 contra

67 5046 258 5154 frondem,
287 5076 419 5139 quod
458 5087 541 5133 est
576 5079 762 5133 novitii
795 5080 1011 5149 signum
1061 5088 1115 5133 et
1158 5078 1390 5150 alicujus
1423 5095 1576 5137 nova:

69 5158 138 5245 tri,
159 5163 199 5205 et
220 5160 341 5217 adde
368 5168 572 5238 signum
602 5171 840 5226 videndi.
866 5170 971 5225 Pro
996 5171 1151 5242 signo
1182 5170 1413 5243 alicujus
1438 5174 1575 5229 bene

68 5235 252 5312 Ιιιινιίιιί,
292 5258 367 5311 vel
404 5262 560 5316 etiam
600 5281 695 5335 pro
719 5265 872 5335 signo
901 5265 1132 5328 sciendi,
1180 5282 1304 5320 cum
1350 5266 1576 5322 sttmmi-

67 5335 329 5445 :i‘ll‘illltlicis
351 5351 397 5405 in
428 5367 641 5424 pectore
669 5358 1064 5433 aliquantulum
1093 5358 1250 5416 frica.
1281 5360 1389 5416 Pro
1418 5360 1575 5430 signo

428 5412 441 5424 .
754 5412 778 5433 η
830 5412 863 5413 ρ
968 5412 971 5413 ν
1116 5412 1566 5430 πίνη-φυη-

66 5412 302 5524 I'I‘J'positi,
340 5448 563 5512 generali
615 5451 916 5520 pramiisso,
957 5450 1045 5507 fac
1094 5452 1326 5507 indicem
1368 5453 1573 5524 premi-

68 5524 165 5611 θέτε
186 5522 230 5614 in
260 5529 438 5606 fronte,
465 5544 602 5610 quod
636 5553 718 5598 est
744 5543 958 5613 signum
992 5542 1167 5610 hm‘iS.
1191 5558 1255 5597 ‘30
1283 5522 1427 5613 (Ιυίθδ
1458 5545 1574 5614 ipse

70 5614 120 5657 sn
144 5613 298 5675 talium
322 5631 576 5694 provisor.
609 5634 714 5690 Pro
736 5636 893 5707 signo
921 5634 1163 5706 magistri
1204 5613 1569 5691 etmientario-

1678 4616 1931 4671 exuendi.
1985 4614 2090 4670 Pro
2138 4614 2294 4686 signo
2331 4615 2545 4671 lavandi
2593 4616 2790 4686 pedes,
2843 4613 3125 4668 ambarum
3157 4625 3279 4666 ηδε-ι

1678 4722 1844 4770 unum
1882 4706 2141 4763 interiora
2168 4707 2237 4763 ad
2262 4706 2494 4765 invicem
2539 4708 2857 4771 committe,
2910 4714 2966 4759 et
2994 4702 3280 4776 paululum.

1680 4797 1835 4861 frica,
1869 4798 2027 4868 quasi
2056 4797 2325 4854 lavantem
2352 4798 2594 4855 simules.
2619 4797 2725 4853 Pro
2757 4797 2913 4868 signo
2944 4796 3089 4860 Itoni,
3120 4794 3285 4864 quid-a

1678 4892 1809 4963 quid
1849 4893 1922 4948 sit
1948 4902 2004 4948 ct
2040 4892 2240 4947 bonum
2268 4902 2326 4949 et
2365 4891 2651 4963 pulchrum
2684 4892 2911 4955 dixeris,
2941 4890 3188 4958 pollicem
3217 4887 3283 4942 in.
3318 4912 3321 4933 ρ

1681 4985 1957 5041 maxillam
1977 5025 1994 5051 ,
2037 4995 2094 5041 et
2121 4992 2413 5055 sequentes
2450 4984 2586 5041 ducs
2614 4983 2815 5054 digitos
2854 4983 2908 5038 in
2940 4982 3188 5042 alterum,
3218 4985 3284 5040 et
3322 5028 3325 5029 ν

1682 5077 1754 5132 ita
1789 5077 1875 5132 fac
1915 5094 2011 5135 eos
2040 5078 2093 5132 in
2120 5077 2475 5133 extremitate
2503 5078 2668 5135 tuenti
2700 5076 2897 5131 blande
2923 5072 3139 5129 collabi.
3167 5072 3286 5126 Pro

1680 5171 1837 5243 signo
1861 5170 2009 5236 mali,
2040 5170 2223 5242 digitis
2251 5186 2501 5243 sparsum
2530 5171 2581 5227 in
2612 5169 2807 5226 faciem
2832 5166 3042 5237 positis.
3072 5164 3275 5224 simula

1682 5278 1918 5334 unguem
1973 5264 2091 5319 avis
2155 5264 2363 5333 aliquid
2424 5262 2715 5319 laceranda
2766 5256 3121 5315 attrahentis.
3161 5252 3280 5305 Pro

1681 5354 2158 5424 siguoinnuendi,
2210 5355 2327 5411 sive
2384 5351 2702 5425 apportaudi
2759 5347 2986 5419 aliquid,
3038 5352 3276 5414 quatuor

1681 5447 1881 5518 digitos
1914 5463 2067 5504 more
2118 5448 2280 5503 solito
2318 5458 2511 5503 contra
2560 5445 2755 5500 faciem
2782 5457 2956 5499 more.
2982 5440 3090 5494 Pro
3116 5438 3277 5508 signa

1686 5540 2007 5611 negationis,
2058 5541 2428 5597 summitatem
2459 5538 2620 5592 incdii
2666 5536 2850 5606 digiti,
2883 5532 3060 5605 pollici
3095 5546 3274 5600 pone,

1684 5643 1739 5689 et
1769 5633 1842 5689 ita
1874 5634 1963 5689 fac
2015 5633 2301 5704 prosilere.
2350 5632 2453 5687 Pro
2485 5630 2639 5702 signo
2681 5627 3002 5691 celeritatis,
3040 5625 3277 5681 extende

125 5742 485 5845 {ﬁglgﬁmom
521 5769 667 5836 dicti,
699 5772 761 5825 ad
790 5787 927 5843 quos
982 5769 1370 5831 monasterium
1429 5771 1661 5829 obeundi
1695 5786 1824 5827 cura
1870 5771 2169 5845 spectabat,
2213 5784 2401 5826 eorum
2435 5765 2668 5826 ollicium
2716 5764 2804 5823 hic
2833 5763 2926 5820 lib.
2953 5777 2989 5817 η
3029 5758 3273 5832 pluribus

75 5814 363 5885 “plicabitur
