3872 6306
537 329 646 387 955
1647 317 1707 375 S.
1741 312 2120 375 GUILLELMI
2158 311 2449 371 ABBATIS
2492 311 2814 373 HIRSAUG.
3661 330 3747 390 956

532 457 756 500 manum
788 441 1056 504 dextram,
1079 444 1133 492 et
1157 450 1298 507 pone
1323 448 1485 506 super
1506 432 1783 488 sinistram
1817 431 1870 485 iu
1902 430 2121 488 modum
2152 431 2200 493 Α
2226 429 2382 503 signo
2406 427 2555 484 cellae
2598 429 2946 497 novitiorum,
2978 433 3219 503 generali
3263 435 3555 506 praemisso,
3579 443 3746 515 signum

534 548 694 593 serae.
721 539 775 586 et
813 529 888 603 ita
932 543 1052 584 eam
1106 526 1361 583 celeriter
1383 540 1571 589 move,
1622 523 1774 594 quasi
1815 523 1904 593 qui
1938 536 2118 578 seram

534 623 724 677 trahit.
756 619 860 674 Pro
890 619 1045 687 signo
1097 616 1390 678 tarditatis.
1417 616 1484 671 de
1530 614 1783 669 umbilico
1814 615 1968 670 trahe
2008 628 2119 667 ma-

535 732 663 772 num
693 712 951 784 paulatim
982 727 1144 783 super
1169 723 1415 766 ventrem
1448 718 1621 763 tuttm.
1665 706 1770 762 Pro
1811 708 1967 777 signo
2008 706 2119 761 ira-

532 806 739 871 scendi,
755 820 877 859 cum
898 814 1131 872 quatuor
1153 802 1336 875 digitis
1358 801 1511 871 quasi
1544 799 1874 871 prnrientem
1900 797 2115 853 simula.

520 898 829 968 Pro-signo
855 897 1223 967 delinquendi,
1260 894 1441 967 digitis
1472 898 1675 948 dextrae
1707 907 1899 946 manus
1935 906 2120 960 xequa-

533 992 659 1047 litcr
696 991 1030 1061 compositis,
1050 987 1432 1060 peesuspulsa,
1457 1001 1520 1040 ac
1545 985 1589 1040 si
1623 983 1940 1055 poenitentia
1970 997 2121 1037 coma

532 1083 811 1155 pungaris,
841 1084 944 1138 hoc
971 1081 1293 1151 adjungens,
1316 1086 1383 1133 nt
1426 1077 1620 1132 iterum
1653 1090 1777 1130 cum
1808 1073 1984 1129 iudice
2026 1086 2120 1143 pe-

534 1182 655 1228 ctus
702 1183 922 1243 tangas,
978 1171 1134 1241 quasi
1186 1168 1528 1240 temetipsum
1581 1181 1827 1222 accuses.
1883 1164 1940 1220 Si
1990 1179 2119 1221 vero

535 1265 699 1323 alium
756 1280 1014 1321 accusare
1063 1263 1299 1319 volueris
1349 1271 1473 1331 post
1519 1259 1789 1331 pulsatum
1842 1259 2117 1330 proprium

534 1368 742 1427 pectus.
770 1357 1086 1428 praedictum
1126 1356 1355 1412 indicem
1403 1365 1591 1411 contra
1639 1355 1789 1409 illum
1830 1361 2000 1419 verte,
2028 1366 2121 1407 ve-

536 1445 633 1502 luti
680 1465 805 1504 eum
854 1461 1112 1516 peccasse
1159 1449 1518 1503 demonstres.
1563 1448 1667 1502 Pro
1720 1446 1984 1516 cujusque
2038 1442 2118 1498 rei

541 1541 712 1612 signo,
751 1540 893 1609 quod
937 1540 1076 1594 facta
1105 1539 1192 1605 sit,
1223 1539 1503 1594 dexteram
1533 1553 1825 1609 parumper
1865 1536 2119 1592 inﬂexam

532 1642 725 1688 contra
759 1642 946 1703 pectus
997 1642 1119 1687 tene
1165 1631 1408 1687 interiori
1460 1639 1615 1702 parte
1661 1645 1876 1686 sursum
1921 1644 2117 1693 versa,

533 1726 724 1796 sicque
769 1740 891 1780 eam
926 1724 1180 1780 celeriter
1208 1740 1425 1780 sursum
1455 1723 1662 1779 evolve.
1697 1722 1803 1777 Pro
1847 1722 2002 1794 signo
2050 1721 2117 1777 li-

534 1816 726 1873 benter
753 1816 1004 1880 faciendi,
1035 1816 1425 1871 carnnnculam
1454 1816 1556 1872 sub
1594 1824 1777 1870 mento
1805 1814 2113 1885 dependen-
2148 1798 2192 1853 Β

534 1916 644 1964 tem
672 1909 881 1965 duohus
911 1908 1094 1980 digitis
1119 1908 1536 1980 comprehende.
1562 1907 1668 1963 Pro
1691 1908 1846 1979 signo
1868 1906 2119 1962 similitu-

533 2002 708 2069 dinis,
761 2002 1032 2057 exteriora
1078 2018 1272 2057 manus
1324 2002 1530 2057 dextra:
1575 2000 1627 2056 in
1676 2001 1865 2056 dextra
1901 1998 2121 2053 maxilla

534 2094 793 2149 deorsum
828 2095 1032 2159 trahas,
1062 2093 1259 2149 deinde
1299 2092 1557 2148 interiora
1592 2092 1644 2146 in
1673 2091 1897 2146 sinistra
1928 2090 2120 2145 eodem

532 2188 714 2243 modo.
769 2187 875 2242 Pro
928 2187 1082 2257 signo
1124 2184 1431 2252 dividendi,
1479 2184 1614 2238 duos
1654 2182 1885 2253 digitos,
1932 2180 1984 2236 id
2038 2188 2124 2236 est

530 2277 764 2333 indicem
813 2287 867 2334 et
912 2278 1181 2342 medium,
1228 2292 1325 2348 per
1368 2276 1605 2331 medium
1649 2275 1884 2330 sinistrae
1928 2288 2123 2329 manus

532 2371 738 2431 trahas.
767 2370 914 2426 ldetu
943 2378 1027 2426 est
1054 2370 1220 2426 etiam
1255 2369 1472 2440 siguutu
1502 2376 1782 2423 cantuum.
1815 2365 1922 2420 Pro
1967 2364 2123 2435 signo

531 2463 769 2532 tutgendi
814 2463 1112 2529 infirmum,
1138 2462 1420 2533 prmmisso
1447 2462 1603 2532 signo
1634 2459 1856 2523 inﬁrmi,
1885 2458 1969 2514 fac
1996 2473 2121 2513 cunt

534 2557 727 2626 pollice
772 2557 825 2611 in
872 2557 1050 2611 medio
1085 2558 1277 2626 palmre
1328 2556 1541 2626 signum
1573 2552 1776 2609 crucis.
1816 2550 1924 2606 Pro
1968 2551 2125 2622 signo

530 2648 864 2723 lacrymandi
887 2691 901 2714 ,
929 2650 1162 2704 indicem
1189 2648 1348 2705 oculo
1373 2648 1712 2717 suppositum
1745 2645 1827 2700 bis
1867 2646 2120 2700 deorsum

533 2742 708 2797 trabe.
740 2741 848 2798 Pro
868 2742 1025 2812 signo
1048 2740 1292 2796 vocabuli
1315 2738 1568 2807 alicujus,
1589 2739 1641 2793 id
1665 2738 1711 2793 si
1743 2753 1976 2809 qumras,
2002 2736 2122 2807 quis

531 2835 784 2889 vocaris?
829 2850 952 2890 cum
998 2835 1312 2890 summitate
1362 2832 1556 2887 iudicis
1607 2840 1768 2903 caput
1813 2831 1868 2886 in
1914 2830 2110 2885 dextra

531 2935 691 2994 parte
740 2934 953 2997 tangas,
985 2924 1178 2980 deinde
1200 2939 1418 2979 manum
1442 2931 1630 2978 contra
1658 2937 1804 2987 eum,
1835 2935 1994 2991 quem
2030 2919 2114 2975 in-

534 3028 809 3087 terrogas,
840 3026 1123 3073 extentam
1174 3014 1570 3086 aliquantulum
1601 3030 1778 3083 move,
1811 3014 1953 3084 quod
1982 3028 2128 3068 sem-

534 3126 631 3180 per
661 3121 745 3165 est
773 3111 989 3182 signum
1025 3110 1322 3180 qurerendi.
1352 3108 1458 3165 Pro
1496 3109 1653 3181 signo
1696 3108 1916 3163 luminis
1944 3107 2122 3161 extin-

535 3203 757 3275 guendi,
808 3204 1091 3275 pnemisso
1137 3203 1356 3259 luminis
1406 3204 1595 3273 signo,
1659 3201 1859 3258 mortui
1906 3201 2120 3272 signum
2152 3196 2197 3219 “

535 3298 800 3369 adiunge;
848 3300 952 3355 hoc
1003 3308 1089 3355 est
1135 3298 1365 3355 indicem
1410 3314 1509 3367 per
1555 3297 1839 3368 obliquum
1888 3295 2123 3367 gutturis

536 3391 711 3445 trahe.
745 3390 850 3446 Pro
895 3393 1053 3461 signo
1092 3389 1425 3457 cmmeterii,
1480 3389 1713 3444 indicem
1761 3385 2019 3442 innexum
2048 3394 2124 3440 at-

537 3482 719 3548 trahe,
744 3483 984 3553 itemque
1015 3482 1215 3537 mortui
1250 3483 1464 3553 signum
1499 3480 1654 3535 adde.

1100 3574 1328 3632 CAPUT
1368 3573 1555 3630 XXIV.

981 3665 1056 3720 De
1102 3667 1265 3736 signis
1304 3665 1673 3734 wdiﬁciorum.

609 3762 627 3781 ⁶
658 3757 765 3814 Pro
791 3758 947 3829 signo
974 3757 1190 3815 :ediiicii
1222 3758 1462 3828 cujusvis
1491 3755 1903 3812 summitatibus
1933 3753 2132 3825 digito-

537 3866 657 3904 rum
688 3851 829 3907 inter
856 3866 915 3906 se
944 3850 1264 3921 compositis
1303 3861 1359 3904 et
1391 3849 1593 3906 erectis
1617 3889 1633 3915 ,
1666 3863 1862 3902 manus
1905 3845 2134 3900 inferius

537 3941 833 4013 disjungas,
867 3959 929 3998 ac
960 3943 1005 3998 si
1037 3943 1163 3999 tecti
1194 3942 1603 3998 similitudinem
1629 3940 1938 4011 exprimere
1967 3937 2123 3993 velis.

537 4033 646 4091 Pro
669 4034 824 4105 signo
851 4035 1129 4103 ecclesiae,
1159 4034 1398 4108 generali
1429 4033 1730 4105 praemisso,
1760 4031 1976 4100 signum
2007 4043 2131 4084 cru-

538 4127 617 4183 cis
640 4127 795 4182 adde.
821 4128 925 4184 Pro
949 4129 1105 4201 signo
1130 4129 1245 4201 (81)
1261 4127 1538 4200 Capitolii,
1568 4123 1806 4198 generali
1834 4122 2132 4193 prmntisso,

536 4224 933 4296 sigtnnu,quod
965 4239 1062 4295 pro
1089 4222 1243 4278 venia
1271 4221 1407 4276 I'acis
1444 4216 1819 4289 adjunge.Pro
1850 4215 2011 4286 signo
2042 4228 2140 4267 au-

534 4316 740 4383 ditorii,
774 4316 1052 4387 praemisso
1085 4313 1323 4386 generali
1353 4352 1369 4379 ,
1415 4312 1649 4367 indicem
1709 4308 1832 4364 auri
1887 4320 2097 4377 appone
2123 4369 2138 4395 ν

535 4409 679 4479 quod
701 4407 1082 4463 confabulandi
1107 4404 1187 4461 vel
1209 4404 1460 4461 audiendi
1484 4402 1698 4475 signum
1719 4409 1822 4457 est.
1846 4398 1954 4454 Pro
1978 4399 2137 4470 signo

2220 539 2374 583 nova:
2429 524 2505 578 rei
2562 524 2718 580 adde.
2772 525 2878 581 Pro
2920 527 3075 599 signo
3125 532 3519 598 processiouis.
3560 535 3746 596 indiem

2221 628 2384 691 super
2414 614 2646 671 indicem
2701 616 2754 670 in
2804 617 3020 672 modum
3069 620 3251 675 crucis
3304 637 3479 690 pone,
3509 625 3748 699 adjungens

2221 709 2432 781 signum
2467 709 2856 766 circumeundi.
2901 711 3006 767 Pro
3048 713 3203 784 signo
3239 731 3381 770 cera:
3402 756 3418 781 ,
3459 720 3669 775 manibus
3698 728 3749 779 ad

2221 802 2451 860 invicem
2496 806 2790 875 corequatis
2829 806 3084 863 candelas
3135 807 3426 864 facientem
3458 811 3647 867 simula.
3672 815 3751 871 Pro

2221 894 2377 966 signo
2401 894 2636 951 candelae
2666 896 2805 949 idem
2841 894 3031 963 facias,
3066 898 3250 953 addito
3278 900 3477 954 caloris
3499 902 3651 971 signo.
3672 905 3752 961 Pro

2222 986 2378 1056 signo
2405 986 2625 1056 majoris
2656 987 2925 1057 prtemitte
2954 989 3165 1059 signqu
3215 1005 3387 1056 cerro,
3420 1001 3474 1046 et
3526 995 3748 1051 sinistrum

2222 1078 2508 1135 brachium
2563 1094 2685 1133 cum
2750 1094 2911 1134 manu
2970 1080 3161 1136 dextra
3218 1082 3446 1154 stringe.
3501 1082 3597 1137 Pro
3637 1087 3753 1157 signo
3848 1104 3849 1159 ς

2220 1168 2463 1225 candela:
2490 1170 2545 1225 in
2572 1170 2792 1224 modttm
2820 1170 3007 1226 circuli
3031 1180 3318 1237 contortre,
3347 1173 3614 1243 praemisso
3635 1192 3755 1242 gene-
3848 1176 3849 1217 ἒ

2223 1260 2361 1324 rali,
2396 1261 2629 1320 indicem
2677 1273 2872 1319 contra
2914 1279 3135 1320 manum
3183 1265 3463 1322 sinistram
3502 1268 3754 1339 circumfer,

2223 1352 2428 1408 addens
2449 1354 2665 1426 signum
2695 1354 2911 1411 caloris.
2941 1355 3049 1413 Pro
3074 1357 3231 1426 signo
3261 1357 3507 1426 laternze,
3533 1363 3757 1430 primum

2223 1445 2460 1515 generali
2488 1446 2647 1517 signo
2668 1446 2918 1515 justitize,
2953 1449 3165 1520 signum
3195 1448 3505 1519 splendoris
3532 1453 3664 1506 addc.
3680 1453 3757 1509 Pro
3848 1494 3849 1499 η

2222 1539 2379 1608 signo
2416 1540 2716 1603 absconsre,
2739 1543 2895 1612 signo
2916 1541 3141 1613 justitiae
3172 1559 3237 1599 ac
3286 1544 3487 1600 caloris
3520 1543 3665 1610 facto,
3699 1548 3755 1601 εἰ·
3848 1590 3849 1595 η

2223 1646 2388 1701 gnum
2421 1630 2620 1686 caloris
2644 1632 2803 1687 adde.

2297 1730 2314 1748 θ
2346 1727 2450 1783 Pro
2472 1728 2626 1799 signo
2660 1728 2955 1799 scriptorii,
2979 1729 3156 1800 posito
3194 1729 3437 1801 generali
3468 1730 3611 1800 signo
3639 1730 3759 1800 ligni,

2226 1836 2415 1876 manus
2461 1829 2719 1876 extensus
2771 1837 2936 1892 super
2983 1831 3274 1892 utrumque
3322 1838 3463 1892 genu
3519 1822 3752 1892 tequaliter

2224 1928 2420 1983 ponas,
2450 1913 2749 1984 adjungens
2783 1914 3057 1969 scribendi
3113 1915 3350 1985 signum.
3380 1913 3488 1971 Pro
3525 1915 3660 1986 signo
3692 1917 3768 1969 ho-

2225 2004 2448 2061 locausti
2474 2005 2588 2075 (83)
2621 2007 2861 2077 generali
2888 2006 3062 2077 posito
3090 2021 3266 2076 aquae,
3300 2006 3515 2077 signum
3542 2006 3765 2060 scribendi

2225 2096 2384 2151 adde.
2415 2094 2520 2151 Pro
2558 2097 2716 2166 signo
2741 2098 2894 2152 ntinii
2927 2098 3141 2169 signum
3196 2098 3352 2152 ruhci
3406 2096 3598 2152 coloris
3635 2114 3766 2167 pone.

2227 2188 2353 2245 item
2404 2189 2681 2244 scribendi
2720 2190 2932 2259 signum
2982 2190 3185 2243 addito.
3234 2188 3339 2243 Pro
3383 2189 3544 2260 signo
3586 2191 3769 2260 pumicis

2226 2294 2364 2350 pone
2396 2280 2645 2350 generale
2692 2281 2905 2352 signum
2952 2280 3143 2350 lapidis
3172 2297 3297 2337 cum
3329 2295 3516 2351 pugno
3543 2278 3766 2334 dextroia

2228 2372 2477 2427 interiori
2525 2383 2682 2442 parte
2722 2373 2954 2429 sinistra:
2991 2383 3251 2438 extensa}.
3280 2381 3599 2443 purgantem
3623 2388 3771 2442 perga-

2228 2479 2447 2520 menum
2498 2463 2714 2519 simula.
2767 2463 2873 2519 Pro
2936 2465 3093 2535 signo
3146 2471 3367 2535 ptume,
3419 2463 3571 2532 signo
3604 2461 3770 2516 volandi

2228 2555 2532 2626 prannisso,
2561 2555 2757 2610 iterum
2790 2554 3066 2610 scribendi
3094 2554 3307 2624 signum
3337 2554 3496 2608 addc.
3528 2552 3623 2607 Pro
3651 2554 3768 2621 signa

2228 2647 2443 2714 circini,
2479 2646 2531 2701 itt
2575 2647 2759 2703 medio
2790 2663 2982 2701 manus
3028 2646 3264 2702 sinislra:
3296 2646 3533 2700 indicem
3571 2647 3771 2701 dextrum

2231 2754 2407 2809 pone,
2433 2747 2485 2795 et
2520 2737 2851 2794 mediumad
2875 2739 3053 2793 instar
3083 2738 3201 2808 ejus
3225 2737 3547 2794 circumfer.

2808 2830 3038 2887 CAPUT
3078 2830 3247 2885 XXV.

2625 2924 2699 2979 De
2746 2925 2910 2995 signis
2962 2923 3431 2993 ferramentorum.

2299 3017 2317 3037 ‘
2349 3015 2455 3070 Pro
2480 3016 2635 3088 signo
2665 3014 2987 3070 ferramenti
3021 3013 3087 3068 ad
3115 3013 3330 3069 oblatas
3362 3013 3632 3070 faciendas
3654 3012 3771 3078 iacti,

2229 3107 2407 3178 posito
2433 3107 2675 3179 generali
2722 3108 2877 3178 signo
2928 3104 3165 3172 mctalli,
3222 3107 3504 3161 exteriora
3550 3106 3780 3175 utriusque

2231 3217 2429 3257 manus
2458 3201 2525 3255 ad
2557 3201 2788 3256 invicem
2838 3201 3130 3268 conjuncta
3162 3215 3379 3254 rursum
3435 3196 3778 3270 tliSjUIIgt‘.Pt‘0

2226 3293 2383 3364 signo
2420 3292 2667 3364 forcipis,
2695 3292 2949 3364 generale
2982 3307 3121 3362 pone
3165 3290 3368 3346 metalli
3418 3292 3655 3361 signum,
3679 3290 3776 3342 item

2229 3384 2465 3439 indicem
2494 3395 2548 3439 et
2596 3385 2831 3439 medium
2863 3384 3040 3453 primo
3073 3382 3377 3453 disjunctos
3405 3385 3674 3453 eonjnnge.
3700 3382 3779 3435 Pro

2228 3477 2383 3546 signo
2413 3477 2745 3543 rasorii,sive
2774 3476 3068 3542 novaculae,
3089 3477 3376 3547 praemisso
3405 3475 3603 3530 cultelli
3632 3476 3765 3545 signa,

2232 3569 2465 3624 iudicem
2491 3570 2742 3625 dextrum
2764 3584 2928 3641 super
2950 3569 3182 3625 indicem
3213 3570 3503 3624 sinistrum
3536 3569 3585 3623 in
3609 3571 3775 3623 modum

2231 3663 2413 3719 crucis
2449 3677 2611 3733 pone,
2649 3663 2912 3718 simulans
2956 3673 3242 3718 acuentem
3295 3662 3351 3716 in
3398 3677 3488 3716 ea.
3529 3661 3627 3716 Pro
3659 3663 3778 3730 signo

2234 3756 2461 3818 securis.
2486 3755 2716 3823 dolabri,
2749 3755 3008 3821 runcinte,
3049 3756 3271 3819 terebri,
3309 3754 3508 3826 plana}.
3544 3757 3772 3825 pnennssa

2235 3849 2390 3921 signo
2441 3849 2679 3915 metalli,
2733 3849 2926 3906 simula
2980 3849 3124 3919 quod
3180 3849 3579 3923 competentius
3610 3849 3779 3917 possis,

2236 3949 2550 4010 operantem
2583 3942 2637 3996 in
2680 3943 2781 3997 eis.
2815 3940 2921 3997 Pro
2944 3941 3100 4011 signo
3130 3940 3361 4005 subular,
3392 3942 3660 4011 prmuisso
3686 3957 3774 3994 nn:-

2239 4032 2352 4086 talli
2387 4032 2564 4104 signo,
2616 4031 2851 4087 indicem
2897 4033 3152 4088 dextrum
3206 4048 3380 4102 super
3426 4033 3646 4090 indicent
3683 4034 3782 4088 siui-

2239 4131 2415 4178 strum
2483 4124 2537 4178 in
2597 4124 2815 4180 modum
2867 4125 3068 4194 crucis,
3104 4126 3295 4197 sicque
3351 4144 3613 4192 movens,
3665 4129 3780 4199 quasi

2241 4215 2481 4283 quicum
2512 4213 2704 4268 subula
2734 4213 3011 4285 perforat,
3050 4216 3265 4272 simula.
3314 4215 3423 4273 Pro
3465 4220 3615 4291 signo
3654 4220 3776 4282 auri,

2242 4307 2525 4377 praemisso
2572 4308 2726 4378 signo
2780 4309 3009 4377 metalli,
3040 4311 3178 4367 adde
3226 4313 3446 4383 signum
3500 4316 3659 4371 rubei.
3704 4314 3779 4368 Pra

2244 4399 2396 4471 signo
2442 4402 2686 4470 argenli.
2735 4404 3018 4472 pnemisso
3073 4409 3313 4477 generali
3372 4410 3569 4481 signo,
3632 4408 3778 4465 sitmsh

539 4501 880 4565 dormitorii,
913 4500 1193 4570 praemisso
1231 4496 1508 4569 generali,
1558 4496 1773 4567 signum
1827 4492 2131 4550 dormiendi
2168 4510 2215 4571 υ
2245 4504 2620 4549 numerantem
2679 4496 2952 4554 denarios.
3005 4498 3111 4556 Pro
3158 4506 3313 4574 signo
3366 4506 3515 4564 atris.
3558 4506 3781 4575 puerilis-sa

539 4594 726 4653 addes.
761 4594 863 4649 l‘ro
895 4593 1048 4663 signo
1075 4591 1373 4658 relectorii,
1410 4588 1649 4660 generali
1707 4586 1987 4656 prannisso
2035 4600 2129 4640 co-

543 4685 790 4741 medendi
815 4685 1024 4757 signum
1046 4685 1204 4741 adde.
1223 4683 1329 4739 Pro
1341 4684 1495 4755 signo
1518 4682 1808 4738 necessarii
1836 4677 2128 4752 [lati-inre],

542 4777 823 4849 [immisso
836 4777 1332 4846 generali,indicem
1363 4774 1534 4830 ventri
1552 4773 1856 4845 appositum
1875 4772 2129 4827 deorsum

545 4870 826 4927 tralte.Pro
849 4871 1002 4942 signo
1024 4870 1379 4935 calefactorii,
1407 4870 1619 4940 signum
1647 4866 1845 4921 caloris
1861 4864 2131 4920 adde.Pro

542 4964 697 5035 signo
716 4980 967 5030 camerae,
982 4963 1264 5035 praemisso
1286 4960 1547 5033 generali,
1569 4958 1891 5013 numerandi
1913 4958 2129 5028 signum

542 5055 701 5113 adde.
723 5056 828 5114 Pro
857 5057 1012 5128 signo
1041 5054 1375 5117 inlirntarize,
1400 5054 1610 5125 signum
1638 5052 1938 5123 :egrotandi
1967 5050 2129 5105 adde.

544 5149 650 5212 Pro
684 5149 839 5221 signo
866 5150 1137 5219 coquinae,
1181 5145 1464 5217 praemisso
1497 5145 1760 5217 generali,
1788 5145 1999 5217 signnzn
2040 5156 2133 5195 ca-

542 5238 699 5306 !oris,
721 5240 1149 5310 comedendique
1169 5237 1325 5304 adde,
1357 5236 1425 5290 ad
1454 5234 1814 5308 differentiam
1839 5233 2133 5289 calefacto-

546 5337 630 5392 rii.
660 5336 766 5391 Pro
804 5336 962 5407 signo
988 5330 1210 5387 armarii
1241 5330 1381 5401 (82),
1425 5329 1638 5401 signum
1672 5329 1795 5384 libri
1841 5328 1998 5382 adde.
2028 5325 2134 5381 Pro

544 5428 698 5501 signo
720 5428 967 5492 claustri,
1007 5424 1247 5496 generali
1280 5424 1583 5495 praemisso,
1619 5424 1852 5477 Iudicem
1876 5420 2132 5475 deorsum

545 5533 697 5577 verte
732 5519 1139 5587 circum,quod
1179 5526 1265 5573 est
1315 5518 1528 5587 signum
1587 5513 1986 5570 circumeundi.
2026 5512 2134 5568 Pro

614 5654 724 5725 (8|)
756 5652 1207 5725 Capitoliumpro
1254 5650 1529 5722 Capitula,
1588 5669 1681 5706 seu
1716 5652 1867 5725 loco
1914 5652 1969 5725 in
2027 5670 2134 5723 quo

546 5723 795 5783 menachi
831 5725 898 5778 de
918 5724 1201 5793 disciplina
1227 5725 1525 5778 monastica
1551 5723 1727 5777 acturi
1752 5723 2062 5780 veniebant.

616 5794 727 5866 (82)
764 5792 1067 5851 Armnrium
1121 5808 1217 5869 pro
1274 5792 1579 5847 bibliotheca
1621 5793 1884 5867 positum,
1914 5797 2054 5853 unde
2081 5802 2136 5852 et

2234 4588 2391 4658 signo
2420 4588 2561 4652 auri,
2589 4588 2728 4643 adde
2755 4591 2970 4661 signum
3001 4595 3277 4650 metiendi.
3312 4595 3423 4652 Pro
3448 4599 3600 4669 signo
3622 4596 3777 4657 stanni,

2235 4679 2518 4748 prtemisso
2566 4679 2722 4749 signo
2761 4684 2997 4753 argenti,
3042 4686 3221 4751 adde,
3259 4696 3319 4742 ut
3367 4704 3532 4761 supra
3558 4731 3573 4755 ,
3618 4691 3780 4761 signina

2234 4771 2512 4825 metiendi.
2571 4772 2677 4830 Pro
2732 4776 2889 4845 signo
2942 4778 3181 4849 plumbi,
3239 4785 3527 4852 praemisso
3593 4782 3780 4856 generali

2233 4865 2411 4935 signo,
2457 4865 2593 4921 adde
2639 4867 2854 4939 signum
2908 4871 3088 4941 spissi.
3145 4872 3252 4928 Pro
3282 4876 3439 4948 signo
3472 4877 3625 4942 l‘reni,
3680 4890 3782 4946 prx-

2234 4961 2402 5018 misso
2431 4961 2670 5031 generali
2729 4963 2885 5035 signo
2930 4966 3155 5033 metalli,
3188 4968 3428 5024 medium
3461 4971 3670 5042 digitum
3694 4984 3782 5023 cono

2236 5064 2316 5108 tra
2370 5071 2433 5112 os
2482 5065 2727 5131 apertum
2783 5058 3002 5130 porrige
3033 5100 3051 5127 ,
3110 5062 3326 5117 caneris
3373 5064 3558 5135 digitis
3608 5062 3782 5131 compli-

2234 5151 2394 5209 catis.
2455 5151 2563 5208 Pro
2616 5152 2771 5223 signo
2821 5153 2969 5209 sellre
3001 5194 3016 5220 ,
3079 5170 3202 5210 cum
3255 5172 3424 5212 manu
3481 5159 3659 5212 dextra
3714 5157 3784 5209 Im-

2235 5258 2446 5299 merum
2511 5244 2792 5299 sinistrum
2858 5243 3069 5301 duabus
3126 5246 3343 5303 vicibus
3405 5248 3604 5319 pulsa,
3638 5246 3784 5315 adjuuo

2234 5352 2366 5408 gens
2426 5338 2640 5409 signum
2721 5337 2937 5393 caballi.
3010 5337 3115 5395 Pro
3179 5340 3338 5412 signo
3398 5342 3628 5404 baculi,
3676 5352 3781 5411 pre-

2237 5430 2404 5485 misso
2443 5431 2596 5503 signo
2639 5430 2806 5501 ligni,
2851 5431 3100 5487 dextram
3140 5432 3193 5488 in
3228 5449 3469 5506 pugnum
3516 5437 3783 5492 conclusam

2239 5520 2446 5592 profer,
2496 5523 2651 5593 quasi
2699 5524 2873 5594 ipsum
2907 5524 3157 5579 baculum
3203 5535 3412 5582 tenens.
3448 5527 3553 5585 Pro
3582 5529 3715 5598 signo
3738 5525 3786 5577 si-

2237 5658 2512 5740 .»irtnarius
2564 5659 2906 5716 bibliotheca:
2946 5659 3255 5732 praefectus,
3304 5664 3369 5719 de
3412 5681 3514 5735 qua
3552 5666 3633 5719 hic
3660 5662 3734 5715 lib.
3757 5673 3784 5712 ιι

2236 5740 2342 5797 agit
2351 5745 2381 5781 tt
2391 5745 2435 5783 r.

2310 5799 2421 5871 (85)
2456 5799 2836 5857 Holocnusmm
2864 5818 2963 5879 pro
2995 5804 3315 5873 incenatum,
3341 5813 3707 5865 atramentum.
