3890 6314
79 371 163 428 957

1173 340 1584 423 coasirmr.
1618 366 1945 428 lilltSAUG.
1982 401 2052 415 -
2083 371 2208 428 LIB.
2250 373 2291 430 ι.

3220 376 3327 443 958

76 480 188 555 gilii,
213 477 497 550 prmmisso
539 476 693 550 signo
719 475 908 535 brevis
948 474 1215 533 conclude
1242 491 1480 549 pugnum
1512 477 1639 534 dex—
1673 491 1715 550 Α
1748 484 1881 557 tegit
1909 500 2031 540 eum
2076 485 2189 553 illa,
2232 494 2518 556 antequam
2559 485 2701 545 levet
2740 497 2866 544 ante
2915 488 3135 569 lectum.
3170 488 3329 547 Post-

77 587 199 629 trum
234 573 286 627 in
319 588 487 629 manu
520 572 738 627 sinistra
763 611 778 638 ,
808 569 949 625 sicut
979 569 1069 639 qui
1101 568 1335 640 sigillum
1370 584 1510 626 certe
1541 570 1641 625 im-

74 664 248 736 primit.
278 663 385 717 Pro
425 663 591 733 signo
630 662 883 729 eaidarii,
905 663 1187 733 praeruisso
1216 663 1372 734 signo
1400 663 1636 727 metalli,

75 769 333 827 utrumque
372 756 426 810 in
450 757 615 812 lieem
651 764 939 811 curvatum
978 768 1195 809 sursum
1231 763 1376 811 tene.
1415 754 1522 811 Pro
1566 757 1643 812 si-

75 863 158 917 gno
183 846 500 901 remunenti
521 887 538 911 ,
569 863 675 918 quo
710 845 979 902 caldariae
1016 846 1392 916 suspenditur;
1428 858 1641 904 utrum-

76 955 159 1010 que
187 937 411 993 iudicem
451 938 512 994 in
560 939 776 994 modum
809 947 1016 995 catenae
1054 938 1285 994 invicem
1306 937 1495 1011 junge.
1534 940 1641 998 Pro

75 1032 203 1100 signa
231 1030 547 1096 sartaginis,
596 1031 877 1100 praemisso
912 1030 1098 1102 signo,
1148 1030 1394 1085 dextram
1443 1048 1474 1085 a
1514 1030 1642 1101 jun-

77 1142 199 1185 ctnra
220 1130 455 1186 sinistrte
481 1146 584 1201 per
609 1131 892 1197 brachium
918 1147 1132 1187 sursum
1158 1133 1333 1188 trahe.
1358 1132 1464 1189 Pro
1486 1135 1641 1206 signo

74 1222 185 1284 ollae,
214 1239 326 1292 qua:
359 1232 449 1278 est
502 1225 572 1279 de
601 1223 842 1292 metallo,
883 1225 1161 1296 prtemisso
1201 1225 1439 1297 generali
1485 1227 1641 1298 signo

80 1315 267 1382 metalli,
297 1316 437 1370 adde
467 1316 687 1388 signum
713 1316 938 1386 justitim
970 1334 985 1371 :
1017 1316 1062 1371 si
1095 1330 1225 1371 vero
1250 1326 1334 1373 est
1361 1317 1429 1373 de
1459 1326 1600 1373 terra
1622 1361 1637 1385 ,

74 1409 313 1478 pmnisso
333 1409 581 1480 generali
618 1409 770 1481 signo
800 1410 1043 1479 justitia’,
1093 1409 1324 1465 indicem
1355 1422 1639 1465 curvatum

77 1499 275 1562 attrahe.
299 1501 441 1569 quod
463 1510 552 1555 est
580 1510 737 1556 teme
753 1501 986 1572 signum.
1019 1499 1127 1555 Pro
1155 1500 1311 1571 signo
1336 1500 1637 1568 fulcinulae,

76 1594 314 1662 praemisso
353 1592 600 1664 generali
638 1593 793 1665 signo
835 1591 1061 1657 metalli,
1118 1608 1241 1648 cum
1279 1592 1459 1649 indice
1503 1593 1638 1649 sibi-

77 1700 157 1754 que
176 1686 408 1754 proximo
438 1686 711 1750 curvatis,
739 1684 933 1740 simula
955 1699 1149 1740 carnes
1176 1685 1483 1740 trahentem
1512 1701 1635 1740 cum

75 1794 140 1833 ea.
163 1769 252 1833 Pro
275 1780 429 1848 signo
456 1779 703 1850 forcipis,
750 1779 981 1835 indicem
1010 1795 1175 1850 super
1203 1780 1435 1847 indicem
1459 1781 1637 1837 inver-

78 1884 167 1923 sum
192 1882 254 1940 po
272 1884 336 1932 te,
364 1877 423 1923 et
449 1849 747 1940 utrumque
773 1883 931 1924 move
960 1870 1013 1924 in
1042 1849 1258 1925 modum
1288 1869 1431 1926 illius
1459 1870 1635 1926 ferra-
1670 1849 1712 1908 Β

78 1963 227 2015 tuenti.
255 1960 357 2015 Pro
386 1961 552 2032 signo
588 1962 907 2018 emunctorii
947 1962 1226 2033 praemisso
1272 1964 1510 2035 generali
1553 1964 1637 2018 in-

78 2051 212 2106 dicem
242 2059 293 2105 et
341 2051 587 2106 medium
632 2049 927 2119 disjunctos
972 2052 1233 2115 extende,
1267 2053 1452 2108 addito
1484 2054 1640 2126 signo

78 2142 269 2199 luminis.
293 2144 394 2200 Pro
418 2146 583 2217 signo
605 2145 857 2216 cymbali,
884 2144 1161 2214 praemisso
1177 2145 1412 2216 generali
1440 2146 1635 2201 simula

76 2234 191 2289 illum
235 2238 628 2306 percutientem
659 2253 781 2294 cum
829 2237 1044 2293 malleo.
1088 2236 1196 2294 Pro
1227 2238 1381 2309 signo
1410 2238 1636 2305 tabulae,

79 2342 169 2392 qua:
197 2329 257 2382 ad
288 2329 621 2400 loquendum
650 2330 972 2401 percutitur,
999 2329 1277 2401 prtetnisso
1307 2330 1460 2402 signo
1481 2330 1629 2402 ligni,

76 2420 228 2473 s’tnuia
251 2436 364 2476 eam
393 2422 817 2493 percutieutem.
842 2422 945 2485 Pro
968 2424 1125 2495 signo
1155 2424 1365 2479 ridendi
1400 2424 1636 2480 indicem

78 2522 117 2565 et
146 2515 353 2569 medium
385 2517 697 2587 disjnnctos
726 2516 793 2571 ad
825 2532 887 2573 os
914 2519 1149 2590 porrige.
1179 2518 1286 2573 Pro
1319 2523 1474 2590 signo
1507 2534 1637 2574 san-

79 2606 216 2673 guinis
233 2606 294 2661 de
323 2624 456 2663 naso
485 2607 743 2676 ﬂuentis,
771 2610 1054 2679 prtemisso
1082 2610 1236 2681 signo
1258 2611 1637 2679 consanguini-

83 2697 198 2759 tatis,
219 2698 341 2753 frica
369 2698 571 2754 subtus
600 2714 793 2754 nasum
827 2700 1005 2755 indice
1030 2710 1256 2755 curvato
1276 2740 1292 2768 ,
1332 2700 1473 2765 sicut
1501 2701 1639 2757 solet

82 2789 254 2858 sanguis
290 2790 535 2846 clﬂuere.
567 2789 673 2846 Pro
702 2789 857 2860 signo
883 2792 1156 2856 vomendi,
1183 2791 1431 2847 dextram
1461 2793 1642 2848 inver-

84 2893 167 2933 sant
202 2892 368 2939 mento
428 2898 713 2955 suppone,
762 2893 816 2939 et
858 2884 1109 2940 celeriter
1145 2885 1197 2940 in
1241 2900 1419 2941 aerem
1461 2900 1635 2943 move.

82 2972 161 3026 l’ru
179 2977 314 3048 signo
342 2979 577 3044 caballi,
606 2995 729 3035 cum
771 2980 983 3037 duobus
1018 2981 1203 3053 digitis
1240 2990 1365 3038 tene
1404 2984 1631 3054 capillos

85 3068 342 3125 anteriores.
369 3071 479 3126 Pro
515 3072 674 3141 signo
706 3072 875 3137 asini,
914 3073 1283 3129 summitatem
1329 3074 1536 3145 pollicis
1566 3075 1634 3131 ad

84 3170 228 3211 aurern
268 3175 433 3230 pone,
481 3174 823 3233 crateresque
878 3162 1394 3234 digitosporrectos
1442 3181 1635 3233 move,

85 3248 189 3303 situt
211 3266 379 3308 aurem
410 3254 623 3310 asinus.
650 3254 756 3311 Pro
791 3255 946 3327 signo
970 3256 1136 3324 muli,
1170 3257 1452 3327 praemisso
1476 3258 1631 3331 signo

84 3341 252 3406 mlzalli,
274 3344 502 3417 adjunge
546 3346 756 3417 signum
801 3346 960 3401 asini.
992 3346 1098 3402 Pro
1134 3347 1291 3418 signo
1332 3348 1472 3415 ovis,
1505 3350 1628 3403 citm

85 3431 247 3490 duobus
279 3436 455 3509 digitis
481 3438 682 3494 simula
726 3439 1037 3495 tendentem
1070 3454 1200 3495 oves
1239 3455 1363 3495 cum
1394 3440 1628 3511 forcipe.

86 3522 163 3582 Pro
190 3529 327 3600 signo
368 3534 562 3589 arietis
606 3533 710 3590 hoc
756 3534 893 3589 adde
921 3576 934 3598 ,
977 3542 1037 3588 ut
1074 3532 1305 3589 indicem
1346 3542 1627 3589 curvatum

82 3612 197 3682 juxta
216 3636 384 3678 aurem
408 3624 666 3680 dextram
694 3634 900 3681 teneas.
936 3624 1042 3680 Pro
1068 3626 1223 3697 signo
1245 3641 1445 3696 caprae,
1473 3634 1628 3681 exte-

87 3708 195 3764 riora
234 3731 414 3774 manus
464 3727 653 3773 mento
704 3733 980 3789 suppono,
1032 3729 1084 3773 et
1133 3719 1362 3776 invicem
1416 3719 1630 3791 sibique

85 3804 333 3867 proximum
362 3810 619 3865 deorsutn
657 3826 844 3867 versos
877 3812 1150 3882 paululum
1188 3828 1489 3869 commove.
1521 3813 1628 3871 Pro

86 3891 200 3961 signa
221 3900 375 3966 porri,
399 3917 640 3975 pugnum
669 3902 832 3957 fronti
858 3904 1126 3974 imprime.
1159 3904 1265 3960 Pro
1286 3906 1439 3977 signo
1468 3906 1623 3971 catti,

86 3985 225 4053 digitis
248 4005 652 4062 componentetn
675 4011 943 4066 grenunes
964 3995 1077 4067 (86)
1109 3997 1323 4053 simula.
1348 3998 1452 4053 Pro
1473 3999 1627 4070 signo

87 4081 194 4131 t-ervi
221 4084 482 4155 utriusque
527 4103 717 4143 manus
746 4103 936 4144 omnes
968 4089 1163 4160 digitos
1200 4090 1286 4146 fac
1317 4092 1471 4162 quasi
1503 4109 1627 4147 cor-

87 4181 162 4220 nua
188 4177 492 4240 prominere.
529 4177 633 4235 Pro
673 4180 832 4253 signo
869 4181 1099 4250 leporis,
1146 4182 1376 4239 indicent
1414 4185 1627 4255 sibique

88 4262 332 4322 proximum
352 4268 508 4337 juxta
537 4286 724 4325 aurem
764 4280 909 4355 retro
938 4273 1189 4340 extende,
1218 4282 1272 4328 et
1301 4274 1441 4329 sicut
1473 4274 1625 4345 lepus

90 4361 212 4408 a"res
232 4371 524 4417 commove.

139 4443 191 4499 Ει
221 4457 269 4503 ιιι
312 4456 713 4512 conclusionem
748 4457 813 4513 de
861 4457 1056 4514 talibus
1097 4458 1314 4525 faciam,
1361 4458 1622 4530 quidquid

88 4526 333 4599 lmi'lsmodi
352 4544 811 4616 signarevolueris
833 4547 1069 4618 generali
1095 4562 1308 4620 semper
1320 4526 1620 4620 pra-misso,
1656 4569 1701 4626 ῃ

90 4633 314 4693 setlttctttia
337 4637 638 4709 atljungito.
676 4639 771 4695 llis
806 4641 874 4695 de
912 4641 1238 4696 novitiorum
1268 4642 1623 4697 iustructione

88 4723 347 4793 Pmntissis,
392 4747 490 4800 per
538 4732 784 4788 ordinem
825 4733 1052 4788 dicenda
1090 4743 1175 4789 est
1204 4749 1267 4790 ea
1315 4734 1618 4805 disciplina,

91 4813 364 4888 quailtgiter
389 4824 477 4881 ille
509 4834 743 4892 tenetur,
768 4826 859 4896 qui
905 4828 1183 4882 nobiscum
1220 4827 1455 4881 voluerit
1492 4841 1623 4883 con-

90 4914 268 4968 versari.

594 5036 824 5094 CAPUT
865 5036 1055 5092 XXVI.

116 5112 343 5179 Quomodo
375 5144 427 5183 se
451 5129 577 5185 levet
607 5132 774 5200 frater
800 5130 868 5183 nd
907 5141 1212 5193 nocturnos,
1243 5142 1288 5184 et
1322 5132 1583 5200 (meritorio

586 5201 877 5255 orationem
913 5211 1056 5269 agat.

132 5277 344 5358 (roman)
360 5288 534 5347 Primo
551 5293 713 5362 igitur
724 5294 790 5347 ad
809 5301 1099 5347 nocturnos
1117 5293 1300 5349 audito
1311 5294 1465 5366 signo
1478 5294 1620 5350 illico

90 5378 133 5416 se
158 5368 307 5431 levare
333 5379 561 5450 festinat,
591 5393 646 5439 et
678 5384 990 5454 priusquam
1039 5387 1438 5454 coopertorium
1486 5386 1616 5456 tlejio

90 5456 186 5521 tiat,
222 5470 397 5528 sedens
435 5476 487 5531 in
541 5477 682 5533 lecto
729 5476 904 5531 induit
948 5491 1008 5532 se
1063 5476 1297 5542 cuculla,
1349 5494 1619 5550 cruraque

115 5620 239 5710 ί
272 5627 483 5710 Barbam
513 5655 633 5710 qua:
674 5638 812 5693 infra
859 5654 1020 5692 nares
1044 5648 1157 5703 est,
1190 5653 1283 5692 seu
1323 5649 1615 5709 ntystacetn

92 5694 328 5781 “aﬂuat,
357 5707 419 5760 de
448 5694 685 5781 qutiiam
718 5710 988 5780 superius.

149 5762 238 5848 i833)
274 5762 325 5848 Id
347 5762 891 5848 Μιλυάς(
925 5762 1195 5834 dormiunt
1224 5795 1238 5833 :
1275 5779 1414 5833 unde
1450 5778 1606 5834 Meri"

123 5840 265 5889 mnum
295 5841 446 5901 τατενε
469 5840 750 5916 (ﬁxerunt,
782 5868 879 5913 pro
910 5851 1138 5907 dormire
1167 5852 1221 5905 in
1247 5851 1487 5907 titeridic.

1741 591 1902 646 quam
1950 591 2080 630 vero
2125 577 2458 641 surrexerit,
2486 577 2603 632 ‘ita
2647 578 2839 635 stando
2887 580 3157 650 pellicium
3185 583 3328 637 aliud

1742 686 1904 741 super
1928 671 2225 735 cucullam,
2268 671 2311 725 si
2344 669 2480 733 vult,
2506 673 2717 729 occulte
2754 683 2933 729 tamen
2975 676 3197 731 induere
3229 693 3326 747 po-

1744 763 1888 818 terit.
1933 763 2109 834 Ipsum
2141 778 2357 833 quoque
2388 763 2590 823 lectum
2624 780 2727 819 non
2767 766 2837 819 ita
2883 767 3219 838 negligenter
3250 767 3329 823 di-

1740 857 1931 921 mittit,
1948 856 2083 928 (un.)
2098 857 2193 913 sed
2214 857 2440 912 honeste
2467 859 2865 929 coopertorium
2883 861 3115 932 desuper
3137 871 3326 916 exten-

1741 947 1917 1003 dendo
1943 950 2235 1018 componit.
2268 948 2288 968 ‘
2325 948 2569 1018 Capitale
2610 960 2776 1004 totum
2811 952 3046 1006 occultat
3072 954 3170 1007 sub
3208 954 3328 1018 illo,

1740 1039 1868 1094 dein
1896 1038 2136 1096 froceum
2168 1040 2362 1104 induit,
2388 1049 2442 1094 et
2470 1042 2513 1096 si
2546 1057 2680 1112 Opus
2710 1053 2817 1108 est,
2846 1044 2979 1099 duos
3008 1044 3202 1101 fratres
3228 1046 3329 1101 sibi

1740 1132 1988 1202 proxime
2014 1132 2348 1188 dormientes
2388 1147 2511 1186 cum
2551 1134 2731 1190 sonitu
2759 1135 3000 1190 excitare
3031 1152 3135 1191 non
3166 1137 3328 1208 negli-

1742 1223 1839 1296 git.
1875 1223 2005 1279 Nam
2034 1224 2082 1281 si
2118 1240 2224 1280 non
2260 1225 2485 1281 excitati
2531 1224 2599 1280 ab
2628 1226 2753 1292 illo,
2796 1227 3068 1281 communi
3103 1226 3333 1283 fratrum

1741 1313 1975 1369 orationi
2031 1329 2137 1369 non
2187 1312 2564 1380 interfuerint,
2618 1316 2671 1370 in
2730 1317 2971 1374 crastino
3023 1317 3129 1374 illis
3175 1318 3333 1375 solito

1743 1419 1894 1459 more
1927 1404 1979 1459 in
2002 1404 2238 1474 capitulo
2277 1404 2486 1458 veniam
2528 1408 2870 1475 petentibus,
2906 1408 3017 1478 ipse
3053 1398 3215 1463 etiam
3243 1425 3335 1463 vc-

1742 1496 1886 1551 uiam
1914 1497 2088 1566 petit:
2134 1498 2180 1553 si
2226 1499 2615 1573 interrogatur,
2671 1502 2791 1572 quis
2824 1501 2876 1555 iu
2925 1502 3174 1571 proximo
3212 1502 3335 1556 dor-

1743 1589 1959 1645 mierit?
1990 1591 2223 1661 idipsum
2255 1592 2414 1648 debet
2448 1592 2663 1661 facere,
2704 1594 2919 1664 quatido
2944 1596 3141 1649 fratres
3170 1595 3335 1650 meri—

1741 1682 1962 1736 diantur
1996 1681 2131 1754 (85).
2166 1683 2305 1754 (υυ.)
2341 1685 2393 1738 In
2420 1695 2611 1741 aestate
2634 1687 2971 1743 necessarias
2997 1702 3101 1741 non
3144 1687 3333 1755 intrat,

1741 1773 1843 1827 nisi
1886 1786 2049 1844 caput
2100 1774 2307 1843 capelle
2350 1777 2649 1848 cooperiat.
2690 1777 2746 1832 In
2790 1778 3106 1833 dormitorio
3153 1789 3330 1834 autem

1742 1880 1917 1934 neque
1953 1866 2007 1920 in
2050 1866 2164 1931 die,
2196 1883 2371 1939 neque
2411 1870 2463 1925 itt
2496 1880 2674 1936 nocte,
2703 1871 2721 1890 ⁸
2752 1881 2981 1942 excepto
3028 1882 3147 1942 post
3191 1889 3334 1927 cout-

1741 1955 2049 2026 pletoriutn,
2078 1959 2123 2014 si
2157 1959 2259 2015 sibi
2282 1960 2522 2026 libuerit,
2550 1961 2654 2016 hoc
2683 1977 2787 2015 non
2822 1963 3076 2016 custodit.

1810 2050 1867 2105 lu
1901 2052 2159 2107 memoria
2180 2052 2381 2125 jugiter
2411 2054 2569 2108 debet
2596 2054 2797 2108 habere
2818 2095 2831 2119 ,
2861 2056 2912 2108 in
2951 2056 3174 2126 gradum
3201 2055 3332 2109 dor-

1742 2148 1940 2203 ntitorii
1981 2158 2196 2219 sputum
2241 2166 2345 2205 non
2393 2151 2682 2222 projicere.
2711 2150 2854 2207 Nihil
2899 2152 3119 2206 omnino
3148 2151 3211 2203 de
3237 2164 3333 2204 ve-

1740 2239 2009 2295 stimentis
2056 2239 2171 2294 suis
2222 2239 2275 2294 in
2329 2238 2567 2295 claustro
2614 2255 2831 2311 ponere,
2885 2250 3173 2308 antequam
3221 2250 3332 2292 tres

1740 2332 2011 2387 orationes
2036 2332 2311 2389 finiantur.
2337 2332 2597 2387 Tabulam
2631 2340 2725 2387 aut
2754 2331 3191 2403 antiphonariu-u
3225 2345 3331 2385 non

1742 2423 2030 2493 inspicere.
2061 2424 2201 2490 Ante
2236 2439 2433 2495 pueros
2480 2424 2565 2479 vel
2605 2424 2648 2479 si
2682 2424 2755 2479 illi
2800 2423 2996 2479 inloco
3030 2440 3135 2478 non
3168 2433 3330 2487 sunt,

1740 2525 1867 2568 ante
1895 2514 2045 2570 illum
2070 2515 2344 2586 juvenem,
2379 2515 2468 2585 qui
2498 2529 2618 2570 cum
2650 2513 2855 2569 laterna
2887 2513 3109 2569 ultimus
3144 2512 3333 2568 subsc-

1739 2608 1923 2678 quitur
1945 2608 2162 2675 fratres,
2189 2608 2323 2664 solet
2349 2608 2530 2663 venire
2558 2608 2612 2663 in
2637 2608 2945 2675 ecclesiam,
2972 2607 3123 2678 prius
3150 2614 3330 2660 tamen

1740 2697 1865 2753 lotis
1892 2699 2161 2764 manibus,
2203 2700 2248 2755 si
2288 2714 2511 2757 necesse
2542 2701 2736 2766 habet,
2771 2698 2853 2754 vel
2900 2700 2945 2754 si
2984 2702 3051 2754 ad
3081 2701 3332 2754 invitato-

1741 2791 1880 2845 rimn
1921 2791 2105 2846 vestiri
2136 2792 2317 2859 debet,
2360 2803 2417 2848 et
2449 2794 2687 2864 quandiu
2724 2786 2875 2848 seilla
2912 2792 3157 2861 pulsatur
3207 2806 3332 2861 pro-

1739 2883 2020 2946 cumbens,
2049 2883 2137 2939 vel
2185 2884 2229 2940 si
2280 2884 2404 2940 talis
2433 2895 2516 2941 est
2564 2886 2681 2941 dies
2729 2883 3039 2951 inclinatus,
3068 2882 3330 2956 quidquid

1739 2975 1874 3043 vult,
1908 2984 2050 3031 orat.
2087 2976 2287 3032 Locum
2317 2988 2497 3034 autem
2536 2975 2695 3046 hujus
2719 2978 2926 3033 ordinis
2960 2968 3331 3047 unusquisque

1738 3069 1968 3125 sortitur
1992 3084 2091 3141 pro
2113 3079 2356 3140 tempore
2392 3084 2505 3125 suae
2540 3070 2935 3125 conversionis.
2968 3070 3024 3124 Si
3063 3078 3145 3123 est
3179 3068 3329 3121 novi-

1742 3159 1868 3225 tius,
1899 3159 2013 3215 sive
2043 3160 2129 3214 ille
2164 3162 2234 3216 sit
2266 3163 2595 3225 monachus,
2632 3159 2713 3216 vel
2758 3162 2935 3216 adhuc
2977 3176 3082 3215 non
3133 3175 3326 3215 conse-

1739 3262 1923 3307 cratus
1950 3251 2093 3308 inter
2121 3269 2248 3309 suos
2289 3269 2570 3326 compares
2597 3253 2708 3325 (86)
2750 3255 2815 3309 ad
2854 3255 3078 3326 gradum
3108 3263 3209 3308 est.
3242 3253 3324 3307 Ab

1733 3345 1820 3400 his
1866 3355 2045 3403 tamen
2088 3346 2242 3416 juxta
2284 3351 2510 3419 gradum
2561 3350 2794 3421 spatium
2847 3347 3190 3418 relinquitur,
3230 3361 3328 3416 per

1732 3438 1876 3507 quod
1907 3438 1959 3491 in
1993 3439 2220 3493 alteram
2264 3441 2415 3496 chori
2458 3451 2669 3511 partem
2708 3449 2896 3506 eatur;
2922 3440 3187 3510 gradus...
3233 3437 3325 3511 qui

1731 3526 2034 3596 posteriora
2080 3529 2232 3584 chori
2284 3532 2482 3585 debent
2533 3544 2835 3602 occupare,
2899 3541 3001 3599 per
3058 3529 3324 3581 minorem

1732 3620 1959 3675 chorum
1989 3619 2165 3676 solent
2199 3622 2422 3679 intrare.
2464 3624 2520 3679 Si
2560 3634 2641 3679 est
2665 3622 2915 3695 juvenis,
2947 3637 3068 3677 cum
3101 3621 3326 3676 custode

1730 3728 1831 3769 suo
1883 3714 2024 3770 inter
2067 3713 2273 3771 formas
2309 3716 2419 3789 (87)
2462 3718 2606 3773 locat
2646 3734 2704 3774 se
2744 3728 2866 3789 post
2920 3717 3171 3781 novitios,
3224 3716 3323 3769 atl-

1732 3810 1917 3866 mixtis
1952 3825 2052 3881 pro
2080 3810 2267 3865 ordine
2295 3827 2394 3867 suo
2422 3812 2591 3866 etiam
2617 3812 2736 3867 aliis
2767 3810 3048 3875 fratribus,
3081 3818 3136 3864 et
3159 3824 3325 3862 unus-

1730 3903 1964 3974 quisque
1990 3918 2200 3970 eorum,
2248 3904 2338 3974 qni
2384 3905 2525 3960 inter
2569 3904 2774 3960 formas
2804 3904 2978 3960 solent
3009 3918 3186 3967 orare,
3215 3916 3323 3957 non

1733 3996 1908 4051 solum
1956 3996 2007 4049 in
2040 3996 2163 4057 isto,
2197 3999 2289 4051 sed
2334 4007 2387 4052 et
2426 3998 2479 4052 in
2512 3997 2616 4052 alio
2650 4008 2913 4068 tempore,
2946 3997 2988 4050 si
3020 3996 3127 4050 ullo
3162 3996 3323 4053 tnon

1727 4096 1927 4157 potest,
1954 4083 2117 4141 debet
2154 4087 2444 4143 observare
2484 4090 2536 4142 in
2573 4104 2635 4143 ea
2666 4089 2815 4144 chori
2858 4099 3042 4158 parte,
3086 4087 3171 4139 cui
3207 4087 3321 4154 ipse

1727 4178 2019 4249 deputatus
2049 4192 2153 4248 est,
2186 4182 2487 4235 orationem
2537 4179 2737 4235 facere.
2786 4180 2920 4247 Quis
2956 4189 3135 4234 autem
3187 4179 3322 4231 ordo

1720 4271 1980 4341 juveuum
2011 4288 2134 4328 cum
2160 4273 2471 4328 custodibus
2497 4273 2609 4327 suis
2640 4273 2692 4326 in
2720 4274 2867 4326 omni
2911 4273 3026 4326 loco
3055 4271 3320 4325 habeatur

1724 4365 1781 4419 in
1809 4366 1987 4435 capite
2016 4368 2158 4436 quod
2188 4368 2254 4421 de
2298 4366 2541 4434 utrisque
2571 4380 2758 4419 eorum
2806 4365 2857 4418 in
2902 4362 3145 4437 sequenti
3179 4361 3319 4419 libro

1724 4467 1808 4513 est.
1834 4458 2094 4528 scripttun
2126 4460 2266 4530 (cap.
2296 4456 2413 4526 ‘29.),
2448 4457 2659 4527 plenius
2687 4455 2980 4515 invenitur.

1798 4540 1853 4603 Si
1884 4562 2010 4603 vero
2040 4558 2121 4604 est
2152 4550 2217 4605 de
2245 4549 2359 4613 his,
2386 4546 2475 4619 qui
2513 4548 2564 4602 in
2595 4548 2785 4603 ordine
2808 4558 2934 4601 sunt
2958 4546 3205 4614 altiores,
3232 4545 3317 4599 lo.

1726 4653 1848 4693 cum
1897 4638 2062 4695 habet
2110 4639 2162 4692 in
2210 4638 2390 4708 aliquo
2444 4637 2671 4693 sedilum
2726 4639 2790 4690 ad
2825 4637 3076 4709 parietes.
3128 4636 3185 4691 Si
3230 4645 3321 4699 est

1726 4746 1865 4786 unus
1896 4731 2195 4797 seniorum,
2220 4731 2271 4785 itt
2296 4729 2550 4785 utrolibet
2585 4729 2825 4784 cancello
2874 4728 3313 4789 occidentalium.

1726 4825 1789 4880 Et
1824 4825 1868 4880 si
1912 4824 2318 4896 proeumbcndo
2362 4834 2571 4888 oratur,
2622 4825 2736 4892 ipse
2784 4840 2948 4895 super
2995 4840 3319 4895 scamnum,

1723 4918 1865 4987 qttod
1913 4928 2041 4973 ante
2087 4919 2253 4989 pedes
2294 4917 2529 4988 positum
2582 4926 2685 4979 est,
2738 4925 3092 4971 sustentatur.
3139 4914 3195 4969 Si
3243 4915 3317 4979 atl

1724 5012 1973 5065 dextrum
2012 5011 2275 5083 parietem
2331 5010 2506 5065 locum
2555 5009 2746 5074 habet,
2801 5024 2965 5080 super
3008 5006 3175 5063 sedile
3215 5005 3313 5061 alio

1722 5104 2040 5174 quantulum
2067 5114 2408 5160 transversus
2430 5104 2601 5175 jacet.
2635 5103 2690 5158 Si
2723 5104 2789 5157 ad
2822 5102 3121 5164 sinistrum,
3152 5100 3311 5154 ulnas

1722 5198 1875 5264 punit
1925 5215 2088 5269 super
2127 5215 2453 5265 scamnum;
2493 5199 2619 5253 item
2653 5211 2841 5252 versus
2884 5198 2951 5251 ad
2996 5195 3137 5250 latus
3177 5196 3309 5250 dex-

1724 5302 1887 5348 trum.
1914 5294 1967 5348 In
1996 5305 2189 5349 neutro
2226 5304 2406 5349 autem
2450 5294 2679 5364 pariete,
2724 5293 2836 5346 sive
2866 5299 2987 5346 stan
3012 5293 3060 5343 lo
3088 5298 3306 5354 oretur,

1721 5386 1835 5440 sive
1892 5387 2316 5456 procumbendo,
2365 5401 2639 5456 nunquam
2692 5383 2781 5438 alii
2827 5392 2912 5437 est
2959 5380 3307 5437 collateralis.

1727 5476 2167 5549 Quotiescunque
2196 5478 2376 5534 oratio
2408 5477 2601 5532 stando
2629 5477 2828 5546 agitur,
2890 5474 3087 5543 frater,
3115 5473 3162 5528 si
3198 5472 3304 5527 im-

1792 5638 1904 5707 (86)
1946 5636 2227 5708 Compare:
2252 5633 2556 5707 legendum,
2582 5646 2687 5687 non
2718 5641 3029 5702 compatres,
3060 5637 3120 5684 ut
3159 5644 3311 5685 uten-

1719 5710 1847 5765 dose
1873 5726 1972 5764 ms.
2006 5710 2188 5764 habet.
2272 5734 2281 5743 ο

1793 5782 1905 5852 (87)
1957 5779 2172 5847 Forum,
2207 5778 2358 5847 sella,
2387 5775 2577 5835 solium
2613 5773 2918 5835 canentium
2960 5773 3013 5829 in
3043 5774 3229 5830 choro.
