3872 6306
519 323 626 375 959
1635 316 1692 373 s.
1723 317 2100 377 GUll.LELMl
2140 320 2430 376 seems
2468 319 2767 377 mnsam:
3450 283 3457 289 ’
3652 334 3734 393 κθ

512 428 724 486 becillis
741 437 823 484 est
847 428 1262 498 aliiptantulum,
1287 431 1362 485 uti
1388 447 1493 486 non
1518 433 1862 502 prohibetur;
1884 436 1978 491 sed
2007 436 2107 492 hoc
2136 440 2181 497 A
2213 437 2553 493 orationibus
2598 438 2833 505 intersit,
2882 454 3025 508 quae,
3055 440 3199 496 sicut
3237 440 3436 497 dictum
3478 454 3573 511 est,
3616 449 3734 522 signo

514 522 726 585 tandiu,
780 522 963 576 donec.
987 521 1134 574 scilla
1164 522 1489 578 dimittatur.
1520 523 1579 579 Si
1611 538 1788 582 autem
1820 526 2133 585 invalidior‘

510 619 618 676 est,
635 619 689 665 et
714 611 1006 679 litteratus,
1037 611 1177 667 infra
1199 615 1427 683 spatium
1463 614 1600 670 idem
1628 615 1679 671 in
1713 618 1906 674 minori
1937 621 2106 678 choro

522 710 705 769 [etest
731 702 942 769 sedere,
972 704 1063 757 sed
1117 704 1169 757 in
1209 706 1503 761 secretiore
1535 718 1716 777 parte;
1746 719 1984 766 attamen
2027 713 2107 767 di-

511 793 681 849 misso
707 795 861 866 signo
890 795 955 849 ad
984 805 1093 850 tres
1120 798 1425 864 orationes,
1470 800 1661 866 choro,
1713 804 1755 857 si
1788 820 1899 874 prae
1927 804 2109 860 multi-

515 886 701 941 tudine
742 899 939 957 potest,
984 887 1143 942 debet
1191 888 1488 958 interesse,
1521 894 1635 947 sive
1666 903 1793 949 tunc
1832 897 1882 951 in
1912 898 2107 956 ordine

512 993 635 1042 suo,
664 978 777 1033 sive
819 995 924 1034 non
958 980 1127 1050 possit
1159 991 1325 1037 stare.
1372 980 1429 1038 Si
1464 1000 1592 1041 vero
1636 998 1723 1042 est
1761 988 2103 1058 illitteratus,

512 1078 664 1122 extra
689 1070 913 1124 obruunt
940 1071 1157 1125 interim
1197 1074 1385 1141 sedet,
1415 1076 1481 1131 ab
1507 1077 1893 1136 introeuntium
1927 1092 2106 1139 tamen

512 1158 685 1213 oculis
720 1171 980 1214 remotus.
1013 1158 1237 1216 Juvenis
1272 1163 1451 1220 minus
1486 1167 1728 1236 validus,
1770 1171 1814 1225 si
1849 1172 1902 1226 in
1934 1174 2105 1229 choro

511 1259 661 1305 stare
692 1250 758 1305 ad
787 1252 1088 1306 orationem
1129 1254 1414 1326 inceperit,
1446 1275 1618 1331 usque
1663 1273 1783 1333 post
1829 1276 1940 1321 tres
1984 1283 2110 1322 ora-

515 1343 689 1398 tiones
716 1344 1006 1413 perstabit,
1053 1355 1108 1399 et
1146 1358 1273 1403 tunc
1312 1350 1532 1407 licentia
1576 1355 1731 1422 signo
1774 1355 2107 1417 infirmitatis

510 1447 735 1505 accepta
757 1437 874 1491 sine
896 1440 1118 1494 custode
1140 1441 1403 1496 minorem
1429 1445 1651 1500 chorqu
1686 1449 1927 1507 intrabit.
1951 1451 2105 1519 Quod

510 1526 556 1579 si
586 1535 772 1581 custos
797 1527 915 1597 ejus
951 1539 1099 1584 tanta
1134 1530 1451 1589 infirmitate
1475 1551 1598 1590 eum
1632 1542 1981 1609 prresenserit
2031 1543 2106 1597 la-

512 1619 732 1682 borare,
762 1628 822 1673 ut
851 1635 1192 1691 nequaquam
1226 1624 1279 1678 in
1310 1626 1479 1681 choro
1521 1628 1698 1684 valeat
1722 1633 1822 1687 hoc
1851 1648 1946 1703 per
1968 1650 2103 1706 spa-

514 1712 645 1766 tium
670 1713 989 1782 perdurare,
1028 1729 1185 1781 mox,
1229 1725 1288 1771 ut
1313 1720 1598 1776 ecclesiam
1632 1723 1910 1793 ingressus
1943 1726 2104 1783 fuerit

515 1818 611 1871 per
657 1804 913 1872 majorem
957 1806 1008 1858 in
1044 1805 1307 1864 minorem
1338 1811 1567 1867 chorum
1597 1828 1719 1869 eum
1762 1816 1958 1883 ducat,
2006 1818 2103 1874 ibi-

512 1917 619 1970 que
648 1903 758 1981 sint
802 1905 973 1960 donec
1026 1910 1176 1964 scilla
1210 1909 1575 1975 dimittantur,
1604 1910 1803 1979 juvene
1860 1915 2101 1981 sedente,

515 1978 743 2047 custode
771 2004 952 2049 autem
983 1995 1136 2065 juxta
1163 2015 1286 2053 eum
1317 1998 1385 2054 ad
1438 2000 1738 2055 orationem
1789 2001 2100 2058 inclinante.

515 2081 810 2153 Postquam
864 2096 973 2143 tres
1019 2092 1298 2146 orationes
1354 2093 1549 2146 stando
1612 2092 2105 2163 fecerint,juvcnis

518 2185 740 2243 accepta
787 2178 871 2245 (ut
914 2182 1250 2249 praedictum.
1286 2181 1392 2252 est)
1451 2182 1694 2248 licentia,
1730 2185 1800 2239 ibi
1838 2197 2104 2242 remanet.

512 2263 712 2320 Custos
738 2282 870 2322 vero
917 2270 984 2324 ad
1032 2272 1323 2328 stationem
1374 2287 1528 2327 suam
1586 2275 1813 2329 secedit.
1856 2275 2102 2344 Juvenis,

512 2356 605 2425 qui
654 2369 983 2413 conventum
1020 2362 1086 2415 de
1124 2362 1445 2417 dormitorio
1499 2366 1868 2434 subsequitur,
1926 2376 1985 2422 et
2036 2368 2104 2422 ad

512 2449 671 2518 Cujus
724 2450 1069 2521 ingressum,
1122 2454 1275 2508 scilla
1329 2456 1646 2522 dimittitur,
1705 2458 1907 2512 lumine
1962 2460 2103 2528 quod

512 2544 711 2605 attttlit.
764 2548 1027 2615 extincto,
1090 2549 1358 2604 laternam
1420 2568 1583 2622 super
1644 2555 1871 2624 gradum
1931 2555 2102 2624 ponit,

511 2636 557 2690 si
598 2637 770 2692 locum
820 2640 967 2694 inter
1016 2641 1153 2694 alios
1209 2641 1439 2710 juvenes
1496 2644 1564 2699 ad
1622 2646 1925 2700 orationem
1985 2662 2107 2704 esse

514 2744 620 2783 non
658 2732 857 2794 cernit,
923 2733 978 2788 in
1029 2736 1208 2790 tnedio
1238 2737 1419 2806 spatii,
1471 2739 1615 2807 quod
1664 2737 1817 2807 juxta
1865 2739 2107 2797 Novitios

514 2819 763 2877 relictum
805 2838 948 2889 esse,
981 2826 1320 2896 praemiSsum
1349 2838 1453 2897 est,
1486 2844 1608 2883 cum
1654 2831 1879 2887 custode
1908 2849 2006 2887 suo
2040 2834 2106 2888 ad

514 2914 657 2981 quod
715 2923 828 2969 tres
870 2916 1145 2972 orationes
1189 2935 1246 2973 se
1293 2917 1455 2984 locat,
1487 2920 1583 2987 ita,
1616 2930 1673 2974 ut
1718 2921 1762 2976 si
1812 2923 1935 2992 quis
1985 2932 2109 2994 post

515 3004 665 3059 illum
707 3008 896 3082 intrat,
931 3007 1105 3063 locum
1136 3011 1324 3065 orandi
1357 3011 1559 3066 habere
1585 3012 1782 3067 valeat.

591 3099 999 3156 Procumbemlo
1032 3112 1210 3157 autem
1258 3105 1322 3157 ad
1354 3105 1658 3158 oralionem
1686 3121 1851 3175 super
1893 3105 2103 3162 cubitus

516 3198 572 3249 et
598 3206 769 3260 genua
795 3189 1035 3245 froccutn
1056 3203 1177 3261 post
1207 3202 1416 3264 tergum
1452 3195 1700 3258 attrahit,
1748 3211 1813 3249 ne
1862 3197 1933 3250 ita
1963 3212 2098 3266 peu-

516 3284 643 3338 deat
674 3299 836 3354 super
858 3286 1029 3356 pedes
1080 3286 1146 3339 ad
1192 3295 1414 3342 terram.
1474 3288 1663 3343 Modus
1714 3299 1892 3344 autem
1946 3292 2106 3361 hujus

515 3376 785 3431 orationis
812 3377 957 3432 solet
972 3392 1113 3445 esse,
1167 3388 1225 3432 ut
1255 3378 1306 3433 in
1365 3396 1686 3451 unaquaque
1717 3382 1855 3451 vice,
1884 3384 2106 3454 quilibet

516 3468 689 3525 frater
737 3470 1015 3525 oratiooes
1076 3472 1289 3526 tractim
1331 3474 1502 3543 possit
1550 3484 1795 3530 cantare.
1849 3477 2002 3543 Quod
2059 3478 2105 3533 si

518 3558 747 3616 multum
771 3562 1111 3626 observatur,
1137 3565 1570 3636 quamlumtuqne
1592 3583 1621 3619 a
1656 3568 1916 3622 fratribus
1945 3569 2106 3624 simul

520 3653 602 3706 vel
623 3652 898 3724 sigillatim
930 3664 1038 3709 tres
1067 3666 1318 3726 aguntur,
1350 3668 1574 3727 excepto
1599 3657 1664 3712 ad
1694 3661 2105 3729 completorium

517 3744 736 3812 quando
764 3759 1108 3815 unaqmcque
1138 3749 1297 3802 citius
1330 3749 1540 3802 linitur.
1573 3748 1716 3817 Ergo
1764 3753 1852 3807 ubi
1879 3754 2108 3824 quisque

520 3834 662 3886 intra
710 3835 1067 3903 pulsMionem
1126 3838 1295 3894 scillae
1337 3841 1531 3896 stando
1576 3842 1656 3897 vel
1704 3844 2107 3914 procumbendo

521 3925 719 3989 oravit,
751 3926 820 3979 ibi
853 3927 1085 3996 primaut
1145 3930 1369 3997 faciens,
1430 3934 1481 3985 in
1533 3936 1765 3989 secunda
1816 3952 2006 4006 parum
2040 3938 2108 3992 ad

522 4015 802 4076 sinistram
828 4019 1054 4085 secedit,
1086 4019 1140 4075 in
1168 4022 1325 4076 tertia
1357 4023 1553 4078 iterum
1583 4026 1649 4081 ad
1672 4028 1906 4097 priorem
1932 4029 2105 4084 locum

525 4111 665 4167 redit
697 4128 713 4178 ;
745 4114 789 4168 si
818 4122 993 4169 tamen
1028 4116 1149 4171 talis
1182 4126 1267 4173 est
1312 4118 1484 4184 locus,
1529 4122 1615 4175 ubi
1677 4122 1790 4176 hmc
1845 4124 2110 4179 secessio-

527 4218 654 4257 num
686 4204 1010 4262 vicissitudo
1036 4208 1319 4265 observari
1368 4222 1565 4281 p0test,
1598 4213 1739 4269 sicut
1770 4214 1910 4269 inter
1935 4216 2109 4285 parie-

525 4304 604 4350 ινδ
632 4306 688 4352 et
716 4296 922 4355 formas
1002 4299 1097 4356 libi
1127 4311 1307 4358 autem
1339 4306 1475 4359 adeo
1524 4316 1650 4360 sunt
1681 4307 1935 4373 conferti,
1964 4310 2107 4378 quod

523 4388 589 4445 ad
638 4402 889 4445 neutrum
944 4391 1085 4449 latus
1130 4411 1159 4449 a
1210 4412 1482 4467 quoquam
1530 4409 1710 4469 potest
1757 4400 1950 4456 diverti
1988 4443 2003 4467 ,
2042 4403 2111 4459 ab

522 4479 624 4540 hac
652 4480 769 4553 lege
819 4492 948 4537 sunt
999 4483 1177 4540 liberi.
1230 4486 1414 4558 Itaque
1466 4488 1533 4543 ad
1579 4489 1715 4545 duas
1764 4491 1911 4547 vices
1951 4491 2110 4561 hujus

520 4573 782 4628 orationis
821 4615 837 4640 ,
887 4574 1043 4645 signo
1089 4590 1120 4630 a
1172 4578 1352 4647 priore
1408 4580 1576 4645 facto,
1634 4582 2004 4655 unusquisque
2049 4600 2107 4640 se

521 4665 704 4735 erigit.
734 4674 787 4718 ct
819 4667 872 4723 iu
904 4668 1095 4723 eodem
1129 4668 1247 4726 loco
1288 4682 1439 4729 stans
1475 4674 1630 4744 signo
1677 4686 1881 4731 sanctae
1926 4677 2109 4734 crucis

518 4769 578 4819 se
610 4758 781 4811 ltilttlll
810 4768 866 4814 et
914 4759 1158 4816 inclinat.
1213 4762 1268 4817 lu
1317 4766 1475 4819 tertia
1503 4779 1629 4820 vero
1659 4766 1778 4821 vice
1820 4776 2106 4836 poStquam

518 4856 735 4905 erectus
788 4864 846 4902 se
879 4849 1206 4911 benedicens
1234 4854 1542 4925 ubicunque
1587 4864 1715 4920 stet,
1772 4856 1815 4909 si
1874 4857 2107 4925 spatium

519 4940 687 4995 habet
735 4942 802 4996 ad
850 4943 1127 5000 siuiStratn
1192 4962 1384 5016 parum
1432 4948 1706 5003 divertens
1737 4959 1864 5005 ante
1915 4960 1970 5006 et
2021 4968 2108 5007 re-

520 5038 605 5089 tro
658 5032 807 5099 facit,
859 5044 913 5089 et
968 5038 1071 5093 hoc
1115 5041 1185 5093 ad
1232 5054 1424 5095 onmes
1473 5041 1754 5097 orationes
1802 5042 2060 5099 observat
2090 5085 2106 5110 ,

519 5140 656 5196 quas
711 5129 794 5184 vel
842 5131 994 5188 solus
1025 5173 1041 5199 ,
1094 5134 1176 5187 vel
1225 5149 1350 5188 cum
1405 5145 1672 5191 conventu
1723 5136 1883 5193 simul
1931 5138 2108 5211 posito

516 5218 646 5289 agit.

1087 5337 1316 5395 CAPUT
1357 5339 1570 5396 XXVII.

515 5418 677 5493 Quod
708 5427 901 5483 eisdem
958 5431 1284 5485 orationibus
1306 5449 1423 5503 qua:
1457 5443 1581 5487 ante
1635 5443 1918 5488 nocturnos
1947 5432 2106 5502 ﬁunt,

1086 5504 1333 5557 interesse
1362 5503 1568 5557 debeat.

482 5662 499 5667 _
586 5587 813 5661 Oportet
833 5601 1013 5649 autem
1048 5610 1169 5650 cum
1195 5595 1489 5651 sollicitmn
1522 5611 1664 5663 esse,
1689 5609 1752 5652 ut
1792 5596 1914 5654 istis
1935 5599 2109 5657 tribus

591 5706 703 5788 (8t!)
740 5708 1078 5791 Phlo’botomi
1106 5710 1315 5791 minuti,
1365 5726 1459 5768 seu
1499 5716 1755 5789 sanguine
1778 5715 1966 5773 minuti
1992 5719 2107 5791 plu-

525 5775 706 5833 rieSiu
749 5778 833 5833 his
862 5777 1096 5836 Constit.
1137 5781 1507 5843 nominantur.

2137 1806 2179 1862 Β

2148 4532 2189 4587 ι)

2206 530 2433 587 dimisso
2461 532 2616 585 fiunt.
2654 532 2788 587 Nam
2816 532 2860 588 si
2899 533 2981 587 his
3012 533 3098 589 vel
3153 536 3347 589 saltem
3380 536 3567 593 ultima:
3587 558 3733 600 earum

2208 639 2313 679 non
2337 624 2648 680 interfuerit
2681 628 2732 681 iu
2756 627 3008 698 Capitulo
3036 627 3253 682 veniam
3284 629 3438 698 petit.
3465 630 3599 697 Quod
3622 637 3657 689 si
3683 641 3733 692 ad

2209 717 2436 787 primam
2462 719 2765 773 orationem
2792 718 2844 774 in
2874 719 3046 774 choro
3077 736 3184 775 non
3229 720 3493 784 interfuit,
3516 736 3666 791 potes1
3685 732 3735 783 ad

2205 808 2344 863 duas
2394 809 2633 879 reliquas
2686 810 2987 875 interesse,
3039 811 3112 866 ita
3169 821 3351 866 tamen
3398 821 3454 866 ut
3501 815 3559 869 ad
3610 820 3737 875 alium

2207 899 2433 955 chorum
2492 910 2621 955 tunc
2668 916 2775 954 non
2827 910 3113 967 transeat;
3174 903 3268 957 sed
3303 903 3405 957 hoc
3441 904 3489 955 iu
3535 922 3618 959 usu
3656 927 3735 963 non

2207 992 2368 1047 debet
2399 992 2621 1047 habere.
2674 993 2999 1049 Adtertiam
3057 1009 3163 1048 non
3217 994 3407 1059 intrat,
3440 999 3528 1050 sed
3567 1009 3670 1054 ante
3688 1003 3737 1057 ad

2207 1086 2433 1140 chorum
2458 1099 2577 1140 eam
2609 1085 2757 1152 facit,
2790 1094 2844 1140 et
2873 1101 2903 1138 a
2934 1084 3089 1140 venia
3143 1085 3282 1140 liber
3306 1086 3430 1140 erit.
3467 1087 3682 1144 Attamen
3703 1093 3737 1146 si

2207 1184 2262 1232 et
2291 1177 2464 1231 hocin
2496 1190 2594 1232 usu
2638 1176 2830 1240 habet,
2865 1175 3213 1232 inclamatur.

2755 1266 2985 1325 CAPUT
3027 1267 3263 1323 XXVI".

2207 1360 2285 1415 De
2316 1361 2485 1431 fratre
2510 1361 2602 1431 qui
2621 1371 2735 1430 post
2771 1362 2952 1430 ﬁnitas
2982 1370 3087 1414 tres
3118 1360 3385 1414 orationes
3409 1362 3559 1414 lectos
3583 1363 3628 1415 in
3650 1364 3739 1417 dor-

2347 1433 2578 1497 mitorio,
2622 1442 2670 1485 et
2699 1432 2892 1501 fratres
2916 1442 3066 1486 extra
3092 1434 3312 1484 chorum
3336 1436 3629 1500 perlustrat.

2279 1527 2295 1545 '
2336 1525 2535 1579 Finitis
2560 1525 2644 1580 his
2670 1525 2842 1579 tribus
2871 1524 3233 1588 orationibus,
3261 1522 3432 1577 frater
3476 1524 3537 1575 ad
3569 1524 3653 1579 hoc
3675 1529 3741 1582 dc-

2205 1625 2448 1687 pntatus,
2474 1617 2563 1687 qui
2589 1632 2751 1688 supra
2808 1615 3186 1670 dormitorium
3236 1614 3288 1667 in
3342 1614 3608 1670 vicinitate
3650 1620 3741 1674 ostii

2206 1710 2505 1776 dormiens,
2536 1710 2664 1764 illud
2709 1724 2808 1763 suo
2839 1710 2891 1763 in
2947 1718 3190 1779 tempore
3244 1711 3451 1765 clamlit
3503 1720 3555 1764 et
3594 1712 3741 1780 aperit,

2208 1805 2527 1858 absconsum
2584 1802 2872 1866 illuminat,
2927 1816 3090 1870 quam
3124 1819 3309 1859 secum
3366 1804 3433 1858 de
3484 1804 3745 1859 dormitorio

2206 1895 2406 1960 attulit,
2436 1895 2759 1963 rediensque
2781 1893 2907 1948 illuc.
2955 1893 3072 1948 vice
3103 1894 3422 1950 elaustralis
3454 1896 3636 1966 prioris
3667 1895 3747 1948 fra-

2210 1996 2353 2040 trum
2386 1986 2555 2043 lectos
2577 1987 2866 2058 diligenter
2910 1985 3298 2057 circumspicit,
3328 1998 3385 2042 et
3419 1989 3559 2042 inter
3601 2004 3690 2054 eos,
3712 1989 3746 2043 si

2207 2080 2444 2150 aliquem
2472 2081 2744 2137 detectum
2780 2080 2861 2135 vel
2917 2083 3255 2155 negligenter
3308 2086 3748 2155 coopertuminve-

2209 2177 2369 2239 ncril,
2435 2174 2507 2228 ita
2561 2175 2982 2246 incompositum
3036 2178 3313 2247 relinquit,
3365 2186 3423 2232 et
3466 2177 3517 2230 in
3568 2177 3753 2245 capitulo

2212 2266 2356 2322 hanc
2389 2267 2776 2341 negligentiam
2803 2271 3119 2340 pulilicabit.
3157 2272 3212 2325 Si
3250 2286 3380 2325 vero
3404 2285 3563 2338 quem
3587 2270 3665 2335 ibi,
3689 2270 3752 2323 vel

2208 2356 2272 2410 ad
2305 2358 2665 2425 necessarias,
2698 2376 2833 2429 quas
2868 2371 2992 2417 tunc
3054 2362 3221 2417 etiam
3271 2360 3755 2431 perlustrant,dor-

2212 2453 2467 2506 talentem
2497 2453 2787 2521 invenerit,
2843 2472 2967 2511 cum
3018 2454 3201 2509 sonitu
3258 2456 3547 2511 excitabit.
3601 2455 3755 2509 Deinde

2211 2543 2532 2598 iudirectum
2556 2561 2653 2616 per
2698 2548 2963 2603 minorem
3019 2550 3248 2604 chorum
3288 2548 3343 2610 in
3396 2548 3679 2603 sacristiam
3703 2550 3756 2601 ad

2212 2636 2387 2692 lectos
2412 2642 2699 2694 custodum
2729 2642 2973 2697 ccclesiw
3005 2642 3172 2707 vadit,
3194 2653 3249 2696 et
3281 2640 3356 2697 ibi
3381 2641 3623 2721 similiter
3641 2640 3756 2703 facit,

2208 2737 2262 2783 et
2290 2726 2388 2800 per
2411 2732 2655 2786 eamdem
2689 2734 2831 2787 viam
2865 2735 3101 2801 rediens,
3136 2745 3262 2788 tunc
3292 2735 3534 2803 primum
3571 2748 3665 2797 eos,
3686 2734 3757 2802 qui

2211 2818 2263 2872 in
2294 2820 2489 2875 minori
2535 2822 2726 2888 choro,
2755 2831 2810 2878 ct
2849 2824 3345 2893 ubicunqneextra
3393 2824 3615 2878 chorum
3655 2823 3761 2878 resi—

2208 2912 2361 2977 dent,
2390 2913 2700 2984 perlustrat.
2747 2915 2802 2970 Si
2839 2917 3172 2972 dormientcs
3217 2916 3436 2987 aliquos
3460 2918 3649 2985 absque
3668 2932 3762 2969 san-

2209 3003 2370 3075 guine
2402 3006 2639 3062 minutos
2690 3009 2828 3079 (88),
2872 3009 3087 3074 viderit,
3126 3025 3221 3064 eos
3267 3025 3395 3065 cum
3424 3010 3669 3064 absconsa
3705 3009 3761 3061 ab

2210 3095 2437 3150 humero
2490 3113 2679 3152 eorum
2732 3099 2784 3153 in
2840 3115 2997 3154 muro
3036 3116 3255 3156 sursum
3300 3114 3505 3155 sonore
3560 3108 3703 3153 tracta
3736 3117 3759 3152 a

2210 3201 2404 3242 somno
2447 3190 2667 3243 excitat.
2723 3188 2781 3244 Si
2813 3190 3110 3244 litteratum
3146 3191 3291 3245 inter
3320 3206 3612 3245 conversos
3640 3206 3762 3259 aspe-
3854 3242 3855 3269 ἦ

2212 3281 2435 3344 xerit,ei
2466 3284 2731 3338 minorem
2762 3284 2989 3338 chorum
3017 3284 3083 3337 ad
3119 3283 3256 3337 alios
3292 3282 3571 3337 litteratos
3594 3284 3761 3337 intrare

2211 3370 2412 3437 innuit,
2438 3382 2493 3426 et
2543 3373 2587 3427 si
2621 3388 2870 3445 prompte
2900 3376 2946 3429 ei
3002 3391 3111 3429 non
3159 3374 3456 3441 obedierit,
3518 3376 3593 3429 vel
3632 3375 3759 3429 talem

2211 3461 2606 3528 iulirmitatem,
2639 3480 2760 3535 qum
2794 3481 2917 3520 eum
2960 3467 3027 3520 ab
3060 3466 3164 3521 hoc
3214 3466 3503 3537 impediat,
3533 3483 3628 3520 non
3662 3467 3761 3521 insi-

2210 3554 2479 3620 nuaverit,
2508 3556 2558 3610 in
2602 3556 2843 3627 capitulo
2876 3572 2999 3610 eum
3028 3556 3367 3613 inclamabit.
3398 3558 3459 3613 Si
3481 3574 3759 3613 conversum

2202 3647 2564 3721 valentiorem
2618 3665 2648 3703 a
2704 3650 2818 3705 suis
2866 3652 3215 3719 comparibus
3263 3662 3611 3721 segregatum
3653 3651 3761 3703 iutct’
3854 3696 3855 3709 χ

2211 3739 2595 3796 imbecilliores
2647 3740 2959 3807 olfcnderit,
3006 3743 3060 3795 in
3110 3741 3392 3796 remotiori
3430 3753 3582 3812 parte
3618 3740 3761 3809 aliqua

2209 3833 2563 3900 occultatum,
2616 3836 2684 3890 ad
2716 3836 2852 3890 alios
2902 3849 3194 3890 conversos
3232 3834 3347 3905 (89)
3400 3833 3535 3888 facit
3564 3835 3652 3897 ire,
3689 3833 3760 3903 qui

2210 3936 2335 3980 sunt
2359 3926 2408 3979 in
2441 3927 2701 3981 exteriori
2728 3926 2950 3997 parietis
2978 3936 3132 3995 parte
3160 3926 3227 3979 ad
3256 3927 3518 3980 dextrum
3546 3925 3761 3979 chorum:
3854 3974 3855 3991 η

2210 4018 2254 4071 si
2292 4028 2467 4075 tmnen
2503 4021 2645 4075 inter
2688 4036 2783 4075 eos
2811 4020 3009 4090 poterit
3039 4020 3239 4075 habere
3289 4019 3475 4075 locum
3502 4035 3518 4085 ;
3550 4019 3618 4073 ibi
3640 4033 3764 4072 naut-
3854 4068 3855 4079 χ

2209 4125 2315 4179 que
2359 4114 2493 4167 ordo
2537 4122 2620 4169 est
2664 4114 2914 4168 sedilium
2963 4114 3107 4168 sicut
3142 4122 3197 4168 et
3243 4112 3386 4169 infra
3440 4112 3673 4167 chorum.
3715 4111 3766 4165 Et

2210 4203 2524 4276 quicunque
2573 4204 2862 4261 validiores
2913 4208 3159 4262 conversi
3193 4221 3304 4277 pra:
3357 4206 3689 4264 multitudine
3724 4206 3763 4258 ia

2212 4300 2377 4355 choro
2411 4296 2931 4353 consuetudinaliter
2957 4312 3079 4353 esse
3103 4314 3210 4352 non
3239 4298 3447 4368 valent,
3472 4316 3594 4356 cum
3613 4299 3765 4355 eadem

2215 4392 2527 4461 disciplina,
2554 4406 2675 4462 qua:
2715 4392 2972 4460 interius,
2999 4393 3194 4448 stando
3215 4392 3296 4447 vel
3323 4393 3587 4458 sedendo,
3611 4401 3661 4448 et
3690 4390 3765 4463 ipsi

2216 4484 2496 4550 exterius;
2530 4484 2645 4540 sed
2680 4484 2735 4540 in
2760 4483 2876 4539 solo
2899 4484 3139 4554 ejusdem
3167 4485 3396 4555 parietis
3423 4486 3634 4549 ordine,
3677 4498 3764 4539 ma-
3854 4526 3855 4533 η

2217 4586 2367 4632 neut.
2399 4576 2456 4632 Si
2498 4578 2590 4648 qui
2636 4587 2765 4632 vero
2807 4579 2987 4632 adhuc
3030 4587 3344 4650 supersunt,
3379 4578 3681 4648 ubicunque
3710 4575 3768 4629 eis

2213 4672 2415 4743 placet,
2452 4673 2746 4728 stationem
2781 4672 2883 4727 sibi
2907 4671 3130 4744 eligant,
3156 4688 3263 4727 non
3306 4672 3765 4742 constringuntur;

2215 4782 2339 4822 nam
2395 4765 2556 4821 simul
2615 4766 2806 4820 sedere
2870 4780 2979 4819 non
3040 4765 3425 4835 prohibentur.
3488 4764 3768 4832 Quicunque

2214 4866 2380 4912 tanta:
2408 4856 2512 4911 sibi
2542 4854 2872 4910 fortitudinis
2897 4856 3099 4910 conscii
3154 4864 3302 4922 sunt,
3359 4871 3459 4909 sua
3494 4863 3769 4924 spontepa‘

2215 4949 2335 5003 rieti
2358 4949 2684 5020 junguntur.
2710 4948 2809 5016 Qui
2841 4963 2970 5003 vero
2997 4949 3064 5003 ad
3091 4949 3191 5004 hoc
3216 4949 3330 5003 suis
3355 4949 3565 5003 viribus
3592 4944 3766 5005 diﬂiilllt

2217 5041 2261 5093 is
2286 5041 2419 5095 alios
2454 5041 2561 5094 illic
2588 5049 2735 5095 stare
2779 5057 2883 5094 non
2911 5040 3166 5110 negligct.
3200 5038 3476 5110 Quidquid
3503 5040 3573 5093 ab
3595 5038 3769 5107 aliquo-

2213 5136 2343 5191 libet
2369 5152 2555 5191 eorum
2590 5134 2690 5189 sibi
2722 5137 2902 5206 agitur
2926 5134 3102 5189 ordini
3152 5135 3514 5199 contrarium,
3541 5136 3605 5186 ad
3646 5131 3767 5191 alios,

2212 5241 2269 5285 et
2293 5231 2529 5286 maxime
2573 5231 2639 5283 ad
2692 5231 3010 5297 praedictum
3055 5228 3380 5283 circatorcm
3440 5230 3676 5298 pertinet
3711 5236 3769 5275 rc-

2214 5325 2356 5380 fcrre
2375 5326 2444 5380 ad
2470 5326 2789 5396 capitulum.
2818 5323 2920 5389 Qui
2954 5323 3117 5392 (sicut
3145 5322 3349 5376 dictum
3377 5321 3487 5391 est)
3520 5331 3767 5389 postquam

2212 5432 2275 5472 ea
2299 5433 2418 5488 quae
2438 5428 2593 5473 extra
2623 5419 2848 5472 chorum
2880 5424 3007 5471 sunt
3033 5429 3156 5468 cum
3188 5413 3456 5467 absconsa
3507 5412 3770 5482 perlustra-

2214 5512 2377 5580 verit,
2407 5513 2475 5566 ad
2504 5512 2676 5566 altare
2715 5509 2856 5581 quod
2897 5507 3053 5577 juxta
3079 5507 3276 5560 ostium
3301 5506 3554 5561 ecclesia:
3580 5514 3659 5558 est
3679 5516 3767 5555 eam

2211 5606 2386 5678 ponit,
2418 5605 2593 5661 donec
2616 5605 2812 5659 iterum
2839 5601 2907 5656 ad
2934 5601 3069 5657 duos
3099 5608 3376 5654 extremos
3411 5597 3670 5653 secundae
3691 5593 3769 5646 No-
3798 5678 3803 5681 Δ

2285 5718 2398 5790 (89)
2440 5718 2585 5774 Laici
2627 5715 2915 5794 monachi,
2944 5712 3101 5794 laicis
3151 5711 3473 5794 exercitiis,‘
3506 5720 3568 5794 et
3620 5722 3769 5765 monac

2216 5781 2440 5847 chorum
2480 5790 2755 5859 obscquiis
2796 5784 2997 5843 addicti
3037 5783 3263 5839 conversi
3296 5781 3661 5854 appellantur.
