  <div class='ocr_page' id='page_1' title='image "/cluster/home/n/w/nwhite01/storage/ocr_20150623/150/hvd.32044015473788/484.png"; bbox 0 0 3890 6314; ppageno 0'>
   <div class='ocr_carea' id='block_1_1' title="bbox 39 373 2166 449">
    <p class='ocr_par' dir='ltr' id='par_1_1' title="bbox 39 373 2166 449">
     <span class='ocr_line' id='line_1_1' title="bbox 39 373 2166 449; baseline 0.006 -24"><span class='ocrx_word' id='word_1_1' title='bbox 39 394 93 449; x_wconf 57' lang='grc' dir='ltr'><strong>κη</strong></span> <span class='ocrx_word' id='word_1_2' title='bbox 995 377 1009 386; x_wconf 67' lang='grc'><strong><em>⁷</em></strong></span> <span class='ocrx_word' id='word_1_3' title='bbox 1051 376 1468 438; x_wconf 81' lang='lat' dir='ltr'><strong>CONSTITUT.</strong></span> <span class='ocrx_word' id='word_1_4' title='bbox 1499 373 1827 436; x_wconf 70' lang='lat' dir='ltr'><strong>illllSAUG.</strong></span> <span class='ocrx_word' id='word_1_5' title='bbox 1854 409 1923 421; x_wconf 81' lang='lat'><strong>-</strong></span> <span class='ocrx_word' id='word_1_6' title='bbox 1963 380 2090 437; x_wconf 86' lang='lat' dir='ltr'><strong>LIB.</strong></span> <span class='ocrx_word' id='word_1_7' title='bbox 2124 382 2166 437; x_wconf 87' lang='grc'><strong>1.</strong></span> 
     </span>
    </p>
   </div>
   <div class='ocr_carea' id='block_1_2' title="bbox 3137 392 3241 449">
    <p class='ocr_par' dir='ltr' id='par_1_2' title="bbox 3137 392 3241 449">
     <span class='ocr_line' id='line_1_2' title="bbox 3137 392 3241 449; baseline -0.01 -1"><span class='ocrx_word' id='word_1_8' title='bbox 3137 392 3241 449; x_wconf 62' lang='grc' dir='ltr'><strong>Ωΐὶὶ</strong></span> 
     </span>
    </p>
   </div>
   <div class='ocr_carea' id='block_1_3' title="bbox 40 491 3236 576">
    <p class='ocr_par' dir='ltr' id='par_1_3' title="bbox 40 491 3236 576">
     <span class='ocr_line' id='line_1_3' title="bbox 40 491 3236 576; baseline 0 -15"><span class='ocrx_word' id='word_1_9' title='bbox 40 514 287 569; x_wconf 79' lang='lat' dir='ltr'><strong>:nutne,et</strong></span> <span class='ocrx_word' id='word_1_10' title='bbox 332 505 396 558; x_wconf 79' lang='lat' dir='ltr'><strong>ad</strong></span> <span class='ocrx_word' id='word_1_11' title='bbox 429 501 673 558; x_wconf 84' lang='lat' dir='ltr'><strong>ultimum</strong></span> <span class='ocrx_word' id='word_1_12' title='bbox 721 499 774 555; x_wconf 90' lang='lat' dir='ltr'><strong>in</strong></span> <span class='ocrx_word' id='word_1_13' title='bbox 806 498 1087 553; x_wconf 84' lang='lat' dir='ltr'><strong>Matutinis</strong></span> <span class='ocrx_word' id='word_1_14' title='bbox 1140 500 1378 566; x_wconf 85' lang='lat' dir='ltr'><strong>psalmos</strong></span> <span class='ocrx_word' id='word_1_15' title='bbox 1427 506 1549 548; x_wconf 86' lang='lat' dir='ltr'><strong>cum</strong></span> <span class='ocrx_word' id='word_1_16' title='bbox 1579 492 1630 554; x_wconf 73' lang='grc' dir='ltr'>Α</span> <span class='ocrx_word' id='word_1_17' title='bbox 1659 491 1856 550; x_wconf 90' lang='lat' dir='ltr'><strong>stando</strong></span> <span class='ocrx_word' id='word_1_18' title='bbox 1877 494 1959 549; x_wconf 89' lang='lat' dir='ltr'><strong>vel</strong></span> <span class='ocrx_word' id='word_1_19' title='bbox 1985 496 2393 566; x_wconf 89' lang='lat' dir='ltr'><strong>procumbendo</strong></span> <span class='ocrx_word' id='word_1_20' title='bbox 2412 503 2624 569; x_wconf 87' lang='lat' dir='ltr'><strong>orandi,</strong></span> <span class='ocrx_word' id='word_1_21' title='bbox 2649 502 2867 561; x_wconf 87' lang='lat' dir='ltr'><strong>interim</strong></span> <span class='ocrx_word' id='word_1_22' title='bbox 2925 504 3052 560; x_wconf 89' lang='lat' dir='ltr'><strong>dum</strong></span> <span class='ocrx_word' id='word_1_23' title='bbox 3098 523 3236 576; x_wconf 80' lang='lat' dir='ltr'><strong>pra:-</strong></span> 
     </span>
    </p>
   </div>
   <div class='ocr_carea' id='block_1_4' title="bbox 40 586 1550 661">
    <p class='ocr_par' dir='ltr' id='par_1_4' title="bbox 40 586 1550 661">
     <span class='ocr_line' id='line_1_4' title="bbox 40 586 1550 661; baseline -0.009 -6"><span class='ocrx_word' id='word_1_24' title='bbox 40 618 72 655; x_wconf 64' lang='grc' dir='ltr'><strong>εει</strong></span> <span class='ocrx_word' id='word_1_25' title='bbox 90 598 410 654; x_wconf 86' lang='lat' dir='ltr'><strong>circationent</strong></span> <span class='ocrx_word' id='word_1_26' title='bbox 443 596 590 651; x_wconf 83' lang='lat' dir='ltr'><strong>facit.</strong></span> <span class='ocrx_word' id='word_1_27' title='bbox 620 593 730 649; x_wconf 87' lang='lat' dir='ltr'><strong>Sed</strong></span> <span class='ocrx_word' id='word_1_28' title='bbox 764 603 893 648; x_wconf 91' lang='lat' dir='ltr'><strong>tunc</strong></span> <span class='ocrx_word' id='word_1_29' title='bbox 920 591 1156 661; x_wconf 90' lang='lat' dir='ltr'><strong>primum</strong></span> <span class='ocrx_word' id='word_1_30' title='bbox 1211 588 1278 642; x_wconf 88' lang='lat' dir='ltr'><strong>ad</strong></span> <span class='ocrx_word' id='word_1_31' title='bbox 1310 587 1431 641; x_wconf 90' lang='lat' dir='ltr'><strong>illos</strong></span> <span class='ocrx_word' id='word_1_32' title='bbox 1458 586 1550 657; x_wconf 99' lang='lat' dir='ltr'><strong>qui</strong></span> 
     </span>
    </p>
   </div>
   <div class='ocr_carea' id='block_1_5' title="bbox 44 678 1553 754">
    <p class='ocr_par' dir='ltr' id='par_1_5' title="bbox 44 678 1553 754">
     <span class='ocr_line' id='line_1_5' title="bbox 44 678 1553 754; baseline -0.007 -10"><span class='ocrx_word' id='word_1_33' title='bbox 44 710 66 745; x_wconf 90' lang='lat' dir='ltr'><strong>n</strong></span> <span class='ocrx_word' id='word_1_34' title='bbox 88 690 254 744; x_wconf 87' lang='lat' dir='ltr'><strong>minori</strong></span> <span class='ocrx_word' id='word_1_35' title='bbox 275 690 440 744; x_wconf 88' lang='lat' dir='ltr'><strong>choro</strong></span> <span class='ocrx_word' id='word_1_36' title='bbox 491 695 635 753; x_wconf 88' lang='lat' dir='ltr'><strong>sunt,</strong></span> <span class='ocrx_word' id='word_1_37' title='bbox 667 685 863 740; x_wconf 88' lang='lat' dir='ltr'><strong>deinde</strong></span> <span class='ocrx_word' id='word_1_38' title='bbox 922 698 1045 740; x_wconf 88' lang='lat' dir='ltr'><strong>eum</strong></span> <span class='ocrx_word' id='word_1_39' title='bbox 1077 680 1451 754; x_wconf 87' lang='lat' dir='ltr'><strong>pertransiens</strong></span> <span class='ocrx_word' id='word_1_40' title='bbox 1480 678 1553 734; x_wconf 89' lang='lat' dir='ltr'><strong>si-</strong></span> 
     </span>
    </p>
   </div>
   <div class='ocr_carea' id='block_1_6' title="bbox 40 772 1551 846">
    <p class='ocr_par' dir='ltr' id='par_1_6' title="bbox 40 772 1551 846">
     <span class='ocr_line' id='line_1_6' title="bbox 40 772 1551 846; baseline -0.005 -11"><span class='ocrx_word' id='word_1_41' title='bbox 40 784 296 837; x_wconf 75' lang='lat' dir='ltr'><strong>tistrorsum</strong></span> <span class='ocrx_word' id='word_1_42' title='bbox 352 781 417 834; x_wconf 87' lang='lat' dir='ltr'><strong>ad</strong></span> <span class='ocrx_word' id='word_1_43' title='bbox 472 780 558 834; x_wconf 88' lang='lat' dir='ltr'><strong>illa</strong></span> <span class='ocrx_word' id='word_1_44' title='bbox 594 778 809 843; x_wconf 87' lang='lat' dir='ltr'><strong>altaria,</strong></span> <span class='ocrx_word' id='word_1_45' title='bbox 844 777 1151 845; x_wconf 78' lang='lat' dir='ltr'><strong>iterumque</strong></span> <span class='ocrx_word' id='word_1_46' title='bbox 1179 788 1276 846; x_wconf 91' lang='lat' dir='ltr'><strong>per</strong></span> <span class='ocrx_word' id='word_1_47' title='bbox 1300 772 1551 828; x_wconf 85' lang='lat' dir='ltr'><strong>eamdem</strong></span> 
     </span>
    </p>
   </div>
   <div class='ocr_carea' id='block_1_7' title="bbox 40 868 1557 941">
    <p class='ocr_par' dir='ltr' id='par_1_7' title="bbox 40 868 1557 941">
     <span class='ocr_line' id='line_1_7' title="bbox 40 868 1557 941; baseline -0.004 -17"><span class='ocrx_word' id='word_1_48' title='bbox 40 875 136 926; x_wconf 77' lang='lat' dir='ltr'><strong>tiam</strong></span> <span class='ocrx_word' id='word_1_49' title='bbox 164 872 362 927; x_wconf 87' lang='lat' dir='ltr'><strong>rediens</strong></span> <span class='ocrx_word' id='word_1_50' title='bbox 391 871 457 925; x_wconf 89' lang='lat' dir='ltr'><strong>ad</strong></span> <span class='ocrx_word' id='word_1_51' title='bbox 508 886 621 934; x_wconf 91' lang='lat' dir='ltr'><strong>eos,</strong></span> <span class='ocrx_word' id='word_1_52' title='bbox 652 869 743 941; x_wconf 85' lang='lat' dir='ltr'><strong>qui</strong></span> <span class='ocrx_word' id='word_1_53' title='bbox 800 877 957 925; x_wconf 79' lang='lat' dir='ltr'><strong>extra</strong></span> <span class='ocrx_word' id='word_1_54' title='bbox 988 868 1216 923; x_wconf 90' lang='lat' dir='ltr'><strong>chorum</strong></span> <span class='ocrx_word' id='word_1_55' title='bbox 1247 879 1557 936; x_wconf 87' lang='lat' dir='ltr'><strong>usquequa-</strong></span> 
     </span>
    </p>
   </div>
   <div class='ocr_carea' id='block_1_8' title="bbox 40 960 1557 1037">
    <p class='ocr_par' dir='ltr' id='par_1_8' title="bbox 40 960 1557 1037">
     <span class='ocr_line' id='line_1_8' title="bbox 40 960 1557 1037; baseline -0.005 -17"><span class='ocrx_word' id='word_1_56' title='bbox 40 982 111 1037; x_wconf 76' lang='lat' dir='ltr'><strong>que</strong></span> <span class='ocrx_word' id='word_1_57' title='bbox 134 975 260 1021; x_wconf 90' lang='lat' dir='ltr'><strong>sunt.</strong></span> <span class='ocrx_word' id='word_1_58' title='bbox 303 965 428 1021; x_wconf 59' lang='lat' dir='ltr'><strong>Haec</strong></span> <span class='ocrx_word' id='word_1_59' title='bbox 456 975 636 1020; x_wconf 88' lang='lat' dir='ltr'><strong>autem</strong></span> <span class='ocrx_word' id='word_1_60' title='bbox 696 965 966 1019; x_wconf 87' lang='lat' dir='ltr'><strong>absconsa</strong></span> <span class='ocrx_word' id='word_1_61' title='bbox 1011 978 1117 1018; x_wconf 94' lang='lat' dir='ltr'><strong>non</strong></span> <span class='ocrx_word' id='word_1_62' title='bbox 1157 970 1242 1016; x_wconf 85' lang='lat' dir='ltr'><strong>est</strong></span> <span class='ocrx_word' id='word_1_63' title='bbox 1293 960 1405 1025; x_wconf 91' lang='lat' dir='ltr'><strong>illa,</strong></span> <span class='ocrx_word' id='word_1_64' title='bbox 1434 973 1557 1015; x_wconf 89' lang='lat' dir='ltr'><strong>eum</strong></span> 
     </span>
    </p>
   </div>
   <div class='ocr_carea' id='block_1_9' title="bbox 40 1050 1560 1128">
    <p class='ocr_par' dir='ltr' id='par_1_9' title="bbox 40 1050 1560 1128">
     <span class='ocr_line' id='line_1_9' title="bbox 40 1050 1560 1128; baseline -0.005 -16"><span class='ocrx_word' id='word_1_65' title='bbox 40 1073 114 1127; x_wconf 76' lang='lat' dir='ltr'><strong>qua</strong></span> <span class='ocrx_word' id='word_1_66' title='bbox 159 1059 341 1121; x_wconf 87' lang='lat' dir='ltr'><strong>chorus</strong></span> <span class='ocrx_word' id='word_1_67' title='bbox 387 1058 757 1128; x_wconf 89' lang='lat' dir='ltr'><strong>perlustratur</strong></span> <span class='ocrx_word' id='word_1_68' title='bbox 804 1057 949 1111; x_wconf 90' lang='lat' dir='ltr'><strong>inter</strong></span> <span class='ocrx_word' id='word_1_69' title='bbox 995 1054 1255 1111; x_wconf 91' lang='lat' dir='ltr'><strong>lectiones</strong></span> <span class='ocrx_word' id='word_1_70' title='bbox 1302 1054 1400 1109; x_wconf 86' lang='lat' dir='ltr'><strong>sed</strong></span> <span class='ocrx_word' id='word_1_71' title='bbox 1447 1050 1560 1119; x_wconf 90' lang='lat' dir='ltr'><strong>illa,</strong></span> 
     </span>
    </p>
   </div>
   <div class='ocr_carea' id='block_1_10' title="bbox 39 1145 1566 1222">
    <p class='ocr_par' dir='ltr' id='par_1_10' title="bbox 39 1145 1566 1222">
     <span class='ocr_line' id='line_1_10' title="bbox 39 1145 1566 1222; baseline -0.003 -19"><span class='ocrx_word' id='word_1_72' title='bbox 39 1167 159 1222; x_wconf 83' lang='lat' dir='ltr'><strong>quam</strong></span> <span class='ocrx_word' id='word_1_73' title='bbox 201 1150 498 1205; x_wconf 84' lang='lat' dir='ltr'><strong>claustralis</strong></span> <span class='ocrx_word' id='word_1_74' title='bbox 539 1150 689 1220; x_wconf 88' lang='lat' dir='ltr'><strong>prior</strong></span> <span class='ocrx_word' id='word_1_75' title='bbox 737 1158 860 1219; x_wconf 88' lang='lat' dir='ltr'><strong>post</strong></span> <span class='ocrx_word' id='word_1_76' title='bbox 912 1146 1337 1217; x_wconf 88' lang='lat' dir='ltr'><strong>Completorium</strong></span> <span class='ocrx_word' id='word_1_77' title='bbox 1386 1145 1566 1217; x_wconf 77' lang='lat' dir='ltr'><strong>posuit</strong></span> 
     </span>
    </p>
   </div>
   <div class='ocr_carea' id='block_1_11' title="bbox 39 1235 1565 1313">
    <p class='ocr_par' dir='ltr' id='par_1_11' title="bbox 39 1235 1565 1313">
     <span class='ocr_line' id='line_1_11' title="bbox 39 1235 1565 1313; baseline -0.005 -16"><span class='ocrx_word' id='word_1_78' title='bbox 39 1244 150 1313; x_wconf 79' lang='lat' dir='ltr'><strong>iuxta</strong></span> <span class='ocrx_word' id='word_1_79' title='bbox 173 1242 337 1297; x_wconf 85' lang='lat' dir='ltr'><strong>lumen</strong></span> <span class='ocrx_word' id='word_1_80' title='bbox 368 1243 513 1312; x_wconf 88' lang='lat' dir='ltr'><strong>quod</strong></span> <span class='ocrx_word' id='word_1_81' title='bbox 538 1242 916 1296; x_wconf 85' lang='lat' dir='ltr'><strong>dormitorium</strong></span> <span class='ocrx_word' id='word_1_82' title='bbox 938 1248 994 1294; x_wconf 87' lang='lat' dir='ltr'><strong>et</strong></span> <span class='ocrx_word' id='word_1_83' title='bbox 1017 1239 1161 1294; x_wconf 85' lang='lat' dir='ltr'><strong>viam</strong></span> <span class='ocrx_word' id='word_1_84' title='bbox 1184 1236 1468 1293; x_wconf 78' lang='lat' dir='ltr'><strong>ducentem</strong></span> <span class='ocrx_word' id='word_1_85' title='bbox 1498 1235 1565 1290; x_wconf 90' lang='lat' dir='ltr'><strong>ad</strong></span> 
     </span>
    </p>
   </div>
   <div class='ocr_carea' id='block_1_12' title="bbox 40 1335 653 1402">
    <p class='ocr_par' dir='ltr' id='par_1_12' title="bbox 40 1335 653 1402">
     <span class='ocr_line' id='line_1_12' title="bbox 40 1335 653 1402; baseline 0 -12"><span class='ocrx_word' id='word_1_86' title='bbox 40 1335 336 1402; x_wconf 83' lang='lat' dir='ltr'><strong>necessarias,</strong></span> <span class='ocrx_word' id='word_1_87' title='bbox 365 1335 653 1390; x_wconf 84' lang='lat' dir='ltr'><strong>illuminat.</strong></span> 
     </span>
    </p>
   </div>
   <div class='ocr_carea' id='block_1_13' title="bbox 528 1447 989 1506">
    <p class='ocr_par' dir='ltr' id='par_1_13' title="bbox 528 1447 989 1506">
     <span class='ocr_line' id='line_1_13' title="bbox 528 1447 989 1506; baseline -0.009 0"><span class='ocrx_word' id='word_1_88' title='bbox 528 1448 758 1506; x_wconf 84' lang='lat' dir='ltr'><strong>CAPUT</strong></span> <span class='ocrx_word' id='word_1_89' title='bbox 794 1447 989 1505; x_wconf 77' lang='lat' dir='ltr'><strong>XXIX.</strong></span> 
     </span>
    </p>
   </div>
   <div class='ocr_carea' id='block_1_14' title="bbox 43 1538 1568 1612">
    <p class='ocr_par' dir='ltr' id='par_1_14' title="bbox 43 1538 1568 1612">
     <span class='ocr_line' id='line_1_14' title="bbox 43 1538 1568 1612; baseline -0.001 -20"><span class='ocrx_word' id='word_1_90' title='bbox 43 1539 259 1604; x_wconf 79' lang='lat' dir='ltr'><strong>Quomodo</strong></span> <span class='ocrx_word' id='word_1_91' title='bbox 292 1543 458 1612; x_wconf 74' lang='lat' dir='ltr'><strong>[mter</strong></span> <span class='ocrx_word' id='word_1_92' title='bbox 500 1560 554 1599; x_wconf 80' lang='lat' dir='ltr'><strong>se</strong></span> <span class='ocrx_word' id='word_1_93' title='bbox 598 1545 784 1597; x_wconf 76' lang='lat' dir='ltr'><strong>habent</strong></span> <span class='ocrx_word' id='word_1_94' title='bbox 837 1542 982 1612; x_wconf 78' lang='lat' dir='ltr'><strong>infra</strong></span> <span class='ocrx_word' id='word_1_95' title='bbox 1011 1538 1264 1609; x_wconf 78' lang='lat' dir='ltr'><strong>psalmos,</strong></span> <span class='ocrx_word' id='word_1_96' title='bbox 1314 1538 1402 1611; x_wconf 82' lang='lat' dir='ltr'><strong>qui</strong></span> <span class='ocrx_word' id='word_1_97' title='bbox 1452 1546 1568 1607; x_wconf 77' lang='lat' dir='ltr'><strong>post</strong></span> 
     </span>
    </p>
   </div>
   <div class='ocr_carea' id='block_1_15' title="bbox 334 1612 1245 1681">
    <p class='ocr_par' dir='ltr' id='par_1_15' title="bbox 334 1612 1245 1681">
     <span class='ocr_line' id='line_1_15' title="bbox 334 1612 1245 1681; baseline 0.002 -18"><span class='ocrx_word' id='word_1_98' title='bbox 334 1615 614 1681; x_wconf 75' lang='lat' dir='ltr'><strong>prtediclas</strong></span> <span class='ocrx_word' id='word_1_99' title='bbox 638 1615 902 1668; x_wconf 78' lang='lat' dir='ltr'><strong>orationes</strong></span> <span class='ocrx_word' id='word_1_100' title='bbox 933 1612 1245 1666; x_wconf 81' lang='lat' dir='ltr'><strong>recitantur.</strong></span> 
     </span>
    </p>
   </div>
   <div class='ocr_carea' id='block_1_16' title="bbox 94 1699 1625 1773">
    <p class='ocr_par' dir='ltr' id='par_1_16' title="bbox 94 1699 1625 1773">
     <span class='ocr_line' id='line_1_16' title="bbox 94 1699 1625 1773; baseline -0.002 -17"><span class='ocrx_word' id='word_1_101' title='bbox 94 1700 519 1773; x_wconf 70' lang='lat' dir='ltr'><strong>Postprazdictas</strong></span> <span class='ocrx_word' id='word_1_102' title='bbox 563 1714 675 1760; x_wconf 88' lang='lat' dir='ltr'><strong>tres</strong></span> <span class='ocrx_word' id='word_1_103' title='bbox 733 1704 1012 1759; x_wconf 73' lang='lat' dir='ltr'><strong>orationes</strong></span> <span class='ocrx_word' id='word_1_104' title='bbox 1060 1702 1363 1757; x_wconf 89' lang='lat' dir='ltr'><strong>recitantur</strong></span> <span class='ocrx_word' id='word_1_105' title='bbox 1413 1699 1572 1770; x_wconf 88' lang='lat' dir='ltr'><strong>quin-</strong></span> <span class='ocrx_word' id='word_1_106' title='bbox 1620 1770 1625 1773; x_wconf 95' lang='lat'>_</span> 
     </span>
    </p>
   </div>
   <div class='ocr_carea' id='block_1_17' title="bbox 47 1793 1567 1867">
    <p class='ocr_par' dir='ltr' id='par_1_17' title="bbox 47 1793 1567 1867">
     <span class='ocr_line' id='line_1_17' title="bbox 47 1793 1567 1867; baseline 0.001 -23"><span class='ocrx_word' id='word_1_107' title='bbox 47 1793 179 1847; x_wconf 74' lang='lat' dir='ltr'><strong>decim</strong></span> <span class='ocrx_word' id='word_1_108' title='bbox 198 1793 405 1850; x_wconf 82' lang='lat' dir='ltr'><strong>Gradus</strong></span> <span class='ocrx_word' id='word_1_109' title='bbox 441 1798 526 1851; x_wconf 74' lang='lat' dir='ltr'><strong>vel</strong></span> <span class='ocrx_word' id='word_1_110' title='bbox 584 1794 803 1867; x_wconf 78' lang='lat' dir='ltr'><strong>triginta</strong></span> <span class='ocrx_word' id='word_1_111' title='bbox 854 1794 1071 1865; x_wconf 82' lang='lat' dir='ltr'><strong>psalmi,</strong></span> <span class='ocrx_word' id='word_1_112' title='bbox 1098 1794 1141 1849; x_wconf 90' lang='lat' dir='ltr'><strong>si</strong></span> <span class='ocrx_word' id='word_1_113' title='bbox 1174 1793 1295 1849; x_wconf 86' lang='lat' dir='ltr'><strong>talis</strong></span> <span class='ocrx_word' id='word_1_114' title='bbox 1323 1801 1406 1847; x_wconf 89' lang='lat' dir='ltr'><strong>est</strong></span> <span class='ocrx_word' id='word_1_115' title='bbox 1432 1793 1567 1857; x_wconf 87' lang='lat' dir='ltr'><strong>dies,</strong></span> 
     </span>
    </p>
   </div>
   <div class='ocr_carea' id='block_1_18' title="bbox 1659 583 3245 665">
    <p class='ocr_par' dir='ltr' id='par_1_18' title="bbox 1659 583 3245 665">
     <span class='ocr_line' id='line_1_18' title="bbox 1659 583 3245 665; baseline 0.01 -26"><span class='ocrx_word' id='word_1_116' title='bbox 1659 583 1791 639; x_wconf 85' lang='lat' dir='ltr'><strong>dicti</strong></span> <span class='ocrx_word' id='word_1_117' title='bbox 1835 595 2133 643; x_wconf 88' lang='lat' dir='ltr'><strong>cantantur</strong></span> <span class='ocrx_word' id='word_1_118' title='bbox 2163 587 2387 656; x_wconf 85' lang='lat' dir='ltr'><strong>Psalmi,</strong></span> <span class='ocrx_word' id='word_1_119' title='bbox 2416 592 2587 650; x_wconf 77' lang='lat' dir='ltr'><strong>frater</strong></span> <span class='ocrx_word' id='word_1_120' title='bbox 2622 597 2712 665; x_wconf 88' lang='lat' dir='ltr'><strong>qui</strong></span> <span class='ocrx_word' id='word_1_121' title='bbox 2753 610 2972 653; x_wconf 86' lang='lat' dir='ltr'><strong>necesse</strong></span> <span class='ocrx_word' id='word_1_122' title='bbox 2994 599 3245 655; x_wconf 76' lang='lat' dir='ltr'><strong>habuerit</strong></span> 
     </span>
    </p>
   </div>
   <div class='ocr_carea' id='block_1_19' title="bbox 1655 677 3244 748">
    <p class='ocr_par' dir='ltr' id='par_1_19' title="bbox 1655 677 3244 748">
     <span class='ocr_line' id='line_1_19' title="bbox 1655 677 3244 748; baseline 0.011 -17"><span class='ocrx_word' id='word_1_123' title='bbox 1655 677 1724 732; x_wconf 79' lang='lat' dir='ltr'><strong>ad</strong></span> <span class='ocrx_word' id='word_1_124' title='bbox 1752 678 2128 737; x_wconf 84' lang='lat' dir='ltr'><strong>dormitorium</strong></span> <span class='ocrx_word' id='word_1_125' title='bbox 2184 683 2280 747; x_wconf 88' lang='lat' dir='ltr'><strong>ire,</strong></span> <span class='ocrx_word' id='word_1_126' title='bbox 2332 694 2387 739; x_wconf 85' lang='lat' dir='ltr'><strong>et</strong></span> <span class='ocrx_word' id='word_1_127' title='bbox 2429 687 2472 741; x_wconf 89' lang='lat' dir='ltr'><strong>si</strong></span> <span class='ocrx_word' id='word_1_128' title='bbox 2515 687 2744 744; x_wconf 84' lang='lat' dir='ltr'><strong>voluerit</strong></span> <span class='ocrx_word' id='word_1_129' title='bbox 2788 691 2839 744; x_wconf 89' lang='lat' dir='ltr'><strong>itt</strong></span> <span class='ocrx_word' id='word_1_130' title='bbox 2901 707 2964 746; x_wconf 87' lang='lat' dir='ltr'><strong>eo</strong></span> <span class='ocrx_word' id='word_1_131' title='bbox 3013 696 3244 748; x_wconf 84' lang='lat' dir='ltr'><strong>transitu</strong></span> 
     </span>
    </p>
   </div>
   <div class='ocr_carea' id='block_1_20' title="bbox 1661 769 3245 853">
    <p class='ocr_par' dir='ltr' id='par_1_20' title="bbox 1661 769 3245 853">
     <span class='ocr_line' id='line_1_20' title="bbox 1661 769 3245 853; baseline 0.009 -29"><span class='ocrx_word' id='word_1_132' title='bbox 1661 769 1898 827; x_wconf 84' lang='lat' dir='ltr'><strong>tabulam</strong></span> <span class='ocrx_word' id='word_1_133' title='bbox 1942 785 1997 830; x_wconf 91' lang='lat' dir='ltr'><strong>et</strong></span> <span class='ocrx_word' id='word_1_134' title='bbox 2044 776 2490 848; x_wconf 89' lang='lat' dir='ltr'><strong>antiphonarium</strong></span> <span class='ocrx_word' id='word_1_135' title='bbox 2537 781 2827 852; x_wconf 78' lang='lat' dir='ltr'><strong>inspicere,</strong></span> <span class='ocrx_word' id='word_1_136' title='bbox 2879 787 3096 853; x_wconf 85' lang='lat' dir='ltr'><strong>poterit.</strong></span> <span class='ocrx_word' id='word_1_137' title='bbox 3144 785 3245 853; x_wconf 88' lang='lat' dir='ltr'><strong>Qui</strong></span> 
     </span>
    </p>
   </div>
   <div class='ocr_carea' id='block_1_21' title="bbox 1660 867 3249 942">
    <p class='ocr_par' dir='ltr' id='par_1_21' title="bbox 1660 867 3249 942">
     <span class='ocr_line' id='line_1_21' title="bbox 1660 867 3249 942; baseline 0.009 -25"><span class='ocrx_word' id='word_1_138' title='bbox 1660 871 1864 932; x_wconf 91' lang='lat' dir='ltr'><strong>tamen,</strong></span> <span class='ocrx_word' id='word_1_139' title='bbox 1897 867 1944 921; x_wconf 89' lang='lat' dir='ltr'><strong>si</strong></span> <span class='ocrx_word' id='word_1_140' title='bbox 1969 868 2250 926; x_wconf 78' lang='lat' dir='ltr'><strong>itu-laniari</strong></span> <span class='ocrx_word' id='word_1_141' title='bbox 2292 871 2492 942; x_wconf 86' lang='lat' dir='ltr'><strong>aliquid</strong></span> <span class='ocrx_word' id='word_1_142' title='bbox 2520 874 2693 938; x_wconf 89' lang='lat' dir='ltr'><strong>timet,</strong></span> <span class='ocrx_word' id='word_1_143' title='bbox 2750 889 2871 931; x_wconf 82' lang='lat' dir='ltr'><strong>raro</strong></span> <span class='ocrx_word' id='word_1_144' title='bbox 2921 875 3022 930; x_wconf 87' lang='lat' dir='ltr'><strong>hoc</strong></span> <span class='ocrx_word' id='word_1_145' title='bbox 3069 876 3249 932; x_wconf 86' lang='lat' dir='ltr'><strong>facere</strong></span> 
     </span>
    </p>
   </div>
   <div class='ocr_carea' id='block_1_22' title="bbox 1660 964 3250 1035">
    <p class='ocr_par' dir='ltr' id='par_1_22' title="bbox 1660 964 3250 1035">
     <span class='ocr_line' id='line_1_22' title="bbox 1660 964 3250 1035; baseline 0.008 -24"><span class='ocrx_word' id='word_1_146' title='bbox 1660 971 2004 1031; x_wconf 84' lang='lat' dir='ltr'><strong>summopere</strong></span> <span class='ocrx_word' id='word_1_147' title='bbox 2030 964 2227 1019; x_wconf 86' lang='lat' dir='ltr'><strong>studet.</strong></span> <span class='ocrx_word' id='word_1_148' title='bbox 2256 965 2433 1019; x_wconf 82' lang='lat' dir='ltr'><strong>Alieni</strong></span> <span class='ocrx_word' id='word_1_149' title='bbox 2463 980 2592 1020; x_wconf 91' lang='lat' dir='ltr'><strong>vero</strong></span> <span class='ocrx_word' id='word_1_150' title='bbox 2636 979 2849 1028; x_wconf 89' lang='lat' dir='ltr'><strong>eorum,</strong></span> <span class='ocrx_word' id='word_1_151' title='bbox 2882 968 2970 1035; x_wconf 85' lang='lat' dir='ltr'><strong>qui</strong></span> <span class='ocrx_word' id='word_1_152' title='bbox 3024 968 3124 1021; x_wconf 89' lang='lat' dir='ltr'><strong>sub</strong></span> <span class='ocrx_word' id='word_1_153' title='bbox 3151 984 3250 1022; x_wconf 86' lang='lat' dir='ltr'><strong>eu-</strong></span> 
     </span>
    </p>
   </div>
   <div class='ocr_carea' id='block_1_23' title="bbox 1672 1050 3252 1128">
    <p class='ocr_par' dir='ltr' id='par_1_23' title="bbox 1672 1050 3252 1128">
     <span class='ocr_line' id='line_1_23' title="bbox 1672 1050 3252 1128; baseline 0.006 -24"><span class='ocrx_word' id='word_1_154' title='bbox 1672 1050 1849 1105; x_wconf 89' lang='lat' dir='ltr'><strong>stodia</strong></span> <span class='ocrx_word' id='word_1_155' title='bbox 1890 1052 2003 1125; x_wconf 74' lang='lat'><strong>(92)</strong></span> <span class='ocrx_word' id='word_1_156' title='bbox 2033 1067 2159 1109; x_wconf 93' lang='lat' dir='ltr'><strong>sunt</strong></span> <span class='ocrx_word' id='word_1_157' title='bbox 2185 1056 2366 1125; x_wconf 88' lang='lat' dir='ltr'><strong>positi,</strong></span> <span class='ocrx_word' id='word_1_158' title='bbox 2398 1070 2740 1128; x_wconf 79' lang='lat' dir='ltr'><strong>nequaquam</strong></span> <span class='ocrx_word' id='word_1_159' title='bbox 2768 1067 2896 1110; x_wconf 86' lang='lat' dir='ltr'><strong>tunc</strong></span> <span class='ocrx_word' id='word_1_160' title='bbox 2949 1058 3073 1111; x_wconf 84' lang='lat' dir='ltr'><strong>licet</strong></span> <span class='ocrx_word' id='word_1_161' title='bbox 3099 1074 3252 1128; x_wconf 46' lang='lat' dir='ltr'><strong>egre.</strong></span> 
     </span>
    </p>
   </div>
   <div class='ocr_carea' id='block_1_24' title="bbox 1664 1142 3254 1221">
    <p class='ocr_par' dir='ltr' id='par_1_24' title="bbox 1664 1142 3254 1221">
     <span class='ocr_line' id='line_1_24' title="bbox 1664 1142 3254 1221; baseline 0.004 -23"><span class='ocrx_word' id='word_1_162' title='bbox 1664 1142 1741 1206; x_wconf 89' lang='lat' dir='ltr'><strong>di,</strong></span> <span class='ocrx_word' id='word_1_163' title='bbox 1773 1146 1876 1203; x_wconf 88' lang='lat' dir='ltr'><strong>nisi</strong></span> <span class='ocrx_word' id='word_1_164' title='bbox 1912 1156 2020 1201; x_wconf 92' lang='lat' dir='ltr'><strong>tam</strong></span> <span class='ocrx_word' id='word_1_165' title='bbox 2070 1142 2400 1205; x_wconf 71' lang='lat' dir='ltr'><strong>inevitabilis</strong></span> <span class='ocrx_word' id='word_1_166' title='bbox 2448 1152 2749 1207; x_wconf 89' lang='lat' dir='ltr'><strong>necessitas</strong></span> <span class='ocrx_word' id='word_1_167' title='bbox 2799 1150 2846 1205; x_wconf 90' lang='lat' dir='ltr'><strong>ei</strong></span> <span class='ocrx_word' id='word_1_168' title='bbox 2894 1161 3116 1221; x_wconf 85' lang='lat' dir='ltr'><strong>repente</strong></span> <span class='ocrx_word' id='word_1_169' title='bbox 3168 1152 3254 1204; x_wconf 83' lang='lat' dir='ltr'><strong>in—</strong></span> 
     </span>
    </p>
   </div>
   <div class='ocr_carea' id='block_1_25' title="bbox 1667 1239 3257 1312">
    <p class='ocr_par' dir='ltr' id='par_1_25' title="bbox 1667 1239 3257 1312">
     <span class='ocr_line' id='line_1_25' title="bbox 1667 1239 3257 1312; baseline 0.003 -21"><span class='ocrx_word' id='word_1_170' title='bbox 1667 1248 1849 1307; x_wconf 77' lang='lat' dir='ltr'><strong>gruat,</strong></span> <span class='ocrx_word' id='word_1_171' title='bbox 1876 1255 1997 1309; x_wconf 65' lang='lat' dir='ltr'><strong>quae</strong></span> <span class='ocrx_word' id='word_1_172' title='bbox 2029 1239 2335 1295; x_wconf 88' lang='lat' dir='ltr'><strong>nullatenus</strong></span> <span class='ocrx_word' id='word_1_173' title='bbox 2364 1256 2538 1310; x_wconf 88' lang='lat' dir='ltr'><strong>usque</strong></span> <span class='ocrx_word' id='word_1_174' title='bbox 2567 1242 2634 1295; x_wconf 86' lang='lat' dir='ltr'><strong>ad</strong></span> <span class='ocrx_word' id='word_1_175' title='bbox 2662 1242 2824 1296; x_wconf 82' lang='lat' dir='ltr'><strong>linem</strong></span> <span class='ocrx_word' id='word_1_176' title='bbox 2849 1241 3088 1309; x_wconf 77' lang='lat' dir='ltr'><strong>ejusdem</strong></span> <span class='ocrx_word' id='word_1_177' title='bbox 3116 1243 3257 1312; x_wconf 80' lang='lat' dir='ltr'><strong>psal-</strong></span> 
     </span>
    </p>
   </div>
   <div class='ocr_carea' id='block_1_26' title="bbox 1670 1330 3259 1403">
    <p class='ocr_par' dir='ltr' id='par_1_26' title="bbox 1670 1330 3259 1403">
     <span class='ocr_line' id='line_1_26' title="bbox 1670 1330 3259 1403; baseline 0.002 -18"><span class='ocrx_word' id='word_1_178' title='bbox 1670 1332 1865 1386; x_wconf 72' lang='lat' dir='ltr'><strong>modia:</strong></span> <span class='ocrx_word' id='word_1_179' title='bbox 1921 1330 2125 1387; x_wconf 75' lang='lat' dir='ltr'><strong>diﬂerri</strong></span> <span class='ocrx_word' id='word_1_180' title='bbox 2173 1332 2372 1385; x_wconf 78' lang='lat' dir='ltr'><strong>valeat.</strong></span> <span class='ocrx_word' id='word_1_181' title='bbox 2438 1334 2883 1403; x_wconf 80' lang='lat' dir='ltr'><strong>Qttatnloeunqne</strong></span> <span class='ocrx_word' id='word_1_182' title='bbox 2914 1344 3092 1388; x_wconf 85' lang='lat' dir='ltr'><strong>autem</strong></span> <span class='ocrx_word' id='word_1_183' title='bbox 3146 1335 3259 1388; x_wconf 75' lang='lat' dir='ltr'><strong>htec</strong></span> 
     </span>
    </p>
   </div>
   <div class='ocr_carea' id='block_1_27' title="bbox 1670 1424 3256 1506">
    <p class='ocr_par' dir='ltr' id='par_1_27' title="bbox 1670 1424 3256 1506">
     <span class='ocr_line' id='line_1_27' title="bbox 1670 1424 3256 1506; baseline 0.003 -29"><span class='ocrx_word' id='word_1_184' title='bbox 1670 1426 2045 1493; x_wconf 79' lang='lat' dir='ltr'><strong>superveniat,</strong></span> <span class='ocrx_word' id='word_1_185' title='bbox 2084 1424 2235 1506; x_wconf 76' lang='lat' dir='ltr'><strong>prius</strong></span> <span class='ocrx_word' id='word_1_186' title='bbox 2264 1434 2442 1479; x_wconf 84' lang='lat' dir='ltr'><strong>tamen</strong></span> <span class='ocrx_word' id='word_1_187' title='bbox 2466 1424 2534 1479; x_wconf 90' lang='lat' dir='ltr'><strong>de</strong></span> <span class='ocrx_word' id='word_1_188' title='bbox 2587 1426 2757 1481; x_wconf 89' lang='lat' dir='ltr'><strong>choro</strong></span> <span class='ocrx_word' id='word_1_189' title='bbox 2789 1443 2893 1482; x_wconf 90' lang='lat' dir='ltr'><strong>non</strong></span> <span class='ocrx_word' id='word_1_190' title='bbox 2933 1429 3064 1491; x_wconf 78' lang='lat' dir='ltr'><strong>exit,</strong></span> <span class='ocrx_word' id='word_1_191' title='bbox 3096 1442 3256 1497; x_wconf 89' lang='lat' dir='ltr'><strong>quant</strong></span> 
     </span>
    </p>
   </div>
   <div class='ocr_carea' id='block_1_28' title="bbox 1671 1515 3258 1588">
    <p class='ocr_par' dir='ltr' id='par_1_28' title="bbox 1671 1515 3258 1588">
     <span class='ocr_line' id='line_1_28' title="bbox 1671 1515 3258 1588; baseline 0.002 -19"><span class='ocrx_word' id='word_1_192' title='bbox 1671 1528 1976 1572; x_wconf 89' lang='lat' dir='ltr'><strong>conventus</strong></span> <span class='ocrx_word' id='word_1_193' title='bbox 2027 1518 2204 1572; x_wconf 81' lang='lat' dir='ltr'><strong>ontnis</strong></span> <span class='ocrx_word' id='word_1_194' title='bbox 2232 1517 2531 1573; x_wconf 72' lang='lat' dir='ltr'><strong>consident.</strong></span> <span class='ocrx_word' id='word_1_195' title='bbox 2582 1515 2721 1571; x_wconf 79' lang='lat' dir='ltr'><strong>Nulli</strong></span> <span class='ocrx_word' id='word_1_196' title='bbox 2754 1533 3096 1588; x_wconf 84' lang='lat' dir='ltr'><strong>quoquepro</strong></span> <span class='ocrx_word' id='word_1_197' title='bbox 3145 1518 3258 1574; x_wconf 84' lang='lat' dir='ltr'><strong>sola</strong></span> 
     </span>
    </p>
   </div>
   <div class='ocr_carea' id='block_1_29' title="bbox 1673 1608 3257 1679">
    <p class='ocr_par' dir='ltr' id='par_1_29' title="bbox 1673 1608 3257 1679">
     <span class='ocr_line' id='line_1_29' title="bbox 1673 1608 3257 1679; baseline 0.003 -17"><span class='ocrx_word' id='word_1_198' title='bbox 1673 1608 2097 1663; x_wconf 84' lang='lat' dir='ltr'><strong>eausatabulant</strong></span> <span class='ocrx_word' id='word_1_199' title='bbox 2139 1618 2232 1662; x_wconf 89' lang='lat' dir='ltr'><strong>aut</strong></span> <span class='ocrx_word' id='word_1_200' title='bbox 2267 1610 2465 1664; x_wconf 91' lang='lat' dir='ltr'><strong>librum</strong></span> <span class='ocrx_word' id='word_1_201' title='bbox 2522 1608 2864 1679; x_wconf 89' lang='lat' dir='ltr'><strong>inspiciendi,</strong></span> <span class='ocrx_word' id='word_1_202' title='bbox 2927 1620 3057 1666; x_wconf 87' lang='lat' dir='ltr'><strong>tunc</strong></span> <span class='ocrx_word' id='word_1_203' title='bbox 3105 1611 3257 1666; x_wconf 79' lang='lat' dir='ltr'><strong>exire</strong></span> 
     </span>
    </p>
   </div>
   <div class='ocr_carea' id='block_1_30' title="bbox 1673 1699 3262 1772">
    <p class='ocr_par' dir='ltr' id='par_1_30' title="bbox 1673 1699 3262 1772">
     <span class='ocr_line' id='line_1_30' title="bbox 1673 1699 3262 1772; baseline 0.001 -18"><span class='ocrx_word' id='word_1_204' title='bbox 1673 1699 1822 1767; x_wconf 84' lang='lat' dir='ltr'><strong>licet,</strong></span> <span class='ocrx_word' id='word_1_205' title='bbox 1858 1701 1958 1755; x_wconf 81' lang='lat' dir='ltr'><strong>nisi</strong></span> <span class='ocrx_word' id='word_1_206' title='bbox 1992 1703 2249 1766; x_wconf 87' lang='lat' dir='ltr'><strong>armario,</strong></span> <span class='ocrx_word' id='word_1_207' title='bbox 2276 1710 2329 1756; x_wconf 90' lang='lat' dir='ltr'><strong>et</strong></span> <span class='ocrx_word' id='word_1_208' title='bbox 2383 1702 2467 1756; x_wconf 86' lang='lat' dir='ltr'><strong>his</strong></span> <span class='ocrx_word' id='word_1_209' title='bbox 2495 1701 2585 1772; x_wconf 90' lang='lat' dir='ltr'><strong>qni</strong></span> <span class='ocrx_word' id='word_1_210' title='bbox 2642 1703 2934 1772; x_wconf 77' lang='lat' dir='ltr'><strong>aliquando</strong></span> <span class='ocrx_word' id='word_1_211' title='bbox 2971 1704 3037 1759; x_wconf 89' lang='lat' dir='ltr'><strong>ad</strong></span> <span class='ocrx_word' id='word_1_212' title='bbox 3066 1706 3262 1759; x_wconf 87' lang='lat' dir='ltr'><strong>invita-</strong></span> 
     </span>
    </p>
   </div>
   <div class='ocr_carea' id='block_1_31' title="bbox 1676 1793 3262 1867">
    <p class='ocr_par' dir='ltr' id='par_1_31' title="bbox 1676 1793 3262 1867">
     <span class='ocr_line' id='line_1_31' title="bbox 1676 1793 3262 1867; baseline 0.003 -21"><span class='ocrx_word' id='word_1_213' title='bbox 1676 1794 1873 1847; x_wconf 90' lang='lat' dir='ltr'><strong>torinm</strong></span> <span class='ocrx_word' id='word_1_214' title='bbox 1908 1793 2171 1849; x_wconf 85' lang='lat' dir='ltr'><strong>vestiendi</strong></span> <span class='ocrx_word' id='word_1_215' title='bbox 2232 1796 2298 1848; x_wconf 87' lang='lat' dir='ltr'><strong>ad</strong></span> <span class='ocrx_word' id='word_1_216' title='bbox 2334 1794 2546 1848; x_wconf 89' lang='lat' dir='ltr'><strong>initium</strong></span> <span class='ocrx_word' id='word_1_217' title='bbox 2606 1793 2806 1850; x_wconf 81' lang='lat' dir='ltr'><strong>Psalmi</strong></span> <span class='ocrx_word' id='word_1_218' title='bbox 2861 1798 2935 1851; x_wconf 84' lang='lat' dir='ltr'><strong>De</strong></span> <span class='ocrx_word' id='word_1_219' title='bbox 2983 1798 3262 1867; x_wconf 70' lang='lat' dir='ltr'><strong>profundis</strong></span> 
     </span>
    </p>
   </div>
   <div class='ocr_carea' id='block_1_32' title="bbox 48 1864 3263 1960">
    <p class='ocr_par' dir='ltr' id='par_1_32' title="bbox 48 1864 3263 1960">
     <span class='ocr_line' id='line_1_32' title="bbox 48 1864 3263 1960; baseline 0.003 -25"><span class='ocrx_word' id='word_1_220' title='bbox 48 1885 212 1951; x_wconf 73' lang='lat' dir='ltr'><strong>quando</strong></span> <span class='ocrx_word' id='word_1_221' title='bbox 231 1902 326 1939; x_wconf 90' lang='lat' dir='ltr'><strong>non</strong></span> <span class='ocrx_word' id='word_1_222' title='bbox 357 1888 561 1941; x_wconf 88' lang='lat' dir='ltr'><strong>debent</strong></span> <span class='ocrx_word' id='word_1_223' title='bbox 610 1864 680 1941; x_wconf 82' lang='lat' dir='ltr'><strong>ad</strong></span> <span class='ocrx_word' id='word_1_224' title='bbox 723 1864 1028 1941; x_wconf 80' lang='lat' dir='ltr'><strong>orationem</strong></span> <span class='ocrx_word' id='word_1_225' title='bbox 1083 1884 1458 1956; x_wconf 88' lang='lat' dir='ltr'><strong>procumbere.</strong></span> <span class='ocrx_word' id='word_1_226' title='bbox 1489 1884 1570 1938; x_wconf 81' lang='lat' dir='ltr'><strong>Ad</strong></span> <span class='ocrx_word' id='word_1_227' title='bbox 1602 1864 1648 1920; x_wconf 78' lang='grc' dir='ltr'><strong>Β</strong></span> <span class='ocrx_word' id='word_1_228' title='bbox 1674 1896 1876 1941; x_wconf 78' lang='lat' dir='ltr'><strong>exeunt</strong></span> <span class='ocrx_word' id='word_1_229' title='bbox 1911 1887 1975 1942; x_wconf 88' lang='lat' dir='ltr'><strong>de</strong></span> <span class='ocrx_word' id='word_1_230' title='bbox 2005 1888 2174 1941; x_wconf 89' lang='lat' dir='ltr'><strong>choro</strong></span> <span class='ocrx_word' id='word_1_231' title='bbox 2203 1904 2217 1951; x_wconf 87' lang='lat'><strong>;</strong></span> <span class='ocrx_word' id='word_1_232' title='bbox 2258 1889 2352 1942; x_wconf 89' lang='lat' dir='ltr'><strong>sed</strong></span> <span class='ocrx_word' id='word_1_233' title='bbox 2383 1888 2481 1959; x_wconf 85' lang='lat' dir='ltr'><strong>ipsi</strong></span> <span class='ocrx_word' id='word_1_234' title='bbox 2517 1900 2646 1943; x_wconf 91' lang='lat' dir='ltr'><strong>tunc</strong></span> <span class='ocrx_word' id='word_1_235' title='bbox 2690 1864 3263 1960; x_wconf 26' lang='lat' dir='ltr'><strong>apponant-antiplto-</strong></span> 
     </span>
    </p>
   </div>
   <div class='ocr_carea' id='block_1_33' title="bbox 51 1973 1570 2047">
    <p class='ocr_par' dir='ltr' id='par_1_33' title="bbox 51 1973 1570 2047">
     <span class='ocr_line' id='line_1_33' title="bbox 51 1973 1570 2047; baseline -0.001 -19"><span class='ocrx_word' id='word_1_236' title='bbox 51 1973 135 2028; x_wconf 80' lang='lat' dir='ltr'><strong>illas</strong></span> <span class='ocrx_word' id='word_1_237' title='bbox 157 1977 444 2031; x_wconf 88' lang='lat' dir='ltr'><strong>eorumdem</strong></span> <span class='ocrx_word' id='word_1_238' title='bbox 472 1976 783 2047; x_wconf 86' lang='lat' dir='ltr'><strong>quindecim</strong></span> <span class='ocrx_word' id='word_1_239' title='bbox 814 1977 1079 2047; x_wconf 80' lang='lat' dir='ltr'><strong>graduum</strong></span> <span class='ocrx_word' id='word_1_240' title='bbox 1108 1976 1223 2047; x_wconf 87' lang='lat'><strong>(90)</strong></span> <span class='ocrx_word' id='word_1_241' title='bbox 1254 1976 1570 2040; x_wconf 86' lang='lat' dir='ltr'><strong>incisiones,</strong></span> 
     </span>
    </p>
   </div>
   <div class='ocr_carea' id='block_1_34' title="bbox 52 2064 1577 2139">
    <p class='ocr_par' dir='ltr' id='par_1_34' title="bbox 52 2064 1577 2139">
     <span class='ocr_line' id='line_1_34' title="bbox 52 2064 1577 2139; baseline 0.003 -22"><span class='ocrx_word' id='word_1_242' title='bbox 52 2064 104 2125; x_wconf 79' lang='lat' dir='ltr'><strong>bi.</strong></span> <span class='ocrx_word' id='word_1_243' title='bbox 126 2068 199 2137; x_wconf 88' lang='lat' dir='ltr'><strong>qui</strong></span> <span class='ocrx_word' id='word_1_244' title='bbox 225 2074 378 2139; x_wconf 85' lang='lat' dir='ltr'><strong>super</strong></span> <span class='ocrx_word' id='word_1_245' title='bbox 416 2069 612 2126; x_wconf 82' lang='lat' dir='ltr'><strong>sedilia</strong></span> <span class='ocrx_word' id='word_1_246' title='bbox 663 2069 877 2135; x_wconf 87' lang='lat' dir='ltr'><strong>sedent,</strong></span> <span class='ocrx_word' id='word_1_247' title='bbox 904 2076 1091 2123; x_wconf 81' lang='lat' dir='ltr'><strong>exerta</strong></span> <span class='ocrx_word' id='word_1_248' title='bbox 1130 2083 1312 2135; x_wconf 85' lang='lat' dir='ltr'><strong>manu,</strong></span> <span class='ocrx_word' id='word_1_249' title='bbox 1357 2077 1577 2138; x_wconf 79' lang='lat' dir='ltr'><strong>propter</strong></span> 
     </span>
    </p>
   </div>
   <div class='ocr_carea' id='block_1_35' title="bbox 53 2159 1578 2231">
    <p class='ocr_par' dir='ltr' id='par_1_35' title="bbox 53 2159 1578 2231">
     <span class='ocr_line' id='line_1_35' title="bbox 53 2159 1578 2231; baseline 0 -20"><span class='ocrx_word' id='word_1_250' title='bbox 53 2159 126 2212; x_wconf 80' lang='lat' dir='ltr'><strong>hoc</strong></span> <span class='ocrx_word' id='word_1_251' title='bbox 140 2174 303 2229; x_wconf 84' lang='lat' dir='ltr'><strong>parum</strong></span> <span class='ocrx_word' id='word_1_252' title='bbox 337 2172 480 2218; x_wconf 88' lang='lat' dir='ltr'><strong>retro</strong></span> <span class='ocrx_word' id='word_1_253' title='bbox 502 2162 649 2217; x_wconf 83' lang='lat' dir='ltr'><strong>versi</strong></span> <span class='ocrx_word' id='word_1_254' title='bbox 686 2162 865 2217; x_wconf 87' lang='lat' dir='ltr'><strong>solent</strong></span> <span class='ocrx_word' id='word_1_255' title='bbox 890 2159 1087 2215; x_wconf 88' lang='lat' dir='ltr'><strong>leniter</strong></span> <span class='ocrx_word' id='word_1_256' title='bbox 1114 2175 1176 2214; x_wconf 89' lang='lat' dir='ltr'><strong>ea</strong></span> <span class='ocrx_word' id='word_1_257' title='bbox 1204 2161 1439 2231; x_wconf 82' lang='lat' dir='ltr'><strong>erigere,</strong></span> <span class='ocrx_word' id='word_1_258' title='bbox 1485 2172 1578 2211; x_wconf 87' lang='lat' dir='ltr'><strong>eo-</strong></span> 
     </span>
    </p>
   </div>
   <div class='ocr_carea' id='block_1_36' title="bbox 54 2251 1577 2328">
    <p class='ocr_par' dir='ltr' id='par_1_36' title="bbox 54 2251 1577 2328">
     <span class='ocr_line' id='line_1_36' title="bbox 54 2251 1577 2328; baseline 0 -25"><span class='ocrx_word' id='word_1_259' title='bbox 54 2257 230 2319; x_wconf 77' lang='lat' dir='ltr'><strong>demque</strong></span> <span class='ocrx_word' id='word_1_260' title='bbox 254 2258 405 2312; x_wconf 86' lang='lat' dir='ltr'><strong>modo</strong></span> <span class='ocrx_word' id='word_1_261' title='bbox 428 2272 533 2328; x_wconf 90' lang='lat' dir='ltr'><strong>pro</strong></span> <span class='ocrx_word' id='word_1_262' title='bbox 558 2256 739 2311; x_wconf 84' lang='lat' dir='ltr'><strong>sonitu</strong></span> <span class='ocrx_word' id='word_1_263' title='bbox 768 2254 1059 2311; x_wconf 84' lang='lat' dir='ltr'><strong>devitando</strong></span> <span class='ocrx_word' id='word_1_264' title='bbox 1089 2255 1362 2322; x_wconf 84' lang='lat' dir='ltr'><strong>deponere</strong></span> <span class='ocrx_word' id='word_1_265' title='bbox 1392 2267 1407 2316; x_wconf 90' lang='lat'><strong>;</strong></span> <span class='ocrx_word' id='word_1_266' title='bbox 1434 2251 1577 2320; x_wconf 88' lang='lat' dir='ltr'><strong>quod</strong></span> 
     </span>
    </p>
   </div>
   <div class='ocr_carea' id='block_1_37' title="bbox 56 2345 1580 2416">
    <p class='ocr_par' dir='ltr' id='par_1_37' title="bbox 56 2345 1580 2416">
     <span class='ocr_line' id='line_1_37' title="bbox 56 2345 1580 2416; baseline -0.001 -17"><span class='ocrx_word' id='word_1_267' title='bbox 56 2349 298 2416; x_wconf 82' lang='lat' dir='ltr'><strong>etquilibet</strong></span> <span class='ocrx_word' id='word_1_268' title='bbox 342 2365 537 2405; x_wconf 83' lang='lat' dir='ltr'><strong>eorum</strong></span> <span class='ocrx_word' id='word_1_269' title='bbox 567 2349 863 2406; x_wconf 87' lang='lat' dir='ltr'><strong>observare</strong></span> <span class='ocrx_word' id='word_1_270' title='bbox 915 2350 1097 2413; x_wconf 83' lang='lat' dir='ltr'><strong>debet,</strong></span> <span class='ocrx_word' id='word_1_271' title='bbox 1151 2345 1580 2415; x_wconf 88' lang='lat' dir='ltr'><strong>quotiescunque</strong></span> 
     </span>
    </p>
   </div>
   <div class='ocr_carea' id='block_1_38' title="bbox 56 2436 1575 2509">
    <p class='ocr_par' dir='ltr' id='par_1_38' title="bbox 56 2436 1575 2509">
     <span class='ocr_line' id='line_1_38' title="bbox 56 2436 1575 2509; baseline -0.003 -17"><span class='ocrx_word' id='word_1_272' title='bbox 56 2440 114 2493; x_wconf 70' lang='lat' dir='ltr'><strong>vel</strong></span> <span class='ocrx_word' id='word_1_273' title='bbox 144 2441 285 2509; x_wconf 86' lang='lat' dir='ltr'><strong>solus,</strong></span> <span class='ocrx_word' id='word_1_274' title='bbox 316 2443 396 2497; x_wconf 87' lang='lat' dir='ltr'><strong>vel</strong></span> <span class='ocrx_word' id='word_1_275' title='bbox 417 2441 704 2497; x_wconf 84' lang='lat' dir='ltr'><strong>cumaliis</strong></span> <span class='ocrx_word' id='word_1_276' title='bbox 741 2442 918 2497; x_wconf 85' lang='lat' dir='ltr'><strong>sedet.</strong></span> <span class='ocrx_word' id='word_1_277' title='bbox 955 2440 1033 2495; x_wconf 89' lang='lat' dir='ltr'><strong>llli</strong></span> <span class='ocrx_word' id='word_1_278' title='bbox 1074 2453 1225 2503; x_wconf 82' lang='lat' dir='ltr'><strong>vero,</strong></span> <span class='ocrx_word' id='word_1_279' title='bbox 1254 2436 1345 2508; x_wconf 92' lang='lat' dir='ltr'><strong>qui</strong></span> <span class='ocrx_word' id='word_1_280' title='bbox 1382 2437 1433 2491; x_wconf 92' lang='lat' dir='ltr'><strong>in</strong></span> <span class='ocrx_word' id='word_1_281' title='bbox 1462 2451 1575 2491; x_wconf 81' lang='lat' dir='ltr'><strong>sca-</strong></span> 
     </span>
    </p>
   </div>
   <div class='ocr_carea' id='block_1_39' title="bbox 60 2528 1582 2603">
    <p class='ocr_par' dir='ltr' id='par_1_39' title="bbox 60 2528 1582 2603">
     <span class='ocr_line' id='line_1_39' title="bbox 60 2528 1582 2603; baseline -0.004 -19"><span class='ocrx_word' id='word_1_282' title='bbox 60 2533 178 2598; x_wconf 79' lang='lat' dir='ltr'><strong>llllllS,</strong></span> <span class='ocrx_word' id='word_1_283' title='bbox 196 2534 457 2603; x_wconf 65' lang='lat' dir='ltr'><strong>quaeinl&#39;ra</strong></span> <span class='ocrx_word' id='word_1_284' title='bbox 483 2537 560 2590; x_wconf 78' lang='lat' dir='ltr'><strong>ad</strong></span> <span class='ocrx_word' id='word_1_285' title='bbox 586 2532 789 2588; x_wconf 89' lang='lat' dir='ltr'><strong>formas</strong></span> <span class='ocrx_word' id='word_1_286' title='bbox 810 2533 985 2603; x_wconf 87' lang='lat' dir='ltr'><strong>posita</strong></span> <span class='ocrx_word' id='word_1_287' title='bbox 1038 2539 1184 2595; x_wconf 89' lang='lat' dir='ltr'><strong>sunt,</strong></span> <span class='ocrx_word' id='word_1_288' title='bbox 1228 2528 1442 2591; x_wconf 85' lang='lat' dir='ltr'><strong>sedent,</strong></span> <span class='ocrx_word' id='word_1_289' title='bbox 1475 2541 1582 2579; x_wconf 89' lang='lat' dir='ltr'><strong>non</strong></span> 
     </span>
    </p>
   </div>
   <div class='ocr_carea' id='block_1_40' title="bbox 63 2615 1581 2695">
    <p class='ocr_par' dir='ltr' id='par_1_40' title="bbox 63 2615 1581 2695">
     <span class='ocr_line' id='line_1_40' title="bbox 63 2615 1581 2695; baseline -0.003 -20"><span class='ocrx_word' id='word_1_290' title='bbox 63 2633 153 2679; x_wconf 78' lang='lat' dir='ltr'><strong>tunc</strong></span> <span class='ocrx_word' id='word_1_291' title='bbox 175 2638 241 2692; x_wconf 89' lang='lat' dir='ltr'><strong>se,</strong></span> <span class='ocrx_word' id='word_1_292' title='bbox 266 2627 398 2682; x_wconf 91' lang='lat' dir='ltr'><strong>sicut</strong></span> <span class='ocrx_word' id='word_1_293' title='bbox 422 2642 531 2682; x_wconf 90' lang='lat' dir='ltr'><strong>nec</strong></span> <span class='ocrx_word' id='word_1_294' title='bbox 574 2625 875 2695; x_wconf 88' lang='lat' dir='ltr'><strong>aliquando</strong></span> <span class='ocrx_word' id='word_1_295' title='bbox 927 2633 1076 2678; x_wconf 88' lang='lat' dir='ltr'><strong>retro</strong></span> <span class='ocrx_word' id='word_1_296' title='bbox 1103 2626 1411 2676; x_wconf 88' lang='lat' dir='ltr'><strong>sustentant</strong></span> <span class='ocrx_word' id='word_1_297' title='bbox 1438 2633 1453 2684; x_wconf 88' lang='lat'><strong>;</strong></span> <span class='ocrx_word' id='word_1_298' title='bbox 1487 2615 1581 2672; x_wconf 91' lang='lat' dir='ltr'><strong>sed</strong></span> 
     </span>
    </p>
   </div>
   <div class='ocr_carea' id='block_1_41' title="bbox 61 2709 1585 2789">
    <p class='ocr_par' dir='ltr' id='par_1_41' title="bbox 61 2709 1585 2789">
     <span class='ocr_line' id='line_1_41' title="bbox 61 2709 1585 2789; baseline -0.003 -20"><span class='ocrx_word' id='word_1_299' title='bbox 61 2716 113 2769; x_wconf 82' lang='lat' dir='ltr'><strong>ita</strong></span> <span class='ocrx_word' id='word_1_300' title='bbox 132 2720 339 2774; x_wconf 82' lang='lat' dir='ltr'><strong>sedendo</strong></span> <span class='ocrx_word' id='word_1_301' title='bbox 380 2720 435 2775; x_wconf 90' lang='lat' dir='ltr'><strong>itt</strong></span> <span class='ocrx_word' id='word_1_302' title='bbox 466 2718 750 2773; x_wconf 87' lang='lat' dir='ltr'><strong>anteriora</strong></span> <span class='ocrx_word' id='word_1_303' title='bbox 797 2725 1061 2789; x_wconf 90' lang='lat' dir='ltr'><strong>quantum</strong></span> <span class='ocrx_word' id='word_1_304' title='bbox 1092 2712 1292 2781; x_wconf 87' lang='lat' dir='ltr'><strong>valent,</strong></span> <span class='ocrx_word' id='word_1_305' title='bbox 1322 2727 1380 2767; x_wconf 88' lang='lat' dir='ltr'><strong>se</strong></span> <span class='ocrx_word' id='word_1_306' title='bbox 1429 2709 1585 2765; x_wconf 82' lang='lat' dir='ltr'><strong>ineli-</strong></span> 
     </span>
    </p>
   </div>
   <div class='ocr_carea' id='block_1_42' title="bbox 64 2802 1583 2881">
    <p class='ocr_par' dir='ltr' id='par_1_42' title="bbox 64 2802 1583 2881">
     <span class='ocr_line' id='line_1_42' title="bbox 64 2802 1583 2881; baseline -0.003 -21"><span class='ocrx_word' id='word_1_307' title='bbox 64 2811 625 2881; x_wconf 79' lang='lat' dir='ltr'><strong>nant.Quandocunque</strong></span> <span class='ocrx_word' id='word_1_308' title='bbox 673 2810 798 2881; x_wconf 88' lang='lat' dir='ltr'><strong>quis</strong></span> <span class='ocrx_word' id='word_1_309' title='bbox 852 2824 1018 2879; x_wconf 91' lang='lat' dir='ltr'><strong>super</strong></span> <span class='ocrx_word' id='word_1_310' title='bbox 1072 2806 1323 2862; x_wconf 87' lang='lat' dir='ltr'><strong>sedilium</strong></span> <span class='ocrx_word' id='word_1_311' title='bbox 1369 2802 1583 2858; x_wconf 83' lang='lat' dir='ltr'><strong>miseri-</strong></span> 
     </span>
    </p>
   </div>
   <div class='ocr_carea' id='block_1_43' title="bbox 63 2896 1586 2976">
    <p class='ocr_par' dir='ltr' id='par_1_43' title="bbox 63 2896 1586 2976">
     <span class='ocr_line' id='line_1_43' title="bbox 63 2896 1586 2976; baseline -0.003 -22"><span class='ocrx_word' id='word_1_312' title='bbox 63 2904 347 2976; x_wconf 79' lang='lat' dir='ltr'><strong>cordias{9l)</strong></span> <span class='ocrx_word' id='word_1_313' title='bbox 374 2905 657 2970; x_wconf 84' lang='lat' dir='ltr'><strong>habuerit,</strong></span> <span class='ocrx_word' id='word_1_314' title='bbox 684 2920 743 2959; x_wconf 90' lang='lat' dir='ltr'><strong>se</strong></span> <span class='ocrx_word' id='word_1_315' title='bbox 772 2911 1043 2958; x_wconf 83' lang='lat' dir='ltr'><strong>sustentat</strong></span> <span class='ocrx_word' id='word_1_316' title='bbox 1080 2900 1179 2965; x_wconf 86' lang='lat' dir='ltr'><strong>ibi,</strong></span> <span class='ocrx_word' id='word_1_317' title='bbox 1229 2898 1373 2953; x_wconf 88' lang='lat' dir='ltr'><strong>sicut</strong></span> <span class='ocrx_word' id='word_1_318' title='bbox 1410 2904 1495 2952; x_wconf 91' lang='lat' dir='ltr'><strong>est</strong></span> <span class='ocrx_word' id='word_1_319' title='bbox 1518 2896 1586 2951; x_wconf 89' lang='lat' dir='ltr'><strong>ad</strong></span> 
     </span>
    </p>
   </div>
   <div class='ocr_carea' id='block_1_44' title="bbox 64 2989 1588 3066">
    <p class='ocr_par' dir='ltr' id='par_1_44' title="bbox 64 2989 1588 3066">
     <span class='ocr_line' id='line_1_44' title="bbox 64 2989 1588 3066; baseline -0.001 -23"><span class='ocrx_word' id='word_1_320' title='bbox 64 2989 197 3049; x_wconf 76' lang='lat' dir='ltr'><strong>Gloria</strong></span> <span class='ocrx_word' id='word_1_321' title='bbox 222 2995 385 3064; x_wconf 77' lang='lat' dir='ltr'><strong>Patri,</strong></span> <span class='ocrx_word' id='word_1_322' title='bbox 438 3007 579 3053; x_wconf 87' lang='lat' dir='ltr'><strong>tunc</strong></span> <span class='ocrx_word' id='word_1_323' title='bbox 612 2996 703 3051; x_wconf 86' lang='lat' dir='ltr'><strong>alii</strong></span> <span class='ocrx_word' id='word_1_324' title='bbox 760 2994 967 3066; x_wconf 85' lang='lat' dir='ltr'><strong>absque</strong></span> <span class='ocrx_word' id='word_1_325' title='bbox 1018 2990 1391 3049; x_wconf 87' lang='lat' dir='ltr'><strong>sustentaculo</strong></span> <span class='ocrx_word' id='word_1_326' title='bbox 1441 2996 1588 3045; x_wconf 89' lang='lat' dir='ltr'><strong>stant</strong></span> 
     </span>
    </p>
   </div>
   <div class='ocr_carea' id='block_1_45' title="bbox 63 3080 1589 3156">
    <p class='ocr_par' dir='ltr' id='par_1_45' title="bbox 63 3080 1589 3156">
     <span class='ocr_line' id='line_1_45' title="bbox 63 3080 1589 3156; baseline -0.001 -20"><span class='ocrx_word' id='word_1_327' title='bbox 63 3082 266 3143; x_wconf 82' lang='lat' dir='ltr'><strong>inclinati.</strong></span> <span class='ocrx_word' id='word_1_328' title='bbox 309 3088 544 3156; x_wconf 81' lang='lat' dir='ltr'><strong>Quando</strong></span> <span class='ocrx_word' id='word_1_329' title='bbox 595 3097 778 3143; x_wconf 85' lang='lat' dir='ltr'><strong>autent</strong></span> <span class='ocrx_word' id='word_1_330' title='bbox 828 3087 1010 3143; x_wconf 88' lang='lat' dir='ltr'><strong>cuncti</strong></span> <span class='ocrx_word' id='word_1_331' title='bbox 1050 3085 1251 3141; x_wconf 88' lang='lat' dir='ltr'><strong>debent</strong></span> <span class='ocrx_word' id='word_1_332' title='bbox 1269 3096 1389 3138; x_wconf 90' lang='lat' dir='ltr'><strong>esse</strong></span> <span class='ocrx_word' id='word_1_333' title='bbox 1435 3080 1589 3136; x_wconf 87' lang='lat' dir='ltr'><strong>incli-</strong></span> 
     </span>
    </p>
   </div>
   <div class='ocr_carea' id='block_1_46' title="bbox 65 3177 1585 3255">
    <p class='ocr_par' dir='ltr' id='par_1_46' title="bbox 65 3177 1585 3255">
     <span class='ocr_line' id='line_1_46' title="bbox 65 3177 1585 3255; baseline 0.002 -27"><span class='ocrx_word' id='word_1_334' title='bbox 65 3189 209 3235; x_wconf 74' lang='lat' dir='ltr'><strong>naues</strong></span> <span class='ocrx_word' id='word_1_335' title='bbox 225 3182 439 3255; x_wconf 71' lang='lat' dir='ltr'><strong>longiori</strong></span> <span class='ocrx_word' id='word_1_336' title='bbox 467 3199 654 3250; x_wconf 77' lang='lat' dir='ltr'><strong>mora,</strong></span> <span class='ocrx_word' id='word_1_337' title='bbox 704 3183 849 3238; x_wconf 87' lang='lat' dir='ltr'><strong>sicut</strong></span> <span class='ocrx_word' id='word_1_338' title='bbox 874 3190 956 3236; x_wconf 91' lang='lat' dir='ltr'><strong>est</strong></span> <span class='ocrx_word' id='word_1_339' title='bbox 992 3181 1059 3235; x_wconf 84' lang='lat' dir='ltr'><strong>ad</strong></span> <span class='ocrx_word' id='word_1_340' title='bbox 1092 3194 1283 3252; x_wconf 89' lang='lat' dir='ltr'><strong>preces</strong></span> <span class='ocrx_word' id='word_1_341' title='bbox 1308 3187 1364 3233; x_wconf 90' lang='lat' dir='ltr'><strong>et</strong></span> <span class='ocrx_word' id='word_1_342' title='bbox 1390 3177 1585 3232; x_wconf 81' lang='lat' dir='ltr'><strong>suffra-</strong></span> 
     </span>
    </p>
   </div>
   <div class='ocr_carea' id='block_1_47' title="bbox 67 3269 1579 3348">
    <p class='ocr_par' dir='ltr' id='par_1_47' title="bbox 67 3269 1579 3348">
     <span class='ocr_line' id='line_1_47' title="bbox 67 3269 1579 3348; baseline -0.009 -12"><span class='ocrx_word' id='word_1_343' title='bbox 67 3269 141 3336; x_wconf 68' lang='lat'><strong>83:,</strong></span> <span class='ocrx_word' id='word_1_344' title='bbox 159 3272 250 3340; x_wconf 87' lang='lat' dir='ltr'><strong>isti,</strong></span> <span class='ocrx_word' id='word_1_345' title='bbox 275 3284 329 3330; x_wconf 86' lang='lat' dir='ltr'><strong>ut</strong></span> <span class='ocrx_word' id='word_1_346' title='bbox 380 3270 709 3348; x_wconf 72' lang='lat' dir='ltr'><strong>prze‘dictum</strong></span> <span class='ocrx_word' id='word_1_347' title='bbox 731 3283 838 3340; x_wconf 89' lang='lat' dir='ltr'><strong>est,</strong></span> <span class='ocrx_word' id='word_1_348' title='bbox 878 3274 1085 3328; x_wconf 85' lang='lat' dir='ltr'><strong>sedent</strong></span> <span class='ocrx_word' id='word_1_349' title='bbox 1138 3286 1302 3341; x_wconf 89' lang='lat' dir='ltr'><strong>super</strong></span> <span class='ocrx_word' id='word_1_350' title='bbox 1339 3284 1579 3334; x_wconf 91' lang='lat' dir='ltr'><strong>scamna,</strong></span> 
     </span>
    </p>
   </div>
   <div class='ocr_carea' id='block_1_48' title="bbox 69 3358 1587 3432">
    <p class='ocr_par' dir='ltr' id='par_1_48' title="bbox 69 3358 1587 3432">
     <span class='ocr_line' id='line_1_48' title="bbox 69 3358 1587 3432; baseline 0 -19"><span class='ocrx_word' id='word_1_351' title='bbox 69 3359 158 3414; x_wconf 83' lang='lat' dir='ltr'><strong>ilent</strong></span> <span class='ocrx_word' id='word_1_352' title='bbox 183 3362 484 3423; x_wconf 83' lang='lat' dir='ltr'><strong>inclinantes</strong></span> <span class='ocrx_word' id='word_1_353' title='bbox 543 3367 596 3421; x_wconf 89' lang='lat' dir='ltr'><strong>in</strong></span> <span class='ocrx_word' id='word_1_354' title='bbox 650 3365 937 3420; x_wconf 83' lang='lat' dir='ltr'><strong>anteriora</strong></span> <span class='ocrx_word' id='word_1_355' title='bbox 986 3380 999 3417; x_wconf 88' lang='lat'><strong>:</strong></span> <span class='ocrx_word' id='word_1_356' title='bbox 1043 3362 1261 3432; x_wconf 87' lang='lat' dir='ltr'><strong>quando</strong></span> <span class='ocrx_word' id='word_1_357' title='bbox 1304 3358 1378 3415; x_wconf 89' lang='lat' dir='ltr'><strong>illi</strong></span> <span class='ocrx_word' id='word_1_358' title='bbox 1423 3373 1587 3428; x_wconf 86' lang='lat' dir='ltr'><strong>super</strong></span> 
     </span>
    </p>
   </div>
   <div class='ocr_carea' id='block_1_49' title="bbox 70 3451 1586 3531">
    <p class='ocr_par' dir='ltr' id='par_1_49' title="bbox 70 3451 1586 3531">
     <span class='ocr_line' id='line_1_49' title="bbox 70 3451 1586 3531; baseline 0 -27"><span class='ocrx_word' id='word_1_359' title='bbox 70 3452 238 3521; x_wconf 71' lang='lat' dir='ltr'><strong>formas,</strong></span> <span class='ocrx_word' id='word_1_360' title='bbox 265 3459 345 3515; x_wconf 90' lang='lat' dir='ltr'><strong>isti</strong></span> <span class='ocrx_word' id='word_1_361' title='bbox 371 3462 462 3531; x_wconf 91' lang='lat' dir='ltr'><strong>qui</strong></span> <span class='ocrx_word' id='word_1_362' title='bbox 516 3468 667 3515; x_wconf 85' lang='lat' dir='ltr'><strong>stant</strong></span> <span class='ocrx_word' id='word_1_363' title='bbox 705 3470 835 3513; x_wconf 88' lang='lat' dir='ltr'><strong>ante</strong></span> <span class='ocrx_word' id='word_1_364' title='bbox 865 3459 1089 3520; x_wconf 80' lang='lat' dir='ltr'><strong>fortnas,</strong></span> <span class='ocrx_word' id='word_1_365' title='bbox 1135 3468 1302 3523; x_wconf 88' lang='lat' dir='ltr'><strong>super</strong></span> <span class='ocrx_word' id='word_1_366' title='bbox 1349 3451 1586 3507; x_wconf 86' lang='lat' dir='ltr'><strong>scabella</strong></span> 
     </span>
    </p>
   </div>
   <div class='ocr_carea' id='block_1_50' title="bbox 72 3542 1589 3621">
    <p class='ocr_par' dir='ltr' id='par_1_50' title="bbox 72 3542 1589 3621">
     <span class='ocr_line' id='line_1_50' title="bbox 72 3542 1589 3621; baseline 0 -25"><span class='ocrx_word' id='word_1_367' title='bbox 72 3555 160 3600; x_wconf 81' lang='lat' dir='ltr'><strong>ante</strong></span> <span class='ocrx_word' id='word_1_368' title='bbox 198 3552 432 3621; x_wconf 82' lang='lat' dir='ltr'><strong>seposita</strong></span> <span class='ocrx_word' id='word_1_369' title='bbox 484 3552 697 3620; x_wconf 76' lang='lat' dir='ltr'><strong>iacent.</strong></span> <span class='ocrx_word' id='word_1_370' title='bbox 736 3552 1013 3619; x_wconf 81' lang='lat' dir='ltr'><strong>Quotquot</strong></span> <span class='ocrx_word' id='word_1_371' title='bbox 1042 3554 1220 3600; x_wconf 87' lang='lat' dir='ltr'><strong>autem</strong></span> <span class='ocrx_word' id='word_1_372' title='bbox 1252 3544 1318 3598; x_wconf 92' lang='lat' dir='ltr'><strong>de</strong></span> <span class='ocrx_word' id='word_1_373' title='bbox 1354 3542 1461 3608; x_wconf 86' lang='lat' dir='ltr'><strong>his,</strong></span> <span class='ocrx_word' id='word_1_374' title='bbox 1496 3542 1589 3611; x_wconf 89' lang='lat' dir='ltr'><strong>qui</strong></span> 
     </span>
    </p>
   </div>
   <div class='ocr_carea' id='block_1_51' title="bbox 73 3636 1591 3712">
    <p class='ocr_par' dir='ltr' id='par_1_51' title="bbox 73 3636 1591 3712">
     <span class='ocr_line' id='line_1_51' title="bbox 73 3636 1591 3712; baseline -0.001 -24"><span class='ocrx_word' id='word_1_375' title='bbox 73 3636 229 3699; x_wconf 83' lang='lat' dir='ltr'><strong>priores</strong></span> <span class='ocrx_word' id='word_1_376' title='bbox 255 3651 369 3696; x_wconf 85' lang='lat' dir='ltr'><strong>sunt</strong></span> <span class='ocrx_word' id='word_1_377' title='bbox 390 3643 457 3699; x_wconf 89' lang='lat' dir='ltr'><strong>ad</strong></span> <span class='ocrx_word' id='word_1_378' title='bbox 488 3643 695 3698; x_wconf 89' lang='lat' dir='ltr'><strong>lineam</strong></span> <span class='ocrx_word' id='word_1_379' title='bbox 725 3641 959 3712; x_wconf 86' lang='lat' dir='ltr'><strong>positam</strong></span> <span class='ocrx_word' id='word_1_380' title='bbox 992 3636 1316 3697; x_wconf 82' lang='lat' dir='ltr'><strong>ascendunt,</strong></span> <span class='ocrx_word' id='word_1_381' title='bbox 1349 3644 1403 3690; x_wconf 91' lang='lat' dir='ltr'><strong>et</strong></span> <span class='ocrx_word' id='word_1_382' title='bbox 1425 3646 1591 3704; x_wconf 80' lang='lat' dir='ltr'><strong>super</strong></span> 
     </span>
    </p>
   </div>
   <div class='ocr_carea' id='block_1_52' title="bbox 75 3724 1591 3801">
    <p class='ocr_par' dir='ltr' id='par_1_52' title="bbox 75 3724 1591 3801">
     <span class='ocr_line' id='line_1_52' title="bbox 75 3724 1591 3801; baseline 0.001 -22"><span class='ocrx_word' id='word_1_383' title='bbox 75 3724 225 3784; x_wconf 74' lang='lat' dir='ltr'><strong>formas</strong></span> <span class='ocrx_word' id='word_1_384' title='bbox 246 3742 582 3791; x_wconf 87' lang='lat' dir='ltr'><strong>transversas</strong></span> <span class='ocrx_word' id='word_1_385' title='bbox 604 3745 792 3791; x_wconf 86' lang='lat' dir='ltr'><strong>contra</strong></span> <span class='ocrx_word' id='word_1_386' title='bbox 826 3733 998 3787; x_wconf 86' lang='lat' dir='ltr'><strong>altare</strong></span> <span class='ocrx_word' id='word_1_387' title='bbox 1051 3731 1358 3801; x_wconf 88' lang='lat' dir='ltr'><strong>procidunt,</strong></span> <span class='ocrx_word' id='word_1_388' title='bbox 1409 3727 1591 3784; x_wconf 78' lang='lat' dir='ltr'><strong>caeteri</strong></span> 
     </span>
    </p>
   </div>
   <div class='ocr_carea' id='block_1_53' title="bbox 74 3820 1593 3899">
    <p class='ocr_par' dir='ltr' id='par_1_53' title="bbox 74 3820 1593 3899">
     <span class='ocr_line' id='line_1_53' title="bbox 74 3820 1593 3899; baseline 0.001 -25"><span class='ocrx_word' id='word_1_389' title='bbox 74 3820 138 3885; x_wconf 80' lang='lat' dir='ltr'><strong>qui</strong></span> <span class='ocrx_word' id='word_1_390' title='bbox 155 3824 300 3881; x_wconf 77' lang='lat' dir='ltr'><strong>adhuc</strong></span> <span class='ocrx_word' id='word_1_391' title='bbox 346 3837 643 3899; x_wconf 86' lang='lat' dir='ltr'><strong>supersunt</strong></span> <span class='ocrx_word' id='word_1_392' title='bbox 698 3842 863 3897; x_wconf 80' lang='lat' dir='ltr'><strong>super</strong></span> <span class='ocrx_word' id='word_1_393' title='bbox 908 3823 1150 3894; x_wconf 84' lang='lat' dir='ltr'><strong>ejusdem</strong></span> <span class='ocrx_word' id='word_1_394' title='bbox 1208 3823 1362 3878; x_wconf 68' lang='lat' dir='ltr'><strong>linea:</strong></span> <span class='ocrx_word' id='word_1_395' title='bbox 1407 3820 1593 3877; x_wconf 85' lang='lat' dir='ltr'><strong>sedilia</strong></span> 
     </span>
    </p>
   </div>
   <div class='ocr_carea' id='block_1_54' title="bbox 73 3915 1597 3990">
    <p class='ocr_par' dir='ltr' id='par_1_54' title="bbox 73 3915 1597 3990">
     <span class='ocr_line' id='line_1_54' title="bbox 73 3915 1597 3990; baseline -0.005 -12"><span class='ocrx_word' id='word_1_396' title='bbox 73 3920 383 3978; x_wconf 69' lang='lat' dir='ltr'><strong>Procumbunt.</strong></span> <span class='ocrx_word' id='word_1_397' title='bbox 408 3920 467 3976; x_wconf 87' lang='lat' dir='ltr'><strong>Si</strong></span> <span class='ocrx_word' id='word_1_398' title='bbox 502 3920 676 3990; x_wconf 86' lang='lat' dir='ltr'><strong>aliqui</strong></span> <span class='ocrx_word' id='word_1_399' title='bbox 726 3920 794 3975; x_wconf 91' lang='lat' dir='ltr'><strong>de</strong></span> <span class='ocrx_word' id='word_1_400' title='bbox 824 3919 929 3984; x_wconf 84' lang='lat' dir='ltr'><strong>his,</strong></span> <span class='ocrx_word' id='word_1_401' title='bbox 978 3918 1069 3987; x_wconf 92' lang='lat' dir='ltr'><strong>qui</strong></span> <span class='ocrx_word' id='word_1_402' title='bbox 1104 3926 1285 3971; x_wconf 85' lang='lat' dir='ltr'><strong>certas</strong></span> <span class='ocrx_word' id='word_1_403' title='bbox 1330 3915 1597 3970; x_wconf 87' lang='lat' dir='ltr'><strong>stationes</strong></span> 
     </span>
    </p>
   </div>
   <div class='ocr_carea' id='block_1_55' title="bbox 78 4002 1598 4085">
    <p class='ocr_par' dir='ltr' id='par_1_55' title="bbox 78 4002 1598 4085">
     <span class='ocr_line' id='line_1_55' title="bbox 78 4002 1598 4085; baseline 0.005 -30"><span class='ocrx_word' id='word_1_404' title='bbox 78 4002 243 4079; x_wconf 76' lang='lat' dir='ltr'><strong>lubeat,</strong></span> <span class='ocrx_word' id='word_1_405' title='bbox 273 4014 439 4070; x_wconf 88' lang='lat' dir='ltr'><strong>adhuc</strong></span> <span class='ocrx_word' id='word_1_406' title='bbox 458 4021 779 4085; x_wconf 85' lang='lat' dir='ltr'><strong>supersunt,</strong></span> <span class='ocrx_word' id='word_1_407' title='bbox 833 4013 886 4068; x_wconf 91' lang='lat' dir='ltr'><strong>hi</strong></span> <span class='ocrx_word' id='word_1_408' title='bbox 943 4013 1010 4067; x_wconf 90' lang='lat' dir='ltr'><strong>ad</strong></span> <span class='ocrx_word' id='word_1_409' title='bbox 1048 4010 1274 4081; x_wconf 80' lang='lat' dir='ltr'><strong>gradum</strong></span> <span class='ocrx_word' id='word_1_410' title='bbox 1329 4009 1517 4065; x_wconf 83' lang='lat' dir='ltr'><strong>sedent</strong></span> <span class='ocrx_word' id='word_1_411' title='bbox 1542 4018 1598 4063; x_wconf 87' lang='lat' dir='ltr'><strong>et</strong></span> 
     </span>
    </p>
   </div>
   <div class='ocr_carea' id='block_1_56' title="bbox 75 4101 1598 4175">
    <p class='ocr_par' dir='ltr' id='par_1_56' title="bbox 75 4101 1598 4175">
     <span class='ocr_line' id='line_1_56' title="bbox 75 4101 1598 4175; baseline -0.005 -10"><span class='ocrx_word' id='word_1_412' title='bbox 75 4106 396 4165; x_wconf 68' lang='lat' dir='ltr'><strong>Pmumbunt.</strong></span> <span class='ocrx_word' id='word_1_413' title='bbox 447 4108 535 4163; x_wconf 80' lang='lat' dir='ltr'><strong>Ad</strong></span> <span class='ocrx_word' id='word_1_414' title='bbox 592 4106 900 4163; x_wconf 81' lang='lat' dir='ltr'><strong>Nocturnus</strong></span> <span class='ocrx_word' id='word_1_415' title='bbox 941 4119 1073 4159; x_wconf 88' lang='lat' dir='ltr'><strong>vero</strong></span> <span class='ocrx_word' id='word_1_416' title='bbox 1098 4105 1141 4159; x_wconf 91' lang='lat' dir='ltr'><strong>si</strong></span> <span class='ocrx_word' id='word_1_417' title='bbox 1192 4112 1493 4175; x_wconf 79' lang='lat' dir='ltr'><strong>Opportune</strong></span> <span class='ocrx_word' id='word_1_418' title='bbox 1541 4101 1598 4157; x_wconf 90' lang='lat' dir='ltr'><strong>in</strong></span> 
     </span>
    </p>
   </div>
   <div class='ocr_carea' id='block_1_57' title="bbox 79 4191 1600 4271">
    <p class='ocr_par' dir='ltr' id='par_1_57' title="bbox 79 4191 1600 4271">
     <span class='ocr_line' id='line_1_57' title="bbox 79 4191 1600 4271; baseline 0.003 -27"><span class='ocrx_word' id='word_1_419' title='bbox 79 4191 206 4251; x_wconf 81' lang='lat' dir='ltr'><strong>choro</strong></span> <span class='ocrx_word' id='word_1_420' title='bbox 226 4213 334 4256; x_wconf 70' lang='lat' dir='ltr'><strong>esse</strong></span> <span class='ocrx_word' id='word_1_421' title='bbox 390 4218 495 4258; x_wconf 91' lang='lat' dir='ltr'><strong>non</strong></span> <span class='ocrx_word' id='word_1_422' title='bbox 527 4208 780 4271; x_wconf 82' lang='lat' dir='ltr'><strong>possunt,</strong></span> <span class='ocrx_word' id='word_1_423' title='bbox 806 4208 961 4253; x_wconf 80' lang='lat' dir='ltr'><strong>extra</strong></span> <span class='ocrx_word' id='word_1_424' title='bbox 1000 4201 1279 4253; x_wconf 60' lang='lat' dir='ltr'><strong>secedunt.</strong></span> <span class='ocrx_word' id='word_1_425' title='bbox 1332 4194 1466 4249; x_wconf 86' lang='lat' dir='ltr'><strong>Nam</strong></span> <span class='ocrx_word' id='word_1_426' title='bbox 1497 4194 1600 4249; x_wconf 91' lang='lat' dir='ltr'><strong>hoc</strong></span> 
     </span>
    </p>
   </div>
   <div class='ocr_carea' id='block_1_58' title="bbox 80 4287 1597 4360">
    <p class='ocr_par' dir='ltr' id='par_1_58' title="bbox 80 4287 1597 4360">
     <span class='ocr_line' id='line_1_58' title="bbox 80 4287 1597 4360; baseline -0.003 -15"><span class='ocrx_word' id='word_1_427' title='bbox 80 4297 243 4357; x_wconf 69' lang='lat' dir='ltr'><strong>semper</strong></span> <span class='ocrx_word' id='word_1_428' title='bbox 260 4302 490 4360; x_wconf 89' lang='lat' dir='ltr'><strong>cavetur,</strong></span> <span class='ocrx_word' id='word_1_429' title='bbox 520 4310 592 4347; x_wconf 90' lang='lat' dir='ltr'><strong>ne</strong></span> <span class='ocrx_word' id='word_1_430' title='bbox 625 4302 772 4347; x_wconf 88' lang='lat' dir='ltr'><strong>retro</strong></span> <span class='ocrx_word' id='word_1_431' title='bbox 796 4291 863 4345; x_wconf 90' lang='lat' dir='ltr'><strong>ad</strong></span> <span class='ocrx_word' id='word_1_432' title='bbox 891 4290 1092 4345; x_wconf 86' lang='lat' dir='ltr'><strong>formas</strong></span> <span class='ocrx_word' id='word_1_433' title='bbox 1122 4298 1267 4343; x_wconf 85' lang='lat' dir='ltr'><strong>stent</strong></span> <span class='ocrx_word' id='word_1_434' title='bbox 1288 4303 1473 4341; x_wconf 87' lang='lat' dir='ltr'><strong>coram</strong></span> <span class='ocrx_word' id='word_1_435' title='bbox 1497 4287 1597 4350; x_wconf 91' lang='lat' dir='ltr'><strong>eis,</strong></span> 
     </span>
    </p>
   </div>
   <div class='ocr_carea' id='block_1_59' title="bbox 82 4378 1599 4458">
    <p class='ocr_par' dir='ltr' id='par_1_59' title="bbox 82 4378 1599 4458">
     <span class='ocr_line' id='line_1_59' title="bbox 82 4378 1599 4458; baseline 0.002 -31"><span class='ocrx_word' id='word_1_436' title='bbox 82 4378 339 4456; x_wconf 74' lang='lat' dir='ltr'><strong>scilicetqui</strong></span> <span class='ocrx_word' id='word_1_437' title='bbox 395 4388 462 4443; x_wconf 82' lang='lat' dir='ltr'><strong>ad</strong></span> <span class='ocrx_word' id='word_1_438' title='bbox 503 4385 745 4458; x_wconf 86' lang='lat' dir='ltr'><strong>parietes</strong></span> <span class='ocrx_word' id='word_1_439' title='bbox 779 4385 957 4440; x_wconf 89' lang='lat' dir='ltr'><strong>loenut</strong></span> <span class='ocrx_word' id='word_1_440' title='bbox 1014 4381 1239 4437; x_wconf 85' lang='lat' dir='ltr'><strong>habent.</strong></span> <span class='ocrx_word' id='word_1_441' title='bbox 1291 4379 1599 4434; x_wconf 76' lang='lat' dir='ltr'><strong>Notandum</strong></span> 
     </span>
    </p>
   </div>
   <div class='ocr_carea' id='block_1_60' title="bbox 82 4476 1603 4549">
    <p class='ocr_par' dir='ltr' id='par_1_60' title="bbox 82 4476 1603 4549">
     <span class='ocr_line' id='line_1_60' title="bbox 82 4476 1603 4549; baseline 0.001 -25"><span class='ocrx_word' id='word_1_442' title='bbox 82 4482 217 4529; x_wconf 71' lang='lat' dir='ltr'><strong>autem</strong></span> <span class='ocrx_word' id='word_1_443' title='bbox 252 4482 383 4549; x_wconf 85' lang='lat' dir='ltr'><strong>quod</strong></span> <span class='ocrx_word' id='word_1_444' title='bbox 432 4481 618 4537; x_wconf 85' lang='lat' dir='ltr'><strong>nullus</strong></span> <span class='ocrx_word' id='word_1_445' title='bbox 664 4480 787 4535; x_wconf 87' lang='lat' dir='ltr'><strong>illas</strong></span> <span class='ocrx_word' id='word_1_446' title='bbox 843 4490 953 4533; x_wconf 90' lang='lat' dir='ltr'><strong>tres</strong></span> <span class='ocrx_word' id='word_1_447' title='bbox 997 4476 1273 4531; x_wconf 87' lang='lat' dir='ltr'><strong>orationes</strong></span> <span class='ocrx_word' id='word_1_448' title='bbox 1334 4489 1454 4543; x_wconf 71' lang='lat' dir='ltr'><strong>qua:</strong></span> <span class='ocrx_word' id='word_1_449' title='bbox 1482 4480 1603 4542; x_wconf 88' lang='lat' dir='ltr'><strong>post</strong></span> 
     </span>
    </p>
   </div>
   <div class='ocr_carea' id='block_1_61' title="bbox 82 4557 1603 4645">
    <p class='ocr_par' dir='ltr' id='par_1_61' title="bbox 82 4557 1603 4645">
     <span class='ocr_line' id='line_1_61' title="bbox 82 4557 1603 4645; baseline -0.008 -17"><span class='ocrx_word' id='word_1_450' title='bbox 82 4557 436 4635; x_wconf 65' lang='lat' dir='ltr'><strong>complelorium</strong></span> <span class='ocrx_word' id='word_1_451' title='bbox 464 4574 798 4645; x_wconf 87' lang='lat' dir='ltr'><strong>procidendo</strong></span> <span class='ocrx_word' id='word_1_452' title='bbox 822 4579 1058 4643; x_wconf 82' lang='lat' dir='ltr'><strong>aguntur</strong></span> <span class='ocrx_word' id='word_1_453' title='bbox 1082 4579 1234 4623; x_wconf 74' lang='lat' dir='ltr'><strong>extra</strong></span> <span class='ocrx_word' id='word_1_454' title='bbox 1266 4565 1469 4619; x_wconf 80' lang='lat' dir='ltr'><strong>fut-tuas</strong></span> <span class='ocrx_word' id='word_1_455' title='bbox 1510 4571 1603 4617; x_wconf 88' lang='lat' dir='ltr'><strong>attt</strong></span> 
     </span>
    </p>
   </div>
   <div class='ocr_carea' id='block_1_62' title="bbox 82 4658 1601 4736">
    <p class='ocr_par' dir='ltr' id='par_1_62' title="bbox 82 4658 1601 4736">
     <span class='ocr_line' id='line_1_62' title="bbox 82 4658 1601 4736; baseline -0.008 -14"><span class='ocrx_word' id='word_1_456' title='bbox 82 4659 265 4722; x_wconf 54' lang='lat' dir='ltr'><strong>Parietes</strong></span> <span class='ocrx_word' id='word_1_457' title='bbox 303 4666 446 4732; x_wconf 82' lang='lat' dir='ltr'><strong>facit,</strong></span> <span class='ocrx_word' id='word_1_458' title='bbox 477 4668 587 4721; x_wconf 88' lang='lat' dir='ltr'><strong>nisi</strong></span> <span class='ocrx_word' id='word_1_459' title='bbox 616 4665 765 4721; x_wconf 90' lang='lat' dir='ltr'><strong>solus</strong></span> <span class='ocrx_word' id='word_1_460' title='bbox 811 4665 961 4736; x_wconf 88' lang='lat' dir='ltr'><strong>prior</strong></span> <span class='ocrx_word' id='word_1_461' title='bbox 1009 4680 1132 4717; x_wconf 89' lang='lat' dir='ltr'><strong>eum</strong></span> <span class='ocrx_word' id='word_1_462' title='bbox 1167 4660 1377 4715; x_wconf 87' lang='lat' dir='ltr'><strong>duobus</strong></span> <span class='ocrx_word' id='word_1_463' title='bbox 1432 4658 1601 4713; x_wconf 87' lang='lat' dir='ltr'><strong>colla-</strong></span> 
     </span>
    </p>
   </div>
   <div class='ocr_carea' id='block_1_63' title="bbox 78 4751 1599 4830">
    <p class='ocr_par' dir='ltr' id='par_1_63' title="bbox 78 4751 1599 4830">
     <span class='ocr_line' id='line_1_63' title="bbox 78 4751 1599 4830; baseline 0.005 -31"><span class='ocrx_word' id='word_1_464' title='bbox 78 4751 302 4811; x_wconf 77' lang='lat' dir='ltr'><strong>tcralibus.</strong></span> <span class='ocrx_word' id='word_1_465' title='bbox 328 4759 534 4816; x_wconf 84' lang='lat' dir='ltr'><strong>Similis</strong></span> <span class='ocrx_word' id='word_1_466' title='bbox 551 4774 767 4830; x_wconf 87' lang='lat' dir='ltr'><strong>quoque</strong></span> <span class='ocrx_word' id='word_1_467' title='bbox 787 4758 924 4814; x_wconf 88' lang='lat' dir='ltr'><strong>ordo</strong></span> <span class='ocrx_word' id='word_1_468' title='bbox 962 4756 1028 4811; x_wconf 87' lang='lat' dir='ltr'><strong>ad</strong></span> <span class='ocrx_word' id='word_1_469' title='bbox 1054 4762 1343 4824; x_wconf 81' lang='lat' dir='ltr'><strong>utramque.</strong></span> <span class='ocrx_word' id='word_1_470' title='bbox 1376 4753 1599 4807; x_wconf 81' lang='lat' dir='ltr'><strong>missam</strong></span> 
     </span>
    </p>
   </div>
   <div class='ocr_carea' id='block_1_64' title="bbox 84 4832 1604 4917">
    <p class='ocr_par' dir='ltr' id='par_1_64' title="bbox 84 4832 1604 4917">
     <span class='ocr_line' id='line_1_64' title="bbox 84 4832 1604 4917; baseline 0.005 -28"><span class='ocrx_word' id='word_1_471' title='bbox 84 4832 188 4895; x_wconf 85' lang='lat' dir='ltr'><strong>inira</strong></span> <span class='ocrx_word' id='word_1_472' title='bbox 215 4843 487 4917; x_wconf 76' lang='lat' dir='ltr'><strong>Canonem,</strong></span> <span class='ocrx_word' id='word_1_473' title='bbox 537 4862 594 4905; x_wconf 89' lang='lat' dir='ltr'><strong>et</strong></span> <span class='ocrx_word' id='word_1_474' title='bbox 644 4850 711 4906; x_wconf 79' lang='lat' dir='ltr'><strong>ad</strong></span> <span class='ocrx_word' id='word_1_475' title='bbox 743 4864 979 4915; x_wconf 86' lang='lat' dir='ltr'><strong>versum,</strong></span> <span class='ocrx_word' id='word_1_476' title='bbox 1038 4846 1133 4917; x_wconf 89' lang='lat' dir='ltr'><strong>qui</strong></span> <span class='ocrx_word' id='word_1_477' title='bbox 1187 4847 1434 4915; x_wconf 87' lang='lat' dir='ltr'><strong>sequitur</strong></span> <span class='ocrx_word' id='word_1_478' title='bbox 1481 4851 1604 4914; x_wconf 86' lang='lat' dir='ltr'><strong>post</strong></span> 
     </span>
    </p>
   </div>
   <div class='ocr_carea' id='block_1_65' title="bbox 82 4939 1603 5012">
    <p class='ocr_par' dir='ltr' id='par_1_65' title="bbox 82 4939 1603 5012">
     <span class='ocr_line' id='line_1_65' title="bbox 82 4939 1603 5012; baseline -0.005 -13"><span class='ocrx_word' id='word_1_479' title='bbox 82 4940 333 5008; x_wconf 63' lang='lat' dir='ltr'><strong>Mndium,</strong></span> <span class='ocrx_word' id='word_1_480' title='bbox 361 4945 442 5000; x_wconf 78' lang='lat' dir='ltr'><strong>vel</strong></span> <span class='ocrx_word' id='word_1_481' title='bbox 484 4950 551 5000; x_wconf 87' lang='lat' dir='ltr'><strong>ad</strong></span> <span class='ocrx_word' id='word_1_482' title='bbox 573 4944 876 4999; x_wconf 88' lang='lat' dir='ltr'><strong>oralionem</strong></span> <span class='ocrx_word' id='word_1_483' title='bbox 903 4956 1145 5012; x_wconf 87' lang='lat' dir='ltr'><strong>qttoque,</strong></span> <span class='ocrx_word' id='word_1_484' title='bbox 1180 4956 1299 5011; x_wconf 82' lang='lat' dir='ltr'><strong>qua:</strong></span> <span class='ocrx_word' id='word_1_485' title='bbox 1327 4939 1379 4994; x_wconf 93' lang='lat' dir='ltr'><strong>in</strong></span> <span class='ocrx_word' id='word_1_486' title='bbox 1409 4947 1603 5009; x_wconf 87' lang='lat' dir='ltr'><strong>quarta</strong></span> 
     </span>
    </p>
   </div>
   <div class='ocr_carea' id='block_1_66' title="bbox 86 5017 1607 5108">
    <p class='ocr_par' dir='ltr' id='par_1_66' title="bbox 86 5017 1607 5108">
     <span class='ocr_line' id='line_1_66' title="bbox 86 5017 1607 5108; baseline 0 -23"><span class='ocrx_word' id='word_1_487' title='bbox 86 5032 126 5078; x_wconf 71' lang='grc' dir='ltr'><strong>α</strong></span> <span class='ocrx_word' id='word_1_488' title='bbox 146 5042 269 5089; x_wconf 77' lang='lat' dir='ltr'><strong>sexta</strong></span> <span class='ocrx_word' id='word_1_489' title='bbox 317 5036 445 5093; x_wconf 78' lang='lat' dir='ltr'><strong>feria</strong></span> <span class='ocrx_word' id='word_1_490' title='bbox 474 5046 602 5093; x_wconf 86' lang='lat' dir='ltr'><strong>ante</strong></span> <span class='ocrx_word' id='word_1_491' title='bbox 632 5035 1055 5108; x_wconf 46' lang='lat' dir='ltr'><strong>‘processionem</strong></span> <span class='ocrx_word' id='word_1_492' title='bbox 1089 5026 1290 5104; x_wconf 80' lang='lat' dir='ltr'><strong>agitur,</strong></span> <span class='ocrx_word' id='word_1_493' title='bbox 1340 5032 1407 5086; x_wconf 91' lang='lat' dir='ltr'><strong>ab</strong></span> <span class='ocrx_word' id='word_1_494' title='bbox 1434 5017 1607 5087; x_wconf 84' lang='lat' dir='ltr'><strong>omni-</strong></span> 
     </span>
    </p>
   </div>
   <div class='ocr_carea' id='block_1_67' title="bbox 86 5110 1606 5199">
    <p class='ocr_par' dir='ltr' id='par_1_67' title="bbox 86 5110 1606 5199">
     <span class='ocr_line' id='line_1_67' title="bbox 86 5110 1606 5199; baseline 0.005 -28"><span class='ocrx_word' id='word_1_495' title='bbox 86 5110 161 5173; x_wconf 71' lang='lat' dir='ltr'><strong>his</strong></span> <span class='ocrx_word' id='word_1_496' title='bbox 182 5134 250 5179; x_wconf 86' lang='lat' dir='ltr'><strong>est</strong></span> <span class='ocrx_word' id='word_1_497' title='bbox 278 5129 657 5186; x_wconf 82' lang='lat' dir='ltr'><strong>observandas.</strong></span> <span class='ocrx_word' id='word_1_498' title='bbox 690 5128 802 5185; x_wconf 88' lang='lat' dir='ltr'><strong>Hoc</strong></span> <span class='ocrx_word' id='word_1_499' title='bbox 824 5143 1040 5199; x_wconf 91' lang='lat' dir='ltr'><strong>quoque</strong></span> <span class='ocrx_word' id='word_1_500' title='bbox 1071 5125 1469 5182; x_wconf 88' lang='lat' dir='ltr'><strong>observandum</strong></span> <span class='ocrx_word' id='word_1_501' title='bbox 1500 5133 1606 5189; x_wconf 90' lang='lat' dir='ltr'><strong>est,</strong></span> 
     </span>
    </p>
   </div>
   <div class='ocr_carea' id='block_1_68' title="bbox 88 5212 1607 5292">
    <p class='ocr_par' dir='ltr' id='par_1_68' title="bbox 88 5212 1607 5292">
     <span class='ocr_line' id='line_1_68' title="bbox 88 5212 1607 5292; baseline 0.001 -24"><span class='ocrx_word' id='word_1_502' title='bbox 88 5212 327 5281; x_wconf 69' lang='lat' dir='ltr'><strong>ilquoties</strong></span> <span class='ocrx_word' id='word_1_503' title='bbox 347 5221 433 5288; x_wconf 88' lang='lat' dir='ltr'><strong>hi,</strong></span> <span class='ocrx_word' id='word_1_504' title='bbox 477 5223 569 5292; x_wconf 92' lang='lat' dir='ltr'><strong>qui</strong></span> <span class='ocrx_word' id='word_1_505' title='bbox 590 5223 664 5276; x_wconf 86' lang='lat' dir='ltr'><strong>ad</strong></span> <span class='ocrx_word' id='word_1_506' title='bbox 718 5219 994 5277; x_wconf 88' lang='lat' dir='ltr'><strong>cancellos</strong></span> <span class='ocrx_word' id='word_1_507' title='bbox 1041 5226 1096 5272; x_wconf 93' lang='lat' dir='ltr'><strong>et</strong></span> <span class='ocrx_word' id='word_1_508' title='bbox 1150 5217 1387 5287; x_wconf 86' lang='lat' dir='ltr'><strong>parietes</strong></span> <span class='ocrx_word' id='word_1_509' title='bbox 1432 5223 1607 5280; x_wconf 85' lang='lat' dir='ltr'><strong>stant,</strong></span> 
     </span>
    </p>
   </div>
   <div class='ocr_carea' id='block_1_69' title="bbox 90 5296 1607 5384">
    <p class='ocr_par' dir='ltr' id='par_1_69' title="bbox 90 5296 1607 5384">
     <span class='ocr_line' id='line_1_69' title="bbox 90 5296 1607 5384; baseline -0.005 -13"><span class='ocrx_word' id='word_1_510' title='bbox 90 5296 212 5371; x_wconf 59' lang='grc'><strong>’⁵⁸1⁷⁸1⁸</strong></span> <span class='ocrx_word' id='word_1_511' title='bbox 233 5308 420 5367; x_wconf 78' lang='lat' dir='ltr'><strong>formas</strong></span> <span class='ocrx_word' id='word_1_512' title='bbox 448 5315 830 5384; x_wconf 88' lang='lat' dir='ltr'><strong>procumbunt,</strong></span> <span class='ocrx_word' id='word_1_513' title='bbox 882 5311 1116 5366; x_wconf 76' lang='lat' dir='ltr'><strong>extremi</strong></span> <span class='ocrx_word' id='word_1_514' title='bbox 1150 5311 1294 5365; x_wconf 91' lang='lat' dir='ltr'><strong>inter</strong></span> <span class='ocrx_word' id='word_1_515' title='bbox 1347 5325 1440 5364; x_wconf 89' lang='lat' dir='ltr'><strong>eos</strong></span> <span class='ocrx_word' id='word_1_516' title='bbox 1472 5309 1607 5363; x_wconf 91' lang='lat' dir='ltr'><strong>tanti</strong></span> 
     </span>
    </p>
   </div>
   <div class='ocr_carea' id='block_1_70' title="bbox 92 5386 1607 5474">
    <p class='ocr_par' dir='ltr' id='par_1_70' title="bbox 92 5386 1607 5474">
     <span class='ocr_line' id='line_1_70' title="bbox 92 5386 1607 5474; baseline 0.002 -21"><span class='ocrx_word' id='word_1_517' title='bbox 92 5386 192 5474; x_wconf 64' lang='grc' dir='ltr'><strong>βίας</strong></span> <span class='ocrx_word' id='word_1_518' title='bbox 213 5400 269 5454; x_wconf 81' lang='lat' dir='ltr'><strong>ad</strong></span> <span class='ocrx_word' id='word_1_519' title='bbox 289 5408 740 5474; x_wconf 88' lang='lat' dir='ltr'><strong>procumbendum</strong></span> <span class='ocrx_word' id='word_1_520' title='bbox 769 5406 1051 5467; x_wconf 87' lang='lat' dir='ltr'><strong>secedunt,</strong></span> <span class='ocrx_word' id='word_1_521' title='bbox 1106 5414 1165 5457; x_wconf 89' lang='lat' dir='ltr'><strong>ut</strong></span> <span class='ocrx_word' id='word_1_522' title='bbox 1191 5403 1399 5474; x_wconf 89' lang='lat' dir='ltr'><strong>priores</strong></span> <span class='ocrx_word' id='word_1_523' title='bbox 1421 5419 1607 5458; x_wconf 92' lang='lat' dir='ltr'><strong>eorum</strong></span> 
     </span>
    </p>
   </div>
   <div class='ocr_carea' id='block_1_71' title="bbox 96 5484 1610 5569">
    <p class='ocr_par' dir='ltr' id='par_1_71' title="bbox 96 5484 1610 5569">
     <span class='ocr_line' id='line_1_71' title="bbox 96 5484 1610 5569; baseline 0.001 -20"><span class='ocrx_word' id='word_1_524' title='bbox 96 5484 213 5569; x_wconf 60' lang='lat' dir='ltr'><strong>Mler</strong></span> <span class='ocrx_word' id='word_1_525' title='bbox 244 5492 431 5555; x_wconf 83' lang='lat' dir='ltr'><strong>formas</strong></span> <span class='ocrx_word' id='word_1_526' title='bbox 453 5499 634 5569; x_wconf 80' lang='lat' dir='ltr'><strong>jacere</strong></span> <span class='ocrx_word' id='word_1_527' title='bbox 662 5500 900 5556; x_wconf 77' lang='lat' dir='ltr'><strong>Valeant.</strong></span> <span class='ocrx_word' id='word_1_528' title='bbox 936 5497 1062 5554; x_wconf 88' lang='lat' dir='ltr'><strong>Sive</strong></span> <span class='ocrx_word' id='word_1_529' title='bbox 1087 5506 1265 5552; x_wconf 89' lang='lat' dir='ltr'><strong>autem</strong></span> <span class='ocrx_word' id='word_1_530' title='bbox 1296 5498 1365 5551; x_wconf 90' lang='lat' dir='ltr'><strong>sit</strong></span> <span class='ocrx_word' id='word_1_531' title='bbox 1398 5505 1610 5567; x_wconf 88' lang='lat' dir='ltr'><strong>tempus</strong></span> 
     </span>
    </p>
   </div>
   <div class='ocr_carea' id='block_1_72' title="bbox 98 5592 111 5615">
    <p class='ocr_par' dir='ltr' id='par_1_72' title="bbox 98 5592 111 5615">
     <span class='ocr_line' id='line_1_72' title="bbox 98 5592 111 5615; baseline 0 -2"><span class='ocrx_word' id='word_1_532' title='bbox 98 5592 111 5615; x_wconf 70' lang='lat' dir='ltr'><strong>li</strong></span> 
     </span>
    </p>
   </div>
   <div class='ocr_carea' id='block_1_73' title="bbox 100 5665 1173 5748">
    <p class='ocr_par' dir='ltr' id='par_1_73' title="bbox 100 5665 1173 5748">
     <span class='ocr_line' id='line_1_73' title="bbox 100 5665 1173 5748; baseline 0.001 -18"><span class='ocrx_word' id='word_1_533' title='bbox 273 5673 563 5748; x_wconf 58' lang='lat' dir='ltr'><strong>incisiones,</strong></span> <span class='ocrx_word' id='word_1_534' title='bbox 592 5681 893 5746; x_wconf 77' lang='lat' dir='ltr'><strong>sectiones,</strong></span> <span class='ocrx_word' id='word_1_535' title='bbox 914 5679 1173 5748; x_wconf 83' lang='lat' dir='ltr'><strong>capitula.</strong></span> 
     </span>
    </p>
   </div>
   <div class='ocr_carea' id='block_1_74' title="bbox 102 5738 1613 5817">
    <p class='ocr_par' dir='ltr' id='par_1_74' title="bbox 102 5738 1613 5817">
     <span class='ocr_line' id='line_1_74' title="bbox 102 5738 1613 5817; baseline -0.006 -9"><span class='ocrx_word' id='word_1_536' title='bbox 102 5738 241 5817; x_wconf 54' lang='grc'><strong>932³)</strong></span> <span class='ocrx_word' id='word_1_537' title='bbox 273 5738 659 5817; x_wconf 50' lang='lat' dir='ltr'><strong>Misericordia;</strong></span> <span class='ocrx_word' id='word_1_538' title='bbox 695 5738 901 5807; x_wconf 72' lang='lat' dir='ltr'><strong>sellula:</strong></span> <span class='ocrx_word' id='word_1_539' title='bbox 926 5738 1127 5807; x_wconf 67' lang='lat' dir='ltr'><strong>erectis</strong></span> <span class='ocrx_word' id='word_1_540' title='bbox 1160 5749 1461 5817; x_wconf 70' lang='lat' dir='ltr'><strong>formarunt</strong></span> <span class='ocrx_word' id='word_1_541' title='bbox 1484 5745 1613 5802; x_wconf 84' lang='lat' dir='ltr'><strong>sub-</strong></span> 
     </span>
    </p>
   </div>
   <div class='ocr_carea' id='block_1_75' title="bbox 101 5803 1615 5895">
    <p class='ocr_par' dir='ltr' id='par_1_75' title="bbox 101 5803 1615 5895">
     <span class='ocr_line' id='line_1_75' title="bbox 101 5803 1615 5895; baseline 0.015 -35"><span class='ocrx_word' id='word_1_542' title='bbox 101 5803 497 5895; x_wconf 45' lang='lat' dir='ltr'><strong>2Illiis&#39;apposine,</strong></span> <span class='ocrx_word' id='word_1_543' title='bbox 509 5803 709 5895; x_wconf 67' lang='lat' dir='ltr'><strong>quibus</strong></span> <span class='ocrx_word' id='word_1_544' title='bbox 728 5803 1252 5895; x_wconf 46' lang='lat' dir='ltr'><strong>stantibus—senibus</strong></span> <span class='ocrx_word' id='word_1_545' title='bbox 1276 5808 1363 5895; x_wconf 76' lang='lat' dir='ltr'><strong>vel</strong></span> <span class='ocrx_word' id='word_1_546' title='bbox 1384 5806 1615 5895; x_wconf 47' lang='lat' dir='ltr'><strong>infirmi?</strong></span> 
     </span>
    </p>
   </div>
   <div class='ocr_carea' id='block_1_76' title="bbox 103 5880 1609 5954">
    <p class='ocr_par' dir='ltr' id='par_1_76' title="bbox 103 5880 1609 5954">
     <span class='ocr_line' id='line_1_76' title="bbox 103 5880 1609 5954; baseline 0.006 -20"><span class='ocrx_word' id='word_1_547' title='bbox 103 5880 166 5947; x_wconf 64' lang='lat' dir='ltr'><strong>ira</strong></span> <span class='ocrx_word' id='word_1_548' title='bbox 217 5880 551 5943; x_wconf 53' lang='lat' dir='ltr'><strong>anserini-diu</strong></span> <span class='ocrx_word' id='word_1_549' title='bbox 610 5893 846 5950; x_wconf 83' lang='lat' dir='ltr'><strong>insidere</strong></span> <span class='ocrx_word' id='word_1_550' title='bbox 917 5880 1272 5954; x_wconf 83' lang='lat' dir='ltr'><strong>conceditur,</strong></span> <span class='ocrx_word' id='word_1_551' title='bbox 1333 5880 1459 5942; x_wconf 82' lang='lat' dir='ltr'><strong>dum</strong></span> <span class='ocrx_word' id='word_1_552' title='bbox 1518 5887 1609 5943; x_wconf 87' lang='lat' dir='ltr'><strong>alii</strong></span> 
     </span>
    </p>
   </div>
   <div class='ocr_carea' id='block_1_77' title="bbox 1675 1979 3265 2052">
    <p class='ocr_par' dir='ltr' id='par_1_77' title="bbox 1675 1979 3265 2052">
     <span class='ocr_line' id='line_1_77' title="bbox 1675 1979 3265 2052; baseline 0.004 -20"><span class='ocrx_word' id='word_1_553' title='bbox 1675 1980 1891 2034; x_wconf 89' lang='lat' dir='ltr'><strong>narium</strong></span> <span class='ocrx_word' id='word_1_554' title='bbox 1927 1980 1980 2034; x_wconf 91' lang='lat' dir='ltr'><strong>in</strong></span> <span class='ocrx_word' id='word_1_555' title='bbox 2018 1979 2359 2045; x_wconf 85' lang='lat' dir='ltr'><strong>vestiarium,</strong></span> <span class='ocrx_word' id='word_1_556' title='bbox 2384 1991 2441 2035; x_wconf 89' lang='lat' dir='ltr'><strong>ut</strong></span> <span class='ocrx_word' id='word_1_557' title='bbox 2469 1980 2821 2052; x_wconf 64' lang='lat' dir='ltr'><strong>prmvirleant,</strong></span> <span class='ocrx_word' id='word_1_558' title='bbox 2852 1984 2992 2052; x_wconf 90' lang='lat' dir='ltr'><strong>quod</strong></span> <span class='ocrx_word' id='word_1_559' title='bbox 3036 1982 3116 2039; x_wconf 90' lang='lat' dir='ltr'><strong>eis</strong></span> <span class='ocrx_word' id='word_1_560' title='bbox 3139 1992 3265 2039; x_wconf 90' lang='lat' dir='ltr'><strong>tunc</strong></span> 
     </span>
    </p>
   </div>
   <div class='ocr_carea' id='block_1_78' title="bbox 1676 2070 2116 2126">
    <p class='ocr_par' dir='ltr' id='par_1_78' title="bbox 1676 2070 2116 2126">
     <span class='ocr_line' id='line_1_78' title="bbox 1676 2070 2116 2126; baseline -0.005 -1"><span class='ocrx_word' id='word_1_561' title='bbox 1676 2080 1757 2125; x_wconf 87' lang='lat' dir='ltr'><strong>est</strong></span> <span class='ocrx_word' id='word_1_562' title='bbox 1787 2070 2116 2126; x_wconf 89' lang='lat' dir='ltr'><strong>canendum.</strong></span> 
     </span>
    </p>
   </div>
   <div class='ocr_carea' id='block_1_79' title="bbox 1752 2161 3269 2236">
    <p class='ocr_par' dir='ltr' id='par_1_79' title="bbox 1752 2161 3269 2236">
     <span class='ocr_line' id='line_1_79' title="bbox 1752 2161 3269 2236; baseline 0.003 -19"><span class='ocrx_word' id='word_1_563' title='bbox 1752 2162 2024 2217; x_wconf 71' lang='lat' dir='ltr'><strong>Czeternm</strong></span> <span class='ocrx_word' id='word_1_564' title='bbox 2061 2161 2186 2232; x_wconf 86' lang='lat' dir='ltr'><strong>quia</strong></span> <span class='ocrx_word' id='word_1_565' title='bbox 2217 2161 2346 2216; x_wconf 91' lang='lat' dir='ltr'><strong>nulli</strong></span> <span class='ocrx_word' id='word_1_566' title='bbox 2380 2164 2445 2216; x_wconf 84' lang='lat' dir='ltr'><strong>ad</strong></span> <span class='ocrx_word' id='word_1_567' title='bbox 2469 2162 2687 2234; x_wconf 88' lang='lat' dir='ltr'><strong>aliquod</strong></span> <span class='ocrx_word' id='word_1_568' title='bbox 2716 2165 2966 2229; x_wconf 74' lang='lat' dir='ltr'><strong>cilicium</strong></span> <span class='ocrx_word' id='word_1_569' title='bbox 2996 2167 3269 2236; x_wconf 84' lang='lat' dir='ltr'><strong>descripto</strong></span> 
     </span>
    </p>
   </div>
   <div class='ocr_carea' id='block_1_80' title="bbox 1680 2254 3269 2327">
    <p class='ocr_par' dir='ltr' id='par_1_80' title="bbox 1680 2254 3269 2327">
     <span class='ocr_line' id='line_1_80' title="bbox 1680 2254 3269 2327; baseline 0.002 -18"><span class='ocrx_word' id='word_1_570' title='bbox 1680 2255 1806 2311; x_wconf 91' lang='lat' dir='ltr'><strong>licet</strong></span> <span class='ocrx_word' id='word_1_571' title='bbox 1834 2254 2126 2326; x_wconf 82' lang='lat' dir='ltr'><strong>negligere,</strong></span> <span class='ocrx_word' id='word_1_572' title='bbox 2154 2254 2283 2324; x_wconf 88' lang='lat' dir='ltr'><strong>quin</strong></span> <span class='ocrx_word' id='word_1_573' title='bbox 2308 2254 2481 2324; x_wconf 89' lang='lat' dir='ltr'><strong>pridie</strong></span> <span class='ocrx_word' id='word_1_574' title='bbox 2532 2257 2845 2326; x_wconf 63' lang='lat' dir='ltr'><strong>prarvideat,</strong></span> <span class='ocrx_word' id='word_1_575' title='bbox 2874 2260 3002 2327; x_wconf 90' lang='lat' dir='ltr'><strong>quid</strong></span> <span class='ocrx_word' id='word_1_576' title='bbox 3044 2260 3110 2312; x_wconf 88' lang='lat' dir='ltr'><strong>ad</strong></span> <span class='ocrx_word' id='word_1_577' title='bbox 3163 2258 3269 2312; x_wconf 81' lang='lat' dir='ltr'><strong>No-</strong></span> 
     </span>
    </p>
   </div>
   <div class='ocr_carea' id='block_1_81' title="bbox 1681 2348 3269 2422">
    <p class='ocr_par' dir='ltr' id='par_1_81' title="bbox 1681 2348 3269 2422">
     <span class='ocr_line' id='line_1_81' title="bbox 1681 2348 3269 2422; baseline 0.001 -20"><span class='ocrx_word' id='word_1_578' title='bbox 1681 2358 1908 2402; x_wconf 83' lang='lat' dir='ltr'><strong>cturnus</strong></span> <span class='ocrx_word' id='word_1_579' title='bbox 1938 2348 2131 2402; x_wconf 88' lang='lat' dir='ltr'><strong>debeat</strong></span> <span class='ocrx_word' id='word_1_580' title='bbox 2185 2360 2386 2416; x_wconf 80' lang='lat' dir='ltr'><strong>agere:</strong></span> <span class='ocrx_word' id='word_1_581' title='bbox 2418 2348 2546 2403; x_wconf 89' lang='lat' dir='ltr'><strong>hinc</strong></span> <span class='ocrx_word' id='word_1_582' title='bbox 2579 2348 2623 2404; x_wconf 89' lang='lat' dir='ltr'><strong>si</strong></span> <span class='ocrx_word' id='word_1_583' title='bbox 2670 2350 2796 2419; x_wconf 88' lang='lat' dir='ltr'><strong>quis</strong></span> <span class='ocrx_word' id='word_1_584' title='bbox 2842 2366 2941 2421; x_wconf 85' lang='lat' dir='ltr'><strong>pro</strong></span> <span class='ocrx_word' id='word_1_585' title='bbox 2970 2352 3051 2405; x_wconf 86' lang='lat' dir='ltr'><strong>sui</strong></span> <span class='ocrx_word' id='word_1_586' title='bbox 3098 2352 3269 2422; x_wconf 74' lang='lat' dir='ltr'><strong>negli-</strong></span> 
     </span>
    </p>
   </div>
   <div class='ocr_carea' id='block_1_82' title="bbox 1681 2440 3268 2514">
    <p class='ocr_par' dir='ltr' id='par_1_82' title="bbox 1681 2440 3268 2514">
     <span class='ocr_line' id='line_1_82' title="bbox 1681 2440 3268 2514; baseline 0.002 -20"><span class='ocrx_word' id='word_1_587' title='bbox 1681 2440 1861 2509; x_wconf 81' lang='lat' dir='ltr'><strong>gentia</strong></span> <span class='ocrx_word' id='word_1_588' title='bbox 1892 2440 2127 2494; x_wconf 87' lang='lat' dir='ltr'><strong>hocnon</strong></span> <span class='ocrx_word' id='word_1_589' title='bbox 2178 2453 2524 2507; x_wconf 89' lang='lat' dir='ltr'><strong>procurasse,</strong></span> <span class='ocrx_word' id='word_1_590' title='bbox 2576 2443 2670 2496; x_wconf 88' lang='lat' dir='ltr'><strong>sed</strong></span> <span class='ocrx_word' id='word_1_591' title='bbox 2721 2454 2990 2499; x_wconf 89' lang='lat' dir='ltr'><strong>nocturno</strong></span> <span class='ocrx_word' id='word_1_592' title='bbox 3036 2443 3268 2514; x_wconf 76' lang='lat' dir='ltr'><strong>tempori</strong></span> 
     </span>
    </p>
   </div>
   <div class='ocr_carea' id='block_1_83' title="bbox 1685 2531 3271 2605">
    <p class='ocr_par' dir='ltr' id='par_1_83' title="bbox 1685 2531 3271 2605">
     <span class='ocr_line' id='line_1_83' title="bbox 1685 2531 3271 2605; baseline 0.003 -19"><span class='ocrx_word' id='word_1_593' title='bbox 1685 2546 2021 2592; x_wconf 85' lang='lat' dir='ltr'><strong>reservasse.</strong></span> <span class='ocrx_word' id='word_1_594' title='bbox 2078 2540 2135 2587; x_wconf 90' lang='lat' dir='ltr'><strong>et</strong></span> <span class='ocrx_word' id='word_1_595' title='bbox 2162 2531 2265 2587; x_wconf 91' lang='lat' dir='ltr'><strong>hoc</strong></span> <span class='ocrx_word' id='word_1_596' title='bbox 2314 2532 2366 2587; x_wconf 92' lang='lat' dir='ltr'><strong>in</strong></span> <span class='ocrx_word' id='word_1_597' title='bbox 2391 2549 2489 2589; x_wconf 90' lang='lat' dir='ltr'><strong>usu</strong></span> <span class='ocrx_word' id='word_1_598' title='bbox 2524 2534 2725 2591; x_wconf 84' lang='lat' dir='ltr'><strong>habere</strong></span> <span class='ocrx_word' id='word_1_599' title='bbox 2756 2537 3129 2605; x_wconf 85' lang='lat' dir='ltr'><strong>deprehensus</strong></span> <span class='ocrx_word' id='word_1_600' title='bbox 3159 2536 3271 2591; x_wconf 58' lang='lat' dir='ltr'><strong>ineo</strong></span> 
     </span>
    </p>
   </div>
   <div class='ocr_carea' id='block_1_84' title="bbox 1682 2622 3271 2696">
    <p class='ocr_par' dir='ltr' id='par_1_84' title="bbox 1682 2622 3271 2696">
     <span class='ocr_line' id='line_1_84' title="bbox 1682 2622 3271 2696; baseline 0.003 -19"><span class='ocrx_word' id='word_1_601' title='bbox 1682 2623 1793 2687; x_wconf 90' lang='lat' dir='ltr'><strong>rit;</strong></span> <span class='ocrx_word' id='word_1_602' title='bbox 1826 2622 2056 2694; x_wconf 71' lang='lat' dir='ltr'><strong>publica:</strong></span> <span class='ocrx_word' id='word_1_603' title='bbox 2081 2623 2449 2696; x_wconf 83' lang='lat' dir='ltr'><strong>redargutioni</strong></span> <span class='ocrx_word' id='word_1_604' title='bbox 2483 2625 2600 2680; x_wconf 91' lang='lat' dir='ltr'><strong>sine</strong></span> <span class='ocrx_word' id='word_1_605' title='bbox 2619 2627 2783 2682; x_wconf 86' lang='lat' dir='ltr'><strong>dubio</strong></span> <span class='ocrx_word' id='word_1_606' title='bbox 2814 2626 3134 2696; x_wconf 74' lang='lat' dir='ltr'><strong>subiacebit.</strong></span> <span class='ocrx_word' id='word_1_607' title='bbox 3175 2632 3271 2682; x_wconf 87' lang='lat' dir='ltr'><strong>At-</strong></span> 
     </span>
    </p>
   </div>
   <div class='ocr_carea' id='block_1_85' title="bbox 1687 2708 3274 2792">
    <p class='ocr_par' dir='ltr' id='par_1_85' title="bbox 1687 2708 3274 2792">
     <span class='ocr_line' id='line_1_85' title="bbox 1687 2708 3274 2792; baseline 0.005 -21"><span class='ocrx_word' id='word_1_608' title='bbox 1687 2726 1894 2784; x_wconf 90' lang='lat' dir='ltr'><strong>tamen,</strong></span> <span class='ocrx_word' id='word_1_609' title='bbox 1924 2718 1970 2773; x_wconf 89' lang='lat' dir='ltr'><strong>si</strong></span> <span class='ocrx_word' id='word_1_610' title='bbox 1997 2717 2101 2772; x_wconf 91' lang='lat' dir='ltr'><strong>hoc</strong></span> <span class='ocrx_word' id='word_1_611' title='bbox 2146 2718 2356 2789; x_wconf 89' lang='lat' dir='ltr'><strong>pridem</strong></span> <span class='ocrx_word' id='word_1_612' title='bbox 2400 2708 2712 2789; x_wconf 30' lang='lat' dir='ltr'><strong>caule&#39;qnis</strong></span> <span class='ocrx_word' id='word_1_613' title='bbox 2765 2722 3064 2792; x_wconf 75' lang='lat' dir='ltr'><strong>prospexit,</strong></span> <span class='ocrx_word' id='word_1_614' title='bbox 3099 2723 3274 2779; x_wconf 91' lang='lat' dir='ltr'><strong>noctis</strong></span> 
     </span>
    </p>
   </div>
   <div class='ocr_carea' id='block_1_86' title="bbox 1688 2807 3274 2875">
    <p class='ocr_par' dir='ltr' id='par_1_86' title="bbox 1688 2807 3274 2875">
     <span class='ocr_line' id='line_1_86' title="bbox 1688 2807 3274 2875; baseline 0.003 -13"><span class='ocrx_word' id='word_1_615' title='bbox 1688 2808 1996 2863; x_wconf 88' lang='lat' dir='ltr'><strong>interventu</strong></span> <span class='ocrx_word' id='word_1_616' title='bbox 2028 2808 2287 2864; x_wconf 84' lang='lat' dir='ltr'><strong>oblivioni</strong></span> <span class='ocrx_word' id='word_1_617' title='bbox 2338 2807 2566 2864; x_wconf 88' lang='lat' dir='ltr'><strong>forsitan</strong></span> <span class='ocrx_word' id='word_1_618' title='bbox 2618 2811 2924 2875; x_wconf 89' lang='lat' dir='ltr'><strong>tradiderit,</strong></span> <span class='ocrx_word' id='word_1_619' title='bbox 2972 2811 3057 2866; x_wconf 86' lang='lat' dir='ltr'><strong>vel</strong></span> <span class='ocrx_word' id='word_1_620' title='bbox 3109 2812 3155 2867; x_wconf 89' lang='lat' dir='ltr'><strong>si</strong></span> <span class='ocrx_word' id='word_1_621' title='bbox 3205 2814 3274 2867; x_wconf 90' lang='lat' dir='ltr'><strong>ab</strong></span> 
     </span>
    </p>
   </div>
   <div class='ocr_carea' id='block_1_87' title="bbox 1685 2901 3276 2974">
    <p class='ocr_par' dir='ltr' id='par_1_87' title="bbox 1685 2901 3276 2974">
     <span class='ocr_line' id='line_1_87' title="bbox 1685 2901 3276 2974; baseline 0.002 -19"><span class='ocrx_word' id='word_1_622' title='bbox 1685 2901 1794 2955; x_wconf 83' lang='lat' dir='ltr'><strong>alio</strong></span> <span class='ocrx_word' id='word_1_623' title='bbox 1826 2902 1993 2955; x_wconf 79' lang='lat' dir='ltr'><strong>fratre</strong></span> <span class='ocrx_word' id='word_1_624' title='bbox 2017 2901 2069 2954; x_wconf 91' lang='lat' dir='ltr'><strong>in</strong></span> <span class='ocrx_word' id='word_1_625' title='bbox 2094 2902 2197 2956; x_wconf 88' lang='lat' dir='ltr'><strong>hoc</strong></span> <span class='ocrx_word' id='word_1_626' title='bbox 2220 2910 2487 2956; x_wconf 91' lang='lat' dir='ltr'><strong>nocturno</strong></span> <span class='ocrx_word' id='word_1_627' title='bbox 2513 2902 2773 2973; x_wconf 86' lang='lat' dir='ltr'><strong>temporis</strong></span> <span class='ocrx_word' id='word_1_628' title='bbox 2794 2902 3024 2958; x_wconf 89' lang='lat' dir='ltr'><strong>articulo</strong></span> <span class='ocrx_word' id='word_1_629' title='bbox 3056 2912 3276 2974; x_wconf 78' lang='lat' dir='ltr'><strong>rogatus</strong></span> 
     </span>
    </p>
   </div>
   <div class='ocr_carea' id='block_1_88' title="bbox 1686 2982 3273 3067">
    <p class='ocr_par' dir='ltr' id='par_1_88' title="bbox 1686 2982 3273 3067">
     <span class='ocr_line' id='line_1_88' title="bbox 1686 2982 3273 3067; baseline 0 -17"><span class='ocrx_word' id='word_1_630' title='bbox 1686 2996 1904 3065; x_wconf 89' lang='lat' dir='ltr'><strong>aliquod</strong></span> <span class='ocrx_word' id='word_1_631' title='bbox 1928 2993 2186 3056; x_wconf 74' lang='lat' dir='ltr'><strong>alliciunt,</strong></span> <span class='ocrx_word' id='word_1_632' title='bbox 2212 2982 2310 3065; x_wconf 87' lang='lat' dir='ltr'><strong>pro</strong></span> <span class='ocrx_word' id='word_1_633' title='bbox 2336 3010 2403 3052; x_wconf 89' lang='lat' dir='ltr'><strong>eo</strong></span> <span class='ocrx_word' id='word_1_634' title='bbox 2430 3011 2593 3065; x_wconf 81' lang='lat' dir='ltr'><strong>agere</strong></span> <span class='ocrx_word' id='word_1_635' title='bbox 2622 2996 2853 3052; x_wconf 83' lang='lat' dir='ltr'><strong>voluerit</strong></span> <span class='ocrx_word' id='word_1_636' title='bbox 2884 3015 2897 3051; x_wconf 90' lang='lat'><strong>:</strong></span> <span class='ocrx_word' id='word_1_637' title='bbox 2952 2997 3044 3067; x_wconf 87' lang='lat' dir='ltr'><strong>qui</strong></span> <span class='ocrx_word' id='word_1_638' title='bbox 3090 3006 3273 3052; x_wconf 87' lang='lat' dir='ltr'><strong>tanten</strong></span> 
     </span>
    </p>
   </div>
   <div class='ocr_carea' id='block_1_89' title="bbox 1686 3088 3278 3160">
    <p class='ocr_par' dir='ltr' id='par_1_89' title="bbox 1686 3088 3278 3160">
     <span class='ocr_line' id='line_1_89' title="bbox 1686 3088 3278 3160; baseline -0.001 -16"><span class='ocrx_word' id='word_1_639' title='bbox 1686 3090 1755 3144; x_wconf 87' lang='lat' dir='ltr'><strong>de</strong></span> <span class='ocrx_word' id='word_1_640' title='bbox 1789 3090 1910 3156; x_wconf 88' lang='lat' dir='ltr'><strong>hoc,</strong></span> <span class='ocrx_word' id='word_1_641' title='bbox 1937 3090 2040 3145; x_wconf 89' lang='lat' dir='ltr'><strong>nisi</strong></span> <span class='ocrx_word' id='word_1_642' title='bbox 2084 3088 2377 3145; x_wconf 88' lang='lat' dir='ltr'><strong>necessitas</strong></span> <span class='ocrx_word' id='word_1_643' title='bbox 2434 3098 2672 3160; x_wconf 83' lang='lat' dir='ltr'><strong>cogeret,</strong></span> <span class='ocrx_word' id='word_1_644' title='bbox 2707 3104 2736 3144; x_wconf 91' lang='lat' dir='ltr'><strong>a</strong></span> <span class='ocrx_word' id='word_1_645' title='bbox 2796 3104 3069 3160; x_wconf 89' lang='lat' dir='ltr'><strong>quoquant</strong></span> <span class='ocrx_word' id='word_1_646' title='bbox 3109 3090 3278 3143; x_wconf 77' lang='lat' dir='ltr'><strong>inter-</strong></span> 
     </span>
    </p>
   </div>
   <div class='ocr_carea' id='block_1_90' title="bbox 1689 3180 3280 3255">
    <p class='ocr_par' dir='ltr' id='par_1_90' title="bbox 1689 3180 3280 3255">
     <span class='ocr_line' id='line_1_90' title="bbox 1689 3180 3280 3255; baseline -0.003 -16"><span class='ocrx_word' id='word_1_647' title='bbox 1689 3183 1876 3255; x_wconf 88' lang='lat' dir='ltr'><strong>pellari</strong></span> <span class='ocrx_word' id='word_1_648' title='bbox 1906 3198 2012 3238; x_wconf 91' lang='lat' dir='ltr'><strong>non</strong></span> <span class='ocrx_word' id='word_1_649' title='bbox 2066 3183 2271 3238; x_wconf 89' lang='lat' dir='ltr'><strong>debuit.</strong></span> <span class='ocrx_word' id='word_1_650' title='bbox 2321 3184 2415 3239; x_wconf 90' lang='lat' dir='ltr'><strong>Sic</strong></span> <span class='ocrx_word' id='word_1_651' title='bbox 2466 3181 2551 3239; x_wconf 88' lang='lat' dir='ltr'><strong>vel</strong></span> <span class='ocrx_word' id='word_1_652' title='bbox 2608 3180 2775 3237; x_wconf 79' lang='lat' dir='ltr'><strong>infra.</strong></span> <span class='ocrx_word' id='word_1_653' title='bbox 2808 3182 3120 3253; x_wconf 88' lang='lat' dir='ltr'><strong>quindecim</strong></span> <span class='ocrx_word' id='word_1_654' title='bbox 3157 3197 3280 3253; x_wconf 77' lang='lat' dir='ltr'><strong>gra-</strong></span> 
     </span>
    </p>
   </div>
   <div class='ocr_carea' id='block_1_91' title="bbox 1691 3274 3276 3346">
    <p class='ocr_par' dir='ltr' id='par_1_91' title="bbox 1691 3274 3276 3346">
     <span class='ocr_line' id='line_1_91' title="bbox 1691 3274 3276 3346; baseline -0.004 -14"><span class='ocrx_word' id='word_1_655' title='bbox 1691 3278 1855 3332; x_wconf 89' lang='lat' dir='ltr'><strong>duutn</strong></span> <span class='ocrx_word' id='word_1_656' title='bbox 1892 3276 2175 3346; x_wconf 85' lang='lat' dir='ltr'><strong>psalmos:</strong></span> <span class='ocrx_word' id='word_1_657' title='bbox 2216 3291 2281 3331; x_wconf 91' lang='lat' dir='ltr'><strong>eo</strong></span> <span class='ocrx_word' id='word_1_658' title='bbox 2337 3284 2517 3330; x_wconf 90' lang='lat' dir='ltr'><strong>tamen</strong></span> <span class='ocrx_word' id='word_1_659' title='bbox 2557 3276 2769 3339; x_wconf 85' lang='lat' dir='ltr'><strong>ordine,</strong></span> <span class='ocrx_word' id='word_1_660' title='bbox 2826 3290 2932 3344; x_wconf 89' lang='lat' dir='ltr'><strong>quo</strong></span> <span class='ocrx_word' id='word_1_661' title='bbox 2960 3274 3276 3345; x_wconf 64' lang='lat' dir='ltr'><strong>praedictum</strong></span> 
     </span>
    </p>
   </div>
   <div class='ocr_carea' id='block_1_92' title="bbox 1689 3368 3277 3439">
    <p class='ocr_par' dir='ltr' id='par_1_92' title="bbox 1689 3368 3277 3439">
     <span class='ocr_line' id='line_1_92' title="bbox 1689 3368 3277 3439; baseline -0.004 -14"><span class='ocrx_word' id='word_1_662' title='bbox 1689 3379 1793 3437; x_wconf 90' lang='lat' dir='ltr'><strong>est,</strong></span> <span class='ocrx_word' id='word_1_663' title='bbox 1817 3369 1903 3423; x_wconf 89' lang='lat' dir='ltr'><strong>vel</strong></span> <span class='ocrx_word' id='word_1_664' title='bbox 1949 3379 2159 3439; x_wconf 85' lang='lat' dir='ltr'><strong>postea,</strong></span> <span class='ocrx_word' id='word_1_665' title='bbox 2197 3368 2633 3439; x_wconf 87' lang='lat' dir='ltr'><strong>quandocnnque</strong></span> <span class='ocrx_word' id='word_1_666' title='bbox 2686 3378 3050 3438; x_wconf 85' lang='lat' dir='ltr'><strong>opportunum</strong></span> <span class='ocrx_word' id='word_1_667' title='bbox 3094 3368 3277 3431; x_wconf 90' lang='lat' dir='ltr'><strong>fuerit,</strong></span> 
     </span>
    </p>
   </div>
   <div class='ocr_carea' id='block_1_93' title="bbox 1694 3460 3276 3531">
    <p class='ocr_par' dir='ltr' id='par_1_93' title="bbox 1694 3460 3276 3531">
     <span class='ocr_line' id='line_1_93' title="bbox 1694 3460 3276 3531; baseline -0.004 -13"><span class='ocrx_word' id='word_1_668' title='bbox 1694 3465 1935 3519; x_wconf 88' lang='lat' dir='ltr'><strong>breviter</strong></span> <span class='ocrx_word' id='word_1_669' title='bbox 1963 3462 2329 3531; x_wconf 89' lang='lat' dir='ltr'><strong>videre,qnod</strong></span> <span class='ocrx_word' id='word_1_670' title='bbox 2364 3460 2496 3524; x_wconf 81' lang='lat' dir='ltr'><strong>vult,</strong></span> <span class='ocrx_word' id='word_1_671' title='bbox 2528 3461 2745 3531; x_wconf 87' lang='lat' dir='ltr'><strong>poterit.</strong></span> <span class='ocrx_word' id='word_1_672' title='bbox 2780 3461 2885 3515; x_wconf 82' lang='lat' dir='ltr'><strong>Sed</strong></span> <span class='ocrx_word' id='word_1_673' title='bbox 2938 3470 2993 3515; x_wconf 90' lang='lat' dir='ltr'><strong>et</strong></span> <span class='ocrx_word' id='word_1_674' title='bbox 3043 3461 3145 3516; x_wconf 92' lang='lat' dir='ltr'><strong>hoc</strong></span> <span class='ocrx_word' id='word_1_675' title='bbox 3170 3460 3276 3513; x_wconf 84' lang='lat' dir='ltr'><strong>l&#39;re-</strong></span> 
     </span>
    </p>
   </div>
   <div class='ocr_carea' id='block_1_94' title="bbox 1692 3551 3278 3625">
    <p class='ocr_par' dir='ltr' id='par_1_94' title="bbox 1692 3551 3278 3625">
     <span class='ocr_line' id='line_1_94' title="bbox 1692 3551 3278 3625; baseline -0.003 -18"><span class='ocrx_word' id='word_1_676' title='bbox 1692 3564 1956 3625; x_wconf 88' lang='lat' dir='ltr'><strong>quentare</strong></span> <span class='ocrx_word' id='word_1_677' title='bbox 1990 3561 2163 3618; x_wconf 81' lang='lat' dir='ltr'><strong>cavet,</strong></span> <span class='ocrx_word' id='word_1_678' title='bbox 2223 3553 2265 3607; x_wconf 85' lang='lat' dir='ltr'><strong>si</strong></span> <span class='ocrx_word' id='word_1_679' title='bbox 2319 3552 2753 3608; x_wconf 88' lang='lat' dir='ltr'><strong>inelatnationem</strong></span> <span class='ocrx_word' id='word_1_680' title='bbox 2806 3551 3041 3624; x_wconf 69' lang='lat' dir='ltr'><strong>effugere</strong></span> <span class='ocrx_word' id='word_1_681' title='bbox 3090 3564 3278 3605; x_wconf 84' lang='lat' dir='ltr'><strong>curant</strong></span> 
     </span>
    </p>
   </div>
   <div class='ocr_carea' id='block_1_95' title="bbox 1695 3640 3284 3713">
    <p class='ocr_par' dir='ltr' id='par_1_95' title="bbox 1695 3640 3284 3713">
     <span class='ocr_line' id='line_1_95' title="bbox 1695 3640 3284 3713; baseline -0.004 -11"><span class='ocrx_word' id='word_1_682' title='bbox 1695 3647 1878 3702; x_wconf 85' lang='lat' dir='ltr'><strong>habet.</strong></span> <span class='ocrx_word' id='word_1_683' title='bbox 1905 3646 2019 3700; x_wconf 89' lang='lat' dir='ltr'><strong>lloc</strong></span> <span class='ocrx_word' id='word_1_684' title='bbox 2042 3653 2223 3698; x_wconf 88' lang='lat' dir='ltr'><strong>autem</strong></span> <span class='ocrx_word' id='word_1_685' title='bbox 2258 3656 2700 3713; x_wconf 87' lang='lat' dir='ltr'><strong>unumquemque</strong></span> <span class='ocrx_word' id='word_1_686' title='bbox 2730 3643 2872 3698; x_wconf 84' lang='lat' dir='ltr'><strong>scire</strong></span> <span class='ocrx_word' id='word_1_687' title='bbox 2901 3650 3111 3713; x_wconf 90' lang='lat' dir='ltr'><strong>oportet</strong></span> <span class='ocrx_word' id='word_1_688' title='bbox 3138 3640 3284 3711; x_wconf 87' lang='lat' dir='ltr'><strong>quod</strong></span> 
     </span>
    </p>
   </div>
   <div class='ocr_carea' id='block_1_96' title="bbox 1696 3730 3285 3803">
    <p class='ocr_par' dir='ltr' id='par_1_96' title="bbox 1696 3730 3285 3803">
     <span class='ocr_line' id='line_1_96' title="bbox 1696 3730 3285 3803; baseline -0.005 -11"><span class='ocrx_word' id='word_1_689' title='bbox 1696 3738 1763 3793; x_wconf 89' lang='lat' dir='ltr'><strong>ad</strong></span> <span class='ocrx_word' id='word_1_690' title='bbox 1791 3737 2079 3791; x_wconf 83' lang='lat' dir='ltr'><strong>lectionem</strong></span> <span class='ocrx_word' id='word_1_691' title='bbox 2129 3734 2363 3803; x_wconf 90' lang='lat' dir='ltr'><strong>aliquem</strong></span> <span class='ocrx_word' id='word_1_692' title='bbox 2400 3730 2660 3786; x_wconf 88' lang='lat' dir='ltr'><strong>vicarium</strong></span> <span class='ocrx_word' id='word_1_693' title='bbox 2714 3733 2815 3788; x_wconf 87' lang='lat' dir='ltr'><strong>sibi</strong></span> <span class='ocrx_word' id='word_1_694' title='bbox 2864 3732 3147 3802; x_wconf 85' lang='lat' dir='ltr'><strong>acquirere</strong></span> <span class='ocrx_word' id='word_1_695' title='bbox 3172 3744 3285 3785; x_wconf 88' lang='lat' dir='ltr'><strong>non</strong></span> 
     </span>
    </p>
   </div>
   <div class='ocr_carea' id='block_1_97' title="bbox 1698 3828 3285 3898">
    <p class='ocr_par' dir='ltr' id='par_1_97' title="bbox 1698 3828 3285 3898">
     <span class='ocr_line' id='line_1_97' title="bbox 1698 3828 3285 3898; baseline -0.006 -11"><span class='ocrx_word' id='word_1_696' title='bbox 1698 3832 1879 3896; x_wconf 89' lang='lat' dir='ltr'><strong>debet,</strong></span> <span class='ocrx_word' id='word_1_697' title='bbox 1906 3831 2006 3886; x_wconf 87' lang='lat' dir='ltr'><strong>nisi</strong></span> <span class='ocrx_word' id='word_1_698' title='bbox 2036 3828 2198 3885; x_wconf 87' lang='lat' dir='ltr'><strong>talem</strong></span> <span class='ocrx_word' id='word_1_699' title='bbox 2230 3828 2321 3898; x_wconf 90' lang='lat' dir='ltr'><strong>qui</strong></span> <span class='ocrx_word' id='word_1_700' title='bbox 2373 3828 2441 3882; x_wconf 90' lang='lat' dir='ltr'><strong>ad</strong></span> <span class='ocrx_word' id='word_1_701' title='bbox 2475 3838 2728 3882; x_wconf 90' lang='lat' dir='ltr'><strong>neutrum</strong></span> <span class='ocrx_word' id='word_1_702' title='bbox 2780 3828 2972 3882; x_wconf 90' lang='lat' dir='ltr'><strong>horum</strong></span> <span class='ocrx_word' id='word_1_703' title='bbox 3010 3834 3094 3880; x_wconf 85' lang='lat' dir='ltr'><strong>est</strong></span> <span class='ocrx_word' id='word_1_704' title='bbox 3124 3834 3285 3878; x_wconf 86' lang='lat' dir='ltr'><strong>nota-</strong></span> 
     </span>
    </p>
   </div>
   <div class='ocr_carea' id='block_1_98' title="bbox 1701 3918 3286 3981">
    <p class='ocr_par' dir='ltr' id='par_1_98' title="bbox 1701 3918 3286 3981">
     <span class='ocr_line' id='line_1_98' title="bbox 1701 3918 3286 3981; baseline -0.005 -2"><span class='ocrx_word' id='word_1_705' title='bbox 1701 3933 1807 3981; x_wconf 90' lang='lat' dir='ltr'><strong>tus.</strong></span> <span class='ocrx_word' id='word_1_706' title='bbox 1859 3924 1992 3978; x_wconf 83' lang='lat' dir='ltr'><strong>Nam</strong></span> <span class='ocrx_word' id='word_1_707' title='bbox 2046 3922 2345 3978; x_wconf 89' lang='lat' dir='ltr'><strong>secundum</strong></span> <span class='ocrx_word' id='word_1_708' title='bbox 2387 3921 2836 3976; x_wconf 86' lang='lat' dir='ltr'><strong>consuetudinem</strong></span> <span class='ocrx_word' id='word_1_709' title='bbox 2890 3933 3050 3974; x_wconf 90' lang='lat' dir='ltr'><strong>nemo</strong></span> <span class='ocrx_word' id='word_1_710' title='bbox 3075 3918 3286 3972; x_wconf 84' lang='lat' dir='ltr'><strong>duobus</strong></span> 
     </span>
    </p>
   </div>
   <div class='ocr_carea' id='block_1_99' title="bbox 1700 4009 3285 4084">
    <p class='ocr_par' dir='ltr' id='par_1_99' title="bbox 1700 4009 3285 4084">
     <span class='ocr_line' id='line_1_99' title="bbox 1700 4009 3285 4084; baseline -0.006 -12"><span class='ocrx_word' id='word_1_711' title='bbox 1700 4018 1786 4073; x_wconf 91' lang='lat' dir='ltr'><strong>his</strong></span> <span class='ocrx_word' id='word_1_712' title='bbox 1814 4015 2005 4071; x_wconf 77' lang='lat' dir='ltr'><strong>ciliciis</strong></span> <span class='ocrx_word' id='word_1_713' title='bbox 2034 4015 2088 4069; x_wconf 90' lang='lat' dir='ltr'><strong>in</strong></span> <span class='ocrx_word' id='word_1_714' title='bbox 2120 4030 2223 4068; x_wconf 91' lang='lat' dir='ltr'><strong>una</strong></span> <span class='ocrx_word' id='word_1_715' title='bbox 2262 4022 2422 4068; x_wconf 91' lang='lat' dir='ltr'><strong>nocte</strong></span> <span class='ocrx_word' id='word_1_716' title='bbox 2466 4013 2689 4084; x_wconf 82' lang='lat' dir='ltr'><strong>agendis</strong></span> <span class='ocrx_word' id='word_1_717' title='bbox 2730 4021 2815 4067; x_wconf 86' lang='lat' dir='ltr'><strong>est</strong></span> <span class='ocrx_word' id='word_1_718' title='bbox 2856 4011 3200 4081; x_wconf 88' lang='lat' dir='ltr'><strong>descriptus:</strong></span> <span class='ocrx_word' id='word_1_719' title='bbox 3240 4009 3285 4063; x_wconf 87' lang='lat' dir='ltr'><strong>si</strong></span> 
     </span>
    </p>
   </div>
   <div class='ocr_carea' id='block_1_100' title="bbox 1704 4100 3289 4177">
    <p class='ocr_par' dir='ltr' id='par_1_100' title="bbox 1704 4100 3289 4177">
     <span class='ocr_line' id='line_1_100' title="bbox 1704 4100 3289 4177; baseline -0.006 -14"><span class='ocrx_word' id='word_1_720' title='bbox 1704 4119 1885 4163; x_wconf 89' lang='lat' dir='ltr'><strong>tamen</strong></span> <span class='ocrx_word' id='word_1_721' title='bbox 1919 4107 2071 4177; x_wconf 89' lang='lat' dir='ltr'><strong>copia</strong></span> <span class='ocrx_word' id='word_1_722' title='bbox 2108 4106 2233 4161; x_wconf 90' lang='lat' dir='ltr'><strong>talis</strong></span> <span class='ocrx_word' id='word_1_723' title='bbox 2260 4106 2327 4159; x_wconf 90' lang='lat' dir='ltr'><strong>ad</strong></span> <span class='ocrx_word' id='word_1_724' title='bbox 2376 4105 2636 4160; x_wconf 89' lang='lat' dir='ltr'><strong>lectorem</strong></span> <span class='ocrx_word' id='word_1_725' title='bbox 2664 4111 2719 4159; x_wconf 86' lang='lat' dir='ltr'><strong>et</strong></span> <span class='ocrx_word' id='word_1_726' title='bbox 2743 4111 3118 4159; x_wconf 67' lang='lat' dir='ltr'><strong>cautorem...</strong></span> <span class='ocrx_word' id='word_1_727' title='bbox 3149 4100 3289 4168; x_wconf 84' lang='lat' dir='ltr'><strong>Quia</strong></span> 
     </span>
    </p>
   </div>
   <div class='ocr_carea' id='block_1_101' title="bbox 1702 4190 3287 4269">
    <p class='ocr_par' dir='ltr' id='par_1_101' title="bbox 1702 4190 3287 4269">
     <span class='ocr_line' id='line_1_101' title="bbox 1702 4190 3287 4269; baseline -0.005 -19"><span class='ocrx_word' id='word_1_728' title='bbox 1702 4214 1832 4253; x_wconf 82' lang='lat' dir='ltr'><strong>vero</strong></span> <span class='ocrx_word' id='word_1_729' title='bbox 1864 4197 2154 4269; x_wconf 64' lang='lat' dir='ltr'><strong>praedictus</strong></span> <span class='ocrx_word' id='word_1_730' title='bbox 2191 4196 2331 4251; x_wconf 89' lang='lat' dir='ltr'><strong>liber</strong></span> <span class='ocrx_word' id='word_1_731' title='bbox 2352 4205 2407 4251; x_wconf 91' lang='lat' dir='ltr'><strong>et</strong></span> <span class='ocrx_word' id='word_1_732' title='bbox 2434 4195 2615 4250; x_wconf 89' lang='lat' dir='ltr'><strong>tabula</strong></span> <span class='ocrx_word' id='word_1_733' title='bbox 2649 4194 2715 4249; x_wconf 91' lang='lat' dir='ltr'><strong>ad</strong></span> <span class='ocrx_word' id='word_1_734' title='bbox 2765 4193 3087 4246; x_wconf 88' lang='lat' dir='ltr'><strong>alterutrum</strong></span> <span class='ocrx_word' id='word_1_735' title='bbox 3116 4190 3287 4244; x_wconf 88' lang='lat' dir='ltr'><strong>divisa</strong></span> 
     </span>
    </p>
   </div>
   <div class='ocr_carea' id='block_1_102' title="bbox 1708 4282 3291 4357">
    <p class='ocr_par' dir='ltr' id='par_1_102' title="bbox 1708 4282 3291 4357">
     <span class='ocr_line' id='line_1_102' title="bbox 1708 4282 3291 4357; baseline -0.005 -14"><span class='ocrx_word' id='word_1_736' title='bbox 1708 4289 1762 4343; x_wconf 92' lang='lat' dir='ltr'><strong>in</strong></span> <span class='ocrx_word' id='word_1_737' title='bbox 1790 4287 2022 4356; x_wconf 79' lang='lat' dir='ltr'><strong>singulis</strong></span> <span class='ocrx_word' id='word_1_738' title='bbox 2080 4287 2215 4341; x_wconf 87' lang='lat' dir='ltr'><strong>locis</strong></span> <span class='ocrx_word' id='word_1_739' title='bbox 2269 4295 2399 4341; x_wconf 87' lang='lat' dir='ltr'><strong>sunt</strong></span> <span class='ocrx_word' id='word_1_740' title='bbox 2451 4286 2652 4357; x_wconf 86' lang='lat' dir='ltr'><strong>posita,</strong></span> <span class='ocrx_word' id='word_1_741' title='bbox 2708 4283 2886 4338; x_wconf 87' lang='lat' dir='ltr'><strong>tabula</strong></span> <span class='ocrx_word' id='word_1_742' title='bbox 2927 4282 3134 4337; x_wconf 90' lang='lat' dir='ltr'><strong>scilicet</strong></span> <span class='ocrx_word' id='word_1_743' title='bbox 3165 4289 3291 4336; x_wconf 84' lang='lat' dir='ltr'><strong>ante</strong></span> 
     </span>
    </p>
   </div>
   <div class='ocr_carea' id='block_1_103' title="bbox 1705 4376 3288 4445">
    <p class='ocr_par' dir='ltr' id='par_1_103' title="bbox 1705 4376 3288 4445">
     <span class='ocr_line' id='line_1_103' title="bbox 1705 4376 3288 4445; baseline -0.006 -11"><span class='ocrx_word' id='word_1_744' title='bbox 1705 4380 2019 4445; x_wconf 87' lang='lat' dir='ltr'><strong>ecclesiam,</strong></span> <span class='ocrx_word' id='word_1_745' title='bbox 2082 4378 2220 4434; x_wconf 89' lang='lat' dir='ltr'><strong>liber</strong></span> <span class='ocrx_word' id='word_1_746' title='bbox 2266 4392 2397 4433; x_wconf 91' lang='lat' dir='ltr'><strong>vero</strong></span> <span class='ocrx_word' id='word_1_747' title='bbox 2443 4377 2630 4432; x_wconf 88' lang='lat' dir='ltr'><strong>infra:</strong></span> <span class='ocrx_word' id='word_1_748' title='bbox 2687 4376 2754 4429; x_wconf 92' lang='lat' dir='ltr'><strong>ad</strong></span> <span class='ocrx_word' id='word_1_749' title='bbox 2806 4382 3053 4428; x_wconf 89' lang='lat' dir='ltr'><strong>neutrum</strong></span> <span class='ocrx_word' id='word_1_750' title='bbox 3101 4387 3288 4427; x_wconf 90' lang='lat' dir='ltr'><strong>eorum</strong></span> 
     </span>
    </p>
   </div>
   <div class='ocr_carea' id='block_1_104' title="bbox 1706 4465 3289 4543">
    <p class='ocr_par' dir='ltr' id='par_1_104' title="bbox 1706 4465 3289 4543">
     <span class='ocr_line' id='line_1_104' title="bbox 1706 4465 3289 4543; baseline -0.006 -16"><span class='ocrx_word' id='word_1_751' title='bbox 1706 4472 1997 4543; x_wconf 88' lang='lat' dir='ltr'><strong>aliquando</strong></span> <span class='ocrx_word' id='word_1_752' title='bbox 2032 4470 2216 4541; x_wconf 91' lang='lat' dir='ltr'><strong>plures</strong></span> <span class='ocrx_word' id='word_1_753' title='bbox 2238 4486 2399 4541; x_wconf 91' lang='lat' dir='ltr'><strong>quam</strong></span> <span class='ocrx_word' id='word_1_754' title='bbox 2428 4471 2533 4525; x_wconf 91' lang='lat' dir='ltr'><strong>duo</strong></span> <span class='ocrx_word' id='word_1_755' title='bbox 2557 4467 2715 4524; x_wconf 88' lang='lat' dir='ltr'><strong>simul</strong></span> <span class='ocrx_word' id='word_1_756' title='bbox 2742 4467 3047 4523; x_wconf 85' lang='lat' dir='ltr'><strong>consistunt</strong></span> <span class='ocrx_word' id='word_1_757' title='bbox 3068 4465 3289 4530; x_wconf 79' lang='lat' dir='ltr'><strong>fratres,</strong></span> 
     </span>
    </p>
   </div>
   <div class='ocr_carea' id='block_1_105' title="bbox 1631 4557 3291 4657">
    <p class='ocr_par' dir='ltr' id='par_1_105' title="bbox 1631 4557 3291 4657">
     <span class='ocr_line' id='line_1_105' title="bbox 1631 4557 3291 4657; baseline -0.007 -36"><span class='ocrx_word' id='word_1_758' title='bbox 1631 4595 1683 4657; x_wconf 66' lang='grc' dir='ltr'><strong><em>υ</em></strong></span> <span class='ocrx_word' id='word_1_759' title='bbox 1707 4579 1881 4634; x_wconf 90' lang='lat' dir='ltr'><strong>neque</strong></span> <span class='ocrx_word' id='word_1_760' title='bbox 1912 4564 1963 4617; x_wconf 90' lang='lat' dir='ltr'><strong>hi</strong></span> <span class='ocrx_word' id='word_1_761' title='bbox 1998 4562 2230 4618; x_wconf 86' lang='lat' dir='ltr'><strong>invicem</strong></span> <span class='ocrx_word' id='word_1_762' title='bbox 2265 4574 2373 4617; x_wconf 91' lang='lat' dir='ltr'><strong>tam</strong></span> <span class='ocrx_word' id='word_1_763' title='bbox 2412 4576 2602 4634; x_wconf 88' lang='lat' dir='ltr'><strong>prope,</strong></span> <span class='ocrx_word' id='word_1_764' title='bbox 2666 4570 2726 4615; x_wconf 91' lang='lat' dir='ltr'><strong>nt</strong></span> <span class='ocrx_word' id='word_1_765' title='bbox 2762 4557 2944 4623; x_wconf 90' lang='lat' dir='ltr'><strong>simul,</strong></span> <span class='ocrx_word' id='word_1_766' title='bbox 2979 4560 3119 4628; x_wconf 89' lang='lat' dir='ltr'><strong>quod</strong></span> <span class='ocrx_word' id='word_1_767' title='bbox 3149 4573 3291 4628; x_wconf 63' lang='lat' dir='ltr'><strong>pra:-</strong></span> 
     </span>
    </p>
   </div>
   <div class='ocr_carea' id='block_1_106' title="bbox 1709 4652 3295 4731">
    <p class='ocr_par' dir='ltr' id='par_1_106' title="bbox 1709 4652 3295 4731">
     <span class='ocr_line' id='line_1_106' title="bbox 1709 4652 3295 4731; baseline -0.008 -12"><span class='ocrx_word' id='word_1_768' title='bbox 1709 4663 1933 4725; x_wconf 91' lang='lat' dir='ltr'><strong>dicttnn,</strong></span> <span class='ocrx_word' id='word_1_769' title='bbox 1963 4658 2179 4712; x_wconf 88' lang='lat' dir='ltr'><strong>valeant</strong></span> <span class='ocrx_word' id='word_1_770' title='bbox 2202 4656 2470 4727; x_wconf 89' lang='lat' dir='ltr'><strong>inspicere</strong></span> <span class='ocrx_word' id='word_1_771' title='bbox 2502 4673 2517 4722; x_wconf 88' lang='lat'><strong>;</strong></span> <span class='ocrx_word' id='word_1_772' title='bbox 2554 4652 2666 4731; x_wconf 71' lang='lat' dir='ltr'><strong>sed</strong></span> <span class='ocrx_word' id='word_1_773' title='bbox 2717 4670 2838 4709; x_wconf 78' lang='lat' dir='ltr'><strong>eum</strong></span> <span class='ocrx_word' id='word_1_774' title='bbox 2875 4670 3013 4710; x_wconf 86' lang='lat' dir='ltr'><strong>unus</strong></span> <span class='ocrx_word' id='word_1_775' title='bbox 3052 4667 3295 4709; x_wconf 84' lang='lat' dir='ltr'><strong>recesse-</strong></span> 
     </span>
    </p>
   </div>
   <div class='ocr_carea' id='block_1_107' title="bbox 1707 4747 2730 4819">
    <p class='ocr_par' dir='ltr' id='par_1_107' title="bbox 1707 4747 2730 4819">
     <span class='ocr_line' id='line_1_107' title="bbox 1707 4747 2730 4819; baseline -0.011 -8"><span class='ocrx_word' id='word_1_776' title='bbox 1707 4756 1799 4819; x_wconf 89' lang='lat' dir='ltr'><strong>rit,</strong></span> <span class='ocrx_word' id='word_1_777' title='bbox 1829 4753 1968 4807; x_wconf 91' lang='lat' dir='ltr'><strong>alius</strong></span> <span class='ocrx_word' id='word_1_778' title='bbox 1993 4749 2041 4805; x_wconf 92' lang='lat' dir='ltr'><strong>ei</strong></span> <span class='ocrx_word' id='word_1_779' title='bbox 2066 4750 2131 4803; x_wconf 89' lang='lat' dir='ltr'><strong>ad</strong></span> <span class='ocrx_word' id='word_1_780' title='bbox 2158 4750 2445 4807; x_wconf 90' lang='lat' dir='ltr'><strong>videndum</strong></span> <span class='ocrx_word' id='word_1_781' title='bbox 2470 4747 2730 4804; x_wconf 87' lang='lat' dir='ltr'><strong>succedit.</strong></span> 
     </span>
    </p>
   </div>
   <div class='ocr_carea' id='block_1_108' title="bbox 1780 4836 3293 4915">
    <p class='ocr_par' dir='ltr' id='par_1_108' title="bbox 1780 4836 3293 4915">
     <span class='ocr_line' id='line_1_108' title="bbox 1780 4836 3293 4915; baseline -0.008 -13"><span class='ocrx_word' id='word_1_782' title='bbox 1780 4846 2096 4902; x_wconf 91' lang='lat' dir='ltr'><strong>Lectionem</strong></span> <span class='ocrx_word' id='word_1_783' title='bbox 2128 4859 2289 4915; x_wconf 87' lang='lat' dir='ltr'><strong>quam</strong></span> <span class='ocrx_word' id='word_1_784' title='bbox 2318 4842 2384 4896; x_wconf 90' lang='lat' dir='ltr'><strong>ad</strong></span> <span class='ocrx_word' id='word_1_785' title='bbox 2439 4840 2748 4896; x_wconf 78' lang='lat' dir='ltr'><strong>Nocturnos</strong></span> <span class='ocrx_word' id='word_1_786' title='bbox 2767 4838 2946 4909; x_wconf 78' lang='lat' dir='ltr'><strong>legere</strong></span> <span class='ocrx_word' id='word_1_787' title='bbox 2968 4838 3092 4908; x_wconf 86' lang='lat' dir='ltr'><strong>quis</strong></span> <span class='ocrx_word' id='word_1_788' title='bbox 3114 4836 3293 4901; x_wconf 87' lang='lat' dir='ltr'><strong>debet,</strong></span> 
     </span>
    </p>
   </div>
   <div class='ocr_carea' id='block_1_109' title="bbox 1710 4932 3294 5011">
    <p class='ocr_par' dir='ltr' id='par_1_109' title="bbox 1710 4932 3294 5011">
     <span class='ocr_line' id='line_1_109' title="bbox 1710 4932 3294 5011; baseline -0.011 -11"><span class='ocrx_word' id='word_1_789' title='bbox 1710 4944 1764 5000; x_wconf 90' lang='lat' dir='ltr'><strong>in</strong></span> <span class='ocrx_word' id='word_1_790' title='bbox 1803 4942 1906 4999; x_wconf 93' lang='lat' dir='ltr'><strong>hoc</strong></span> <span class='ocrx_word' id='word_1_791' title='bbox 1936 4950 2180 5011; x_wconf 73' lang='lat' dir='ltr'><strong>tempore</strong></span> <span class='ocrx_word' id='word_1_792' title='bbox 2206 4950 2548 5009; x_wconf 86' lang='lat' dir='ltr'><strong>nequaquam</strong></span> <span class='ocrx_word' id='word_1_793' title='bbox 2572 4933 2853 5005; x_wconf 71' lang='lat' dir='ltr'><strong>praevidet.</strong></span> <span class='ocrx_word' id='word_1_794' title='bbox 2907 4932 3129 4987; x_wconf 87' lang='lat' dir='ltr'><strong>Interim</strong></span> <span class='ocrx_word' id='word_1_795' title='bbox 3171 4944 3294 4985; x_wconf 90' lang='lat' dir='ltr'><strong>eum</strong></span> 
     </span>
    </p>
   </div>
   <div class='ocr_carea' id='block_1_110' title="bbox 1708 5021 3295 5111">
    <p class='ocr_par' dir='ltr' id='par_1_110' title="bbox 1708 5021 3295 5111">
     <span class='ocr_line' id='line_1_110' title="bbox 1708 5021 3295 5111; baseline -0.012 -17"><span class='ocrx_word' id='word_1_796' title='bbox 1708 5054 1834 5111; x_wconf 80' lang='lat' dir='ltr'><strong>pOSt</strong></span> <span class='ocrx_word' id='word_1_797' title='bbox 1890 5035 2142 5109; x_wconf 66' lang='lat' dir='ltr'><strong>prtel‘atos</strong></span> <span class='ocrx_word' id='word_1_798' title='bbox 2208 5024 2444 5103; x_wconf 57' lang='lat' dir='ltr'><strong>psalmus</strong></span> <span class='ocrx_word' id='word_1_799' title='bbox 2512 5027 2620 5082; x_wconf 89' lang='lat' dir='ltr'><strong>duo</strong></span> <span class='ocrx_word' id='word_1_800' title='bbox 2698 5027 2783 5082; x_wconf 88' lang='lat' dir='ltr'><strong>vel</strong></span> <span class='ocrx_word' id='word_1_801' title='bbox 2844 5024 2998 5095; x_wconf 88' lang='lat' dir='ltr'><strong>plura</strong></span> <span class='ocrx_word' id='word_1_802' title='bbox 3058 5024 3124 5077; x_wconf 87' lang='lat' dir='ltr'><strong>ad</strong></span> <span class='ocrx_word' id='word_1_803' title='bbox 3186 5021 3295 5075; x_wconf 79' lang='lat' dir='ltr'><strong>No—</strong></span> 
     </span>
    </p>
   </div>
   <div class='ocr_carea' id='block_1_111' title="bbox 1712 5115 3295 5201">
    <p class='ocr_par' dir='ltr' id='par_1_111' title="bbox 1712 5115 3295 5201">
     <span class='ocr_line' id='line_1_111' title="bbox 1712 5115 3295 5201; baseline -0.016 -11"><span class='ocrx_word' id='word_1_804' title='bbox 1712 5143 1933 5190; x_wconf 89' lang='lat' dir='ltr'><strong>cturnos</strong></span> <span class='ocrx_word' id='word_1_805' title='bbox 1986 5131 2135 5201; x_wconf 80' lang='lat' dir='ltr'><strong>signa</strong></span> <span class='ocrx_word' id='word_1_806' title='bbox 2181 5128 2484 5200; x_wconf 89' lang='lat' dir='ltr'><strong>pulsantur,</strong></span> <span class='ocrx_word' id='word_1_807' title='bbox 2545 5124 2623 5201; x_wconf 78' lang='lat' dir='ltr'><strong>hi,</strong></span> <span class='ocrx_word' id='word_1_808' title='bbox 2657 5121 2747 5195; x_wconf 92' lang='lat' dir='ltr'><strong>qui</strong></span> <span class='ocrx_word' id='word_1_809' title='bbox 2791 5134 2975 5178; x_wconf 80' lang='lat' dir='ltr'><strong>certas</strong></span> <span class='ocrx_word' id='word_1_810' title='bbox 3004 5118 3167 5197; x_wconf 2' lang='lat' dir='ltr'><strong>leges,</strong></span> <span class='ocrx_word' id='word_1_811' title='bbox 3195 5115 3295 5167; x_wconf 86' lang='lat' dir='ltr'><strong>ha-</strong></span> 
     </span>
    </p>
   </div>
   <div class='ocr_carea' id='block_1_112' title="bbox 1713 5202 3300 5292">
    <p class='ocr_par' dir='ltr' id='par_1_112' title="bbox 1713 5202 3300 5292">
     <span class='ocr_line' id='line_1_112' title="bbox 1713 5202 3300 5292; baseline -0.016 -9"><span class='ocrx_word' id='word_1_812' title='bbox 1713 5228 1863 5290; x_wconf 85' lang='lat' dir='ltr'><strong>bent,</strong></span> <span class='ocrx_word' id='word_1_813' title='bbox 1890 5223 2088 5279; x_wconf 86' lang='lat' dir='ltr'><strong>ibidem</strong></span> <span class='ocrx_word' id='word_1_814' title='bbox 2125 5221 2446 5292; x_wconf 82' lang='lat' dir='ltr'><strong>persistnnt.</strong></span> <span class='ocrx_word' id='word_1_815' title='bbox 2496 5202 2599 5285; x_wconf 80' lang='lat' dir='ltr'><strong>Qui</strong></span> <span class='ocrx_word' id='word_1_816' title='bbox 2625 5226 2805 5272; x_wconf 85' lang='lat' dir='ltr'><strong>autem</strong></span> <span class='ocrx_word' id='word_1_817' title='bbox 2829 5213 2895 5267; x_wconf 86' lang='lat' dir='ltr'><strong>ad</strong></span> <span class='ocrx_word' id='word_1_818' title='bbox 2928 5210 3127 5282; x_wconf 82' lang='lat' dir='ltr'><strong>gradus</strong></span> <span class='ocrx_word' id='word_1_819' title='bbox 3149 5204 3300 5277; x_wconf 84' lang='lat' dir='ltr'><strong>prius</strong></span> 
     </span>
    </p>
   </div>
   <div class='ocr_carea' id='block_1_113' title="bbox 1713 5292 3295 5378">
    <p class='ocr_par' dir='ltr' id='par_1_113' title="bbox 1713 5292 3295 5378">
     <span class='ocr_line' id='line_1_113' title="bbox 1713 5292 3295 5378; baseline -0.016 -6"><span class='ocrx_word' id='word_1_820' title='bbox 1713 5316 1996 5378; x_wconf 88' lang='lat' dir='ltr'><strong>sedebant,</strong></span> <span class='ocrx_word' id='word_1_821' title='bbox 2023 5312 2066 5367; x_wconf 85' lang='lat' dir='ltr'><strong>si</strong></span> <span class='ocrx_word' id='word_1_822' title='bbox 2103 5310 2225 5365; x_wconf 87' lang='lat' dir='ltr'><strong>talis</strong></span> <span class='ocrx_word' id='word_1_823' title='bbox 2245 5319 2328 5364; x_wconf 93' lang='lat' dir='ltr'><strong>cst</strong></span> <span class='ocrx_word' id='word_1_824' title='bbox 2357 5308 2491 5371; x_wconf 88' lang='lat' dir='ltr'><strong>dies,</strong></span> <span class='ocrx_word' id='word_1_825' title='bbox 2529 5292 2637 5361; x_wconf 82' lang='lat' dir='ltr'><strong>illic</strong></span> <span class='ocrx_word' id='word_1_826' title='bbox 2664 5306 2716 5360; x_wconf 90' lang='lat' dir='ltr'><strong>itt</strong></span> <span class='ocrx_word' id='word_1_827' title='bbox 2740 5304 2931 5360; x_wconf 89' lang='lat' dir='ltr'><strong>ordine</strong></span> <span class='ocrx_word' id='word_1_828' title='bbox 2984 5314 3084 5355; x_wconf 92' lang='lat' dir='ltr'><strong>suo</strong></span> <span class='ocrx_word' id='word_1_829' title='bbox 3130 5301 3295 5353; x_wconf 87' lang='lat' dir='ltr'><strong>stant,</strong></span> 
     </span>
    </p>
   </div>
   <div class='ocr_carea' id='block_1_114' title="bbox 1716 5379 3299 5476">
    <p class='ocr_par' dir='ltr' id='par_1_114' title="bbox 1716 5379 3299 5476">
     <span class='ocr_line' id='line_1_114' title="bbox 1716 5379 3299 5476; baseline -0.015 -15"><span class='ocrx_word' id='word_1_830' title='bbox 1716 5421 1884 5476; x_wconf 89' lang='lat' dir='ltr'><strong>usque</strong></span> <span class='ocrx_word' id='word_1_831' title='bbox 1912 5404 2038 5459; x_wconf 86' lang='lat' dir='ltr'><strong>dum</strong></span> <span class='ocrx_word' id='word_1_832' title='bbox 2076 5402 2283 5471; x_wconf 88' lang='lat' dir='ltr'><strong>pariter</strong></span> <span class='ocrx_word' id='word_1_833' title='bbox 2309 5400 2669 5470; x_wconf 78' lang='lat' dir='ltr'><strong>procumbunt</strong></span> <span class='ocrx_word' id='word_1_834' title='bbox 2718 5394 2940 5455; x_wconf 88' lang='lat' dir='ltr'><strong>ibidem,</strong></span> <span class='ocrx_word' id='word_1_835' title='bbox 2965 5399 3020 5446; x_wconf 90' lang='lat' dir='ltr'><strong>ct</strong></span> <span class='ocrx_word' id='word_1_836' title='bbox 3062 5396 3190 5441; x_wconf 90' lang='lat' dir='ltr'><strong>tunc</strong></span> <span class='ocrx_word' id='word_1_837' title='bbox 3214 5379 3299 5438; x_wconf 90' lang='lat' dir='ltr'><strong>vel</strong></span> 
     </span>
    </p>
   </div>
   <div class='ocr_carea' id='block_1_115' title="bbox 1715 5475 3302 5563">
    <p class='ocr_par' dir='ltr' id='par_1_115' title="bbox 1715 5475 3302 5563">
     <span class='ocr_line' id='line_1_115' title="bbox 1715 5475 3302 5563; baseline -0.014 -9"><span class='ocrx_word' id='word_1_838' title='bbox 1715 5475 1927 5561; x_wconf 80' lang='lat' dir='ltr'><strong>omnes,</strong></span> <span class='ocrx_word' id='word_1_839' title='bbox 1981 5493 2067 5548; x_wconf 85' lang='lat' dir='ltr'><strong>vel</strong></span> <span class='ocrx_word' id='word_1_840' title='bbox 2099 5494 2320 5563; x_wconf 89' lang='lat' dir='ltr'><strong>quidam</strong></span> <span class='ocrx_word' id='word_1_841' title='bbox 2368 5504 2578 5556; x_wconf 88' lang='lat' dir='ltr'><strong>eorum,</strong></span> <span class='ocrx_word' id='word_1_842' title='bbox 2631 5488 2677 5543; x_wconf 91' lang='lat' dir='ltr'><strong>si</strong></span> <span class='ocrx_word' id='word_1_843' title='bbox 2732 5487 2877 5541; x_wconf 89' lang='lat' dir='ltr'><strong>intus</strong></span> <span class='ocrx_word' id='word_1_844' title='bbox 2927 5493 3073 5540; x_wconf 90' lang='lat' dir='ltr'><strong>stare</strong></span> <span class='ocrx_word' id='word_1_845' title='bbox 3107 5475 3302 5549; x_wconf 82' lang='lat' dir='ltr'><strong>nequi-</strong></span> 
     </span>
    </p>
   </div>
   <div class='ocr_carea' id='block_1_116' title="bbox 1715 5677 3304 5812">
    <p class='ocr_par' dir='ltr' id='par_1_116' title="bbox 1715 5677 3304 5812">
     <span class='ocr_line' id='line_1_116' title="bbox 1715 5677 3304 5812; baseline -0.014 -16"><span class='ocrx_word' id='word_1_846' title='bbox 1715 5677 1904 5812; x_wconf 54' lang='grc' dir='ltr'><strong>θωῶἒ)</strong></span> <span class='ocrx_word' id='word_1_847' title='bbox 1946 5736 2057 5794; x_wconf 85' lang='lat' dir='ltr'><strong>Sub</strong></span> <span class='ocrx_word' id='word_1_848' title='bbox 2086 5733 2326 5812; x_wconf 62' lang='lat' dir='ltr'><strong>custodia</strong></span> <span class='ocrx_word' id='word_1_849' title='bbox 2350 5696 2527 5812; x_wconf 68' lang='lat' dir='ltr'><strong>positi,</strong></span> <span class='ocrx_word' id='word_1_850' title='bbox 2546 5727 2654 5797; x_wconf 78' lang='lat' dir='ltr'><strong>qui</strong></span> <span class='ocrx_word' id='word_1_851' title='bbox 2683 5724 2993 5812; x_wconf 72' lang='lat' dir='ltr'><strong>magisterio</strong></span> <span class='ocrx_word' id='word_1_852' title='bbox 3012 5706 3112 5779; x_wconf 2' lang='lat' dir='ltr'><strong>iscu</strong></span> <span class='ocrx_word' id='word_1_853' title='bbox 3135 5714 3304 5777; x_wconf 80' lang='lat' dir='ltr'><strong>disci-</strong></span> 
     </span>
    </p>
   </div>
   <div class='ocr_carea' id='block_1_117' title="bbox 1712 5797 3019 5891">
    <p class='ocr_par' dir='ltr' id='par_1_117' title="bbox 1712 5797 3019 5891">
     <span class='ocr_line' id='line_1_117' title="bbox 1712 5797 3019 5891; baseline -0.016 -21"><span class='ocrx_word' id='word_1_854' title='bbox 1712 5797 1899 5891; x_wconf 66' lang='lat' dir='ltr'><strong>pliiue&#39;</strong></span> <span class='ocrx_word' id='word_1_855' title='bbox 1912 5806 2155 5886; x_wconf 78' lang='lat' dir='ltr'><strong>veterani</strong></span> <span class='ocrx_word' id='word_1_856' title='bbox 2188 5797 2473 5873; x_wconf 80' lang='lat' dir='ltr'><strong>cujusdam</strong></span> <span class='ocrx_word' id='word_1_857' title='bbox 2495 5798 2749 5860; x_wconf 78' lang='lat' dir='ltr'><strong>monachi</strong></span> <span class='ocrx_word' id='word_1_858' title='bbox 2764 5797 3019 5854; x_wconf 70' lang='lat' dir='ltr'><strong>subsunt.</strong></span> 
     </span>
    </p>
   </div>
  </div>
