3890 6314
554 346 661 404 sos
1606 298 1610 303 ⁷
1672 328 1737 385 s.
1770 324 2146 395 GUILLELMI

2182 322 2472 381 ABBATIS
2495 322 2822 382 lllRSAUG.
3624 374 3633 381 .
3724 329 3819 386 9M

555 436 753 517 verint.
814 454 882 509 de
936 454 1106 511 choro
1159 454 1407 513 exibunt.
1462 452 1519 509 Si
1567 467 1698 509 vero
1741 452 1858 507 dies
1912 464 2017 504 non
2060 454 2142 502 est
2173 449 2217 507 Α
2248 444 2393 510 terit,
2427 460 2549 499 mox
2580 444 2704 513 ubi,
2737 460 2768 500 c
2800 444 3121 501 dormitorio
3153 446 3398 512 venerit,
3444 456 3818 517 competente.

549 544 959 618 procumbendi,
992 561 1115 601 mox
1153 555 1213 600 ut
1259 546 1423 601 iidem
1480 544 1674 615 psalmi
1730 542 1935 598 fuerint
1981 538 2140 605 liniti,

550 636 700 693 intus
745 653 804 695 se
838 637 1042 706 locant,
1083 638 1127 694 si
1166 647 1421 711 possunt,
1474 639 1557 693 sin
1601 645 1782 692 autem
1844 650 1949 691 non
1993 646 2143 689 rece-

553 729 709 785 danL

1123 844 1351 902 CAPUT
1403 844 1575 900 ΧΧΧ.

546 932 627 989 De
664 949 748 1003 eo,
800 935 891 1006 qui
924 937 1215 1007 ingreditur
1219 938 1457 1062 ἔῖιοιςιιιη
1501 935 1570 989 ad
1622 932 1889 999 Gloriam,
1924 932 1999 989 vel
2026 944 2142 1004 post

1287 1024 1475 1061 artant.

1287 1024 1475 1061 ortam.

620 1099 641 1121 ¹
659 1098 761 1167 Qui
790 1099 856 1154 ad
882 1099 1093 1155 initium
1120 1100 1298 1171 operis
1322 1099 1415 1154 Dei
1452 1109 1558 1153 tam
1584 1114 1707 1155 sero
1735 1098 1968 1163 veniret,
1994 1105 2052 1151 ut
2074 1095 2143 1150 ad

549 1185 788 1245 Gloriam
825 1191 984 1261 primi
1025 1207 1212 1246 versus
1246 1206 1353 1246 nun
1390 1191 1441 1246 in
1475 1192 1591 1247 loco
1633 1207 1753 1258 suo,
1803 1189 1900 1246 sed
1938 1190 1991 1244 in
2025 1190 2142 1259 ipso

550 1282 705 1338 chori
730 1282 955 1337 introitu
979 1298 1099 1338 esse
1127 1284 1320 1354 possit,
1354 1300 1459 1338 non
1490 1284 1561 1338 ibi
1586 1298 1709 1339 cum
1737 1282 1857 1338 aliis
1881 1297 2139 1354 procum-

554 1379 655 1443 bit,
690 1380 774 1434 vel
804 1379 1046 1443 inclinat,
1086 1379 1192 1434 nisi
1246 1380 1300 1434 in
1331 1381 1521 1435 eadem
1569 1378 1914 1434 extremitate
1962 1377 2139 1432 locum

552 1475 771 1534 habeat.
821 1472 927 1527 Sed
959 1489 1082 1527 cum
1115 1472 1436 1529 nocturnale
1472 1471 1729 1538 cilicium,
1761 1469 1846 1527 vel
1876 1470 1979 1525 alia
2002 1485 2144 1540 qua:-

551 1566 686 1622 libet
750 1567 880 1621 hora
929 1566 1242 1622 inclinando
1290 1566 1599 1632 inchoatur,
1645 1566 1806 1622 debet
1858 1564 2043 1621 venire
2075 1563 2141 1619 ad

550 1657 731 1729 locum
764 1672 944 1725 suum,
994 1658 1038 1712 si
1071 1657 1290 1727 poterit,
1347 1666 1640 1729 antequam
1683 1658 1815 1712 sicut
1846 1666 1961 1711 erat
2009 1656 2177 1711 incir

498 1756 501 1761 '
548 1749 747 1819 piatur.
781 1748 835 1803 Si
870 1759 1049 1803 autem
1089 1759 1375 1818 postquam
1426 1748 1673 1804 Psalmus
1701 1747 1809 1819 (vel
1847 1748 1890 1803 sl
1916 1757 2000 1804 est
2026 1747 2141 1819 Hy-

550 1845 734 1907 mnus)
770 1840 1080 1910 ineipiatur,
1112 1840 1180 1893 ad
1217 1840 1506 1895 stationem
1550 1856 1703 1895 suam
1748 1840 1995 1917 veniens,
2028 1838 2136 1896 alte

546 1929 793 1986 inclinat.
827 1933 882 1986 Si
932 1943 1115 1985 autent
1158 1933 1560 2001 procumbenth
1594 1932 1736 1988 idem
1769 1932 2003 1988 cilicium
2032 1933 2133 1987 ini—

532 2025 741 2097 ‘tiatur,
782 2035 836 2079 et
887 2025 1001 2096 ipse
1057 2027 1123 2081 ad
1170 2026 1415 2097 praedicti
1471 2026 1727 2081 introitus
1775 2028 2039 2097 parietem
2084 2027 2137 2082 in

549 2116 730 2186 aliqua
761 2118 1039 2172 vicinitate
1070 2118 1246 2174 locum
1280 2119 1463 2185 habet,
1513 2119 1731 2176 interim
1762 2120 1886 2176 dum
1918 2121 2002 2177 sui
2029 2121 2141 2178 colo

548 2207 803 2264 laterales
827 2209 1069 2278 jaceant,
1103 2226 1210 2265 non
1262 2218 1409 2267 retro
1441 2222 1562 2280 post
1610 2211 1732 2267 illos
1761 2214 1826 2267 ad
1856 2228 2013 2268 suum
2053 2228 2141 2269 se-

545 2297 656 2361 dile
681 2298 847 2365 vadit,
876 2301 971 2357 sed
1022 2299 1178 2369 juxta
1234 2312 1535 2361 extremum
1590 2314 1892 2376 exspectat,
1931 2315 1986 2361 et
2014 2322 2137 2361 mox

548 2394 609 2440 ut
637 2385 735 2456 ipsi
773 2387 837 2442 de
857 2385 1031 2443 forma
1055 2399 1301 2462 surgunt,
1325 2390 1413 2446 ille
1432 2407 1595 2463 super
1613 2393 1857 2450 eamdem
1884 2394 2135 2464 formam,

547 2491 708 2547 quam
739 2480 971 2534 maxime
1006 2489 1183 2536 tamen
1214 2497 1313 2537 suo
1342 2483 1497 2539 sedili
1549 2484 1761 2542 vicinus
1806 2487 1975 2554 valet,
2009 2503 2137 2559 pro-

548 2570 756 2626 cumbit
784 2588 799 2637 ;
846 2572 945 2627 hoc
971 2588 1292 2642 procurans,
1324 2584 1381 2629 ut
1409 2575 1616 2647 pariter
1645 2594 1769 2633 cum
1802 2578 1909 2634 illis
1939 2579 1992 2635 in
2019 2580 2137 2637 loco

545 2680 647 2723 suo
668 2681 726 2722 se
755 2666 997 2724 collocet.
1033 2668 1089 2722 Si
1122 2684 1248 2724 vero
1277 2669 1344 2725 ad
1390 2669 1615 2726 alterius
1668 2671 1821 2729 chori
1871 2673 2135 2743 parietem

549 2760 630 2814 vel
662 2758 1063 2831 uspiaminter
1098 2758 1304 2816 fortnas
1344 2762 1507 2816 statio
1556 2763 1674 2833 ejus
1703 2772 1805 2829 est,
1844 2780 1969 2820 cum
2013 2765 2137 2821 aliis

542 2852 633 2922 vel
659 2854 726 2907 ad
752 2853 981 2925 gradum
1014 2870 1029 2920 ;
1060 2854 1142 2909 vel
1176 2854 1220 2909 si
1252 2854 1327 2909 illi
1359 2855 1494 2909 tanti
1517 2865 1665 2922 sunt,
1688 2850 1847 2911 retro
1869 2865 1990 2927 post
2018 2857 2137 2916 illos

548 2945 832 3017 procidere
855 2955 1051 3015 potest.
1082 2945 1236 3014 Quod
1287 2945 1333 3000 si
1368 2946 1420 3001 in
1450 2946 1777 3003 occidentali
1806 2956 1961 3018 parte
1991 2949 2134 3006 idem

544 3035 619 3098 ad
669 3035 944 3090 cancellos
998 3035 1178 3091 locum
1236 3035 1422 3103 habet,
1473 3037 1542 3092 ibi
1573 3036 1789 3106 quidem
1842 3047 1987 3095 retro
2015 3050 2138 3112 post

550 3126 971 3197 procumbentes
1000 3126 1205 3196 (brevis
1226 3135 1312 3183 est
1334 3126 1438 3197 via)
1471 3126 1640 3182 sedile
1678 3143 1836 3183 suum
1858 3129 2012 3185 adire
2042 3146 2135 3186 va-

547 3216 641 3272 let.
669 3214 727 3271 Si
772 3214 913 3271 infra
958 3216 1204 3289 eamdem
1253 3216 1488 3284 veniam,
1536 3232 1707 3288 usque
1736 3218 1805 3274 ad
1854 3217 2133 3276 interitum

549 3308 701 3387 chori
727 3309 1013 3379 pervenire
1058 3324 1162 3364 non
1212 3309 1437 3380 poterit,
1470 3309 1611 3365 intra
1668 3309 1808 3378 illos,
1834 3312 1927 3382 qui
1978 3322 2133 3368 extra

549 3403 777 3458 ehormn
810 3413 954 3470 sunt,
987 3418 1092 3458 non
1125 3405 1431 3476 procumbit
1468 3421 1484 3473 ;
1515 3408 1611 3463 sed
1640 3406 1695 3461 in
1721 3407 1954 3464 transitu
1991 3409 2134 3465 sicut

546 3495 614 3551 de
661 3495 955 3551 inclinante
1005 3497 1321 3568 praedictum
1374 3508 1503 3565 est;
1554 3507 1844 3570 antequam
1886 3499 2132 3568 inclinet,

509 3589 757 3657 ,veniam
809 3591 963 3661 petit.
1012 3590 1163 3657 Quod
1216 3590 1261 3654 si
1301 3590 1456 3659 juxta
1506 3592 1667 3648 linem
1718 3592 1910 3663 psalmi
1948 3595 2131 3665 primi,

545 3679 684 3734 sicut
706 3690 791 3735 est
824 3679 891 3734 ad
918 3677 1245 3744 Nocturnos,
1287 3680 1574 3751 Vesperas,
1598 3690 1654 3736 et
1682 3681 2132 3755 Completorium,

545 3768 630 3824 vel
667 3770 733 3823 ad
756 3779 984 3824 caeteras
1015 3771 1197 3836 horas,
1219 3767 1373 3838 juxta
1406 3774 1567 3827 linem
1610 3772 1796 3844 hymni
1841 3773 2131 3831 ecclesiam

545 3859 851 3925 intraverit,
884 3875 948 3916 eo
973 3859 1130 3913 modo
1157 3860 1381 3923 chorum
1423 3860 1631 3931 ingredi
1667 3862 1941 3927 observat,
1974 3873 2034 3919 ut
2064 3866 2132 3921 ad

544 3950 724 4007 locum
757 3966 915 4019 suum
946 3949 1228 4022 prannissa
1258 3948 1413 4005 venia
1437 3952 1504 4006 ad
1535 3949 1717 4007 Gloria
1767 3950 1941 4021 Patri,
1974 3955 2056 4010 vel
2086 3955 2131 4012 si

543 4050 625 4097 est
674 4042 909 4115 hymnus
951 4042 1017 4097 ad
1059 4041 1304 4097 ultimum
1364 4042 1483 4114 ejus
1545 4058 1760 4098 versum
1822 4061 1947 4099 cum
2009 4047 2132 4103 aliis

542 4132 811 4191 inclinare
841 4134 1085 4205 incipiat,
1130 4134 1213 4191 vel
1246 4137 1290 4191 si
1321 4136 1423 4192 hoc
1462 4136 1786 4208 neglexerit,
1813 4135 2004 4193 saltem
2029 4139 2131 4197 hoc

537 4235 814 4295 procurat,
860 4235 917 4281 ut
942 4238 1065 4299 post
1095 4228 1306 4283 veniam
1341 4244 1462 4283 cum
1484 4229 1587 4292 eis,
1616 4238 1903 4300 antequam
1932 4246 1990 4287 se
2020 4233 2129 4288 eri-

536 4328 686 4390 gant,
714 4319 956 4376 inclinet.

546 4486 547 4489 η
612 4409 686 4467 Ut
739 4421 918 4467 autem
949 4413 1017 4469 ad
1046 4412 1373 4470 Noeturnale
1415 4412 1654 4470 oﬁicium
1697 4415 1940 4471 redeam.
1972 4415 2131 4472 Post-

540 4517 704 4572 quam
734 4504 901 4559 semel
943 4506 995 4560 in
1029 4507 1253 4562 chorum
1298 4506 1607 4572 intraverit,
1660 4506 1772 4562 sola
1824 4523 1988 4563 causa
2038 4524 2122 4563 se-

540 4593 698 4649 dendi
727 4595 849 4650 inde
877 4612 983 4652 non
1030 4598 1252 4653 secedit.
1287 4596 1649 4652 Primordinm
1679 4607 1858 4653 autem
1880 4596 2121 4669 ejusdem

537 4682 785 4738 ecclesiae
835 4683 994 4739 oﬁicii
1051 4686 1105 4740 in
1159 4695 1310 4742 tanta
1374 4687 1727 4742 veneratione
1777 4689 2119 4758 observatur,

535 4774 680 4845 quod
707 4790 773 4830 ex
805 4791 912 4847 quo
939 4777 1093 4848 signa
1136 4779 1405 4850 incipiunt
1452 4778 1621 4855 semel
1674 4780 1900 4851 pulsari,
1950 4796 2123 4852 usque

536 4871 665 4937 dum
717 4870 1046 4926 inchoantur
1097 4872 1450 4928 nocturnales
1494 4873 1730 4943 psalmi,
1785 4889 1884 4930 nec
1932 4891 2120 4932 eorum

534 4960 733 5032 aliquis
756 4962 908 5018 sedet
937 4963 1031 5034 qui
1092 4964 1144 5019 in
1178 4965 1372 5019 minori
1404 4965 1572 5022 choro
1600 4976 1724 5021 sunt
1772 4967 1977 5037 absque
2008 4967 2118 5035 illo,

532 5056 625 5125 qui
661 5070 855 5124 magna
884 5056 1196 5111 inﬁrmitate
1226 5065 1311 5112 est
1337 5068 1599 5128 gravatus
1632 5075 1647 5125 ;
1689 5058 1870 5113 nullus
1905 5075 2122 5131 quoque

534 5148 588 5203 in
647 5164 713 5204 eo
761 5149 1005 5205 ecclesiae
1054 5150 1235 5220 spatio
1269 5190 1285 5212 ,
1327 5151 1471 5220 quod
1519 5151 1863 5208 dextrorsum
1910 5152 2121 5223 adjaect

530 5242 725 5297 choro.
758 5242 817 5313 Si
849 5242 970 5313 quis
993 5253 1172 5298 autem
1203 5257 1413 5309 eorum,
1454 5245 1545 5314 qui
1575 5243 1628 5297 in
1660 5260 1723 5299 ea
1775 5255 1929 5315 parte
1966 5255 2115 5314 sunt,

530 5348 643 5411 prae
666 5335 983 5391 inﬁrmitate
1011 5344 1141 5390 tunc
1172 5345 1320 5390 stare
1366 5351 1473 5390 non
1518 5335 1741 5406 poterit,
1789 5335 2019 5392 aliorum
2048 5338 2117 5393 ab

528 5437 749 5498 aspectu
773 5427 1218 5500 przetereuntium
1244 5426 1467 5482 secedit.
1860 5448 1863 5449 ν

1093 5540 1321 5597 CAPUT
1353 5538 1542 5594 XXXI.

563 5631 643 5690 De
669 5652 750 5704 eo,
771 5637 861 5707 qui
887 5637 957 5692 ad
991 5646 1398 5761 nocturno‘aipro
1438 5633 1748 5703 inﬁrmitate
1775 5650 1879 5691 non
1903 5636 2079 5709 ingre-

1279 5723 1295 5760 t
1323 5721 1404 5760 ar.

1279 5721 1404 5760 ιιιιιν.

599 5797 747 5871 {Qui
788 5807 949 5856 noctu
992 5798 1295 5857 inﬁrmatus
1340 5800 1569 5858 chorum
1623 5799 1832 5873 ingredi
1871 5815 1977 5857 non
2018 5816 2115 5873 po-

2196 569 2207 575 ο
2249 542 2379 589 tunc
2413 534 2514 589 sibi
2549 534 2726 590 locum
2776 536 2830 591 in
2882 536 3147 602 ecclesia,
3197 537 3287 593 ubi
3341 546 3533 608 postea
3577 539 3817 609 quiescat,

2246 625 2416 697 eligit.
2446 625 2547 693 Qui
2579 637 2761 683 autem
2781 668 2796 693 ,
2824 637 3114 700 postquam
3144 630 3376 685 chorum
3414 632 3700 686 intraverit
3699 672 3727 701 ,,
3756 644 3817 685 ta-

2246 714 2351 770 lem
2392 717 2494 771 sibi
2530 716 2903 773 iniirmitatem
2930 718 3239 775 increscere
3270 720 3530 785 senserit,
3561 721 3701 791 quod
3733 738 3818 775 non

2245 816 2432 878 sperat
2464 824 2523 863 se
2552 822 2711 878 posse
2739 809 2882 863 intus
2910 811 3207 880 perdurare
3235 849 3250 877 ,
3283 811 3403 866 sine
3437 811 3662 867 licentia
3688 822 3817 865 extra

2246 897 2473 963 secedit,
2510 908 2564 953 et
2590 907 2814 969 propter
2845 899 2950 955 hoc
2980 908 3106 955 ante
3147 908 3203 955 et
3243 909 3391 955 retro
3423 916 3532 955 non
3563 900 3712 963 facit.
3739 918 3817 957 nec

2238 989 2391 1063 juxta
2423 1005 2481 1045 se
2505 991 2690 1058 stanti,
2735 999 2792 1046 ut
2825 992 2876 1046 in
2907 990 3087 1048 locum
3115 1008 3272 1049 suum
3304 995 3609 1059 ascendat,
3640 995 3814 1047 innuit.

2245 1082 2399 1150 Quod
2445 1083 2489 1137 si
2531 1082 2672 1138 infra
2700 1084 2942 1155 quinque
2986 1094 3081 1140 aut
3121 1101 3217 1142 sex
3245 1086 3492 1158 psalmos
3542 1087 3618 1142 ita
3648 1103 3816 1141 conv;-

2244 1175 2417 1243 leseit,
2449 1176 2593 1246 quod
2619 1176 2685 1231 de
2724 1185 2922 1233 caetero
2967 1192 3027 1233 se
3072 1179 3126 1234 in
3158 1180 3329 1235 choro
3354 1182 3658 1250 perdurare
3685 1197 3815 1252 posse

2244 1277 2447 1339 sperat,
2496 1269 2709 1324 redibit.
2763 1269 2821 1325 Si
2873 1280 3059 1326 autem
3121 1273 3326 1329 diutius
3368 1284 3529 1329 extra
3579 1284 3811 1341 moratur,

2243 1360 2457 1416 etiamsi
2506 1362 2879 1430 convalescat,
2930 1379 3108 1435 neque
3153 1366 3220 1420 ad
3262 1367 3634 1432 matutinum,
3690 1378 3734 1421 et
3779 1368 3813 1421 si

2245 1452 2419 1523 prima
2452 1468 2572 1508 mox
2603 1455 2974 1526 subsequitur,
3002 1470 3177 1528 neque
3194 1458 3263 1512 ad
3284 1459 3462 1525 banc,
3497 1460 3719 1515 chorum
3750 1461 3814 1514 ie-

2247 1546 2429 1600 trabit.
2462 1544 2759 1617 Postquam
2808 1561 2938 1603 vero
2985 1547 3150 1604 statio
3197 1548 3318 1617 ejus
3352 1559 3477 1621 post
3512 1560 3595 1607 tot
3642 1552 3812 1615 ﬁnitas,

2244 1644 2375 1706 quot
2402 1638 2672 1707 praedictae
2708 1648 2903 1693 sunt...
2944 1653 3116 1695 vacua
3154 1642 3473 1712 apparuerit
3514 1642 3815 1697 collatenfs

2246 1728 2385 1797 ejus,
2437 1730 2666 1784 reditum
2716 1730 2901 1787 fratris
2959 1733 3289 1803 desperans,
3341 1734 3485 1790 hanc
3531 1735 3817 1806 occupabis

2172 1822 2214 1882 Β
2243 1818 2373 1877 Nam
2422 1820 2654 1891 amplius
2695 1822 2799 1878 hac
2838 1823 3143 1894 quantitate
3183 1825 3521 1896 psalmorum
3555 1828 3817 1897 quisquam

2244 1918 2399 1966 extra
2427 1910 2677 1978 chorum,
2710 1912 2802 1982 qui
2831 1913 3105 1968 rediturus
3134 1923 3247 1978 est,
3280 1914 3410 1969 illuc
3446 1931 3553 1972 non
3584 1916 3818 1981 tardabit,

2242 2012 2473 2072 excepto
2497 2003 2543 2058 si
2570 2004 2838 2075 sanguine
2881 2003 3020 2059 ﬁuit.
3049 2003 3286 2072 Quilibet
3316 2016 3503 2062 autem
3532 2007 3717 2062 homin
3754 2008 3821 2062 in-

2244 2096 2603 2165 ﬁrmantium,
2637 2097 2681 2153 si
2710 2105 2795 2154 est
2821 2096 3127 2165 litteratus,
3162 2109 3219 2155 et
3256 2116 3319 2155 se
3363 2099 3586 2171 aliquod
3624 2103 3821 2173 adiuta.

2242 2191 2382 2245 rium
2425 2191 2545 2247 aliis
2591 2192 2643 2247 in
2690 2194 2963 2249 cantando
3000 2193 3119 2250 lore
3166 2195 3494 2265 speraverit,
3548 2197 3603 2251 in
3641 2197 3819 2251 minori

2240 2284 2410 2338 choro
2438 2285 2620 2339 sedem
2648 2285 2749 2340 sibi
2781 2284 2835 2341 in
2874 2286 2962 2341 tali
2997 2286 3117 2343 loco
3146 2286 3321 2358 eligit,
3353 2288 3443 2344 ubi
3475 2289 3819 2344 continuatus

2239 2373 2431 2431 sedere
2459 2374 2655 2441 valeat,
2682 2385 2913 2448 excepto
2951 2378 3018 2433 ad
3050 2377 3365 2434 Benedictus
3410 2390 3468 2436 et
3504 2380 3815 2452 Magniﬁca.

2239 2459 2307 2515 Et
2342 2462 2386 2517 si
2416 2471 2499 2517 est
2538 2471 2757 2519 notatus
2785 2463 3059 2520 litteratus
3084 2467 3152 2519 ad
3180 2465 3502 2531 lectionem,
3534 2469 3624 2524 vel
3651 2471 3716 2526 ad
3744 2485 3819 2524 re-

2239 2556 2607 2626 sponsorium,
2641 2566 2735 2611 aut
2774 2558 3152 2629 antiphonam.
3196 2560 3316 2629 ipse
3357 2562 3403 2615 si
3432 2561 3701 2632 potuerit,
3732 2561 3817 2616 hoc

2238 2650 2340 2706 sibi
2366 2650 2577 2721 peragit
2595 2649 2863 2717 cilicium;
2888 2652 2972 2706 sin
2994 2662 3198 2718 autem,
3231 2653 3335 2707 sibi
3360 2654 3629 2709 vicarium
3644 2655 3821 2711 subst}.

2241 2744 2435 2810 tuerit;
2492 2742 2896 2814 responsorium
2947 2742 3095 2813 quod
3144 2740 3329 2799 Gloria
3376 2743 3530 2800 Patri
3567 2747 3819 2816 sequitur,

2236 2834 2338 2889 etsi
2374 2834 2442 2889 ad
2491 2835 2595 2890 hoc
2626 2835 2697 2889 sit
2735 2834 2962 2899 validus,
3003 2848 3109 2888 nou
3151 2836 3225 2892 ibi
3265 2846 3496 2892 cantat:
3532 2839 3627 2892 sed
3669 2838 3716 2892 si
3762 2838 3821 2892 ab

2238 2941 2345 2982 uno
2376 2926 2446 2982 sit
2472 2928 2804 2982 cantandum
2826 2969 2842 2994 ,
2876 2928 3041 2985 alium
3074 2944 3172 3001 pro
3212 2944 3273 2985 se
3316 2938 3539 2985 cantare
3568 2940 3751 2999 roget;
3782 2931 3818 2984 si

2236 3026 2418 3073 autem
2447 3033 2570 3073 cum
2597 3017 2703 3074 alio
2726 3029 2954 3075 cantare
2978 3021 3162 3085 debet,
3189 3032 3246 3077 et
3273 3031 3490 3091 potest,
3518 3024 3575 3077 in
3608 3023 3818 3078 chorum

2236 3110 2304 3164 ad
2328 3109 2506 3165 locum
2534 3124 2692 3165 suum
2741 3125 2841 3181 pro
2879 3111 2985 3167 hoc
3016 3111 3289 3167 cantando
3320 3115 3507 3177 venit,
3537 3121 3596 3167 et
3639 3114 3818 3166 iterant
3888 3160 3890 3175 ,

2164 3201 2208 3261 C
2243 3202 2402 3258 redit.
2430 3200 2487 3257 Si
2519 3216 2648 3258 vero
2678 3200 2752 3257 nil
2778 3202 3014 3273 praesidii
3043 3205 3094 3258 in
3127 3219 3187 3259 se
3218 3202 3343 3257 aliis
3374 3202 3494 3258 fore
3512 3204 3818 3273 speraverit,

2242 3302 2369 3349 tunc
2414 3308 2483 3349 ne
2509 3294 2632 3349 aliis
2676 3304 2767 3349 aut
2815 3293 3046 3350 forsitan
3096 3296 3250 3350 oneri
3292 3296 3348 3350 in
3399 3295 3588 3365 aliquo
3614 3296 3817 3353 cxistat.
3888 3293 3890 3339 Ξ

2237 3396 2391 3444 extra
2417 3386 2473 3441 in
2510 3386 2648 3453 loco,
2683 3389 2773 3458 qui
2809 3387 2878 3442 ad
2910 3388 3011 3443 hoc
3034 3396 3480 3459 competensest,
3511 3404 3573 3444 se
3615 3388 3817 3449 beabit.
3888 3386 3890 3435 Ι

2236 3490 2292 3535 et
2327 3489 2549 3551 propter
2590 3482 2691 3536 hoc
2734 3480 3000 3551 capellum
3028 3495 3152 3534 non
3185 3480 3395 3546 induit,
3428 3484 3524 3537 sed
3559 3490 3735 3536 tamen
3760 3478 3816 3532 ad
3888 3488 3890 3531 ε

2238 3583 2440 3629 terram
2469 3588 2533 3629 se
2559 3573 2821 3628 inclinare
2851 3577 3070 3644 poterit.
3888 3576 3890 3587 '

2307 3664 2363 3719 In
2395 3664 2483 3720 illa
2513 3674 2676 3721 nocte
2701 3664 2905 3732 frater,
2932 3667 3023 3735 qui
3056 3665 3381 3720 absconsam
3415 3664 3748 3730 circumis",
3774 3664 3815 3718 si
3888 3670 3890 3735 ι

2237 3755 2609 3811 inlirmitatem
2639 3754 2757 3825 ejus
2779 3756 2862 3811 vel
2897 3756 3015 3827 ipse
3047 3758 3181 3821 scit,
3214 3756 3297 3811 vel
3326 3758 3395 3811 ab
3419 3756 3527 3812 alio
3556 3756 3813 3815 didicerit.

2234 3850 2375 3903 hanc
2417 3847 2490 3903 illi
2535 3863 2643 3903 non
2690 3848 2936 3919 porrigit.
2985 3849 3043 3905 Si
3075 3858 3257 3905 autem
3285 3848 3556 3904 inﬁrmari
3582 3864 3705 3905 ω
3732 3864 3767 3903 ιι
3792 3876 3815 3889 ο

2234 3939 2431 4006 sciens,
2477 3940 2769 3996 dormienti
2812 3941 2958 3996 illam
3005 3942 3339 4012 apposuerit,
3371 3956 3601 3998 necesse
3636 3953 3737 4003 est.
3764 3952 3811 3995 ιι

2232 4040 2324 4085 aut
2351 4032 2465 4102 ipse
2493 4031 2761 4100 inﬁrmus,
2792 4044 2882 4088 aut
2904 4033 3058 4103 juxta
3085 4048 3210 4090 eum
3238 4036 3458 4099 sedens,
3490 4052 3592 4090 sua
3614 4046 3814 4107 monte,

2233 4125 2315 4181 vel
2343 4128 2411 4181 ab
2431 4139 2497 4181 eo
2522 4136 2742 4196 rogatus
2780 4142 2902 4183 eam
2935 4127 3320 4195 circumferat;
3367 4128 3614 4200 alioquin
3660 4130 3813 4186 inda.

2230 4219 2487 4274 tnabitur.
2519 4218 2647 4276 Post
2690 4219 2837 4276 illam
2896 4232 3114 4278 noctem
3142 4224 3381 4292 quandiu
3426 4232 3557 4280 ante
3600 4226 3809 4280 chorum

2228 4311 2457 4379 sedebit,
2488 4313 2753 4369 absconsa
2782 4315 2831 4370 ei
2863 4325 3119 4384 ponetur,
3147 4317 3192 4371 si
3228 4316 3511 4373 dormiens
3528 4317 3809 4372 invenitur.

2230 4406 2358 4461 Sive
2386 4418 2568 4462 autem
2623 4408 2696 4463 sit
2727 4407 2846 4474 ille,
2890 4409 2980 4479 qui
3038 4409 3373 4466 inﬁrmitatis
3402 4426 3573 4466 causa
3600 4412 3805 4467 choru-

2230 4503 2544 4570 intraverit;
2582 4505 2698 4559 sive
2731 4504 2822 4574 qui
2854 4505 2921 4559 de
2966 4520 3034 4561 eo
3087 4507 3320 4562 exiverit
3370 4506 3425 4562 in
3469 4510 3707 4564 crastino
3734 4522 3807 4561 se

2158 4569 2371 4650 I)niam
2429 4596 2607 4667 petit:
2662 4569 2764 4652 iste
2813 4597 3041 4653 dicendo
3096 4600 3152 4652 in
3200 4610 3351 4654 nocte
3405 4611 3561 4654 extra
3608 4602 3805 4655 diem

2224 4696 2434 4757 propter
2456 4703 2626 4743 nteant
2661 4687 3046 4758 inﬁrmitatem,
3076 4691 3166 4760 qui
3212 4690 3301 4745 ille
3343 4699 3526 4746 autem
3566 4689 3679 4762 Ego
3714 4706 3805 4743 nos

2225 4777 2417 4833 intrari
2445 4790 2656 4850 propter
2682 4796 2850 4834 meant
2890 4780 3274 4848 inﬁrmitatem.
3329 4782 3433 4850 Qui
3468 4784 3757 4854 requisitis
3778 4798 3805 4833 a

2224 4872 2423 4941 priore,
2456 4871 2503 4927 si
2536 4869 2729 4926 melius
2756 4871 2986 4936 habeat;
3017 4872 3062 4927 si
3094 4872 3439 4942 responderit
3467 4891 3482 4928 :
3513 4874 3683 4929 etiam
3715 4873 3807 4927 Do-

2226 4965 2404 5031 mine;
2428 4964 2649 5037 jubetur
2696 4964 2774 5020 ire
2808 4979 3018 5020 sessum
3048 4984 3062 5019 :
3101 4965 3146 5021 si
3178 4976 3359 5020 autem
3388 4964 3592 5021 dixerit
3626 4984 3639 5019 :
3674 4978 3803 5026 nec;

2218 5050 2436 5129 jubetur
2488 5068 2644 5113 extra
2689 5058 2917 5113 chorqu
2963 5057 3275 5128 aliquandiu
3308 5072 3452 5113 esse.
3496 5057 3566 5113 Et
3604 5058 3651 5113 si
3690 5054 3803 5111 uB

2223 5159 2326 5214 cst,
2361 5150 2452 5220 qui
2496 5164 2607 5219 pra:
2646 5148 2964 5204 inﬁrmitate
2999 5149 3071 5203 ita
3124 5148 3272 5203 reﬁci
3303 5149 3371 5203 de
3395 5148 3675 5205 comanti
3706 5146 3804 5201 fra-

2223 5252 2366 5298 trum
2408 5243 2529 5297 cibo
2562 5244 2901 5313 nequiverat,
2947 5243 3015 5297 ad
3066 5256 3311 5312 praesens
3355 5240 3803 5312 przceipitarcd-

2221 5337 2379 5402 lario,
2412 5346 2470 5391 ut
2496 5335 2548 5391 in
2589 5336 2881 5391 relecturio
2911 5350 3099 5390 curam
3126 5334 3245 5404 ejus
3274 5335 3503 5390 haheat.
3534 5335 3733 5391 Poste:
3752 5334 3803 5387 ‘-

2219 5429 2335 5499 ejus
2356 5430 2494 5495 loco,
2521 5428 2611 5500 qui
2634 5427 2751 5498 ejus
2781 5428 3102 5493 inﬁrmitati,
3131 5428 3249 5483 sive
3274 5428 3326 5481 in
3373 5426 3576 5483 minori
3610 5432 3801 5487 om;

2220 5522 2335 5577 sive
2363 5529 2516 5576 extra
2561 5520 2892 5576 conveniens
2918 5528 3030 5584 est,
3060 5518 3291 5575 sedebit.
3327 5518 3383 5575 Si
3418 5520 3545 5575 talis
3574 5531 3658 5576 est
3694 5518 3803 5587 ejus

2218 5614 2530 5679 inﬁrmitas,
2562 5627 2725 5682 quam
2767 5627 2861 5683 per
2886 5612 3125 5684 quietem
3169 5611 3271 5667 sibi
3302 5627 3801 5677 concessaw,en-

2217 5707 2348 5763 dere
2373 5705 2569 5778 possit,
2612 5719 2734 5759 cum
2765 5704 2999 5775 primum
3048 5704 3191 5760 inira
3238 5703 3635 5759 hebdomadam
3664 5702 3801 5757 vires

2218 5799 2431 5871 plenius
2460 5797 2757 5869 receperit,
2790 5804 2915 5854 tunc
2960 5796 3046 5854 vel
3084 5796 3153 5853 ad
3185 5796 3403 5855 tertiam
3446 5796 3534 5854 vel
3576 5795 3643 5853 ad
3692 5794 3799 5869 pri-
