3890 6314
78 338 155 393 965
1018 347 1025 353 ’
1104 340 1515 407 CONSTITUT,
1555 342 1897 405 IIIIlSAUG.
1928 376 1998 389 --
2040 347 2164 404 LIB.
2198 349 2236 404 l.

3176 367 3281 426 966

79 466 200 514 mam,
228 463 335 520 quae
354 450 634 522 capitulum
664 453 942 522 prtecedit,
968 455 1193 511 chorum
1223 458 1470 525 intrabit,
1501 459 1586 515 vel
1620 468 1661 524 Α
1695 467 1901 515 tantum
1932 462 2220 532 inclinans,
2251 466 2317 520 ad
2367 466 2540 523 locum
2582 485 2739 529 suum
2772 475 2953 542 vadit,
2986 478 3098 534 sive
3137 481 3282 541 intus

76 545 113 598 in
151 543 290 612 priori
340 556 553 613 vespere
605 546 887 604 duodecim
934 548 1247 605 lectionum.
1299 550 1356 607 Si
1406 560 1586 607 autem

1690 551 1806 607 sive
1853 565 2010 608 extra
2040 555 2112 611 sit
2137 558 2320 614 statio.
2364 559 2509 616 Infra
2544 562 2733 620 horam
2768 578 2947 626 autem
2979 570 3100 628 aliis
3122 573 3280 633 incli-

75 633 176 688 infra
195 634 486 702 praedictum
519 646 723 707 tempus
751 638 1040 695 infirmitas
1057 640 1172 711 ejus
1203 642 1434 708 venerit,
1462 651 1588 700 tunc
1688 643 1953 700 nantibus
1990 646 2105 716 ipse
2137 662 2243 704 non
2293 650 2396 707 nisi
2436 662 2628 709 contra
2678 657 2851 714 altare
2904 662 3131 720 inclinat
3162 683 3176 720 :
3208 668 3279 724 ad

73 723 196 792 prior,
224 720 297 777 vel
329 723 440 792 ipso
471 724 683 780 inlirmo
711 728 1051 797 aegritudinis
1090 744 1204 785 suae
1232 742 1582 803 augmentum

72 815 110 867 in
132 813 334 881 capitulo
378 831 472 884 per
498 817 713 871 veniam
746 819 831 875 vel
859 820 996 876 alias
1021 822 1072 876 ei
1117 822 1457 889 insinuante,
1500 824 1581 882 vel

1685 750 1876 805 preces
1904 737 2019 792 sive
2048 744 2430 812 procutnbant,
2472 747 2589 803 sive
2627 749 2737 805 sint
2775 751 3124 819 inclinantes,
3172 760 3277 816 ibi-

1683 827 1807 883 dem
1856 842 1952 886 eos
1998 832 2268 889 imitatur.
2324 834 2423 893 llic
2474 840 2596 896 talis
2653 846 3085 918 quandocunque
3134 852 3274 909 infra

68 920 137 959 sua
159 915 341 974 sponte,
370 906 449 960 vel
474 906 541 961 ab
567 908 746 978 aliquo
775 911 942 967 fratre
973 913 1305 981 admonitus,
1330 916 1580 972 eumdem
1680 920 1921 991 psalmos
1950 925 2184 993 venerit,
2240 927 2308 981 ad
2369 931 2568 1001 gradus
2618 935 2785 992 venit.
2836 938 2896 993 Si
2932 950 3111 997 autem
3153 954 3276 1015 post

69 1004 266 1064 agrotum
303 995 364 1049 ad
400 997 750 1057 inlirmariam
784 1017 882 1073 per
915 1003 1082 1060 alium
1125 1005 1352 1064 fratrem
1383 1008 1577 1068 adduci

66 1086 271 1156 pmcipit.

582 1207 769 1267 APUT
810 1210 1024 1268 XXXII.
1080 1214 1083 1215 ⁷

85 1287 224 1357 Deeo,
248 1294 329 1363 qui
353 1305 466 1363 post
488 1295 713 1377 gloriam
747 1301 904 1370 primi
938 1302 1128 1377 psalmi
1153 1304 1224 1358 ad
1257 1306 1540 1377 quamlibet

561 1369 753 1425 lteram
775 1374 990 1427 venerit.

109 1450 263 1517 ‘Quod
289 1455 331 1509 si
364 1456 547 1528 aliquo
577 1462 739 1517 modo
764 1464 1083 1536 contigerit,
1124 1477 1184 1521 ut
1220 1468 1418 1541 aliquis
1461 1481 1571 1529 tam

60 1558 194 1598 eorum
235 1546 314 1616 qui
361 1559 536 1616 extra,
581 1569 745 1625 quam
799 1558 892 1627 qui
940 1558 1083 1617 intra
1127 1561 1365 1616 chorum
1394 1563 1570 1621 solent

58 1648 157 1699 esse,
181 1651 331 1708 neque
368 1642 433 1696 ad
479 1643 695 1701 initium
745 1659 1133 1721 nocturnorum
1175 1668 1416 1723 praesens
1464 1658 1564 1723 sit,

57 1741 180 1794 neque
205 1738 368 1799 postea
398 1743 526 1790 ante
550 1733 791 1793 Gloriam
834 1740 1022 1810 psalmi
1067 1740 1268 1810 Venite,
1310 1745 1365 1800 in
1397 1746 1563 1805 choro

1679 1014 1939 1086 psalmos,
1972 1016 2108 1073 foris
2146 1020 2375 1077 chorum
2427 1028 2769 1096 remanebit,
2812 1040 2868 1087 et
2912 1044 3134 1105 propter
3156 1014 3273 1094 hoc

1680 1106 1894 1162 veniam
1924 1108 1979 1164 in
2011 1110 2249 1182 capitulo
2276 1114 2433 1184 petit.

2220 1208 2451 1268 CAPUT
2490 1213 2729 1272 XXXIII.

1674 1292 1753 1349 De
1776 1311 1857 1363 eo,
1884 1298 1973 1368 qui
2000 1302 2257 1370 sanguine
2287 1302 2353 1358 de
2388 1306 2609 1444 qlari‘bna
2631 1348 2655 1375 ,ν
2688 1309 2767 1364 vel
2803 1310 2871 1366 de
2906 1323 3095 1384 erupta
3136 1332 3269 1372 vena

1702 1416 1703 1419 η
2440 1392 2492 1429 ut
2521 1416 2535 1431 .

2440 1392 2535 1431 υιι.

1748 1462 1763 1479 ’
1784 1457 1839 1513 Si
1865 1475 2026 1530 quem
2048 1472 2229 1519 autem
2256 1466 2339 1523 vel
2363 1469 2430 1527 de
2452 1469 2676 1528 naribus
2698 1472 2782 1528 vel
2814 1474 2882 1531 de
2907 1487 3099 1547 erupta
3130 1496 3266 1536 vena

1671 1546 1849 1607 ﬂuens
1886 1556 2110 1625 sanguis
2154 1558 2411 1629 impedit,
2464 1578 2533 1618 ne
2589 1565 2658 1620 ad
2710 1566 2897 1623 horam
2948 1575 3267 1643 tempestive

1669 1657 1960 1703 occurrere
1995 1650 2199 1719 possit,
2231 1653 2663 1727 quandocunque
2689 1700 2704 1723 ,
2750 1670 3040 1733 antequam
3071 1666 3263 1735 psalmi

1669 1730 1967 1801 liniantur,
2001 1738 2315 1808 intraverit,
2366 1755 2587 1815 propter
2633 1747 2735 1805 hoc
2764 1751 2832 1805 ad
2877 1730 3101 1823 gradum
3151 1774 3258 1813 non

55 1817 211 1885 quidem
246 1824 306 1878 ad
334 1826 499 1882 sedile
530 1843 687 1884 suum
713 1871 727 1896 ’
758 1842 911 1887 eum
939 1849 1069 1890 vero
1099 1835 1164 1891 ad
1196 1836 1433 1908 aliquem
1480 1839 1562 1896 ιο,
1596 1832 1637 1891 Β
1669 1826 1855 1892 vadit;
1888 1830 1982 1885 sed
2010 1830 2135 1887 aliis
2175 1837 2242 1890 ad
2273 1837 2377 1891 hoc
2399 1853 2522 1895 eum
2557 1840 2902 1901 hortantibus
2924 1862 3145 1905 causam
3176 1853 3259 1907 sui

53 1922 136 1961 cum
162 1926 381 1980 vacuum,
414 1918 505 1973 ubi
549 1934 671 1974 cum
714 1922 837 1978 aliis
879 1934 1255 1996 competenter
1301 1928 1567 1987 inclinare

51 2001 196 2067 possit,
222 2006 295 2059 vel
322 2008 382 2062 de
411 2011 689 2080 sacristia,
730 2016 819 2070 ubi
857 2018 1112 2073 custodes
1152 2018 1397 2077 ecclesia:
1438 2023 1557 2079 dor-

51 2092 186 2155 miunt,
214 2097 415 2155 veniens
436 2140 451 2165 ,
480 2102 626 2173 intra
654 2106 919 2163 minorem
956 2108 1183 2163 chorum
1225 2113 1560 2181 occurrerit,

50 2179 200 2237 intrans
222 2187 428 2244 chorum
455 2202 516 2247 et
562 2196 785 2252 veniens
823 2196 891 2253 ad
934 2200 1159 2269 gradum
1198 2201 1427 2257 honeste
1456 2214 1563 2259 tra-

48 2273 235 2346 ctitnque‘
249 2283 370 2350 petit
398 2288 653 2354 veniam,
684 2303 850 2358 super
891 2307 1085 2348 manus
1118 2302 1174 2348 et
1212 2309 1386 2364 genua
1418 2312 1555 2368 pau-

47 2358 592 2444 lulunrprocumbendo;
640 2383 1010 2451 summitatem
1050 2358 1258 2452 frocci',
1307 2397 1366 2442 ut
1393 2358 1559 2461 super

46 2470 125 2511 eam
156 2469 308 2521 teneat
350 2483 574 2538 manus;
609 2483 662 2528 et
689 2471 922 2544 surgens
961 2487 1152 2534 contra
1189 2478 1364 2537 altare
1391 2480 1555 2539 altius

44 2549 227 2620 inclinat;
252 2564 385 2629 quod
409 2572 463 2618 et
489 2567 562 2620 ad
585 2568 912 2625 matutinum
939 2570 1091 2639 facit,
1125 2573 1170 2630 si
1197 2582 1319 2643 post
1344 2572 1551 2645 Gloria,

43 2641 96 2696 vel
111 2658 203 2714 post
226 2650 349 2709 Deus
378 2658 693 2716 misereatur
719 2664 926 2719 venerit
951 2683 965 2719 :
1002 2674 1129 2723 tunc
1158 2668 1331 2730 frater
1352 2674 1550 2745 aliquis

42 2746 184 2831 forum,
210 2741 289 2809 qui
323 2744 373 2800 in
408 2747 692 2806 vicinitate
718 2750 837 2822 ejus
863 2765 991 2824 stat,
1024 2762 1359 2831 providens,
1392 2741 1457 2821 ut.
1481 2768 1549 2824 ad

42 2819 168 2882 fratris
192 2830 348 2903 illius,
386 2853 557 2908 quam
595 2819 783 2898 contra
824 2859 1150 2907 conventum
1194 2854 1439 2913 facturus
1462 2867 1547 2915 est

42 2912 378 2998 inclinationem,
406 2932 489 2987 vel
522 2934 588 2988 ad
612 2934 772 2991 linem
797 2938 979 3009 hymni
1010 2941 1091 2999 vel
1117 2944 1307 3014 psalmi
1335 2956 1547 3018 tempus

41 3014 263 3106 conveniat.
280 3018 449 3090 Tales,
468 3026 717 3096 inquam,
746 3039 959 3101 tempus
978 3049 1355 3107 competenter
1376 3014 1541 3099 stanti

42 3097 65 3150 ri
88 3101 298 3175 insinuat,
326 3128 353 3166 a
383 3130 490 3185 quo
536 3133 631 3187 per
681 3123 947 3179 modicam
983 3127 1181 3197 capitis
1228 3131 1539 3191 inclinatio-

1668 1930 1766 1985 per
1794 1918 2007 1991 signum
2034 1924 2310 1992 patefacit.
2344 1927 2400 1982 Si
2450 1939 2528 1986 est
2558 1931 2857 2002 litteratus,
2889 1937 3027 1994 hanc
3070 1940 3259 1997 horam

1642 2025 1851 2067 secum
1899 2027 2127 2074 cantare
2178 2036 2285 2077 non
2346 2024 2604 2096 negligit;
2678 2029 2725 2085 si
2758 2030 3095 2101 illitteratus,
3150 2053 3256 2093 non

1662 2102 1825 2158 aliam
1849 2144 1864 2169 ,
1899 2120 2060 2176 quam
2083 2125 2204 2179 quae
2233 2112 2285 2167 in
2315 2114 2533 2183 publico
2553 2127 2771 2174 cantata
2798 2130 2916 2189 est,
2948 2126 3119 2180 audit.
3148 2126 3251 2193 Qui

1660 2201 1716 2248 et
1740 2195 1807 2248 ad
1829 2195 2150 2255 Iavatorium
2183 2203 2378 2260 stando
2410 2207 2548 2263 hanc
2579 2211 2771 2266 audire
2791 2252 2807 2277 ,
2847 2223 2904 2268 et
2932 2215 2979 2269 si
3009 2217 3253 2286 psalmos

1658 2284 1901 2356 ejusdem
1928 2289 2074 2346 hora:
2096 2293 2301 2362 scivit,
2349 2296 2498 2365 illos;
2546 2300 2630 2356 sin
2672 2313 2853 2360 autem
2897 2304 3056 2364 Pater
3079 2324 3256 2368 noster

1658 2374 1989 2446 aliquotiens
2017 2395 2206 2437 secum
2238 2387 2473 2442 recitare
2503 2388 2723 2446 interim
2753 2396 2949 2464 potuit.
2999 2397 3085 2453 Fit
3114 2417 3250 2472 quo-

1655 2482 1763 2538 que
1784 2466 2093 2539 aliquando,
2126 2481 2186 2528 ut
2214 2477 2285 2532 ad
2308 2486 2602 2536 nocturnos
2628 2484 2844 2553 quidem
2865 2497 2990 2556 post
3011 2466 3249 2553 Gloriam

1654 2558 1851 2631 psalmi
1887 2561 2071 2621 Venite
2095 2604 2112 2631 ,
2150 2567 2217 2622 ad
2265 2568 2399 2626 alias
2448 2588 2579 2628 vero
2632 2575 2809 2634 horas
2839 2590 2963 2651 post
3008 2581 3247 2647 Gloriam

1652 2653 1811 2724 primi
1846 2656 2081 2725 psalmi,
2112 2659 2342 2732 aliquis,
2384 2665 2476 2735 qui
2507 2667 2659 2736 prius
2688 2685 2794 2726 non
2824 2671 2928 2745 fult
2957 2676 3009 2730 in
3044 2676 3243 2744 cltum,

1651 2748 1745 2802 sed
1777 2757 1985 2805 tantum
2018 2760 2148 2809 ante
2170 2754 2431 2831 chorum,
2484 2760 2551 2814 ad
2581 2759 2795 2818 initium
2821 2762 3062 2833 ejusdem
3091 2770 3242 2826 horae

1650 2856 1756 2896 non
1782 2842 1977 2908 defuit,
2010 2853 2139 2901 tunc
2167 2847 2405 2905 introeat
2433 2868 2446 2904 :
2473 2867 2574 2907 nec
2599 2861 2777 2910 tamen
2805 2868 3029 2928 propter
3050 2861 3155 2931 hoc
3174 2864 3242 2918 ad

1649 2930 1877 3001 gradum
1902 2935 2087 2991 veniat
2118 2950 2134 2990 :
2164 2945 2221 2993 et
2256 2937 2360 2996 hoc
2398 2939 2506 2996 isto
2529 2943 2731 3000 modo:
2770 2948 2816 3003 si
2871 2952 3088 3019 quando
3117 2930 3244 3008 eve-

1646 3019 1788 3075 nerit
1815 3063 1831 3089 ,
1862 3032 1919 3077 ut
1948 3025 2109 3097 aliqui
2135 3044 2526 3088 conversorum
2560 3050 2673 3105 prae
2701 3038 3045 3099 multitudine
3069 3045 3240 3103 choro

1646 3109 1911 3171 interesse
1957 3133 2064 3175 non
2122 3122 2376 3192 possint,
2425 3135 2551 3184 tunc
2594 3128 2729 3186 foris
2753 3133 2915 3202 positi
2952 3135 3239 3209 diligenter

42 3200 115 3299 nem
154 3194 218 3265 (ut
257 3204 411 3259 moris
451 3207 564 3277 est)
595 3208 815 3266 licentia
870 3213 993 3270 data
1045 3194 1111 3273 ad
1152 3220 1537 3284 absolvendum

1650 3204 1965 3275 observant,
2021 3211 2068 3267 si
2117 3214 2242 3285 quis
2297 3232 2523 3288 eorum,
2575 3222 2670 3292 qui
2718 3224 2888 3281 choro
2920 3228 3235 3300 intersunt,

42 3278 191 3341 'ralrcm
223 3296 363 3351 redit.
392 3298 513 3368 ;Qui
554 3316 677 3357 cum
727 3320 925 3371 manu,
956 3324 1106 3365 more
1151 3312 1423 3372 licentiam
1467 3320 1540 3376 si-

42 3373 281 3450 !uificantis,
309 3386 558 3447 innuenti
585 3394 859 3463 paululum
894 3398 1135 3469 inclinat,
1167 3414 1221 3459 et
1246 3407 1388 3464 facto
1414 3422 1539 3468 ante

42 3472 64 3514 ει
84 3478 193 3524 retro
212 3480 399 3536 recedit
419 3483 488 3538 ad
528 3485 820 3543 stationem
853 3505 1005 3545 suam
1037 3507 1052 3547 :
1086 3494 1129 3549 si
1158 3496 1279 3552 talis
1302 3509 1415 3565 est,
1446 3503 1535 3571 qui

44 3570 62 3606 II
78 3559 202 3620 choro
224 3577 338 3627 tunc
359 3587 513 3631 stare
536 3578 711 3645 possit
727 3590 783 3636 et
809 3581 990 3639 debet.
1018 3584 1093 3640 lbi
1130 3603 1344 3645 rursum
1374 3559 1535 3649 aliam

42 3659 159 3710 reterns
177 3663 360 3719 veniatn
392 3676 449 3721 ut
478 3668 639 3739 prius
658 3710 674 3735 ,
705 3672 800 3727 sed
832 3672 992 3730 aliam
1026 3686 1215 3746 postea
1253 3696 1360 3736 non
1394 3685 1536 3751 peti-

42 3752 305 3817 llﬂlmtiam
333 3758 378 3823 si
423 3760 550 3815 dies
595 3763 666 3816 sit
703 3765 1055 3835 procidendi,
1105 3786 1229 3827 cum
1264 3786 1532 3832 conventu

42 3833 266 3911 ηειὶηθιιιε,
306 3859 360 3905 et
398 3851 519 3922 ipse
562 3854 767 3925 pariter
810 3833 1055 3915 inclinat.
1102 3862 1158 3919 Si
1213 3874 1392 3922 autem
1441 3871 1538 3926 ali-

47 3928 175 3983 uando
203 3933 319 4006 hoc,
346 3942 493 4011 quod
528 3945 846 4013 praedictum
890 3958 975 4005 est
999 3992 1016 4018 ,
1055 3952 1123 4008 de
1145 3956 1333 4012 eodem
1366 3958 1533 4017 inter-

42 4018 153 4073 nntio
172 4029 437 4091 praevisum
463 4049 575 4088 non
604 4033 790 4103 fuerit,
827 4039 908 4094 vel
939 4040 984 4094 si
1024 4041 1132 4109 ille,
1161 4046 1254 4114 qui
1291 4055 1418 4105 tunc
1438 4066 1531 4105 or-

45 4103 144 4164 inem
183 4124 336 4184 tenet,
383 4124 581 4180 videns
620 4144 745 4182 eum
777 4131 845 4184 ad
886 4133 1147 4201 gradum,
1192 4152 1291 4192 sna
1338 4151 1531 4209 sponte

43 4211 103 4254 l0!
129 4204 253 4265 abire
290 4229 381 4283 per
421 4219 680 4274 nuntium
721 4219 947 4289 jusserit
990 4225 1265 4297 (quamvis
1291 4242 1347 4287 et
1371 4249 1531 4303 quos-

42 4303 118 4359 aIn,
141 4298 225 4355 hoc
242 4305 421 4371 vitium
444 4311 505 4366 in
536 4328 636 4367 usu
668 4314 951 4383 habentes,
985 4318 1255 4379 interdum
1276 4325 1524 4384 dissimu-

42 4391 66 4435 ει
94 4386 147 4442 ibi
185 4394 368 4472 videre)
410 4412 542 4459 tunc
579 4404 667 4460 ille
717 4407 893 4463 frater
930 4420 1053 4480 post
1079 4413 1291 4469 veniam
1335 4428 1526 4475 contra

42 4487 263 4542 inventum
300 4490 562 4557 inclinat.
604 4505 660 4551 et
697 4508 997 4557 conventus
1038 4512 1228 4559 contra
1273 4522 1418 4563 eum.
1463 4508 1519 4565 Si

42 4579 100 4621 ero
137 4586 269 4634 extra
297 4583 523 4640 chorum
554 4588 719 4644 statio
760 4590 877 4661 ejus
906 4592 1103 4661 fuerit,
1146 4597 1213 4652 de
1253 4601 1422 4671 gradu
1453 4602 1521 4657 ad

42 4668 172 4719 torum
196 4685 337 4729 suum
370 4680 601 4735 tendens
623 4680 805 4737 locum
834 4685 944 4751 dat,
976 4687 1067 4757 qui
1100 4689 1174 4744 ibi
1206 4690 1427 4748 ultimus
1451 4694 1522 4751 ad

42 4762 150 4809 "eam
172 4762 242 4817 vel
280 4766 344 4822 ad
374 4770 610 4827 formam
657 4783 794 4840 stat,
827 4777 1002 4833 donec
1036 4781 1250 4835 veniam
1282 4791 1338 4837 et
1367 4784 1522 4840 incli-

42 4843 233 4919 Itionem,
264 4859 401 4916 sicut
443 4866 788 4935 praemissum
833 4879 956 4937 est,
997 4871 1180 4927 faciat.
1211 4873 1330 4943 Quo
1376 4875 1519 4935 facto

42 4943 114 4989 illa
139 4950 340 5016 secedit,
374 4955 457 5009 vel
489 4957 533 5010 si
564 4957 686 5013 talis
709 4968 814 5024 est,
843 4962 933 5030 qui
962 4962 1123 5031 item,
1155 4965 1293 5022 sicut
1320 4970 1516 5039 praedi-

42 5039 106 5120 "_m
123 5044 208 5102 est.
234 5043 370 5100 intus
395 5056 546 5103 stare
575 5051 765 5120 possit,
801 5055 1125 5112 remanebit.
1398 5110 1401 5111 ν

52 5114 209 5219 ξοιιειη
239 5135 393 5191 modo
431 5114 610 5209 agitur
637 5145 706 5198 ad
751 5145 976 5205 diurnas
1005 5149 1170 5205 horas
1198 5167 1324 5223 erga
1364 5169 1513 5222 eum,

42 5210 64 5262 ιὶ
84 5227 185 5273 ante
203 5221 428 5283 Gloriam
450 5232 607 5301 primi
635 5235 828 5305 psalmi
858 5239 912 5293 in
943 5243 1219 5310 praedictis
1242 5243 1374 5301 locis
1405 5262 1512 5302 non

42 5303 146 5413 ierit.
172 5331 405 5393 excepto,
436 5330 580 5398 quod
607 5303 654 5387 si
684 5333 807 5402 quis
832 5334 936 5390 hoc
961 5338 1153 5395 vitium
1184 5341 1512 5414 negligentia

42 5402 143 5499 “iis.
185 5425 333 5479 quam
373 5425 700 5483 necessitate
729 5430 927 5500 saepius
975 5431 1301 5500 incurrerit;
1334 5436 1403 5492 ab
1445 5451 1539 5493 eor

42 5489 62 5542 Ii
89 5502 203 5595 tunc
245 5509 484 5570 ordinem
527 5525 675 5573 tenet
718 5489 993 5576 licentiam
1051 5523 1119 5579 de
1150 5524 1319 5595 gradu
1359 5541 1511 5583 rece-

42 5586 117 5686 lldi
159 5610 251 5652 non
281 5606 535 5683 accipi“;
584 5612 681 5668 sed
730 5625 1017 5685 postquam
1058 5616 1132 5672 ibi
1150 5586 1412 5686 vveniam,
1450 5632 1508 5677 ut

42 5679 251 5744 edictum
286 5679 389 5764 est,
438 5699 645 5770 fecerit,
693 5679 819 5761 inde
855 5679 915 5763 se
960 5724 1069 5765 non
1106 5720 1292 5767 movet
1336 5727 1508 5783 usque

42 5783 89 5827 ιω
130 5777 246 5841 hora
282 5793 538 5863 regularis
578 5798 651 5855 sit
679 5798 853 5857 ﬁnita.
902 5800 1054 5860 Tunc
1101 5813 1294 5863 contra
1334 5805 1504 5864 altare

1642 3302 1830 3356 eodem
1850 3305 2035 3373 modo,
2065 3323 2173 3377 quo
2198 3309 2269 3365 sit
2297 3311 2592 3382 rediturus,
2617 3327 2810 3383 exeat;
2840 3330 2899 3373 ut
2920 3322 3233 3394 quicunque

1643 3401 1771 3451 tunc
1800 3396 1943 3453 inter
1976 3414 2073 3456 eos
2100 3401 2307 3459 intrare
2343 3404 2508 3478 eligat
2535 3448 2552 3475 ,
2579 3422 2646 3462 ex
2670 3411 2960 3469 occasione
2982 3416 3237 3472 exeuntis

1642 3484 1823 3543 locum
1856 3488 2000 3546 intus
2026 3491 2228 3548 habere
2257 3494 2452 3551 valeat.

1710 3577 1851 3652 Ergo
1880 3582 1946 3635 ad
1977 3592 2274 3642 nocturnos
2317 3598 2438 3658 post
2467 3588 2707 3645 Gloriam
2756 3593 2950 3663 psalmi
3013 3594 3189 3653 Venite
3211 3637 3230 3667 ,

1639 3668 1943 3741 cuicunque
1966 3671 2232 3742 ejusmodi
2258 3680 2477 3735 occasio
2497 3680 2737 3738 intrandi
2760 3684 2972 3756 copiam
2997 3686 3229 3756 dederit,

1639 3759 1779 3816 infra
1812 3763 2021 3834 primos
2048 3767 2287 3836 psalmos
2307 3785 2405 3840 per
2430 3772 2693 3830 minorem
2723 3775 2950 3843 chorum
2981 3777 3229 3853 intrabit,

1636 3836 1707 3908 ne
1743 3853 1787 3908 si
1822 3869 1922 3924 per
1950 3857 2311 3917 universalem
2345 3863 2499 3920 chori
2528 3865 2734 3923 aditum
2765 3877 2894 3926 tunc
2920 3869 3229 3944 ingressus,

1635 3947 1705 4002 ab
1732 3947 1851 4003 aliis
1890 3958 2016 4006 tunc
2061 3954 2297 4023 primum
2330 3955 2616 4013 ecclesiam
2654 3957 2864 4017 intrare
2906 3973 3223 4035 putaretur;

1633 4048 1689 4093 et
1710 4039 1833 4095 ideo
1848 4044 1913 4097 ad
1941 4045 2170 4116 gradum
2195 4046 2274 4102 ire
2298 4048 2712 4121 propelleretur.
2757 4050 2892 4109 Nam
2915 4057 3226 4131 quicunque

1632 4146 1731 4202 pro
1759 4136 1910 4189 tardo
1940 4150 2168 4192 occursu
2201 4138 2283 4208 (nt
2308 4138 2511 4196 dictum
2540 4142 2645 4212 est)
2695 4144 2763 4198 ad
2784 4143 3014 4215 gradum
3061 4149 3224 4204 satis-

1632 4223 1783 4291 facit,
1841 4243 2119 4300 nunquam
2151 4246 2214 4285 ea
2236 4231 2355 4289 vice
2376 4248 2473 4303 per
2502 4235 2766 4292 minorem
2803 4238 3027 4295 chorum
3056 4240 3220 4297 intra-

1629 4314 1727 4369 bit.
1747 4314 2191 4390 Quandocunque
2207 4329 2390 4377 autem
2412 4332 2533 4393 post
2552 4339 2743 4381 versus
2766 4327 2956 4398 psalmi
2981 4330 3217 4387 intrandi

1628 4406 1844 4461 occasio
1894 4408 1943 4463 ei
2003 4410 2251 4477 dabitur,
2310 4427 2406 4484 per
2450 4415 2786 4484 superiorem
2826 4418 2976 4475 chori
3010 4422 3215 4479 aditum

1628 4496 1963 4567 ingreditur;
1993 4501 2119 4570 quia
2154 4502 2221 4557 de
2247 4518 2312 4560 eo
2350 4504 2494 4560 nulla
2521 4506 2759 4577 suspicio
2796 4524 2919 4566 sero
2964 4513 3214 4569 veniendi

1629 4594 1756 4642 tunc
1782 4589 1905 4643 erit.
1937 4589 2200 4646 Similiter
2219 4593 2287 4647 ad
2309 4596 2633 4652 matutinum
2662 4600 2861 4670 agitur.
2887 4602 2969 4658 Ad
2992 4604 3215 4661 diurnas

1624 4693 1755 4734 vero
1788 4680 1950 4735 horas
1987 4690 2116 4752 post
2156 4680 2392 4740 Gloriam
2421 4687 2581 4757 primi
2620 4691 2853 4761 psalmi;
2905 4696 3216 4769 quicunque

1622 4786 1687 4826 ex
1716 4771 1796 4827 eis
1824 4788 1920 4827 sua
1952 4784 2145 4845 sponte
2170 4775 2378 4847 ingredi
2401 4779 2649 4848 voluerit,
2678 4785 2807 4841 item
2833 4802 2930 4858 per
2948 4790 3211 4849 minorem

1622 4862 1850 4919 chorum
1878 4863 2123 4920 intrabit.
2159 4865 2216 4922 Si
2271 4877 2453 4924 autem
2506 4872 2574 4927 ab
2600 4887 2699 4941 eo,
2737 4880 2829 4945 qui
2879 4885 3006 4934 tunc
3034 4880 3210 4936 ordini

1619 4956 1839 5026 praeerit
1868 4972 1884 5011 :
1915 4957 1999 5013 vel
2025 4957 2071 5013 si
2107 4958 2287 5015 nullus
2317 4961 2465 5031 prior
2486 4962 2552 5018 ad
2576 4979 2815 5034 praesens
2840 4970 3014 5024 aderit
3044 4970 3210 5042 (quod

1572 5084 1576 5089 -
1620 5064 1899 5120 nunquam
1929 5050 2045 5107 Iieri
2083 5050 2266 5124 debet)
2300 5055 2371 5109 ab
2401 5055 2584 5125 aliquo
2616 5058 2912 5125 circatore,
2941 5061 3034 5132 qui
3058 5077 3208 5117 seor-

1617 5155 1735 5197 sum
1766 5143 1973 5214 ingredi
2000 5144 2187 5215 jussus
2222 5145 2420 5215 fuerit,
2454 5157 2581 5206 tunc
2619 5151 2746 5220 quia
2798 5152 2927 5208 item
2967 5153 3206 5222 suspicio

1620 5233 1673 5286 in
1699 5248 1822 5288 eum
1855 5250 1960 5289 non
1988 5236 2131 5302 erit,
2186 5251 2285 5308 per
2322 5240 2658 5309 superiorem
2688 5242 2896 5296 aditum
2930 5242 3201 5308 introibit,

1616 5324 1857 5396 alioquin
1883 5328 1929 5383 si
1965 5336 2089 5386 tunc
2117 5331 2382 5399 intraret,
2405 5333 2597 5402 vellet,
2622 5334 2821 5401 nollet,
2878 5337 2945 5392 ad
2976 5335 3202 5407 gradum

1616 5418 1737 5474 iret.

2146 5536 2376 5597 CAPUT
2413 5537 2655 5594 XXXIV.

1934 5626 2210 5692 Quomodo
2232 5644 2287 5682 se
2307 5628 2493 5683 habeat
2533 5629 2676 5700 infra
2700 5634 2880 5687 horas.

1680 5734 1794 5790 inn.
1844 5722 1981 5790 var.)
2011 5721 2091 5775 Ad
2114 5719 2352 5777 Gloriam
2376 5723 2709 5795 singulorum
2737 5727 3063 5797 psalmorum
3106 5722 3201 5797 qni

1611 5818 1737 5867 sunt
1787 5811 1842 5868 in
1887 5811 2234 5884 regularibus
2290 5813 2443 5873 horis
2488 5823 2599 5873 tam
2647 5826 2840 5899 nocte,
2883 5831 3048 5891 quam
3072 5815 3198 5888 die,
