3890 6314
586 326 691 389 967
1699 320 1756 376 S.
1795 322 1835 378 (ἰ
1848 319 2169 378 UILLELMI
2190 317 2500 375 .ABBATIS
2536 314 2873 379 HIRSAUG.
3743 327 3825 379 99;:

567 460 780 505 manus
800 458 908 500 ηοη
947 449 1095 499 tenet
1141 435 1339 508 aliquis
1391 437 1446 493 in
1504 430 1655 501 sinu,
1696 433 1795 488 sed
1850 433 1903 488 in
1935 434 2181 488 manicas
2208 435 2254 494 Α
2284 430 2601 503 priusquam
2658 428 2794 485 ortlo
2831 427 3111 485 seniorum
3158 428 3484 500 prteteribit.
3536 430 3646 487 [ioc
3682 448 3825 493 alin-

584 536 786 602 mittit,
817 550 1021 606 easque
1053 532 1419 604 constringit,
1450 543 1518 584 ne
1547 527 1688 582 inter
1710 525 2085 582 inclinandum
2112 526 2180 580 ad
2266 525 2541 597 praividet
2562 568 2575 585 .
2604 537 2679 578 ne
2694 523 2847 593 juxta
2872 524 3165 579 introitum
3193 523 3418 593 capituli
3450 568 3463 589 ,
3515 538 3639 583 tunc
3668 530 3827 586 {mm

583 641 789 686 terram
812 628 1151 699 pertingant.
1186 640 1306 697 quae
1334 619 1618 678 inclinatio
1649 617 1736 674 illa
1760 617 1990 672 multum
2019 616 2181 672 debet
2283 619 2661 690 inconspectu
2688 620 2929 675 omnium
2950 620 3144 678 stando
3165 625 3247 679 sui
3278 625 3586 696 ingressum
3613 640 3823 697 espccta,

570 724 706 778 esse
753 721 1059 785 submissa;
1119 732 1225 773 nec
1276 716 1412 772 adeo
1460 713 1527 768 ad
1579 711 1739 767 aliam
1784 710 2177 782 psalmodiam,
2282 712 2376 768 sed
2426 724 2707 768 accessum
2753 726 2909 768 suam
2963 714 3039 770 ita
3094 723 3399 786 temperet,
3457 727 3517 773 ut
3556 736 3821 785 moneam

585 831 710 869 nam
740 813 826 868 illa
855 812 1019 866 nimis
1065 808 1420 865 mediocriter
1458 805 1671 875 agitur.
1722 803 1776 858 in
1831 810 2043 857 tantum
2068 840 2084 867 ,
2119 809 2181 855 ut
2280 806 2610 871 accesserit,
2641 808 3029 863 convenienter
3066 809 3297 865 introire
3320 812 3518 867 valeat.

585 914 808 976 propter
830 903 965 957 hanc
986 913 1186 956 manus
1210 900 1264 955 in
1294 897 1539 953 manicas
1573 896 1638 949 ad
1661 895 2038 965 stringendum
2071 908 2179 952 non
2352 893 2459 951 Sed
2484 906 2543 951 et
2561 894 2847 951 sciendmn
2872 905 2988 964 est,
3023 900 3164 968 quod
3195 901 3240 955 si
3278 902 3483 973 aliquis
3522 914 3823 976 posteaquam

586 993 930 1050 mittantur.“
950 993 1028 1046 Ad
1047 992 1189 1047 illam
1208 990 1554 1061 prolixiorem
1568 987 1899 1058 psalmorum
1914 984 2177 1054 Gloriam,
2280 997 2578 1045 conventus
2605 988 2669 1042 ad
2698 997 2946 1045 sanctam
2977 990 3204 1046 Mariam
3229 995 3547 1059 intraverit,
3586 997 3707 1050 infra
3738 1016 3825 1051 ma-

586 1102 709 1156 qnae
737 1085 994 1154 prmdicta
1027 1096 1107 1139 est
1125 1126 1141 1151 ,
1194 1084 1568 1152 unusquisque
1603 1090 1861 1136 accurate
1888 1081 2176 1149 observat,
2282 1085 2516 1140 tutinnm
2539 1085 2604 1141 de
2624 1087 2878 1143 omnibus
2902 1087 3107 1143 sanctis
3133 1090 3551 1157 supervenerit,
3587 1092 3630 1143 si
3658 1099 3824 1159 tangi

587 1179 725 1233 utin
754 1177 860 1231 line
876 1177 1025 1232 verbi
1057 1176 1253 1231 Sancto
1275 1189 1335 1231 se
1358 1189 1479 1230 cum
1505 1172 1627 1229 aliis
1664 1174 1859 1246 erigat.
2280 1188 2365 1236 est
2398 1180 2787 1249 procumliendi
2833 1196 3014 1252 usque
3055 1180 3123 1235 ad
3182 1181 3347 1236 linem
3390 1180 3589 1252 psalmi
3632 1181 3823 1237 [eam

664 1269 809 1341 (om)
844 1268 998 1336 Quod
1027 1269 1072 1323 si
1113 1270 1308 1324 sedere
1335 1268 1567 1323 voluerit
1602 1268 1745 1323 inter
1784 1268 2136 1338 psaltmdiam
2161 1309 2177 1334 ,
2280 1270 2593 1337 Dominum,
2620 1272 2834 1329 veniam
2867 1273 3050 1329 facere
3071 1274 3266 1340 debet,
3294 1277 3391 1329 sed
3417 1291 3525 1329 non
3549 1287 3739 1345 postea.
3770 1275 3821 1329 [ι

585 1364 840 1419 observat
867 1378 936 1419 ne
965 1364 1146 1419 sedeat
1174 1362 1327 1431 juxta
1362 1361 1526 1417 alium
1583 1362 1896 1427 sedentem;
1944 1362 2036 1417 sed
2067 1361 2175 1429 ita,
2280 1373 2462 1420 autem
2499 1366 2564 1419 ad
2597 1377 2895 1422 nocturnos
2924 1367 3175 1423 redeam:
3225 1369 3318 1438 qui
3371 1367 3510 1422 infra
3547 1370 3759 1440 psalmos
3777 1378 3822 1421 ιιι

584 1460 644 1505 ιιι
671 1467 810 1509 unus
845 1462 955 1508 stct
993 1463 1048 1508 et
1093 1452 1231 1507 alter
1276 1453 1487 1515 sedeat,
1538 1462 1593 1508 et
1639 1452 1871 1507 invicem
1922 1452 2180 1509 exhibere
2281 1457 2658 1513 dertnitorium
2692 1458 2878 1524 vadit,
2928 1460 2971 1515 si
3011 1468 3093 1515 est
3132 1459 3427 1527 litteratus,
3453 1462 3601 1516 inter
3624 1464 3823 1517 eumdem

585 1544 784 1600 debent
805 1544 1152 1600 occasionem
1184 1546 1475 1600 sedendi.‘
1504 1545 1584 1599 Ad
1622 1552 1917 1601 nocturnos
1961 1544 2178 1615 quidem
2283 1551 2518 1606 recitare
2542 1552 2761 1607 eosdem
2792 1567 2899 1607 non
2926 1551 3147 1623 negligit
3172 1571 3188 1618 ;
3216 1553 3261 1607 si
3289 1552 3625 1617 illitteratus,
3656 1555 3823 1609 intem

576 1636 640 1690 in
668 1638 895 1692 duorum
923 1637 1255 1708 psalmorum
1303 1638 1519 1707 spatio;
1581 1638 1648 1691 ad
1697 1636 2021 1693 matutinum
2052 1653 2180 1694 vero
2282 1652 2363 1699 tot
2394 1641 2557 1697 Pater
2600 1652 2778 1699 noster
2817 1653 3032 1711 cantat,
3075 1654 3208 1716 quot
3254 1645 3493 1717 psalmos
3538 1661 3606 1701 eo
3648 1648 3825 1700 elisam

585 1741 804 1797 acquum
843 1725 964 1781 illos
988 1726 1229 1796 quinque
1255 1726 1494 1796 psalmos
1518 1726 1833 1789 dividendo,
1866 1727 2007 1782 sicut
2032 1736 2086 1782 et
2112 1729 2178 1781 ad
2213 1789 2254 1807 ἢ
2283 1746 2581 1792 conventus
2611 1736 2807 1807 ρεςιυῑι,

580 1789 810 1874 cui-teras
831 1818 980 1873 vices
1002 1789 1054 1872 et
1078 1789 1270 1883 lio-ras;
1290 1826 1451 1886 prout
1477 1826 1603 1871 tunc
1626 1826 1942 1887 competens
1966 1816 2181 1872 VidelUI‘
2213 1789 2256 1849 Β
2405 1789 2408 1790 ν
2559 1789 2576 1792 ὴ
2612 1789 2625 1807 Ι
2833 1826 3063 1884 CAPUT
3100 1826 3321 1883 xxxv-

582 1911 804 1965 setlcndi
835 1910 1176 1966 vicissitudo.
1229 1909 1335 1966 Sed
1371 1910 1651 1965 sciendum
1684 1910 1827 1979 quod
1862 1911 1927 1964 ad
1960 1910 2180 1965 matuti-
2714 1914 2988 1984 Quomodo
3028 1918 3198 1987 frater
3243 1921 3441 1973 sedent.

577 2020 712 2059 num
766 2002 906 2057 infra
956 2001 1224 2073 psalmum
1284 2001 1425 2056 Deus
1484 2003 1825 2068 misereatur,
1898 2016 2073 2073 neque
2126 2003 2180 2057 in
2351 2010 2629 2082 (nomen)
2672 2009 2995 2082 Ubicunque
3031 2011 3198 2067 frater
3226 2011 3403 2073 sedet,
3444 2026 3704 2081 nunquam
3747 2028 3841 2065 nu-

587 2098 785 2151 minori
811 2097 1011 2162 choro,
1057 2103 1413 2163 nequcextra
1435 2093 1502 2147 ad
1529 2092 1645 2162 ejus
1668 2091 1966 2164 parietem,
2005 2109 2183 2164 neque
2274 2098 2451 2155 nicas
2476 2101 2715 2157 dimittat
2751 2101 2827 2156 ita
2874 2102 3215 2174 negligenter
3256 2104 3327 2158 ad
3367 2113 3556 2159 terram
3600 2108 3841 2173 pendete.

586 2190 643 2243 in
676 2188 902 2242 minoris
933 2185 1086 2242 chori
1116 2183 1441 2241 occidentali
1469 2184 1609 2239 linea
1648 2200 1677 2237 a
1711 2197 1985 2254 quoquam
2027 2186 2182 2242 sede-
2282 2187 2377 2245 sed
2409 2188 2453 2245 si
2482 2205 2674 2247 manus
2703 2199 2830 2246 sunt
2855 2192 2993 2247 infra
3018 2191 3220 2257 sinum,
3263 2196 3489 2249 manica:
3509 2204 3657 2249 extra
3685 2194 3841 2249 sinuin

586 2290 705 2347 tur,
737 2281 1056 2350 priusquam
1100 2292 1336 2348 sequens
1376 2277 1620 2347 psalmus
1665 2276 1957 2347 incipitur,
2006 2291 2182 2349 neque
2276 2282 2337 2335 in
2372 2288 2741 2337 transversum
2773 2282 2884 2337 sint
2917 2282 3177 2339 collectas.
3240 2283 3299 2339 Si
3351 2296 3576 2355 propter
3619 2283 3754 2338 aliud
3790 2285 3841 2337 de

580 2373 659 2426 ab
701 2371 885 2442 aliquo
938 2383 1161 2441 prorsus
1210 2368 1278 2424 ab
1328 2368 1555 2423 ecclesia
1611 2368 1809 2423 exitur.
1864 2366 2179 2437 llujusmodi
2272 2373 2451 2428 choro
2479 2379 2586 2427 tam
2617 2372 2795 2445 longe,
2825 2381 2889 2429 ut
2916 2375 3209 2430 conventui
3234 2376 3435 2430 absens
3474 2375 3647 2437 fieret,
3678 2375 3841 2443 exigit,

586 2476 771 2525 autem
807 2462 1123 2521 interscissa
1172 2460 1345 2517 sessio
1397 2460 1625 2514 fratrum
1677 2476 1708 2515 a
1760 2459 2071 2517 senioribus
2100 2469 2183 2515 est
2274 2465 2366 2519 {vei
2422 2465 2469 2520 si
2510 2473 2697 2535 postea
2748 2467 2917 2532 venit,
2962 2481 3126 2539 quam
3174 2467 3309 2524 hora
3351 2478 3435 2524 est
3474 2469 3840 2530 indicatam-1

584 2555 1040 2610 incltoandamox
1076 2554 1131 2607 in
1163 2554 1281 2624 ipso
1306 2552 1604 2623 primordio
1643 2562 2054 2608 nocturnorum.
2098 2553 2181 2607 Ad
2278 2550 2431 2610 aliud
2485 2554 2744 2623 ollicium,
2797 2556 2950 2627 prius
2994 2556 3063 2612 ad
3111 2557 3284 2612 altare
3319 2558 3563 2622 int-linat,
3602 2574 3755 2628 quam
3790 2558 3841 2609 ad

581 2646 823 2709 formam
847 2645 915 2700 de
944 2645 1185 2716 pariete,
1221 2659 1385 2699 causa
1409 2642 1761 2708 interstundi,
1788 2643 1970 2698 nullus
1996 2642 2082 2699 vel
2111 2644 2177 2697 ad
2278 2647 2460 2703 locum
2491 2647 2742 2703 divertat.
2780 2646 2910 2704 Illuc
2948 2662 3078 2703 vero
3112 2651 3437 2719 perveniens
3479 2652 3526 2706 si
3572 2651 3659 2705 alii
3700 2666 3841 2717 neque

582 2740 748 2795 breve
779 2748 1111 2794 momentum
1135 2736 1443 2802 descendit;
1475 2736 1569 2791 sed
1596 2751 1693 2806 pro
1716 2736 1906 2791 eadem
1936 2750 2096 2791 causa
2114 2736 2182 2790 ad
2283 2742 2352 2795 ad
2383 2738 2557 2794 altare
2601 2748 2728 2794 sunt
2765 2740 2929 2807 versi,
2974 2753 3148 2811 neque
3203 2743 3397 2798 sedent
3442 2752 3548 2797 tam
3590 2746 3845 2798 suntmiss-

578 2834 850 2904 rparietem
879 2834 1077 2904 aliquis
1106 2845 1259 2888 stans
1285 2840 1341 2888 et
1373 2831 1428 2887 in
1457 2842 1711 2903 quartum
1749 2833 1920 2889 sedile
1954 2834 2179 2890 secedit.
2284 2844 2447 2901 quam
2474 2838 2530 2884 et
2562 2844 2758 2900 nuper,
2785 2840 2977 2887 contra
3002 2831 3172 2888 altare
3204 2834 3257 2889 in
3301 2834 3498 2890 facian
3525 2850 3673 2890 suam
3722 2834 3847 2889 indi-

586 2926 817 2981 Econtra
840 2925 907 2981 ad
924 2926 1185 2995 parietem
1202 2924 1269 2979 de
1288 2924 2181 2991 forma,sivelitteratus,siveillit-
2288 2932 2406 2989 nat,
2455 2935 2758 2994 omnesque
2794 2923 3059 2982 similiter
3107 2924 3397 2991 inclinant,
3444 2930 3685 2982 manibus
3734 2930 3849 2981 inter

584 3028 820 3085 teratus,
852 3031 964 3074 tam
989 3020 1055 3075 de
1084 3016 1479 3087 superioribus,
1515 3032 1676 3086 quam
1711 3015 2063 3071 inferioribus
2086 3030 2185 3086 pro
2288 3014 2532 3070 manicas
2572 3015 2781 3081 missis;
2831 3030 2939 3072 non
2975 3025 3155 3073 tamen
3187 3018 3262 3073 ita
3284 3016 3395 3075 alte
3420 3020 3563 3075 sicut
3589 3021 3693 3081 ille,
3724 3020 3848 3074 iud.

550 3168 551 3173 η
586 3113 687 3168 hac
719 3128 882 3168 causa
906 3112 1165 3167 secedere
1187 3119 1401 3180 potest,
1436 3107 1536 3163 nisi
1569 3108 1658 3178 qui
1691 3108 1881 3179 majori
1923 3107 2185 3164 custodite
2211 3143 2256 3204 Ο
2289 3113 2441 3159 nant.
2482 3103 2683 3160 Contra
2727 3104 2903 3175 majus
2946 3106 3120 3163 altare
3162 3125 3443 3180 nunquam
3490 3110 3727 3175 inclinat,
3766 3112 3845 3163 nisi

586 3205 878 3275 deputatus
936 3211 1045 3259 est.
1096 3202 1189 3257 llle
1240 3209 1450 3254 tantum
1500 3199 1614 3255 suis
1659 3198 2089 3266 collateralibus,
2137 3200 2180 3255 si
2223 3198 2256 3204 ”
2288 3198 2539 3255 manibus
2569 3200 2622 3253 in
2654 3200 2897 3256 manicas
2926 3202 3130 3267 missis,
3166 3210 3223 3257 et
3248 3204 3431 3274 capite
3452 3219 3613 3274 quam
3642 3207 3843 3259 maxime

585 3302 768 3350 tamen
793 3294 970 3350 eidem
987 3291 1462 3349 cusmdiaeneuter
1488 3305 1678 3345 eorum
1701 3300 1787 3347 est
1814 3290 2177 3359 mancipatus,
2284 3289 2689 3354 convenienter,
2734 3298 2916 3345 tamen
2952 3291 3213 3355 demisso,
3251 3295 3395 3349 sicut
3418 3305 3476 3349 et
3509 3295 3580 3349 ad
3614 3310 3843 3349 crucem:

589 3390 645 3445 in
675 3390 774 3445 hac
805 3405 862 3445 re
888 3401 1212 3445 succurrere
1238 3389 1408 3452 valet,
1443 3386 1586 3442 sicut
1613 3384 1758 3440 et'ad
1786 3386 1987 3440 missas
2015 3393 2073 3439 ct
2111 3384 2182 3439 ad
2284 3391 2477 3437 contra
2520 3380 2625 3435 alia
2667 3380 2859 3435 altaria
2888 3390 2945 3436 et
2970 3391 3160 3436 cmitra
3192 3385 3515 3439 cmeilisum
3554 3384 3609 3439 in
3641 3384 3847 3454 capitnio

586 3484 653 3539 S.‘
708 3480 957 3539 Mariam.
998 3479 1099 3537 llic
1146 3496 1270 3537 cum
1306 3495 1402 3544 eo,
1450 3478 1543 3548 qui
1588 3477 1655 3532 ad
1707 3476 1975 3548 parietem
2036 3483 2181 3542 stat,
2284 3473 2635 3530 moderatius.
2680 3471 2895 3528 Lectori
2922 3475 3163 3544 agradu,
3194 3475 3284 3530 ubi
3311 3476 3441 3531 facit
3471 3484 3599 3531 ante
3640 3488 3693 3530 et
3729 3486 3847 3529 retro

586 3575 774 3629 {acere
803 3573 968 3639 solet;
1002 3566 1128 3627 nam
1157 3583 1285 3628 ιιιης
1308 3572 1425 3641 ejus
1452 3570 1739 3639 adjunctus
1761 3579 1875 3635 est;
1922 3569 1967 3624 si
2006 3568 2184 3625 adhuc
2285 3566 2574 3621 sutnmisse
2600 3568 2748 3622 eunti
2776 3568 2845 3622 ad
2871 3566 3178 3634 lectionem,
3212 3582 3277 3621 ac
3305 3568 3551 3624 redeunti
3573 3568 3757 3623 sedens
3776 3583 3845 3621 rs—

586 3674 698 3720 ίςιηι
750 3665 858 3721 aue
901 3665 1150 3721 ordinem
1193 3667 1375 3721 habet.
1411 3664 1492 3721 Ad
1529 3665 1664 3719 anas
1700 3678 1831 3719 vero
1874 3664 2022 3719 vices
2074 3679 2181 3719 ηοη
2288 3665 2539 3711 verenter
2564 3655 2807 3712 inclinat.
2848 3658 2864 3676 ‘
2894 3655 3154 3726 Reliquas
3181 3658 3561 3715 inclinationes
3584 3658 3849 3728 anusque.

587 3755 715 3812 illuc
752 3758 991 3824 accedit,
1027 3759 1128 3812 etsi
1156 3759 1338 3826 paries
1362 3746 1429 3814 es
1460 3758 1637 3828 aiiqua
1672 3766 1825 3828 parte
1850 3773 2057 3813 vacuus
2086 3757 2180 3813 sit.
2284 3769 2390 3824 que
2417 3754 2535 3808 visu
2566 3753 2744 3823 potius
2781 3768 2942 3823 quam
2985 3755 3170 3809 auditu
3221 3755 3485 3811 addiscet.
3539 3753 3597 3810 Si
3624 3753 3845 3810 Psalmos

589 3847 778 3903 Nullus
804 3864 992 3905 eorum
1021 3892 1035 3916 ,
1067 3852 1158 3919 qui
1191 3852 1257 3905 ad
1288 3851 1495 3905 formas
1517 3861 1695 3915 stant,
1729 3851 1810 3906 vel
1842 3863 1994 3907 extra
2018 3893 2033 3918 ,
2066 3852 2182 3909 sive
2282 3850 2519 3915 noverit,
2567 3858 2621 3903 ct
2656 3850 2702 3904 si
2726 3851 2786 3905 in
2818 3850 3000 3919 aliquo
3031 3862 3190 3902 versu
3235 3848 3527 3913 erraverit,
3574 3861 3699 3902 mox
3744 3858 3845 3899 ast:

590 3939 891 4007 litteratus,
919 3940 1032 3995 sive
1061 3955 1194 4006 non,
1226 3941 1719 4012 aliquando‘causa,
1745 3945 2082 4001 sustentandi
2113 3947 2182 4001 ad
2287 3938 2446 3994 ﬁnem
2474 3955 2683 4004 versus,
2757 3953 2814 3996 et
2851 3941 3065 4010 qtmlies
3109 3940 3163 3993 in
3214 3954 3281 3994 eo
3330 3937 3635 4003 Oﬂemleﬁi.
3681 3938 3843 3993 eodem

587 4032 815 4104 parietis
844 4048 1072 4089 vacuum
1124 4034 1295 4089 sedile
1332 4034 1563 4089 accedit.
1610 4035 1713 4103 Qui
1764 4036 1818 4091 in
1875 4052 1974 4092 usu
2017 4038 2123 4093 halt

2306 4029 2449 4084 nodo
2501 4038 2629 4085 ante
2673 4044 2733 4086 se
2786 4032 2998 4084 veniam
3039 4030 3192 4099 petit,
3230 4044 3341 4099 quo
3363 4029 3618 4099 superius
3635 4028 3760 4091 dixi,
3791 4028 3842 4079 ad

589 4127 735 4182 inter
756 4125 1074 4181 nocturnale
1096 4124 1329 4182 oﬂicium
1356 4142 1462 4182 uno
1480 4128 1672 4183 eodem
1689 4168 1705 4193 ,
1734 4143 1977 4200 congruo
2000 4139 2125 4186 tamt

2304 4120 2510 4190 gradum
2541 4133 2666 4176 esse
2691 4121 2974 4192 petendam
3022 4135 3121 4190 pro
3161 4121 3489 4176 occursione
3533 4119 3765 4176 ludicri.
3798 4118 3840 4171 Si

589 4229 835 4291 tempore
885 4220 951 4275 ad
1004 4221 1382 4277 dormitorium
1434 4220 1618 4286 exire,
1681 4232 1904 4292 propter
1931 4223 2033 4279 hoc
2073 4240 2125 4280 ιι(

2306 4220 2465 4267 tutem
2497 4213 2551 4266 in
2578 4211 2784 4268 Neurus
2812 4212 2928 4283 (93)
2969 4212 3054 4268 vel
3087 4213 3143 4267 in
3183 4211 3420 4268 Psalmis
3447 4212 3669 4278 fallitur,
3694 4213 3737 4267 si
3762 4212 3842 4264 An»

569 4313 1039 4385 reprehenditur;
1077 4314 1218 4370 sicut
1244 4327 1346 4369 nec
1376 4313 1498 4380 ille,
1544 4314 1637 4384 qui
1688 4314 1769 4369 bis
1811 4315 1892 4369 vel
1942 4325 2021 4370 ter
2056 4316 2183 4372 illuc
2285 4304 2563 4374 ιεριιοηαηι
2624 4314 2719 4360 aut
2770 4305 3173 4377 responsorium
3226 4306 3582 4376 pronuntiare
3632 4306 3841 4376 vestiri.

572 4406 769 4472 vadit;
792 4410 837 4460 si
868 4415 1046 4461 tamen
1068 4404 1488 4475 ejnsinﬁrmilas
1508 4407 1697 4463 scitur.
1728 4408 1822 4463 Hm
1840 4420 1965 4463 sunt
1996 4419 2108 4464 autt

2304 4405 2505 4466 propter
2538 4396 2640 4451 hoc
2681 4396 2895 4450 veniam
2950 4397 3104 4467 petit.
3162 4394 3280 4453 Non
3344 4396 3519 4452 solum
3576 4408 3746 4452 autem
3788 4394 3840 4446 ad

588 4496 764 4560 vices,
824 4499 877 4552 in
911 4499 1104 4569 quibus
1132 4498 1256 4554 illuc
1286 4499 1367 4555 ire
1396 4510 1481 4555 est
1531 4499 1925 4571 incongruum,
1974 4511 2027 4555 et
2057 4501 2124 4555 id:

2302 4489 2563 4559 'egulares
2602 4489 2795 4554 horas,
2840 4489 2934 4544 sed
2973 4489 3136 4545 etiam
3187 4489 3256 4543 ad
3309 4490 3593 4560 quodlibet
3636 4490 3838 4544 tam

588 4603 659 4643 ne
688 4597 887 4658 prteter
914 4604 1164 4661 magnam
1196 4591 1573 4645 necessitatem
1601 4593 1700 4647 hoc
1728 4593 1852 4659 fiat,
1883 4603 1963 4647 est
1987 4605 2124 4663 proel

2302 4580 2542 4648 )ﬂiciutn,
2583 4581 2727 4651 quod
2755 4580 3019 4652 agiturin
3059 4580 3322 4648 oratorio,
3367 4582 3503 4651 petit
3546 4583 3763 4639 veniam.
3804 4576 3838 4631 si

576 4678 847 4743 randum,
890 4679 1096 4734 scilicet
1125 4678 1267 4734 infra
1292 4681 1551 4751 hymnum
1600 4692 1656 4737 et
1698 4681 1986 4737 lectionem
2034 4684 2112 4738 inf

1257 4681 1551 4751 tltyntnutn
1600 4692 1656 4737 ct
1698 4681 1986 4737 lectionem
2034 4684 2176 4740 infra
2283 4672 2489 4729 famul"
2521 4675 2574 4728 Ῐη
2609 4675 2793 4730 verbo-

589 4765 664 4821 Te
704 4766 869 4821 Deum
892 4768 1174 4823 laudamus
1193 4810 1207 4835 ,
1233 4779 1354 4840 post
1380 4785 1597 4841 quoque
1624 4770 1935 4825 Benedictus
1959 4781 2014 4827 ct
2046 4788 2171 4844 pre-
2825 4784 3056 4843 CAPUT
3100 4784 3342 4841 XXXVI.

586 4874 700 4913 ccs.
735 4857 841 4913 Sed
865 4859 1249 4942 ct’quicunque
1269 4870 1398 4915 ante
1423 4860 1700 4931 quodlibet
1733 4862 1927 4916 horum
1962 4863 2122 4918 officit

2304 4878 2563 4947 Quomodo
2610 4879 2867 4932 («lernam
2923 4879 3150 4948 ligneam
3200 4878 3272 4931 ad
3322 4887 3609 4932 nocturnes
3654 4879 3840 4931 cirru-

587 4965 707 5006 rum
732 4949 797 5005 de
822 4950 990 5007 choro
1012 4951 1226 5021 exibat},
1260 4952 1327 5005 ad
1357 4952 1458 5007 hoc
1500 4952 1550 5005 in
1591 4959 1833 5022 tempore
1872 4954 2047 5009 redire
2074 4994 2089 5020 ,
2132 4957 2177 5010 si
2880 4950 3016 5019 ferre
3053 4952 3256 5005 debeat.

584 5040 768 5113 aliquo
791 5042 949 5097 modo
971 5042 1165 5108 valet,
1185 5039 1438 5107 festinat;
1484 5042 1626 5097 sicut
1674 5054 1730 5097 et
1766 5042 1834 5096 ad
1867 5044 2176 5111 processio-
2354 5056 2467 5111 tuo.
2492 5042 2626 5113 var.)
2652 5040 3015 5108 Quodsiinfra
3045 5041 3149 5097 lect
3170 5041 3471 5109 iones,ille,
3498 5044 3593 5111 qui
3616 5041 3841 5096 laterum

588 5151 745 5203 nem,
800 5150 920 5206 qua:
946 5143 1068 5205 post
1109 5135 1436 5190 matutinum
1470 5135 1770 5207 aliquando
1819 5135 2009 5193 festive
2056 5154 2178 5193 cum
2280 5136 2536 5206 ligneam,
2585 5151 2746 5206 quam
2789 5135 3312 5192 consuetudinaliter
3336 5138 3674 5192 Abscousam
3702 5134 3843 5189 uomi-

586 5231 934 5303 rcsponsorio
982 5230 1205 5303 agitur:
1254 5244 1380 5283 nam
1439 5230 1483 5285 si
1511 5229 1596 5285 bis
1643 5229 1698 5285 in
1739 5230 2074 5286 hebdomade
2107 5230 2174 5302 (si
2285 5245 2497 5295 namus,
2527 5228 2860 5293 circumfert,
2892 5230 2959 5284 ad
2983 5245 3106 5283 cum
3143 5234 3351 5293 venire,
3396 5236 3463 5284 et
3506 5243 3707 5298 putans
3748 5240 3843 5279 cu

586 5332 769 5381 tamen
802 5324 1134 5396 intermisso)
1169 5337 1274 5378 non
1307 5322 1469 5377 fuerit
1501 5322 1569 5377 ad
1618 5321 1799 5387 illaut,
1844 5339 1965 5394 qua:
2014 5324 2074 5377 fit
2124 5324 2175 5379 in
2284 5323 2525 5379 dormire
2566 5322 2745 5377 lumen
2783 5331 2971 5377 contra
3007 5320 3203 5376 faciem
3238 5321 3557 5386 intenderit,
3600 5322 3650 5376 si
3677 5318 3843 5389 vigilat

586 5417 812 5485 privatis
851 5417 1130 5483 noctibus,
1161 5431 1267 5471 non
1301 5424 1541 5470 notatur.
1596 5414 1742 5471 lntcr
1766 5429 1886 5486 quae
1940 5415 2103 5469 etiam
2132 5417 2177 5472 si
2286 5418 2483 5471 iterum
2515 5424 2826 5470 reverenter
2855 5413 3100 5469 inclinat.
3124 5415 3193 5467 At
3215 5414 3260 5467 si
3289 5414 3571 5477 dormivit,
3595 5424 3651 5468 et
3670 5413 3845 5466 ille!!!

590 5507 656 5561 de
678 5507 995 5566 dormitorio
1019 5509 1260 5575 venerit,
1304 5506 1358 5562 in
1391 5522 1494 5563 suo
1522 5506 1713 5563 ordine
1761 5508 2102 5578 adjungitur,
2133 5510 2178 5565 si
2286 5517 2415 5564 ante
2448 5523 2573 5564 eum
2616 5506 3001 5578 positafuerit,
3056 5506 3331 5562 excitatus
3361 5507 3433 5560 ab
3468 5522 3541 5562 eo
3590 5507 3686 5577 Qui
3722 5504 3845 5573 in!!!

588 5599 973 5679 convenienter
1031 5599 1261 5673 poterit;
1328 5600 1414 5654 sin
1473 5606 1686 5665 autem,
1722 5665 1733 5671 _
1771 5612 1881 5655 non
1934 5600 2177 5670 accedit,
2284 5616 2413 5658 eum
2466 5600 2653 5667 sedet,
2702 5599 2995 5672 perlustret
3046 5599 3291 5672 primum.
3326 5612 3581 5657 cumet
3634 5600 3845 5655 des!!!

592 5772 595 5775 ’
638 5738 776 5850 ’(95)
810 5765 1038 5849 Ncuma,
1060 5781 1346 5852 productio
1373 5762 1566 5838 cantus
1597 5781 1650 5837 in
1676 5779 1825 5837 finali
1855 5778 2401 5855 littera_antiplton:e.
