3890 6314
131 382 213 439 969

1088 432 1092 436 Α
1148 434 1160 441 ε
1205 361 1613 433 CONSTITUT.
1661 360 1990 421 musam}.
2019 393 2087 404 η-
2115 365 2244 423 LIB.
2285 370 2327 423 l.

3235 374 3337 430 970

128 505 335 565 chorum,
359 513 388 552 a
412 494 708 553 senioribus
736 491 951 562 quidem
998 486 1280 555 incipiens,
1321 494 1374 539 et
1410 484 1491 537 ita-
1529 492 1645 547 eos,
1676 480 1725 539 A
1752 490 1849 547 per
1870 478 2139 535 minorem
2167 484 2395 537 chorum
2441 484 2734 541 Conventui
2787 488 2940 558 quasi
2992 500 3334 557 oceurentes,

128 604 361 663 qmsupcr
387 588 602 659 gradum
631 585 684 639 in
702 585 889 638 dextra
909 587 1063 650 parte
1100 577 1249 632 chori
1297 584 1353 629 et
1396 587 1487 645 per
1535 588 1649 626 me-

126 684 242 739 diam
280 680 500 743 rediens,
541 676 591 730 id
631 673 805 729 estin
842 670 1034 726 medio
1062 665 1384 735 eorum‘qui
1404 667 1485 719 ad
1536 663 1650 717 for-

125 788 239 829 mam
259 768 363 840 ejus
386 768 531 824 cheri
552 764 610 823 et
636 766 711 821 ad
732 764 927 819 lineam
944 788 947 789 ν
964 760 1210 817 sedentes
1238 758 1302 812 ad
1330 771 1390 811 se
1417 756 1649 810 invicem

126 863 391 935 reSpiciunt,
414 856 519 914 'uno
547 854 795 923 transitu,
828 854 971 910 nunc
993 854 1100 919 bis,
1127 867 1273 906 nunc
1294 849 1397 904 illis
1423 848 1651 903 abScon-

122 972 213 1012 sam
237 950 568 1017 demonstrat,
596 954 651 1006 et
691 950 757 1004 eo
788 957 972 1003 tenore
992 945 1216 999 chorum
1265 942 1524 995 minorem
1568 939 1651 993 in-

124 1043 351 1117 grediens,
387 1052 440 1097 et
480 1042 534 1096 in
564 1038 740 1095 medio
785 1033 1139 1093 occidentalis
1163 1032 1319 1086 linea!
1364 1028 1645 1099 incipiens,

124 1139 323 1193 dextram
369 1134 482 1204 ejus
534 1140 763 1202 partem,
806 1128 1039 1198 mutique
1097 1140 1193 1181 eos
1237 1124 1327 1193 qui
1369 1122 1523 1193 juxta
1568 1122 1648 1175 in-

125 1224 299 1281 troitum
326 1223 561 1292 ejusdem
604 1229 747 1285 sunt,
779 1219 972 1274 deinde
988 1217 1271 1272 sinistram
1292 1220 1500 1283 partem
1525 1223 1648 1280 per-

119 1316 292 1381 lust-rat,
320 1314 604 1370 novissime
628 1299 903 1367 rededndo
929 1310 994 1363 ad
1017 1308 1301 1364 sinistrum
1319 1306 1546 1360 chorum
1580 1316 1647 1357 eo

119 1405 362 1476 peremnia
387 1403 597 1469 ordine,
621 1403 763 1457 sicut
790 1401 939 1471 prius
962 1400 1234 1463 dextrum,
1258 1395 1405 1450 nullo
1429 1395 1645 1452 interim

117 1502 424 1566 prfesumente
462 1494 616 1563 juxta
647 1498 705 1549 se
736 1491 962 1547 forsitan
1000 1490 1356 1545 dormientem
1385 1488 1643 1542 excitare.

118 1604 187 1643 Ub;
209 1588 255 1643 Si
284 1603 433 1658 quem
468 1586 668 1642 viderit
705 1584 1062 1646 obdormisse,
1120 1592 1247 1636 tunc
1294 1590 1482 1635 contra
1527 1579 1645 1647 ejus

116 1679 257 1734 oculos
284 1680 449 1734 lumen
489 1686 584 1734 ter‘
617 1676 847 1732 intendit
874 1689 889 1729 :
913 1675 962 1730 'si
995 1672 1300 1729 tertiasvice
1331 1686 1437 1726 non
1476 1666 1669 1741 evigI-I

116 1770 285 1835 laverit,
312 1768 455 1841 ponit
480 1778 607 1824 ante
631 1782 754 1824 eum
779 1767 1063 1831 laternam,
1097 1773 1156 1820 ut
1184 1765 1253 1818 ab
1284 1765 1401 1834 ipso
1429 1778 1647 1833 quoque

1753 569 2122 636 egrediuntur.
2180 572 2433 637 Econlra,
2482 576 2698 643 quando
2754 586 2874 645 post
2925 579 3218 649 capitulum
3267 581 3355 635 ad

1753 658 2011 727 majorem
2056 661 2338 717 ecclesiam
2372 664 2603 732 venitur,
2658 682 2847 723 omnes
2901 679 3056 724 extra
3109 673 3337 728 chorum

1752 758 2056 815 remanent,
2085 751 2175 819 qui
2208 762 2263 806 ct
2290 752 2360 808 ibi
2397 751 2571 809 locum
2601 755 2800 811 habent
2832 758 2898 812 ad
2939 761 3230 828 capitulum
3280 773 3336 817 et

1749 834 1874 907 post
1903 828 2349 912 completorium;
2383 844 2474 914 qui
2520 846 2718 902 fratres
2769 862 2799 902 a
2856 849 3150 917 majoribus
3200 852 3336 908 inci-

1749 929 1989 999 pientes,
2021 947 2117 1000 per
2149 935 2395 989 ordinem
2439 937 2505 993 de
2544 938 2711 993 choro
2757 941 3108 1010 egrediuntur
3153 945 3334 1000 cuncti

1748 1022 2091 1089 exteriores,
2130 1027 2347 1094 quando
2400 1027 2473 1083 ad
2532 1030 2825 1099 capitulum
2880 1035 3146 1102 pulsatur.
3206 1035 3337 1092 Post

1751 1114 2164 1184 completorium
2198 1133 2330 1174 vero
2369 1135 2515 1187 mox,
2549 1130 2607 1176 ut
2646 1133 2774 1178 ante
2813 1134 2869 1179 et
2932 1135 3077 1181 retro
3130 1128 3335 1198 agitur,

1750 1218 1848 1273 per
1904 1204 2170 1263 minorem
2232 1210 2459 1265 chorum
2531 1213 2789 1283 majorem
2863 1216 3225 1286 ingredientes
3278 1221 3339 1276 in

1746 1294 1938 1350 ordine
1962 1312 2061 1352 suo
2091 1298 2215 1354 inde
2242 1310 2472 1368 exeunt;
2500 1314 2729 1374 excepto
2759 1308 2902 1375 quod
2934 1317 3056 1377 post
3094 1310 3333 1381 complc-

1748 1387 1949 1445 torium
1975 1390 2386 1459 pblebotomati,
2410 1394 2565 1465 siqui
2594 1397 2733 1453 forte
2758 1400 2971 1469 adsunt,
3008 1415 3337 1460 conventum

1747 1477 2067 1541 dececlesia
2097 1485 2425 1552 praecedunt.
2473 1470 2544 1543 fit
2593 1498 2772 1545 autem
2809 1492 3012 1547 sciatur
3058 1495 3149 1565 qui
3202 1496 3335 1561 sint,

1746 1571 1941 1640 quibus
1978 1573 2031 1628 in
2069 1576 2256 1632 eodem
2301 1578 2470 1633 choro
2515 1596 2732 1637 manere
2773 1585 3123 1649 concedatur,
3158 1588 3210 1641 lii
3243 1590 3338 1658 qui

1746 1662 1887 1717 inter
1949 1664 2194 1721 literatus
2242 1668 2311 1721 ad
2358 1670 2629 1735 standum,
2668 1672 2752 1727 vel
2787 1675 2951 1728 etiam
2988 1676 3056 1730 ad
3112 1687 3338 1732 cantan-

1747 1753 1873 1810 dum
1902 1772 2005 1813 non
2035 1758 2168 1813 adeo
2194 1769 2320 1815 sunt
2346 1760 2543 1829 validi;
2574 1773 2633 1818 ut
2662 1763 2732 1818 ab
2772 1766 2853 1821 eis
2899 1768 2990 1822 alii
3040 1768 3096 1822 in
3144 1769 3338 1838 majori

114 1861 302 1916 excitato
321 1860 567 1915 similiter
593 1867 861 1930 portetur.
898 1857 955 1913 Si
981 1866 1159 1913 autem
1187 1857 1258 1911 ita
1286 1856 1642 1925 evigilaverit.
1677 1841 1721 1901 Β
1748 1845 1917 1903 ChorO
1958 1846 2171 1904 νὶιιοίδηι
2218 1850 2493 1921 Militari;
2529 1861 2586 1908 θι
2635 1862 2816 1910 tanien
2861 1858 2914 1912 in
2964 1869 3234 1915 conventu
3282 1862 3337 1915 in

114 1961 339 2009 utcontra
374 1954 518 2008 illum
553 1953 794 2020 inclinet,
830 1960 1117 2021 antequam
1155 1965 1213 2005 se
1250 1950 1527 2015 averterit,
1575 1950 1645 2004 ab

115 2045 201 2114 ipSO
222 2046 491 2101 auferenda
527 2054 634 2111 est,
673 2045 763 2111 qui
791 2060 910 2100 eam
944 2043 1210 2114 apposuit.
1248 2041 1403 2109 Quod
1432 2043 1477 2097 si
1509 2043 1643 2096 tanti

115 2137 154 2189 in
189 2138 475 2195 dormienda
529 2138 731 2193 fuerint
782 2136 1137 2208 deprehensi,
1182 2136 1298 2190 haec
1342 2135 1646 2205 deportatio

112 2231 392 2300 protrahitur
420 2247 592 2304 usque
639 2232 705 2287 ad
738 2229 977 2286 Gloriam
1008 2228 1359 2300 responsorti,
1402 2230 1544 2298 quod
1589 2229 1643 2283 in

113 2334 406 2381 eonocturno
435 2335 517 2381 est
546 2324 818 2379 ultimum.
872 2321 929 2377 Si
968 2321 1113 2392 quis,
1154 2322 1247 2390 qui
1297 2320 1364 2375 ad
1406 2334 1644 2391 prasens

112 2409 250 2481 legere
270 2412 361 2469 vel.
372 2423 591 2469 cantare
614 2412 795 2478 debet,
824 2425 946 2468 cum
968 2426 1034 2466 ea
1062 2411 1430 2482 deprehensus
1457 2410 1640 2478 fuerit,

112 2503 324 2573 eri‘gilans
357 2504 428 2559 illi
462 2502 781 2573 bajulatori,
810 2502 875 2558 'si
923 2502 1098 2556 adhuc
1152 2509 1260 2556 tam
1308 2515 1480 2571 prope
1534 2509 1641 2565 est,

115 2610 290 2652 causam
316 2596 468 2652 oﬂieii
498 2597 584 2652 sui
629 2595 882 2659 insinuat,
932 2602 994 2649 ut
1033 2595 1351 2649 absconsum
1410 2592 1639 2647 auferat.

113 2686 277 2758 Sifvero
296 2688 461 2744 adhuc
483 2688 643 2752 abiit,
668 2680 901 2757 idipsum
931 2694 1037 2742 suo
1060 2685 1356 2741 collaterali
1388 2683 1638 2753 injnngit,

113 2788 150 2831 et
178 2779 237 2834 ita
261 2780 341 2835 ille
359 2781 529 2836 vicem
562 2779 726 2835 istius
758 2779 811 2833 in
842 2777 1226 2833 circumeundo
1252 2777 1397 2847 agit.
1419 2774 1558 2830 Nulli
1587 2775 1642 2829 in

113 2870 245 2926 reditu
285 2872 450 2929 denuo
499 2871 818 2942 porrigitur,
869 2871 970 2926 etsi
1010 2868 1289 2925 dormiens
1335 2876 1384 2923 a‘
1419 2876 1643 2938 praeter-

110 2970 237 3016 eunte
254 2962 570 3026 inveniatur,
609 2962 716 3016 nisi
751 2960 892 3016 infra
928 2961 1095 3030 juxta:
1122 2959 1331 3014 exitum
1359 2958 1535 3015 chori.
1579 2955 1637 3012 Si

109 3047 255 3120 ei,qui
291 3053 338 3107 in
368 3052 579 3122 majori
614 3050 857 3107 custodia
900 3059 1004 3115 est,
1063 3050 1238 3121 posita
1293 3050 1476 3113 fuerit,
1528 3049 1642 3118 ipse

110 3156 198 3196 cum
249 3158 305 3200 ea
353 3146 617 3217 majorem
671 3143 1011 3201 solummodo
1075 3144 1304 3199 chorum
1356 3158 1422 3197 eo
1479 3144 1639 3198 modo

1749 1938 1869 1994 aliis
1891 1939 2031 1995 locis
2058 1951 2284 2010 possunt
2310 1946 2530 2009 morari,
2590 1946 2643 2000 hi
2693 1948 2845 2003 tales,
2871 1960 3093 2019 propter
3125 1953 3340 2015 miseri—

1748 2029 1989 2085 cordiam
2027 2031 2079 2086 in
2111 2032 2373 2089 minorem
2397 2035 2621 2091 chorum
2654 2048 2782 2094 sunt
2804 2038 3066 2110 deputati.
3108 2042 3247 2097 Sunt
3282 2053 3339 2098 et

1748 2120 1837 2175 alii
1863 2136 1973 2191 prae
2003 2123 2171 2177 nimio
2196 2125 2472 2182 servitutis
2500 2128 2593 2183 Dei
2622 2129 2807 2185 labore
2831 2133 3103 2200 exhausti,
3137 2136 3337 2205 quibus

1746 2213 1912 2268 etiam
1964 2214 2018 2267 in
2065 2214 2255 2269 eodem
2292 2216 2462 2271 choro
2509 2220 2711 2275 tamdiu
2761 2236 3073 2291 repausare,
3129 2224 3215 2279 vel
3267 2229 3337 2280 ad

1746 2313 1993 2359 sanetam
2028 2303 2258 2360 Mariam
2306 2314 2417 2361 tam
2446 2306 2657 2364 diurnis
2680 2326 2841 2381 quam
2878 2314 3158 2368 nocturnis
3187 2315 3336 2370 horis

1746 2394 2031 2461 interesse,
2066 2406 2122 2452 et
2149 2406 2270 2466 post
2296 2401 2617 2455 matutinum
2663 2401 2954 2463 dormitum
2990 2404 3070 2459 ire
3107 2407 3337 2475 permit-

1749 2486 1907 2551 titur,
1934 2502 2215 2557 quousque
2244 2490 2448 2546 viribus
2484 2492 2727 2561 pristinis
2769 2493 3144 2551 restituantur.
3195 2496 3339 2551 Sunt

1746 2576 1921 2643 adhuc
1949 2577 2175 2634 forsitan
2202 2588 2256 2634 et
2284 2580 2397 2647 alii,
2431 2581 2521 2651 qui
2549 2580 2741 2650 majori
2775 2582 2961 2653 aliqua
3000 2583 3334 2651 inﬁrmitate,

1742 2670 1882 2724 sicut
1905 2678 1988 2724 est
2013 2672 2270 2742 podagra,
2299 2672 2675 2739 imbecilliores
2701 2684 2849 2743 sunt,
2876 2675 2958 2732 vel
2985 2679 3120 2732 adeo
3133 2677 3335 2743 claudi,

1745 2773 1804 2815 ut
1830 2761 2024 2818 baculo
2046 2778 2235 2820 carere
2273 2775 2564 2835 nequeant,
2604 2777 2656 2823 ct
2692 2777 2871 2824 tamen
2915 2769 3049 2826 alias
3096 2771 3218 2827 sani
3247 2771 3332 2828 in-

1747 2862 1957 2910 tersunt
2005 2858 2327 2922 conventui;
2370 2858 2508 2927 illis,
2542 2863 2668 2931 quia
2714 2864 3233 2919 consuetudinaliter
3278 2865 3335 2919 in

1744 2948 2017 3016 praedicto.
2047 2949 2214 3005 choro
2251 2965 2474 3009 manere
2514 2968 2621 3010 non
2662 2964 2904 3025 possunt,
2939 2957 3252 3012 conceditur
3279 2957 3337 3011 in
3383 2947 3386 2955 ’

1745 3037 2045 3095 inlirmaria
2080 3040 2165 3096 vel
2217 3042 2272 3097 in
2310 3043 2444 3099 cella
2470 3046 2794 3111 novitiorum
2822 3048 3082 3113 dormire,
3115 3049 3182 3103 ad
3207 3063 3336 3103 san-

1746 3137 1889 3183 etam
1918 3129 2142 3189 Mariam
2173 3132 2261 3188 die
2302 3145 2573 3206 noctuque
2604 3137 2750 3192 horis
2781 3138 3065 3205 interesse,
3104 3148 3336 3209 excepta

108 3232 215 3288 sicut
234 3202 553 3302 dictum'est,
597 3237 909 3308 perlustrat,
943 3246 998 3292 et
1025 3236 1075 3291 si
1120 3236 1390 3290 nemiuem
1426 3233 1500 3291 ibi
1549 3236 1644 3289 de-
1670 3202 1710 3260 C
1745 3222 1858 3291 “l3,
1920 3239 2084 3294 quam
2127 3225 2325 3281 inﬁrmi
2377 3239 2503 3283 διηίθ
2547 3232 2832 3298 Prandium
2877 3246 3035 3286 suum
3089 3232 3338 3303 ἰποκίηιθ

108 3324 417 3394 prehenderit,
457 3329 617 3398 juxta
665 3328 994 3398 analogium,
1053 3328 1195 3397 quod
1233 3336 1318 3381 est
1365 3327 1419 3381 in
1467 3327 1645 3383 medio

109 3415 256 3482 gradu,
301 3435 412 3476 eam
462 3423 638 3492 ponit.
690 3422 777 3477 lbi.
804 3422 986 3491 aliquo
1019 3434 1283 3475 converso
1311 3429 1551 3489 accepta,
1586 3429 1645 3476 et

109 3505 162 3560 ita
184 3512 383 3569 chorum
406 3515 843 3570 circumferentia
871 3513 1135 3568 aufertur.

572 3604 801 3659 CAPUT
843 3602 1108 3658 XXXVII.

172 3691 285 3759 Qui
306 3696 514 3751 debeant
539 3697 611 3751 in
643 3696 915 3751 interuallo
952 3696 1255 3749 absconsum
1292 3703 1520 3763 portare.

161 3783 195 3838 Δ
218 3790 472 3844 conversis
504 3798 714 3853 autem,
737 3790 827 3859 qui
852 3796 977 3844 sunt
1000 3797 1154 3842 extra
1177 3789 1425 3853 chorum,
1452 3787 1642 3856 primi-

110 3880 174 3927 tus
201 3886 440 3945 portatur,
474 3892 532 3937 et
583 3895 705 3935 non,
737 3894 837 3949 per
875 3879 1144 3945 ordinem,
1196 3879 1289 3933 sed
1334 3880 1643 3949 quicunque

110 3965 259 4022 melius
280 3978 466 4039 potest,
499 3972 665 4025 alium
695 3971 976 4040 anticipat.
1020 3969 1075 4024 Si
1110 3977 1290 4025 autem
1315 3972 1520 4038 portari
1547 3987 1643 4025 ne-

109 4058 720 4136 gligitur,biomnesrper
752 4067 854 4121 hoc
895 4064 1273 4119 inclamantur.
1333 4065 1390 4120 In
1438 4063 1642 4120 duode-

108 4150 187 4203 cim
216 4153 515 4213 lectionibus
536 4171 664 4211 mox
694 4156 762 4210 ad
791 4156 1003 4210 initium
1034 4155 1231 4219 tertize,
1276 4154 1544 4225 septimae,
1587 4166 1643 4210 et

109 4243 353 4302 undecimae
382 4248 634 4305 lectionis
663 4248 828 4302 choro
858 4247 1108 4301 infertur.
1154 4245 1211 4301 Si
1252 4261 1467 4315 novem,
1498 4247 1642 4302 sicut

108 4341 205 4387 ante
227 4335 432 4407 Pascha,
460 4340 529 4395 ad
559 4339 880 4406 secundam,
909 4338 1156 4409 quintam
1182 4346 1238 4392 et
1263 4328 1535 4392 octavam.
1582 4336 1641 4391 Si

108 4428 192 4479 tres
226 4428 423 4503 longe,
457 4432 529 4488 ad
577 4445 1035 4501 unamquamque.
1077 4429 1136 4485 Si
1184 4429 1398 4495 breves,
1445 4429 1515 4485 ad
1556 4445 1642 4485 se-

108 4516 312 4575 caudam.

569 4613 796 4670 CAPUT
841 4611 1128 4666 XXXVIII.

485 4706 566 4760 De
609 4706 720 4775 lege
758 4706 973 4760 minoris
1025 4704 1195 4759 chori.

158 4792 174 4813 ’
198 4793 315 4861 Quia
343 4799 518 4854 minor
545 4799 745 4854 chorus
797 4798 987 4867 majori
1033 4796 1259 4852 inferius
1310 4797 1382 4852 ita
1425 4806 1509 4852 est
1544 4799 1643 4853 ad-

102 4875 300 4953 iunctus,
342 4899 399 4945 nt
448 4891 667 4961 pervius
697 4890 770 4946 sit
817 4892 1047 4945 eundem
1098 4890 1357 4958 majorem
1413 4892 1641 4947 chorum

108 4969 505 5046 ingredientibus,
554 4996 660 5035 non
714 4979 888 5035 solum
938 4979 1005 5033 ad
1051 4988 1364 5047 nocturnos,
1391 4982 1485 5036 sed
1514 4997 1643 5051 quo-

107 5063 396 5139 tiescunque,
441 5081 670 5142 excepto
706 5082 828 5141 post
863 5070 1215 5127 refectionem
1249 5082 1303 5126 et
1349 5072 1640 5143 capitulum

106 5151 269 5215 fratres
295 5162 344 5218 in
369 5164 657 5220 ecclesiam
682 5163 925 5229 veniunt,
950 5163 1196 5218 seniores
1233 5166 1526 5235 cmterique
1572 5165 1641 5220 ad

106 5248 301 5308 Parietes
328 5254 379 5309 iu
411 5255 656 5311 inferiori
692 5263 848 5325 parte
890 5254 1115 5326 majoris
1169 5256 1319 5311 chori
1378 5258 1643 5313 stationes

104 5328 328 5398 habentes
344 5348 713 5415 perminorem
737 5349 961 5405 chorum
1002 5348 1230 5403 intrant.
1270 5346 1372 5403 Ubi
1406 5356 1463 5403 et
1491 5362 1641 5404 omni

108 5429 313 5498 tempore
338 5446 552 5503 exeunt,
583 5440 685 5495 nisi
709 5440 924 5510 quando
951 5455 1075 5494 cum
1105 5438 1228 5493 aliis
1257 5440 1324 5494 de
1350 5439 1514 5494 choro
1544 5455 1642 5508 per

104 5516 309 5578 ordinem
350 5531 624 5587 recedunt.
677 5533 754 5587 De
789 5532 1080 5590 refectorio
1117 5538 1318 5597 autem,
1362 5530 1641 5587 Conventu

104 5607 342 5684 redeunte,
364 5620 537 5677 nullus
568 5630 697 5679 ante
716 5625 965 5690 chorum,
1007 5623 1109 5677 nisi
1136 5622 1239 5692 'qui
1271 5621 1533 5690 sanguine
1560 5632 1643 5678 est

105 5697 326 5772 minutus,
354 5710 418 5763 de
452 5716 790 5782 processione
826 5715 1064 5780 divertit,
1094 5717 1188 5769 sed
1217 5727 1408 5768 omnes
1438 5714 1641 5782 pari'er

106 5784 207 5847 illuc
225 5795 604 5875 ingrediuntur,
638 5824 867 5879 moxque
892 5808 945 5863 hi
975 5808 1065 5879 qui
1090 5807 1241 5878 juxta
1272 5817 1416 5864 stare
1442 5807 1636 5877 solent,

238 5940 493 6005 PATRUL.
537 5946 657 6014 CL.

1744 3321 2003 3382 cantant;
2037 3315 2178 3371 hanc
2203 3318 2348 3372 enim
2386 3318 2486 3389 ipsi
2524 3321 2576 3374 in
2605 3320 2831 3375 ecclesia
2865 3322 3054 3391 majori
3085 3323 3333 3378 audiunt.

1742 3406 1930 3475 Itaque
1961 3408 2066 3473 his,
2097 3409 2314 3478 quibus,
2344 3419 2403 3463 ut
2427 3410 2628 3465 dictum
2658 3421 2764 3477 est,
2812 3413 2867 3467 in
2926 3414 3337 3470 minoriichoro

1742 3496 1892 3553 locus
1940 3496 2143 3570 jugiter
2196 3502 2532 3566 conceditur,
2583 3501 2821 3557 illiterati
2871 3519 2930 3559 se
2984 3518 3091 3558 non
3155 3505 3334 3559 intro-

1743 3593 1981 3657 mittunt,
2036 3592 2139 3647 nisi
2194 3593 2366 3649 locum
2396 3602 2678 3649 vacantem
2720 3595 2970 3661 viderint,
3011 3606 3066 3652 et
3096 3606 3224 3652 tunc
3258 3595 3333 3651 illi

1742 3684 2032 3754 praecipue,
2092 3683 2182 3753 qui
2232 3686 2504 3740 cantando
2545 3686 2677 3741 alios
2714 3686 3152 3759 valeantaliquid
3181 3691 3338 3761 adju-

1741 3789 1890 3831 vare.
1932 3774 2189 3831 Ecclesiae
2236 3787 2415 3831 tamen
2460 3780 2738 3847 portarins
2794 3777 2866 3834 ibi
2903 3779 3057 3849 juxta
3108 3785 3330 3849 ostium,

1742 3870 1884 3937 quod
1913 3868 2058 3923 foras
2086 3869 2327 3939 respicit,
2365 3869 2543 3925 locum
2596 3871 2778 3938 habet,
2809 3872 2922 3926 sive
2957 3875 3026 3927 sit
3066 3873 3333 3942 literatus,

1742 3957 1854 4012 sive
1878 3973 2003 4013 non.
2045 3959 2207 4029 Ergo,
2253 3960 2394 4015 sicut
2423 3961 2625 4015 dictum
2656 3972 2759 4029 est,
2796 3963 2995 4018 literati
3026 3966 3336 4035 quicunque

1742 4059 1867 4103 sunt
1891 4051 2239 4117 valentiores,
2264 4052 2330 4106 ad
2355 4051 2596 4122 ejusdem
2624 4056 2775 4110 chori
2810 4056 3067 4125 parietem
3106 4068 3252 4114 stant
3278 4071 3336 4116 et

1743 4144 1845 4198 hoc
1868 4144 2177 4209 observant,
2210 4154 2268 4198 ut
2291 4161 2413 4203 eum
2456 4148 2643 4203 eadem
2685 4147 2990 4214 disciplina,
3025 4164 3128 4218 qua
3156 4160 3208 4205 et
3235 4151 3332 4217 illi,

1742 4235 1832 4304 qui
1866 4235 1918 4289 in
1950 4235 2135 4302 majori
2166 4246 2293 4290 sunt
2320 4238 2508 4303 choro,
2546 4253 2607 4293 se
2642 4238 2977 4293 contineant.
3021 4239 3123 4305 Qui
3153 4249 3332 4297 tamen

1743 4325 1844 4379 hoc
1902 4325 2102 4380 habent
2167 4327 2473 4382 relevamen
2502 4368 2516 4391 ,
2562 4330 2774 4397 quoties
2822 4345 2958 4398 opus
3007 4330 3331 4397 habuerint,

1743 4432 2037 4473 conversos
2081 4418 2133 4471 in
2169 4419 2349 4473 vicino
2379 4420 2581 4489 positos
2620 4434 2719 4489 pro
2751 4435 2810 4475 se
2835 4422 2903 4475 ad
2940 4421 3337 4479 interstandum

1744 4509 1831 4563 vel
1861 4510 1996 4564 alios
2021 4510 2073 4564 in
2103 4522 2353 4579 pnnnptu
2387 4511 2608 4577 habere,
2633 4522 2687 4565 et
2712 4512 2811 4583 ipsi
2848 4528 3012 4583 super
3040 4514 3253 4581 sedilia,
3285 4516 3335 4572 si

1748 4616 1867 4669 qum
1913 4600 1981 4654 ibi
2029 4616 2198 4655 vacua
2235 4600 2488 4667 viderint,
2530 4602 2708 4658 denuo
2752 4613 2979 4675 possunt
3031 4605 3332 4675 quiescere.

1748 4690 1886 4747 Sunt
1910 4707 2143 4762 namque
2173 4692 2226 4746 in
2256 4695 2443 4748 eodem
2476 4694 2646 4749 choro
2679 4703 2733 4750 et
2762 4696 2882 4750 aliae
2911 4697 3085 4763 sedes,
3120 4698 3173 4751 in
3215 4700 3338 4768 qui-

1746 4785 1846 4839 bus
1887 4784 2067 4841 inﬁrm
2091 4801 2217 4842 ores
2246 4800 2343 4857 pro
2369 4787 2654 4843 devitanda
2715 4790 2894 4844 standi
2940 4790 3332 4857 vicissitudine,

1739 4874 1944 4948 jugiter
1988 4879 2196 4935 sedent.
2259 4879 2402 4934 Inter
2448 4896 2583 4950 quas
2623 4891 2678 4936 et
2719 4881 2892 4937 forma
2924 4882 2990 4937 ad
3028 4884 3167 4938 idem
3197 4897 3335 4951 opus

1746 4978 1831 5025 est
1854 4970 2049 5041 posita,
2086 4970 2179 5025 sed
2206 4970 2278 5025 ita
2307 4986 2481 5037 versa,
2515 4972 2684 5042 utqui
2726 4987 2891 5043 super
2948 4987 3068 5026 eam
3121 4972 3331 5037 sedent,

1744 5062 1939 5119 faciem
1962 5065 2015 5119 in
2037 5065 2264 5119 eundem
2296 5065 2561 5120 minorem
2584 5067 2809 5121 chorum
2829 5079 3041 5119 versam
3068 5066 3333 5125 habeant;

1744 5154 1922 5221 quiet
1960 5155 2039 5209 in"
2057 5163 2297 5226 tempore
2339 5156 2727 5226 procumbendi
2770 5154 2968 5210 ibidem
2988 5154 3201 5221 jaceut:
3228 5156 3334 5208 nisi

1744 5246 1909 5317 aliqui
1948 5248 2088 5302 inter
2133 5263 2227 5304 eos
2257 5265 2356 5319 pro
2386 5249 2688 5304 reverentia
2721 5249 2893 5303 locum
2925 5248 2996 5302 ibi
3036 5257 3166 5300 tunc
3191 5248 3337 5317 prio-

1745 5338 1895 5393 ribus
1921 5339 2032 5394 suis
2055 5339 2212 5405 dent;
2242 5340 2383 5406 aliis,
2415 5342 2507 5411 qui
2560 5341 2627 5395 ad
2670 5341 2929 5410 parietem
2981 5334 3128 5393 stant
3169 5353 3335 5406 super

1744 5429 1929 5483 sedilia
1959 5438 2009 5484 et
2048 5445 2210 5500 super
2246 5440 2445 5486 terram
2486 5431 2700 5486 interim
2735 5430 3232 5501 procmnbentibus.
3276 5430 3334 5485 lu

1743 5522 2016 5591 praedictis
2057 5523 2275 5580 sedibus
2304 5533 2572 5595 quotquot
2602 5525 2791 5581 sedere
2832 5523 3031 5591 valent,
3094 5538 3195 5595 pro
3244 5521 3334 5576 in-

1744 5614 1888 5669 dulta
1936 5616 2307 5671 misericordia
2336 5617 2689 5671 continuatim
2717 5618 2920 5688 absque
2956 5616 3205 5687 surgendi
3235 5629 3334 5670 ne-

1742 5707 1996 5763 cessitate
2016 5724 2308 5779 repausare
2333 5709 2532 5763 licitum
2559 5712 2777 5766 habent.
2818 5711 3122 5781 Aliquando
3140 5709 3329 5775 etiam,

1743 5803 1833 5875 uui
1866 5803 2045 5859 subito
2076 5804 2130 5859 in
2161 5804 2247 5859 die
2274 5805 2582 5862 infirmatur
2630 5807 2698 5862 ad
2742 5808 2981 5873 missam,
3015 5805 3097 5861 vel
3136 5802 3202 5858 ad
3232 5800 3331 5856 ali-

2731 5941 2798 6000 3i
