  <div class='ocr_page' id='page_1' title='image "/cluster/home/n/w/nwhite01/storage/ocr_20150623/150/hvd.32044015473788/490.png"; bbox 0 0 3890 6314; ppageno 0'>
   <div class='ocr_carea' id='block_1_1' title="bbox 178 346 258 408">
    <p class='ocr_par' dir='ltr' id='par_1_1' title="bbox 178 346 258 408">
     <span class='ocr_line' id='line_1_1' title="bbox 178 346 258 408; baseline -0.075 0"><span class='ocrx_word' id='word_1_1' title='bbox 178 346 258 408; x_wconf 74' lang='grc'><strong>973</strong></span> 
     </span>
    </p>
   </div>
   <div class='ocr_carea' id='block_1_2' title="bbox 175 456 1777 532">
    <p class='ocr_par' dir='ltr' id='par_1_2' title="bbox 175 456 1777 532">
     <span class='ocr_line' id='line_1_2' title="bbox 175 456 1777 532; baseline -0.006 -11"><span class='ocrx_word' id='word_1_2' title='bbox 175 474 296 529; x_wconf 86' lang='lat' dir='ltr'><strong>oret,</strong></span> <span class='ocrx_word' id='word_1_3' title='bbox 318 476 517 532; x_wconf 63' lang='lat' dir='ltr'><strong>quando</strong></span> <span class='ocrx_word' id='word_1_4' title='bbox 542 457 771 530; x_wconf 88' lang='lat' dir='ltr'><strong>spatium</strong></span> <span class='ocrx_word' id='word_1_5' title='bbox 803 457 942 513; x_wconf 89' lang='lat' dir='ltr'><strong>inter</strong></span> <span class='ocrx_word' id='word_1_6' title='bbox 975 456 1180 513; x_wconf 97' lang='lat' dir='ltr'><strong>formas</strong></span> <span class='ocrx_word' id='word_1_7' title='bbox 1216 457 1497 515; x_wconf 75' lang='lat' dir='ltr'><strong>sufficiens</strong></span> <span class='ocrx_word' id='word_1_8' title='bbox 1528 474 1700 530; x_wconf 84' lang='lat' dir='ltr'><strong>appa-</strong></span> <span class='ocrx_word' id='word_1_9' title='bbox 1730 464 1777 522; x_wconf 81' lang='grc' dir='ltr'><strong>Λ</strong></span> 
     </span>
    </p>
   </div>
   <div class='ocr_carea' id='block_1_3' title="bbox 174 551 1698 624">
    <p class='ocr_par' dir='ltr' id='par_1_3' title="bbox 174 551 1698 624">
     <span class='ocr_line' id='line_1_3' title="bbox 174 551 1698 624; baseline -0.006 -10"><span class='ocrx_word' id='word_1_10' title='bbox 174 567 254 615; x_wconf 85' lang='lat' dir='ltr'><strong>ret.</strong></span> <span class='ocrx_word' id='word_1_11' title='bbox 287 555 423 624; x_wconf 75' lang='lat' dir='ltr'><strong>Quod</strong></span> <span class='ocrx_word' id='word_1_12' title='bbox 463 553 504 607; x_wconf 92' lang='lat' dir='ltr'><strong>si</strong></span> <span class='ocrx_word' id='word_1_13' title='bbox 555 552 770 607; x_wconf 91' lang='lat' dir='ltr'><strong>interim</strong></span> <span class='ocrx_word' id='word_1_14' title='bbox 817 551 1029 623; x_wconf 89' lang='lat' dir='ltr'><strong>signum</strong></span> <span class='ocrx_word' id='word_1_15' title='bbox 1061 551 1126 606; x_wconf 91' lang='lat' dir='ltr'><strong>ad</strong></span> <span class='ocrx_word' id='word_1_16' title='bbox 1155 551 1385 622; x_wconf 83' lang='lat' dir='ltr'><strong>primam</strong></span> <span class='ocrx_word' id='word_1_17' title='bbox 1434 551 1698 621; x_wconf 83' lang='lat' dir='ltr'><strong>pulsatur,</strong></span> 
     </span>
    </p>
   </div>
   <div class='ocr_carea' id='block_1_4' title="bbox 176 644 1701 722">
    <p class='ocr_par' dir='ltr' id='par_1_4' title="bbox 176 644 1701 722">
     <span class='ocr_line' id='line_1_4' title="bbox 176 644 1701 722; baseline -0.002 -16"><span class='ocrx_word' id='word_1_18' title='bbox 176 652 269 722; x_wconf 51' lang='grc' dir='ltr'><strong>’βω</strong></span> <span class='ocrx_word' id='word_1_19' title='bbox 294 663 389 704; x_wconf 79' lang='lat' dir='ltr'><strong>am</strong></span> <span class='ocrx_word' id='word_1_20' title='bbox 417 646 638 717; x_wconf 84' lang='lat' dir='ltr'><strong>amplius</strong></span> <span class='ocrx_word' id='word_1_21' title='bbox 669 646 722 700; x_wconf 91' lang='lat' dir='ltr'><strong>in</strong></span> <span class='ocrx_word' id='word_1_22' title='bbox 756 644 961 700; x_wconf 90' lang='lat' dir='ltr'><strong>orando</strong></span> <span class='ocrx_word' id='word_1_23' title='bbox 992 652 1260 709; x_wconf 88' lang='lat' dir='ltr'><strong>moratur,</strong></span> <span class='ocrx_word' id='word_1_24' title='bbox 1292 644 1387 701; x_wconf 88' lang='lat' dir='ltr'><strong>sed</strong></span> <span class='ocrx_word' id='word_1_25' title='bbox 1411 644 1701 717; x_wconf 60' lang='lat' dir='ltr'><strong>moxfacto</strong></span> 
     </span>
    </p>
   </div>
   <div class='ocr_carea' id='block_1_5' title="bbox 172 735 1227 797">
    <p class='ocr_par' dir='ltr' id='par_1_5' title="bbox 172 735 1227 797">
     <span class='ocr_line' id='line_1_5' title="bbox 172 735 1227 797; baseline -0.008 0"><span class='ocrx_word' id='word_1_26' title='bbox 172 749 272 797; x_wconf 83' lang='lat' dir='ltr'><strong>ante</strong></span> <span class='ocrx_word' id='word_1_27' title='bbox 289 749 337 795; x_wconf 90' lang='lat' dir='ltr'><strong>et</strong></span> <span class='ocrx_word' id='word_1_28' title='bbox 358 747 495 794; x_wconf 90' lang='lat' dir='ltr'><strong>retro</strong></span> <span class='ocrx_word' id='word_1_29' title='bbox 522 738 588 792; x_wconf 90' lang='lat' dir='ltr'><strong>ad</strong></span> <span class='ocrx_word' id='word_1_30' title='bbox 611 736 788 792; x_wconf 90' lang='lat' dir='ltr'><strong>locum</strong></span> <span class='ocrx_word' id='word_1_31' title='bbox 818 750 974 789; x_wconf 86' lang='lat' dir='ltr'><strong>suum</strong></span> <span class='ocrx_word' id='word_1_32' title='bbox 1003 735 1227 791; x_wconf 90' lang='lat' dir='ltr'><strong>recedit.</strong></span> 
     </span>
    </p>
   </div>
   <div class='ocr_carea' id='block_1_6' title="bbox 684 825 1114 883">
    <p class='ocr_par' dir='ltr' id='par_1_6' title="bbox 684 825 1114 883">
     <span class='ocr_line' id='line_1_6' title="bbox 684 825 1114 883; baseline -0.007 0"><span class='ocrx_word' id='word_1_33' title='bbox 684 825 915 883; x_wconf 80' lang='lat' dir='ltr'><strong>CAPUT</strong></span> <span class='ocrx_word' id='word_1_34' title='bbox 955 825 1114 882; x_wconf 80' lang='lat' dir='ltr'><strong>XLII.</strong></span> 
     </span>
    </p>
   </div>
   <div class='ocr_carea' id='block_1_7' title="bbox 470 917 1351 986">
    <p class='ocr_par' dir='ltr' id='par_1_7' title="bbox 470 917 1351 986">
     <span class='ocr_line' id='line_1_7' title="bbox 470 917 1351 986; baseline -0.001 -13"><span class='ocrx_word' id='word_1_35' title='bbox 470 918 740 986; x_wconf 83' lang='lat' dir='ltr'><strong><em>Quomodo</em></strong></span> <span class='ocrx_word' id='word_1_36' title='bbox 765 918 939 973; x_wconf 74' lang='lat' dir='ltr'><strong>sedeat</strong></span> <span class='ocrx_word' id='word_1_37' title='bbox 963 919 1030 971; x_wconf 87' lang='lat' dir='ltr'><strong>ad</strong></span> <span class='ocrx_word' id='word_1_38' title='bbox 1056 917 1351 973; x_wconf 76' lang='lat' dir='ltr'><strong>lectionem.</strong></span> 
     </span>
    </p>
   </div>
   <div class='ocr_carea' id='block_1_8' title="bbox 222 1011 1700 1085">
    <p class='ocr_par' dir='ltr' id='par_1_8' title="bbox 222 1011 1700 1085">
     <span class='ocr_line' id='line_1_8' title="bbox 222 1011 1700 1085; baseline -0.004 -13"><span class='ocrx_word' id='word_1_39' title='bbox 222 1014 341 1085; x_wconf 72' lang='grc' dir='ltr'><strong>(ευ.)</strong></span> <span class='ocrx_word' id='word_1_40' title='bbox 378 1011 574 1069; x_wconf 80' lang='lat' dir='ltr'><strong>Sedens</strong></span> <span class='ocrx_word' id='word_1_41' title='bbox 594 1013 659 1067; x_wconf 94' lang='lat' dir='ltr'><strong>ad</strong></span> <span class='ocrx_word' id='word_1_42' title='bbox 687 1012 1010 1069; x_wconf 74' lang='lat' dir='ltr'><strong>lectionem.</strong></span> <span class='ocrx_word' id='word_1_43' title='bbox 1042 1011 1112 1065; x_wconf 88' lang='lat' dir='ltr'><strong>ita</strong></span> <span class='ocrx_word' id='word_1_44' title='bbox 1145 1011 1327 1077; x_wconf 90' lang='lat' dir='ltr'><strong>sedet,</strong></span> <span class='ocrx_word' id='word_1_45' title='bbox 1374 1018 1435 1066; x_wconf 91' lang='lat' dir='ltr'><strong>ut</strong></span> <span class='ocrx_word' id='word_1_46' title='bbox 1475 1026 1580 1065; x_wconf 90' lang='lat' dir='ltr'><strong>una</strong></span> <span class='ocrx_word' id='word_1_47' title='bbox 1627 1011 1700 1066; x_wconf 92' lang='lat' dir='ltr'><strong>sit</strong></span> 
     </span>
    </p>
   </div>
   <div class='ocr_carea' id='block_1_9' title="bbox 167 1100 1697 1170">
    <p class='ocr_par' dir='ltr' id='par_1_9' title="bbox 167 1100 1697 1170">
     <span class='ocr_line' id='line_1_9' title="bbox 167 1100 1697 1170; baseline -0.001 -12"><span class='ocrx_word' id='word_1_48' title='bbox 167 1104 263 1158; x_wconf 86' lang='lat' dir='ltr'><strong>ulna</strong></span> <span class='ocrx_word' id='word_1_49' title='bbox 293 1104 421 1157; x_wconf 90' lang='lat' dir='ltr'><strong>inter</strong></span> <span class='ocrx_word' id='word_1_50' title='bbox 441 1116 528 1167; x_wconf 91' lang='lat' dir='ltr'><strong>se,</strong></span> <span class='ocrx_word' id='word_1_51' title='bbox 555 1111 610 1156; x_wconf 90' lang='lat' dir='ltr'><strong>et</strong></span> <span class='ocrx_word' id='word_1_52' title='bbox 636 1102 797 1156; x_wconf 89' lang='lat' dir='ltr'><strong>alium</strong></span> <span class='ocrx_word' id='word_1_53' title='bbox 815 1100 970 1170; x_wconf 82' lang='lat' dir='ltr'><strong>juxta</strong></span> <span class='ocrx_word' id='word_1_54' title='bbox 997 1116 1055 1157; x_wconf 92' lang='lat' dir='ltr'><strong>se</strong></span> <span class='ocrx_word' id='word_1_55' title='bbox 1085 1102 1382 1157; x_wconf 76' lang='lat' dir='ltr'><strong>sedentem.</strong></span> <span class='ocrx_word' id='word_1_56' title='bbox 1408 1101 1697 1157; x_wconf 83' lang='lat' dir='ltr'><strong>Anteriora</strong></span> 
     </span>
    </p>
   </div>
   <div class='ocr_carea' id='block_1_10' title="bbox 167 1192 1697 1267">
    <p class='ocr_par' dir='ltr' id='par_1_10' title="bbox 167 1192 1697 1267">
     <span class='ocr_line' id='line_1_10' title="bbox 167 1192 1697 1267; baseline -0.001 -18"><span class='ocrx_word' id='word_1_57' title='bbox 167 1195 295 1250; x_wconf 87' lang='lat' dir='ltr'><strong>froeci</strong></span> <span class='ocrx_word' id='word_1_58' title='bbox 327 1195 399 1249; x_wconf 90' lang='lat' dir='ltr'><strong>sui</strong></span> <span class='ocrx_word' id='word_1_59' title='bbox 429 1207 638 1267; x_wconf 88' lang='lat' dir='ltr'><strong>semper</strong></span> <span class='ocrx_word' id='word_1_60' title='bbox 670 1194 745 1248; x_wconf 89' lang='lat' dir='ltr'><strong>ita</strong></span> <span class='ocrx_word' id='word_1_61' title='bbox 769 1194 820 1247; x_wconf 92' lang='lat' dir='ltr'><strong>in</strong></span> <span class='ocrx_word' id='word_1_62' title='bbox 858 1193 1121 1264; x_wconf 79' lang='lat' dir='ltr'><strong>gremium</strong></span> <span class='ocrx_word' id='word_1_63' title='bbox 1154 1192 1324 1247; x_wconf 85' lang='lat' dir='ltr'><strong>trahit</strong></span> <span class='ocrx_word' id='word_1_64' title='bbox 1357 1232 1373 1257; x_wconf 90' lang='lat'><strong>,</strong></span> <span class='ocrx_word' id='word_1_65' title='bbox 1428 1201 1488 1247; x_wconf 93' lang='lat' dir='ltr'><strong>ut</strong></span> <span class='ocrx_word' id='word_1_66' title='bbox 1529 1194 1697 1262; x_wconf 88' lang='lat' dir='ltr'><strong>pedes</strong></span> 
     </span>
    </p>
   </div>
   <div class='ocr_carea' id='block_1_11' title="bbox 164 1282 1697 1355">
    <p class='ocr_par' dir='ltr' id='par_1_11' title="bbox 164 1282 1697 1355">
     <span class='ocr_line' id='line_1_11' title="bbox 164 1282 1697 1355; baseline -0.002 -13"><span class='ocrx_word' id='word_1_67' title='bbox 164 1288 271 1342; x_wconf 83' lang='lat' dir='ltr'><strong>bene</strong></span> <span class='ocrx_word' id='word_1_68' title='bbox 304 1285 459 1339; x_wconf 90' lang='lat' dir='ltr'><strong>videri</strong></span> <span class='ocrx_word' id='word_1_69' title='bbox 507 1285 715 1355; x_wconf 86' lang='lat' dir='ltr'><strong>possint</strong></span> <span class='ocrx_word' id='word_1_70' title='bbox 758 1283 892 1355; x_wconf 86' lang='lat'><strong>(96).</strong></span> <span class='ocrx_word' id='word_1_71' title='bbox 948 1282 1179 1339; x_wconf 87' lang='lat' dir='ltr'><strong>Girones</strong></span> <span class='ocrx_word' id='word_1_72' title='bbox 1228 1298 1445 1353; x_wconf 91' lang='lat' dir='ltr'><strong>quoque</strong></span> <span class='ocrx_word' id='word_1_73' title='bbox 1489 1283 1697 1355; x_wconf 92' lang='lat' dir='ltr'><strong>colligit</strong></span> 
     </span>
    </p>
   </div>
   <div class='ocr_carea' id='block_1_12' title="bbox 163 1372 1694 1445">
    <p class='ocr_par' dir='ltr' id='par_1_12' title="bbox 163 1372 1694 1445">
     <span class='ocr_line' id='line_1_12' title="bbox 163 1372 1694 1445; baseline 0.001 -16"><span class='ocrx_word' id='word_1_74' title='bbox 163 1376 402 1445; x_wconf 90' lang='lat' dir='ltr'><strong>utrinque,</strong></span> <span class='ocrx_word' id='word_1_75' title='bbox 425 1383 478 1427; x_wconf 90' lang='lat' dir='ltr'><strong>ut</strong></span> <span class='ocrx_word' id='word_1_76' title='bbox 507 1390 613 1428; x_wconf 91' lang='lat' dir='ltr'><strong>non</strong></span> <span class='ocrx_word' id='word_1_77' title='bbox 645 1374 877 1444; x_wconf 85' lang='lat' dir='ltr'><strong>sparsim</strong></span> <span class='ocrx_word' id='word_1_78' title='bbox 905 1372 1125 1442; x_wconf 89' lang='lat' dir='ltr'><strong>jaceant</strong></span> <span class='ocrx_word' id='word_1_79' title='bbox 1148 1375 1201 1429; x_wconf 91' lang='lat' dir='ltr'><strong>in</strong></span> <span class='ocrx_word' id='word_1_80' title='bbox 1237 1377 1435 1431; x_wconf 79' lang='lat' dir='ltr'><strong>terra.‘</strong></span> <span class='ocrx_word' id='word_1_81' title='bbox 1468 1374 1694 1443; x_wconf 86' lang='lat' dir='ltr'><strong>Quando</strong></span> 
     </span>
    </p>
   </div>
   <div class='ocr_carea' id='block_1_13' title="bbox 162 1464 1687 1530">
    <p class='ocr_par' dir='ltr' id='par_1_13' title="bbox 162 1464 1687 1530">
     <span class='ocr_line' id='line_1_13' title="bbox 162 1464 1687 1530; baseline 0.001 -10"><span class='ocrx_word' id='word_1_82' title='bbox 162 1465 390 1520; x_wconf 83' lang='lat' dir='ltr'><strong>sedentem</strong></span> <span class='ocrx_word' id='word_1_83' title='bbox 413 1464 615 1519; x_wconf 89' lang='lat' dir='ltr'><strong>invenit</strong></span> <span class='ocrx_word' id='word_1_84' title='bbox 643 1474 770 1520; x_wconf 91' lang='lat' dir='ltr'><strong>ante</strong></span> <span class='ocrx_word' id='word_1_85' title='bbox 798 1480 856 1519; x_wconf 91' lang='lat' dir='ltr'><strong>se</strong></span> <span class='ocrx_word' id='word_1_86' title='bbox 877 1505 892 1530; x_wconf 90' lang='lat'><strong>,</strong></span> <span class='ocrx_word' id='word_1_87' title='bbox 933 1465 1189 1530; x_wconf 88' lang='lat' dir='ltr'><strong>inclinat,</strong></span> <span class='ocrx_word' id='word_1_88' title='bbox 1230 1475 1285 1521; x_wconf 91' lang='lat' dir='ltr'><strong>et</strong></span> <span class='ocrx_word' id='word_1_89' title='bbox 1317 1467 1420 1521; x_wconf 93' lang='lat' dir='ltr'><strong>hoc</strong></span> <span class='ocrx_word' id='word_1_90' title='bbox 1447 1466 1574 1523; x_wconf 90' lang='lat' dir='ltr'><strong>item</strong></span> <span class='ocrx_word' id='word_1_91' title='bbox 1608 1466 1687 1522; x_wconf 89' lang='lat' dir='ltr'><strong>illi</strong></span> 
     </span>
    </p>
   </div>
   <div class='ocr_carea' id='block_1_14' title="bbox 161 1553 1686 1624">
    <p class='ocr_par' dir='ltr' id='par_1_14' title="bbox 161 1553 1686 1624">
     <span class='ocr_line' id='line_1_14' title="bbox 161 1553 1686 1624; baseline 0.003 -17"><span class='ocrx_word' id='word_1_92' title='bbox 161 1555 358 1618; x_wconf 85' lang='lat' dir='ltr'><strong>faciunt,</strong></span> <span class='ocrx_word' id='word_1_93' title='bbox 390 1554 475 1623; x_wconf 90' lang='lat' dir='ltr'><strong>qui</strong></span> <span class='ocrx_word' id='word_1_94' title='bbox 506 1554 755 1624; x_wconf 83' lang='lat' dir='ltr'><strong>proxime</strong></span> <span class='ocrx_word' id='word_1_95' title='bbox 793 1553 867 1608; x_wconf 93' lang='lat' dir='ltr'><strong>illi</strong></span> <span class='ocrx_word' id='word_1_96' title='bbox 896 1554 1235 1611; x_wconf 88' lang='lat' dir='ltr'><strong>collaterales</strong></span> <span class='ocrx_word' id='word_1_97' title='bbox 1268 1565 1422 1621; x_wconf 89' lang='lat' dir='ltr'><strong>sunt,</strong></span> <span class='ocrx_word' id='word_1_98' title='bbox 1467 1557 1686 1612; x_wconf 90' lang='lat' dir='ltr'><strong>etiamsi</strong></span> 
     </span>
    </p>
   </div>
   <div class='ocr_carea' id='block_1_15' title="bbox 159 1645 1693 1717">
    <p class='ocr_par' dir='ltr' id='par_1_15' title="bbox 159 1645 1693 1717">
     <span class='ocr_line' id='line_1_15' title="bbox 159 1645 1693 1717; baseline 0.005 -21"><span class='ocrx_word' id='word_1_99' title='bbox 159 1645 222 1701; x_wconf 86' lang='lat' dir='ltr'><strong>vel</strong></span> <span class='ocrx_word' id='word_1_100' title='bbox 245 1653 449 1715; x_wconf 87' lang='lat' dir='ltr'><strong>uterque</strong></span> <span class='ocrx_word' id='word_1_101' title='bbox 463 1645 545 1699; x_wconf 81' lang='lat' dir='ltr'><strong>vel</strong></span> <span class='ocrx_word' id='word_1_102' title='bbox 569 1645 831 1701; x_wconf 88' lang='lat' dir='ltr'><strong>alteruter</strong></span> <span class='ocrx_word' id='word_1_103' title='bbox 856 1661 1045 1701; x_wconf 89' lang='lat' dir='ltr'><strong>eorum</strong></span> <span class='ocrx_word' id='word_1_104' title='bbox 1072 1656 1316 1703; x_wconf 89' lang='lat' dir='ltr'><strong>remotus</strong></span> <span class='ocrx_word' id='word_1_105' title='bbox 1331 1648 1404 1702; x_wconf 91' lang='lat' dir='ltr'><strong>sit</strong></span> <span class='ocrx_word' id='word_1_106' title='bbox 1424 1662 1522 1717; x_wconf 90' lang='lat' dir='ltr'><strong>per</strong></span> <span class='ocrx_word' id='word_1_107' title='bbox 1546 1647 1693 1703; x_wconf 89' lang='lat' dir='ltr'><strong>aliud</strong></span> 
     </span>
    </p>
   </div>
   <div class='ocr_carea' id='block_1_16' title="bbox 159 1732 1689 1811">
    <p class='ocr_par' dir='ltr' id='par_1_16' title="bbox 159 1732 1689 1811">
     <span class='ocr_line' id='line_1_16' title="bbox 159 1732 1689 1811; baseline 0.001 -18"><span class='ocrx_word' id='word_1_108' title='bbox 159 1738 497 1811; x_wconf 84' lang='lat' dir='ltr'><strong>longiusculum</strong></span> <span class='ocrx_word' id='word_1_109' title='bbox 519 1740 777 1808; x_wconf 89' lang='lat' dir='ltr'><strong>spatium.</strong></span> <span class='ocrx_word' id='word_1_110' title='bbox 831 1738 984 1806; x_wconf 84' lang='lat' dir='ltr'><strong>Quod</strong></span> <span class='ocrx_word' id='word_1_111' title='bbox 1026 1732 1133 1793; x_wconf 82' lang='lat' dir='ltr'><strong>neu</strong></span> <span class='ocrx_word' id='word_1_112' title='bbox 1175 1739 1351 1795; x_wconf 92' lang='lat' dir='ltr'><strong>solum</strong></span> <span class='ocrx_word' id='word_1_113' title='bbox 1401 1740 1689 1806; x_wconf 88' lang='lat' dir='ltr'><strong>observat,</strong></span> 
     </span>
    </p>
   </div>
   <div class='ocr_carea' id='block_1_17' title="bbox 158 1826 1697 1903">
    <p class='ocr_par' dir='ltr' id='par_1_17' title="bbox 158 1826 1697 1903">
     <span class='ocr_line' id='line_1_17' title="bbox 158 1826 1697 1903; baseline 0.004 -22"><span class='ocrx_word' id='word_1_114' title='bbox 158 1826 332 1894; x_wconf 86' lang='lat' dir='ltr'><strong>quando</strong></span> <span class='ocrx_word' id='word_1_115' title='bbox 352 1828 612 1895; x_wconf 89' lang='lat' dir='ltr'><strong>imprimis</strong></span> <span class='ocrx_word' id='word_1_116' title='bbox 661 1828 733 1884; x_wconf 91' lang='lat' dir='ltr'><strong>ibi</strong></span> <span class='ocrx_word' id='word_1_117' title='bbox 771 1830 1100 1896; x_wconf 85' lang='lat' dir='ltr'><strong>consederit,</strong></span> <span class='ocrx_word' id='word_1_118' title='bbox 1138 1830 1233 1886; x_wconf 91' lang='lat' dir='ltr'><strong>sed</strong></span> <span class='ocrx_word' id='word_1_119' title='bbox 1268 1830 1697 1903; x_wconf 84' lang='lat' dir='ltr'><strong>quotiescunque</strong></span> 
     </span>
    </p>
   </div>
   <div class='ocr_carea' id='block_1_18' title="bbox 158 1918 1698 2002">
    <p class='ocr_par' dir='ltr' id='par_1_18' title="bbox 158 1918 1698 2002">
     <span class='ocr_line' id='line_1_18' title="bbox 158 1918 1698 2002; baseline 0.005 -29"><span class='ocrx_word' id='word_1_120' title='bbox 158 1918 257 1975; x_wconf 88' lang='lat' dir='ltr'><strong>inde</strong></span> <span class='ocrx_word' id='word_1_121' title='bbox 307 1920 579 1975; x_wconf 88' lang='lat' dir='ltr'><strong>discedens</strong></span> <span class='ocrx_word' id='word_1_122' title='bbox 621 1921 864 1978; x_wconf 88' lang='lat' dir='ltr'><strong>redierit.</strong></span> <span class='ocrx_word' id='word_1_123' title='bbox 918 1920 1154 1992; x_wconf 91' lang='lat' dir='ltr'><strong>ldipsum</strong></span> <span class='ocrx_word' id='word_1_124' title='bbox 1202 1923 1269 1978; x_wconf 89' lang='lat' dir='ltr'><strong>ad</strong></span> <span class='ocrx_word' id='word_1_125' title='bbox 1318 1924 1610 1994; x_wconf 88' lang='lat' dir='ltr'><strong>capitulum</strong></span> <span class='ocrx_word' id='word_1_126' title='bbox 1642 1933 1698 2002; x_wconf 84' lang='lat' dir='ltr'><strong>et</strong></span> 
     </span>
    </p>
   </div>
   <div class='ocr_carea' id='block_1_19' title="bbox 157 2009 1691 2085">
    <p class='ocr_par' dir='ltr' id='par_1_19' title="bbox 157 2009 1691 2085">
     <span class='ocr_line' id='line_1_19' title="bbox 157 2009 1691 2085; baseline 0.005 -21"><span class='ocrx_word' id='word_1_127' title='bbox 157 2009 448 2067; x_wconf 84' lang='lat' dir='ltr'><strong>collationem</strong></span> <span class='ocrx_word' id='word_1_128' title='bbox 481 2012 652 2077; x_wconf 88' lang='lat' dir='ltr'><strong>facit,</strong></span> <span class='ocrx_word' id='word_1_129' title='bbox 676 2014 1112 2085; x_wconf 90' lang='lat' dir='ltr'><strong>quandocunque</strong></span> <span class='ocrx_word' id='word_1_130' title='bbox 1142 2013 1196 2069; x_wconf 91' lang='lat' dir='ltr'><strong>in</strong></span> <span class='ocrx_word' id='word_1_131' title='bbox 1232 2013 1426 2071; x_wconf 87' lang='lat' dir='ltr'><strong>ordine</strong></span> <span class='ocrx_word' id='word_1_132' title='bbox 1450 2032 1552 2072; x_wconf 91' lang='lat' dir='ltr'><strong>suo</strong></span> <span class='ocrx_word' id='word_1_133' title='bbox 1582 2032 1691 2072; x_wconf 92' lang='lat' dir='ltr'><strong>non</strong></span> 
     </span>
    </p>
   </div>
   <div class='ocr_carea' id='block_1_20' title="bbox 159 2102 1031 2177">
    <p class='ocr_par' dir='ltr' id='par_1_20' title="bbox 159 2102 1031 2177">
     <span class='ocr_line' id='line_1_20' title="bbox 159 2102 1031 2177; baseline 0.005 -21"><span class='ocrx_word' id='word_1_134' title='bbox 159 2102 392 2174; x_wconf 82' lang='lat' dir='ltr'><strong>ingressus</strong></span> <span class='ocrx_word' id='word_1_135' title='bbox 418 2115 607 2162; x_wconf 76' lang='lat' dir='ltr'><strong>postea</strong></span> <span class='ocrx_word' id='word_1_136' title='bbox 636 2106 1031 2177; x_wconf 87' lang='lat' dir='ltr'><strong>supervenerit.</strong></span> 
     </span>
    </p>
   </div>
   <div class='ocr_carea' id='block_1_21' title="bbox 681 2216 1132 2274">
    <p class='ocr_par' dir='ltr' id='par_1_21' title="bbox 681 2216 1132 2274">
     <span class='ocr_line' id='line_1_21' title="bbox 681 2216 1132 2274; baseline -0.002 0"><span class='ocrx_word' id='word_1_137' title='bbox 681 2216 911 2274; x_wconf 82' lang='lat' dir='ltr'><strong>CAPUT</strong></span> <span class='ocrx_word' id='word_1_138' title='bbox 951 2217 1132 2274; x_wconf 78' lang='lat' dir='ltr'><strong>XLIII.</strong></span> 
     </span>
    </p>
   </div>
   <div class='ocr_carea' id='block_1_22' title="bbox 159 2310 1695 2385">
    <p class='ocr_par' dir='ltr' id='par_1_22' title="bbox 159 2310 1695 2385">
     <span class='ocr_line' id='line_1_22' title="bbox 159 2310 1695 2385; baseline 0.001 -20"><span class='ocrx_word' id='word_1_139' title='bbox 159 2310 378 2378; x_wconf 79' lang='lat' dir='ltr'><strong>Quando,</strong></span> <span class='ocrx_word' id='word_1_140' title='bbox 425 2314 539 2378; x_wconf 86' lang='lat' dir='ltr'><strong>cui,</strong></span> <span class='ocrx_word' id='word_1_141' title='bbox 582 2324 633 2368; x_wconf 81' lang='lat' dir='ltr'><strong>et</strong></span> <span class='ocrx_word' id='word_1_142' title='bbox 671 2313 932 2385; x_wconf 84' lang='lat' dir='ltr'><strong>quomodo</strong></span> <span class='ocrx_word' id='word_1_143' title='bbox 963 2314 1133 2385; x_wconf 77' lang='lat' dir='ltr'><strong>veniat</strong></span> <span class='ocrx_word' id='word_1_144' title='bbox 1170 2313 1241 2367; x_wconf 86' lang='lat' dir='ltr'><strong>ad</strong></span> <span class='ocrx_word' id='word_1_145' title='bbox 1286 2313 1695 2385; x_wconf 69' lang='lat' dir='ltr'><strong>confessionem,</strong></span> 
     </span>
    </p>
   </div>
   <div class='ocr_carea' id='block_1_23' title="bbox 264 2383 1589 2455">
    <p class='ocr_par' dir='ltr' id='par_1_23' title="bbox 264 2383 1589 2455">
     <span class='ocr_line' id='line_1_23' title="bbox 264 2383 1589 2455; baseline 0 -20"><span class='ocrx_word' id='word_1_146' title='bbox 264 2384 430 2444; x_wconf 80' lang='lat' dir='ltr'><strong>quidve</strong></span> <span class='ocrx_word' id='word_1_147' title='bbox 451 2386 497 2437; x_wconf 84' lang='lat' dir='ltr'><strong>ei</strong></span> <span class='ocrx_word' id='word_1_148' title='bbox 518 2401 615 2454; x_wconf 84' lang='lat' dir='ltr'><strong>pro</strong></span> <span class='ocrx_word' id='word_1_149' title='bbox 639 2383 935 2454; x_wconf 71' lang='lat' dir='ltr'><strong>pcenitentia</strong></span> <span class='ocrx_word' id='word_1_150' title='bbox 963 2384 1289 2455; x_wconf 83' lang='lat' dir='ltr'><strong>injungatur.</strong></span> <span class='ocrx_word' id='word_1_151' title='bbox 1310 2386 1422 2448; x_wconf 83' lang='lat' dir='ltr'><strong>(uo.</strong></span> <span class='ocrx_word' id='word_1_152' title='bbox 1453 2383 1589 2455; x_wconf 85' lang='lat' dir='ltr'><strong>var.)</strong></span> 
     </span>
    </p>
   </div>
   <div class='ocr_carea' id='block_1_24' title="bbox 210 2475 1697 2546">
    <p class='ocr_par' dir='ltr' id='par_1_24' title="bbox 210 2475 1697 2546">
     <span class='ocr_line' id='line_1_24' title="bbox 210 2475 1697 2546; baseline 0 -15"><span class='ocrx_word' id='word_1_153' title='bbox 210 2478 223 2497; x_wconf 89' lang='lat'><strong><em>‘</em></strong></span> <span class='ocrx_word' id='word_1_154' title='bbox 248 2475 428 2531; x_wconf 84' lang='lat' dir='ltr'><strong>lloram</strong></span> <span class='ocrx_word' id='word_1_155' title='bbox 453 2477 819 2532; x_wconf 79' lang='lat' dir='ltr'><strong>confessionis</strong></span> <span class='ocrx_word' id='word_1_156' title='bbox 853 2478 1063 2531; x_wconf 89' lang='lat' dir='ltr'><strong>noverit</strong></span> <span class='ocrx_word' id='word_1_157' title='bbox 1103 2491 1224 2531; x_wconf 90' lang='lat' dir='ltr'><strong>esse</strong></span> <span class='ocrx_word' id='word_1_158' title='bbox 1252 2476 1478 2546; x_wconf 88' lang='lat' dir='ltr'><strong>privatis</strong></span> <span class='ocrx_word' id='word_1_159' title='bbox 1508 2477 1697 2531; x_wconf 91' lang='lat' dir='ltr'><strong>diebus</strong></span> 
     </span>
    </p>
   </div>
   <div class='ocr_carea' id='block_1_25' title="bbox 158 2565 1696 2635">
    <p class='ocr_par' dir='ltr' id='par_1_25' title="bbox 158 2565 1696 2635">
     <span class='ocr_line' id='line_1_25' title="bbox 158 2565 1696 2635; baseline 0.001 -16"><span class='ocrx_word' id='word_1_160' title='bbox 158 2566 200 2620; x_wconf 87' lang='lat' dir='ltr'><strong>in</strong></span> <span class='ocrx_word' id='word_1_161' title='bbox 220 2566 388 2624; x_wconf 85' lang='lat' dir='ltr'><strong>hveme</strong></span> <span class='ocrx_word' id='word_1_162' title='bbox 402 2577 525 2624; x_wconf 91' lang='lat' dir='ltr'><strong>ante</strong></span> <span class='ocrx_word' id='word_1_163' title='bbox 559 2567 780 2623; x_wconf 88' lang='lat' dir='ltr'><strong>tertiam</strong></span> <span class='ocrx_word' id='word_1_164' title='bbox 801 2606 817 2633; x_wconf 92' lang='lat'><strong>,</strong></span> <span class='ocrx_word' id='word_1_165' title='bbox 850 2566 992 2621; x_wconf 87' lang='lat' dir='ltr'><strong>sicut</strong></span> <span class='ocrx_word' id='word_1_166' title='bbox 1020 2565 1125 2619; x_wconf 90' lang='lat' dir='ltr'><strong>alio</strong></span> <span class='ocrx_word' id='word_1_167' title='bbox 1158 2573 1402 2635; x_wconf 90' lang='lat' dir='ltr'><strong>tempore</strong></span> <span class='ocrx_word' id='word_1_168' title='bbox 1432 2576 1559 2621; x_wconf 90' lang='lat' dir='ltr'><strong>ante</strong></span> <span class='ocrx_word' id='word_1_169' title='bbox 1583 2566 1696 2635; x_wconf 91' lang='lat' dir='ltr'><strong>pri-</strong></span> 
     </span>
    </p>
   </div>
   <div class='ocr_carea' id='block_1_26' title="bbox 155 2657 1697 2733">
    <p class='ocr_par' dir='ltr' id='par_1_26' title="bbox 155 2657 1697 2733">
     <span class='ocr_line' id='line_1_26' title="bbox 155 2657 1697 2733; baseline -0.001 -19"><span class='ocrx_word' id='word_1_170' title='bbox 155 2676 292 2726; x_wconf 88' lang='lat' dir='ltr'><strong>mam,</strong></span> <span class='ocrx_word' id='word_1_171' title='bbox 334 2677 540 2733; x_wconf 87' lang='lat' dir='ltr'><strong>semper</strong></span> <span class='ocrx_word' id='word_1_172' title='bbox 599 2674 814 2732; x_wconf 91' lang='lat' dir='ltr'><strong>quoque</strong></span> <span class='ocrx_word' id='word_1_173' title='bbox 861 2666 982 2729; x_wconf 92' lang='lat' dir='ltr'><strong>post</strong></span> <span class='ocrx_word' id='word_1_174' title='bbox 1050 2657 1381 2727; x_wconf 90' lang='lat' dir='ltr'><strong>capitulum,</strong></span> <span class='ocrx_word' id='word_1_175' title='bbox 1435 2657 1697 2727; x_wconf 74' lang='lat' dir='ltr'><strong>quamdiu</strong></span> 
     </span>
    </p>
   </div>
   <div class='ocr_carea' id='block_1_27' title="bbox 156 2750 1697 2821">
    <p class='ocr_par' dir='ltr' id='par_1_27' title="bbox 156 2750 1697 2821">
     <span class='ocr_line' id='line_1_27' title="bbox 156 2750 1697 2821; baseline -0.001 -16"><span class='ocrx_word' id='word_1_176' title='bbox 156 2753 310 2819; x_wconf 85' lang='lat' dir='ltr'><strong>psalmi</strong></span> <span class='ocrx_word' id='word_1_177' title='bbox 346 2753 506 2808; x_wconf 81' lang='lat' dir='ltr'><strong>Verba</strong></span> <span class='ocrx_word' id='word_1_178' title='bbox 537 2770 655 2808; x_wconf 83' lang='lat' dir='ltr'><strong>mea</strong></span> <span class='ocrx_word' id='word_1_179' title='bbox 689 2766 787 2821; x_wconf 87' lang='lat' dir='ltr'><strong>pro</strong></span> <span class='ocrx_word' id='word_1_180' title='bbox 816 2750 1044 2805; x_wconf 87' lang='lat' dir='ltr'><strong>fratrum</strong></span> <span class='ocrx_word' id='word_1_181' title='bbox 1083 2751 1459 2805; x_wconf 84' lang='lat' dir='ltr'><strong>anniversario</strong></span> <span class='ocrx_word' id='word_1_182' title='bbox 1508 2751 1697 2805; x_wconf 86' lang='lat' dir='ltr'><strong>dicun-</strong></span> 
     </span>
    </p>
   </div>
   <div class='ocr_carea' id='block_1_28' title="bbox 156 2841 1694 2908">
    <p class='ocr_par' dir='ltr' id='par_1_28' title="bbox 156 2841 1694 2908">
     <span class='ocr_line' id='line_1_28' title="bbox 156 2841 1694 2908; baseline 0.003 -14"><span class='ocrx_word' id='word_1_183' title='bbox 156 2851 237 2898; x_wconf 91' lang='lat' dir='ltr'><strong>tur.</strong></span> <span class='ocrx_word' id='word_1_184' title='bbox 290 2844 380 2901; x_wconf 89' lang='lat' dir='ltr'><strong>Ubi</strong></span> <span class='ocrx_word' id='word_1_185' title='bbox 417 2856 598 2901; x_wconf 89' lang='lat' dir='ltr'><strong>tamen</strong></span> <span class='ocrx_word' id='word_1_186' title='bbox 650 2854 779 2898; x_wconf 88' lang='lat' dir='ltr'><strong>tunc</strong></span> <span class='ocrx_word' id='word_1_187' title='bbox 807 2852 952 2899; x_wconf 89' lang='lat' dir='ltr'><strong>stare</strong></span> <span class='ocrx_word' id='word_1_188' title='bbox 986 2841 1117 2899; x_wconf 89' lang='lat' dir='ltr'><strong>nulli</strong></span> <span class='ocrx_word' id='word_1_189' title='bbox 1169 2843 1531 2908; x_wconf 88' lang='lat' dir='ltr'><strong>conceditur,</strong></span> <span class='ocrx_word' id='word_1_190' title='bbox 1588 2842 1694 2898; x_wconf 88' lang='lat' dir='ltr'><strong>nisi</strong></span> 
     </span>
    </p>
   </div>
   <div class='ocr_carea' id='block_1_29' title="bbox 154 2931 1696 3001">
    <p class='ocr_par' dir='ltr' id='par_1_29' title="bbox 154 2931 1696 3001">
     <span class='ocr_line' id='line_1_29' title="bbox 154 2931 1696 3001; baseline 0.002 -13"><span class='ocrx_word' id='word_1_191' title='bbox 154 2937 323 3000; x_wconf 84' lang='lat' dir='ltr'><strong>statim,</strong></span> <span class='ocrx_word' id='word_1_192' title='bbox 360 2940 441 2994; x_wconf 91' lang='lat' dir='ltr'><strong>cui</strong></span> <span class='ocrx_word' id='word_1_193' title='bbox 480 2931 885 2994; x_wconf 76' lang='lat' dir='ltr'><strong>eonfeSsionem</strong></span> <span class='ocrx_word' id='word_1_194' title='bbox 924 2935 1127 3001; x_wconf 86' lang='lat' dir='ltr'><strong>faciat,</strong></span> <span class='ocrx_word' id='word_1_195' title='bbox 1172 2935 1510 2992; x_wconf 88' lang='lat' dir='ltr'><strong>sacerdotem</strong></span> <span class='ocrx_word' id='word_1_196' title='bbox 1547 2936 1696 2991; x_wconf 87' lang='lat' dir='ltr'><strong>inve-</strong></span> 
     </span>
    </p>
   </div>
   <div class='ocr_carea' id='block_1_30' title="bbox 152 3028 1695 3103">
    <p class='ocr_par' dir='ltr' id='par_1_30' title="bbox 152 3028 1695 3103">
     <span class='ocr_line' id='line_1_30' title="bbox 152 3028 1695 3103; baseline 0.001 -22"><span class='ocrx_word' id='word_1_197' title='bbox 152 3028 255 3085; x_wconf 88' lang='lat' dir='ltr'><strong>niat.</strong></span> <span class='ocrx_word' id='word_1_198' title='bbox 277 3029 373 3087; x_wconf 90' lang='lat' dir='ltr'><strong>Sed</strong></span> <span class='ocrx_word' id='word_1_199' title='bbox 401 3047 657 3103; x_wconf 84' lang='lat' dir='ltr'><strong>egressus</strong></span> <span class='ocrx_word' id='word_1_200' title='bbox 681 3047 804 3086; x_wconf 91' lang='lat' dir='ltr'><strong>cum</strong></span> <span class='ocrx_word' id='word_1_201' title='bbox 834 3040 1100 3086; x_wconf 87' lang='lat' dir='ltr'><strong>conventu</strong></span> <span class='ocrx_word' id='word_1_202' title='bbox 1129 3070 1145 3096; x_wconf 89' lang='lat'><strong>,</strong></span> <span class='ocrx_word' id='word_1_203' title='bbox 1180 3031 1227 3086; x_wconf 90' lang='lat' dir='ltr'><strong>si</strong></span> <span class='ocrx_word' id='word_1_204' title='bbox 1262 3029 1438 3086; x_wconf 87' lang='lat' dir='ltr'><strong>redire</strong></span> <span class='ocrx_word' id='word_1_205' title='bbox 1467 3029 1611 3096; x_wconf 88' lang='lat' dir='ltr'><strong>vult,</strong></span> <span class='ocrx_word' id='word_1_206' title='bbox 1640 3035 1695 3086; x_wconf 90' lang='lat' dir='ltr'><strong>et</strong></span> 
     </span>
    </p>
   </div>
   <div class='ocr_carea' id='block_1_31' title="bbox 151 3122 1770 3219">
    <p class='ocr_par' dir='ltr' id='par_1_31' title="bbox 151 3122 1770 3219">
     <span class='ocr_line' id='line_1_31' title="bbox 151 3122 1770 3219; baseline 0.003 -46"><span class='ocrx_word' id='word_1_207' title='bbox 151 3129 395 3191; x_wconf 80' lang='lat' dir='ltr'><strong>antequam</strong></span> <span class='ocrx_word' id='word_1_208' title='bbox 416 3133 716 3179; x_wconf 89' lang='lat' dir='ltr'><strong>conventus</strong></span> <span class='ocrx_word' id='word_1_209' title='bbox 736 3132 897 3178; x_wconf 77' lang='lat' dir='ltr'><strong>exeat</strong></span> <span class='ocrx_word' id='word_1_210' title='bbox 925 3123 990 3178; x_wconf 88' lang='lat' dir='ltr'><strong>de</strong></span> <span class='ocrx_word' id='word_1_211' title='bbox 1016 3122 1266 3189; x_wconf 90' lang='lat' dir='ltr'><strong>ecclesia,</strong></span> <span class='ocrx_word' id='word_1_212' title='bbox 1292 3123 1691 3181; x_wconf 71' lang='lat' dir='ltr'><strong>confessionem</strong></span> <span class='ocrx_word' id='word_1_213' title='bbox 1720 3156 1770 3219; x_wconf 67' lang='grc' dir='ltr'>ϐ</span> 
     </span>
    </p>
   </div>
   <div class='ocr_carea' id='block_1_32' title="bbox 149 3210 1695 3288">
    <p class='ocr_par' dir='ltr' id='par_1_32' title="bbox 149 3210 1695 3288">
     <span class='ocr_line' id='line_1_32' title="bbox 149 3210 1695 3288; baseline 0.008 -25"><span class='ocrx_word' id='word_1_214' title='bbox 149 3210 296 3270; x_wconf 87' lang='lat' dir='ltr'><strong>facere</strong></span> <span class='ocrx_word' id='word_1_215' title='bbox 319 3232 419 3272; x_wconf 89' lang='lat' dir='ltr'><strong>non</strong></span> <span class='ocrx_word' id='word_1_216' title='bbox 445 3217 789 3285; x_wconf 88' lang='lat' dir='ltr'><strong>prohibetur.</strong></span> <span class='ocrx_word' id='word_1_217' title='bbox 822 3216 880 3271; x_wconf 88' lang='lat' dir='ltr'><strong>In</strong></span> <span class='ocrx_word' id='word_1_218' title='bbox 920 3215 1111 3273; x_wconf 89' lang='lat' dir='ltr'><strong>diebus</strong></span> <span class='ocrx_word' id='word_1_219' title='bbox 1146 3217 1479 3273; x_wconf 88' lang='lat' dir='ltr'><strong>solemnibus</strong></span> <span class='ocrx_word' id='word_1_220' title='bbox 1522 3233 1695 3288; x_wconf 91' lang='lat' dir='ltr'><strong>usque</strong></span> 
     </span>
    </p>
   </div>
   <div class='ocr_carea' id='block_1_33' title="bbox 148 3296 1694 3381">
    <p class='ocr_par' dir='ltr' id='par_1_33' title="bbox 148 3296 1694 3381">
     <span class='ocr_line' id='line_1_33' title="bbox 148 3296 1694 3381; baseline 0.007 -27"><span class='ocrx_word' id='word_1_221' title='bbox 148 3303 199 3357; x_wconf 88' lang='lat' dir='ltr'><strong>ad</strong></span> <span class='ocrx_word' id='word_1_222' title='bbox 227 3307 387 3363; x_wconf 64' lang='lat' dir='ltr'><strong>missae</strong></span> <span class='ocrx_word' id='word_1_223' title='bbox 409 3310 690 3364; x_wconf 71' lang='lat' dir='ltr'><strong>matutinae</strong></span> <span class='ocrx_word' id='word_1_224' title='bbox 724 3296 1071 3380; x_wconf 82' lang='lat' dir='ltr'><strong>Evangelium</strong></span> <span class='ocrx_word' id='word_1_225' title='bbox 1094 3349 1110 3376; x_wconf 92' lang='lat'><strong>,</strong></span> <span class='ocrx_word' id='word_1_226' title='bbox 1155 3325 1256 3365; x_wconf 92' lang='lat' dir='ltr'><strong>nec</strong></span> <span class='ocrx_word' id='word_1_227' title='bbox 1282 3310 1443 3365; x_wconf 88' lang='lat' dir='ltr'><strong>ultra.</strong></span> <span class='ocrx_word' id='word_1_228' title='bbox 1471 3308 1528 3365; x_wconf 87' lang='lat' dir='ltr'><strong>In</strong></span> <span class='ocrx_word' id='word_1_229' title='bbox 1556 3327 1694 3381; x_wconf 84' lang='lat' dir='ltr'><strong>qua-</strong></span> 
     </span>
    </p>
   </div>
   <div class='ocr_carea' id='block_1_34' title="bbox 148 3394 1694 3471">
    <p class='ocr_par' dir='ltr' id='par_1_34' title="bbox 148 3394 1694 3471">
     <span class='ocr_line' id='line_1_34' title="bbox 148 3394 1694 3471; baseline 0.008 -26"><span class='ocrx_word' id='word_1_230' title='bbox 148 3394 406 3466; x_wconf 81' lang='lat' dir='ltr'><strong>dragesima</strong></span> <span class='ocrx_word' id='word_1_231' title='bbox 436 3409 550 3457; x_wconf 89' lang='lat' dir='ltr'><strong>tres</strong></span> <span class='ocrx_word' id='word_1_232' title='bbox 575 3400 726 3466; x_wconf 88' lang='lat' dir='ltr'><strong>dies,</strong></span> <span class='ocrx_word' id='word_1_233' title='bbox 779 3416 876 3470; x_wconf 90' lang='lat' dir='ltr'><strong>per</strong></span> <span class='ocrx_word' id='word_1_234' title='bbox 911 3416 1049 3471; x_wconf 90' lang='lat' dir='ltr'><strong>quos</strong></span> <span class='ocrx_word' id='word_1_235' title='bbox 1092 3400 1363 3455; x_wconf 89' lang='lat' dir='ltr'><strong>silentium</strong></span> <span class='ocrx_word' id='word_1_236' title='bbox 1397 3411 1611 3457; x_wconf 82' lang='lat' dir='ltr'><strong>tenetur</strong></span> <span class='ocrx_word' id='word_1_237' title='bbox 1640 3402 1694 3458; x_wconf 78' lang='lat' dir='ltr'><strong>in</strong></span> 
     </span>
    </p>
   </div>
   <div class='ocr_carea' id='block_1_35' title="bbox 147 3486 1691 3564">
    <p class='ocr_par' dir='ltr' id='par_1_35' title="bbox 147 3486 1691 3564">
     <span class='ocr_line' id='line_1_35' title="bbox 147 3486 1691 3564; baseline 0.006 -25"><span class='ocrx_word' id='word_1_238' title='bbox 147 3486 347 3545; x_wconf 86' lang='lat' dir='ltr'><strong>claustro</strong></span> <span class='ocrx_word' id='word_1_239' title='bbox 375 3508 546 3563; x_wconf 90' lang='lat' dir='ltr'><strong>usque</strong></span> <span class='ocrx_word' id='word_1_240' title='bbox 574 3493 647 3548; x_wconf 89' lang='lat' dir='ltr'><strong>ad</strong></span> <span class='ocrx_word' id='word_1_241' title='bbox 678 3504 913 3548; x_wconf 79' lang='lat' dir='ltr'><strong>sextam.</strong></span> <span class='ocrx_word' id='word_1_242' title='bbox 946 3492 1003 3548; x_wconf 91' lang='lat' dir='ltr'><strong>Si</strong></span> <span class='ocrx_word' id='word_1_243' title='bbox 1034 3508 1154 3563; x_wconf 75' lang='lat' dir='ltr'><strong>quae</strong></span> <span class='ocrx_word' id='word_1_244' title='bbox 1184 3492 1450 3548; x_wconf 85' lang='lat' dir='ltr'><strong>festivitas</strong></span> <span class='ocrx_word' id='word_1_245' title='bbox 1479 3495 1655 3564; x_wconf 90' lang='lat' dir='ltr'><strong>agitur</strong></span> <span class='ocrx_word' id='word_1_246' title='bbox 1675 3534 1691 3559; x_wconf 88' lang='lat'><strong>,</strong></span> 
     </span>
    </p>
   </div>
   <div class='ocr_carea' id='block_1_36' title="bbox 148 3582 1692 3654">
    <p class='ocr_par' dir='ltr' id='par_1_36' title="bbox 148 3582 1692 3654">
     <span class='ocr_line' id='line_1_36' title="bbox 148 3582 1692 3654; baseline 0.006 -24"><span class='ocrx_word' id='word_1_247' title='bbox 148 3591 224 3649; x_wconf 86' lang='lat' dir='ltr'><strong>usq</strong></span> <span class='ocrx_word' id='word_1_248' title='bbox 242 3593 287 3634; x_wconf 81' lang='lat' dir='ltr'><strong>te</strong></span> <span class='ocrx_word' id='word_1_249' title='bbox 308 3582 367 3637; x_wconf 90' lang='lat' dir='ltr'><strong>ad</strong></span> <span class='ocrx_word' id='word_1_250' title='bbox 400 3584 639 3638; x_wconf 87' lang='lat' dir='ltr'><strong>tertiam.</strong></span> <span class='ocrx_word' id='word_1_251' title='bbox 672 3582 739 3637; x_wconf 86' lang='lat' dir='ltr'><strong>Et</strong></span> <span class='ocrx_word' id='word_1_252' title='bbox 767 3584 1047 3640; x_wconf 91' lang='lat' dir='ltr'><strong>sciendum</strong></span> <span class='ocrx_word' id='word_1_253' title='bbox 1080 3591 1194 3648; x_wconf 89' lang='lat' dir='ltr'><strong>est,</strong></span> <span class='ocrx_word' id='word_1_254' title='bbox 1232 3583 1375 3653; x_wconf 89' lang='lat' dir='ltr'><strong>quod</strong></span> <span class='ocrx_word' id='word_1_255' title='bbox 1420 3591 1545 3639; x_wconf 89' lang='lat' dir='ltr'><strong>ante</strong></span> <span class='ocrx_word' id='word_1_256' title='bbox 1577 3584 1692 3654; x_wconf 90' lang='lat' dir='ltr'><strong>pri-</strong></span> 
     </span>
    </p>
   </div>
   <div class='ocr_carea' id='block_1_37' title="bbox 147 3675 1691 3748">
    <p class='ocr_par' dir='ltr' id='par_1_37' title="bbox 147 3675 1691 3748">
     <span class='ocr_line' id='line_1_37' title="bbox 147 3675 1691 3748; baseline 0.006 -25"><span class='ocrx_word' id='word_1_257' title='bbox 147 3685 294 3740; x_wconf 86' lang='lat' dir='ltr'><strong>mam,</strong></span> <span class='ocrx_word' id='word_1_258' title='bbox 361 3687 648 3747; x_wconf 62' lang='lat' dir='ltr'><strong>postquam</strong></span> <span class='ocrx_word' id='word_1_259' title='bbox 719 3677 924 3747; x_wconf 91' lang='lat' dir='ltr'><strong>pulsari</strong></span> <span class='ocrx_word' id='word_1_260' title='bbox 983 3677 1239 3748; x_wconf 70' lang='lat' dir='ltr'><strong>cmperit,</strong></span> <span class='ocrx_word' id='word_1_261' title='bbox 1297 3675 1691 3733; x_wconf 72' lang='lat' dir='ltr'><strong>confessionem</strong></span> 
     </span>
    </p>
   </div>
   <div class='ocr_carea' id='block_1_38' title="bbox 146 3757 1694 3838">
    <p class='ocr_par' dir='ltr' id='par_1_38' title="bbox 146 3757 1694 3838">
     <span class='ocr_line' id='line_1_38' title="bbox 146 3757 1694 3838; baseline 0.008 -26"><span class='ocrx_word' id='word_1_262' title='bbox 146 3757 292 3819; x_wconf 87' lang='lat' dir='ltr'><strong>facere</strong></span> <span class='ocrx_word' id='word_1_263' title='bbox 313 3767 440 3823; x_wconf 86' lang='lat' dir='ltr'><strong>nulli</strong></span> <span class='ocrx_word' id='word_1_264' title='bbox 468 3768 655 3824; x_wconf 66' lang='lat' dir='ltr'><strong>licebit</strong></span> <span class='ocrx_word' id='word_1_265' title='bbox 686 3808 702 3833; x_wconf 92' lang='lat'><strong>,</strong></span> <span class='ocrx_word' id='word_1_266' title='bbox 725 3768 829 3823; x_wconf 91' lang='lat' dir='ltr'><strong>nisi</strong></span> <span class='ocrx_word' id='word_1_267' title='bbox 860 3769 944 3834; x_wconf 90' lang='lat' dir='ltr'><strong>ei,</strong></span> <span class='ocrx_word' id='word_1_268' title='bbox 976 3768 1068 3838; x_wconf 93' lang='lat' dir='ltr'><strong>qui</strong></span> <span class='ocrx_word' id='word_1_269' title='bbox 1106 3776 1234 3824; x_wconf 89' lang='lat' dir='ltr'><strong>ante</strong></span> <span class='ocrx_word' id='word_1_270' title='bbox 1262 3768 1574 3836; x_wconf 83' lang='lat' dir='ltr'><strong>inchoavit,</strong></span> <span class='ocrx_word' id='word_1_271' title='bbox 1606 3770 1694 3826; x_wconf 88' lang='lat' dir='ltr'><strong>vel</strong></span> 
     </span>
    </p>
   </div>
   <div class='ocr_carea' id='block_1_39' title="bbox 146 3852 1696 3931">
    <p class='ocr_par' dir='ltr' id='par_1_39' title="bbox 146 3852 1696 3931">
     <span class='ocr_line' id='line_1_39' title="bbox 146 3852 1696 3931; baseline 0.008 -27"><span class='ocrx_word' id='word_1_272' title='bbox 146 3852 299 3910; x_wconf 86' lang='lat' dir='ltr'><strong>saltem</strong></span> <span class='ocrx_word' id='word_1_273' title='bbox 347 3859 644 3931; x_wconf 86' lang='lat' dir='ltr'><strong>capitulum</strong></span> <span class='ocrx_word' id='word_1_274' title='bbox 699 3868 923 3929; x_wconf 88' lang='lat' dir='ltr'><strong>propter</strong></span> <span class='ocrx_word' id='word_1_275' title='bbox 981 3860 1082 3914; x_wconf 91' lang='lat' dir='ltr'><strong>hoc</strong></span> <span class='ocrx_word' id='word_1_276' title='bbox 1144 3859 1406 3921; x_wconf 87' lang='lat' dir='ltr'><strong>intravit,</strong></span> <span class='ocrx_word' id='word_1_277' title='bbox 1455 3861 1696 3916; x_wconf 88' lang='lat' dir='ltr'><strong>breviter</strong></span> 
     </span>
    </p>
   </div>
   <div class='ocr_carea' id='block_1_40' title="bbox 144 3948 1695 4023">
    <p class='ocr_par' dir='ltr' id='par_1_40' title="bbox 144 3948 1695 4023">
     <span class='ocr_line' id='line_1_40' title="bbox 144 3948 1695 4023; baseline 0.006 -25"><span class='ocrx_word' id='word_1_278' title='bbox 144 3948 365 4011; x_wconf 83' lang='lat' dir='ltr'><strong>perﬁcere</strong></span> <span class='ocrx_word' id='word_1_279' title='bbox 396 3953 619 4022; x_wconf 90' lang='lat' dir='ltr'><strong>poterit.</strong></span> <span class='ocrx_word' id='word_1_280' title='bbox 669 3951 934 4006; x_wconf 88' lang='lat' dir='ltr'><strong>Similiter</strong></span> <span class='ocrx_word' id='word_1_281' title='bbox 978 3959 1035 4006; x_wconf 93' lang='lat' dir='ltr'><strong>et</strong></span> <span class='ocrx_word' id='word_1_282' title='bbox 1080 3961 1207 4007; x_wconf 90' lang='lat' dir='ltr'><strong>ante</strong></span> <span class='ocrx_word' id='word_1_283' title='bbox 1263 3953 1477 4006; x_wconf 90' lang='lat' dir='ltr'><strong>tertiam</strong></span> <span class='ocrx_word' id='word_1_284' title='bbox 1505 3993 1520 4019; x_wconf 91' lang='lat'><strong>,</strong></span> <span class='ocrx_word' id='word_1_285' title='bbox 1575 3962 1695 4023; x_wconf 89' lang='lat' dir='ltr'><strong>post</strong></span> 
     </span>
    </p>
   </div>
   <div class='ocr_carea' id='block_1_41' title="bbox 145 4025 1692 4113">
    <p class='ocr_par' dir='ltr' id='par_1_41' title="bbox 145 4025 1692 4113">
     <span class='ocr_line' id='line_1_41' title="bbox 145 4025 1692 4113; baseline 0.007 -29"><span class='ocrx_word' id='word_1_286' title='bbox 145 4036 345 4094; x_wconf 84' lang='lat' dir='ltr'><strong>auditum</strong></span> <span class='ocrx_word' id='word_1_287' title='bbox 371 4025 587 4113; x_wconf 82' lang='lat' dir='ltr'><strong>signum</strong></span> <span class='ocrx_word' id='word_1_288' title='bbox 620 4041 687 4096; x_wconf 88' lang='lat' dir='ltr'><strong>ad</strong></span> <span class='ocrx_word' id='word_1_289' title='bbox 720 4040 1006 4095; x_wconf 89' lang='lat' dir='ltr'><strong>lavandum</strong></span> <span class='ocrx_word' id='word_1_290' title='bbox 1032 4080 1046 4106; x_wconf 90' lang='lat'><strong>,</strong></span> <span class='ocrx_word' id='word_1_291' title='bbox 1098 4039 1143 4093; x_wconf 91' lang='lat' dir='ltr'><strong>is</strong></span> <span class='ocrx_word' id='word_1_292' title='bbox 1166 4079 1182 4105; x_wconf 93' lang='lat'><strong>,</strong></span> <span class='ocrx_word' id='word_1_293' title='bbox 1223 4041 1312 4109; x_wconf 91' lang='lat' dir='ltr'><strong>qui</strong></span> <span class='ocrx_word' id='word_1_294' title='bbox 1355 4038 1471 4108; x_wconf 91' lang='lat' dir='ltr'><strong>jam</strong></span> <span class='ocrx_word' id='word_1_295' title='bbox 1497 4042 1692 4111; x_wconf 78' lang='lat' dir='ltr'><strong>ctepit,</strong></span> 
     </span>
    </p>
   </div>
   <div class='ocr_carea' id='block_1_42' title="bbox 144 4122 1696 4203">
    <p class='ocr_par' dir='ltr' id='par_1_42' title="bbox 144 4122 1696 4203">
     <span class='ocr_line' id='line_1_42' title="bbox 144 4122 1696 4203; baseline 0.006 -25"><span class='ocrx_word' id='word_1_296' title='bbox 144 4125 351 4185; x_wconf 78' lang='lat' dir='ltr'><strong>celeriter</strong></span> <span class='ocrx_word' id='word_1_297' title='bbox 398 4133 634 4203; x_wconf 88' lang='lat' dir='ltr'><strong>perlicit.</strong></span> <span class='ocrx_word' id='word_1_298' title='bbox 689 4132 746 4187; x_wconf 90' lang='lat' dir='ltr'><strong>In</strong></span> <span class='ocrx_word' id='word_1_299' title='bbox 788 4131 872 4187; x_wconf 87' lang='lat' dir='ltr'><strong>his</strong></span> <span class='ocrx_word' id='word_1_300' title='bbox 926 4145 1056 4200; x_wconf 87' lang='lat' dir='ltr'><strong>ergo</strong></span> <span class='ocrx_word' id='word_1_301' title='bbox 1106 4122 1293 4195; x_wconf 81' lang='lat' dir='ltr'><strong>horis,</strong></span> <span class='ocrx_word' id='word_1_302' title='bbox 1360 4146 1696 4201; x_wconf 78' lang='lat' dir='ltr'><strong>qtuecunque</strong></span> 
     </span>
    </p>
   </div>
   <div class='ocr_carea' id='block_1_43' title="bbox 143 4221 1691 4289">
    <p class='ocr_par' dir='ltr' id='par_1_43' title="bbox 143 4221 1691 4289">
     <span class='ocr_line' id='line_1_43' title="bbox 143 4221 1691 4289; baseline 0.006 -21"><span class='ocrx_word' id='word_1_303' title='bbox 143 4230 298 4275; x_wconf 88' lang='lat' dir='ltr'><strong>contra</strong></span> <span class='ocrx_word' id='word_1_304' title='bbox 319 4224 544 4281; x_wconf 86' lang='lat' dir='ltr'><strong>salutem</strong></span> <span class='ocrx_word' id='word_1_305' title='bbox 570 4225 769 4279; x_wconf 79' lang='lat' dir='ltr'><strong>anima:</strong></span> <span class='ocrx_word' id='word_1_306' title='bbox 796 4239 905 4278; x_wconf 85' lang='lat' dir='ltr'><strong>suae</strong></span> <span class='ocrx_word' id='word_1_307' title='bbox 928 4221 1200 4276; x_wconf 90' lang='lat' dir='ltr'><strong>commisit</strong></span> <span class='ocrx_word' id='word_1_308' title='bbox 1225 4221 1277 4277; x_wconf 94' lang='lat' dir='ltr'><strong>in</strong></span> <span class='ocrx_word' id='word_1_309' title='bbox 1295 4222 1401 4277; x_wconf 79' lang='lat' dir='ltr'><strong>vita</strong></span> <span class='ocrx_word' id='word_1_310' title='bbox 1424 4223 1691 4289; x_wconf 74' lang='lat' dir='ltr'><strong>s.rculari,</strong></span> 
     </span>
    </p>
   </div>
   <div class='ocr_carea' id='block_1_44' title="bbox 141 4312 1696 4394">
    <p class='ocr_par' dir='ltr' id='par_1_44' title="bbox 141 4312 1696 4394">
     <span class='ocr_line' id='line_1_44' title="bbox 141 4312 1696 4394; baseline -0.005 -18"><span class='ocrx_word' id='word_1_311' title='bbox 141 4312 338 4376; x_wconf 69' lang='lat' dir='ltr'><strong>Primum</strong></span> <span class='ocrx_word' id='word_1_312' title='bbox 374 4319 439 4393; x_wconf 80' lang='lat' dir='ltr'><strong>ad</strong></span> <span class='ocrx_word' id='word_1_313' title='bbox 473 4316 873 4394; x_wconf 79' lang='lat' dir='ltr'><strong>confessionem</strong></span> <span class='ocrx_word' id='word_1_314' title='bbox 916 4318 1227 4373; x_wconf 84' lang='lat' dir='ltr'><strong>manifestat</strong></span> <span class='ocrx_word' id='word_1_315' title='bbox 1274 4316 1474 4370; x_wconf 87' lang='lat' dir='ltr'><strong>domno</strong></span> <span class='ocrx_word' id='word_1_316' title='bbox 1516 4314 1696 4369; x_wconf 84' lang='lat' dir='ltr'><strong>abbati</strong></span> 
     </span>
    </p>
   </div>
   <div class='ocr_carea' id='block_1_45' title="bbox 141 4404 1697 4480">
    <p class='ocr_par' dir='ltr' id='par_1_45' title="bbox 141 4404 1697 4480">
     <span class='ocr_line' id='line_1_45' title="bbox 141 4404 1697 4480; baseline 0 -18"><span class='ocrx_word' id='word_1_317' title='bbox 141 4404 206 4457; x_wconf 72' lang='lat' dir='ltr'><strong>Vel</strong></span> <span class='ocrx_word' id='word_1_318' title='bbox 226 4408 410 4476; x_wconf 88' lang='lat' dir='ltr'><strong>priori,</strong></span> <span class='ocrx_word' id='word_1_319' title='bbox 437 4418 629 4480; x_wconf 81' lang='lat' dir='ltr'><strong>postea</strong></span> <span class='ocrx_word' id='word_1_320' title='bbox 659 4425 821 4472; x_wconf 80' lang='lat' dir='ltr'><strong>vero,</strong></span> <span class='ocrx_word' id='word_1_321' title='bbox 858 4425 981 4464; x_wconf 84' lang='lat' dir='ltr'><strong>cum</strong></span> <span class='ocrx_word' id='word_1_322' title='bbox 1005 4426 1143 4480; x_wconf 87' lang='lat' dir='ltr'><strong>opus</strong></span> <span class='ocrx_word' id='word_1_323' title='bbox 1170 4410 1333 4463; x_wconf 83' lang='lat' dir='ltr'><strong>habet</strong></span> <span class='ocrx_word' id='word_1_324' title='bbox 1370 4407 1439 4461; x_wconf 84' lang='lat' dir='ltr'><strong>ad</strong></span> <span class='ocrx_word' id='word_1_325' title='bbox 1482 4404 1697 4462; x_wconf 85' lang='lat' dir='ltr'><strong>confes-</strong></span> 
     </span>
    </p>
   </div>
   <div class='ocr_carea' id='block_1_46' title="bbox 144 4495 1691 4574">
    <p class='ocr_par' dir='ltr' id='par_1_46' title="bbox 144 4495 1691 4574">
     <span class='ocr_line' id='line_1_46' title="bbox 144 4495 1691 4574; baseline 0.006 -28"><span class='ocrx_word' id='word_1_326' title='bbox 144 4495 319 4554; x_wconf 84' lang='lat' dir='ltr'><strong>sionem</strong></span> <span class='ocrx_word' id='word_1_327' title='bbox 341 4518 438 4572; x_wconf 90' lang='lat' dir='ltr'><strong>pro</strong></span> <span class='ocrx_word' id='word_1_328' title='bbox 465 4503 650 4574; x_wconf 91' lang='lat' dir='ltr'><strong>aliquo</strong></span> <span class='ocrx_word' id='word_1_329' title='bbox 699 4518 928 4558; x_wconf 63' lang='lat' dir='ltr'><strong>excessu</strong></span> <span class='ocrx_word' id='word_1_330' title='bbox 982 4503 1206 4567; x_wconf 89' lang='lat' dir='ltr'><strong>venire,</strong></span> <span class='ocrx_word' id='word_1_331' title='bbox 1255 4500 1321 4555; x_wconf 91' lang='lat' dir='ltr'><strong>ad</strong></span> <span class='ocrx_word' id='word_1_332' title='bbox 1352 4499 1691 4556; x_wconf 84' lang='lat' dir='ltr'><strong>sacerdotem</strong></span> 
     </span>
    </p>
   </div>
   <div class='ocr_carea' id='block_1_47' title="bbox 138 4590 1688 4665">
    <p class='ocr_par' dir='ltr' id='par_1_47' title="bbox 138 4590 1688 4665">
     <span class='ocr_line' id='line_1_47' title="bbox 138 4590 1688 4665; baseline 0.003 -26"><span class='ocrx_word' id='word_1_333' title='bbox 138 4590 286 4658; x_wconf 81' lang='lat' dir='ltr'><strong>venit,</strong></span> <span class='ocrx_word' id='word_1_334' title='bbox 320 4594 383 4649; x_wconf 87' lang='lat' dir='ltr'><strong>ad</strong></span> <span class='ocrx_word' id='word_1_335' title='bbox 436 4611 601 4665; x_wconf 86' lang='lat' dir='ltr'><strong>quem</strong></span> <span class='ocrx_word' id='word_1_336' title='bbox 633 4595 973 4664; x_wconf 79' lang='lat' dir='ltr'><strong>potissimum</strong></span> <span class='ocrx_word' id='word_1_337' title='bbox 1022 4592 1287 4658; x_wconf 90' lang='lat' dir='ltr'><strong>voluerit,</strong></span> <span class='ocrx_word' id='word_1_338' title='bbox 1316 4607 1405 4646; x_wconf 83' lang='lat' dir='ltr'><strong>no.</strong></span> <span class='ocrx_word' id='word_1_339' title='bbox 1431 4590 1644 4645; x_wconf 92' lang='lat' dir='ltr'><strong>illorum</strong></span> <span class='ocrx_word' id='word_1_340' title='bbox 1672 4630 1688 4656; x_wconf 94' lang='lat'><strong>,</strong></span> 
     </span>
    </p>
   </div>
   <div class='ocr_carea' id='block_1_48' title="bbox 140 4682 1692 4756">
    <p class='ocr_par' dir='ltr' id='par_1_48' title="bbox 140 4682 1692 4756">
     <span class='ocr_line' id='line_1_48' title="bbox 140 4682 1692 4756; baseline 0.003 -23"><span class='ocrx_word' id='word_1_341' title='bbox 140 4682 304 4745; x_wconf 84' lang='lat' dir='ltr'><strong>quibus</strong></span> <span class='ocrx_word' id='word_1_342' title='bbox 323 4685 632 4756; x_wconf 82' lang='lat' dir='ltr'><strong>lmjusmodi</strong></span> <span class='ocrx_word' id='word_1_343' title='bbox 664 4686 898 4742; x_wconf 71' lang='lat' dir='ltr'><strong>officium</strong></span> <span class='ocrx_word' id='word_1_344' title='bbox 937 4684 1240 4753; x_wconf 83' lang='lat' dir='ltr'><strong>injuuetum</strong></span> <span class='ocrx_word' id='word_1_345' title='bbox 1286 4692 1401 4749; x_wconf 88' lang='lat' dir='ltr'><strong>est,</strong></span> <span class='ocrx_word' id='word_1_346' title='bbox 1440 4691 1497 4737; x_wconf 91' lang='lat' dir='ltr'><strong>et</strong></span> <span class='ocrx_word' id='word_1_347' title='bbox 1541 4692 1692 4737; x_wconf 90' lang='lat' dir='ltr'><strong>stans</strong></span> 
     </span>
    </p>
   </div>
   <div class='ocr_carea' id='block_1_49' title="bbox 138 4776 1692 4847">
    <p class='ocr_par' dir='ltr' id='par_1_49' title="bbox 138 4776 1692 4847">
     <span class='ocr_line' id='line_1_49' title="bbox 138 4776 1692 4847; baseline 0.003 -21"><span class='ocrx_word' id='word_1_348' title='bbox 138 4784 240 4831; x_wconf 85' lang='lat' dir='ltr'><strong>ante</strong></span> <span class='ocrx_word' id='word_1_349' title='bbox 264 4793 380 4834; x_wconf 91' lang='lat' dir='ltr'><strong>eum</strong></span> <span class='ocrx_word' id='word_1_350' title='bbox 416 4782 669 4836; x_wconf 80' lang='lat' dir='ltr'><strong>dextram</strong></span> <span class='ocrx_word' id='word_1_351' title='bbox 708 4780 775 4835; x_wconf 91' lang='lat' dir='ltr'><strong>de</strong></span> <span class='ocrx_word' id='word_1_352' title='bbox 814 4780 1025 4834; x_wconf 81' lang='lat' dir='ltr'><strong>manica</strong></span> <span class='ocrx_word' id='word_1_353' title='bbox 1059 4788 1303 4833; x_wconf 85' lang='lat' dir='ltr'><strong>extracta</strong></span> <span class='ocrx_word' id='word_1_354' title='bbox 1332 4776 1484 4847; x_wconf 92' lang='lat' dir='ltr'><strong>ponit</strong></span> <span class='ocrx_word' id='word_1_355' title='bbox 1528 4792 1692 4846; x_wconf 89' lang='lat' dir='ltr'><strong>super</strong></span> 
     </span>
    </p>
   </div>
   <div class='ocr_carea' id='block_1_50' title="bbox 136 4868 1689 4943">
    <p class='ocr_par' dir='ltr' id='par_1_50' title="bbox 136 4868 1689 4943">
     <span class='ocr_line' id='line_1_50' title="bbox 136 4868 1689 4943; baseline 0.002 -22"><span class='ocrx_word' id='word_1_356' title='bbox 136 4877 323 4937; x_wconf 85' lang='lat' dir='ltr'><strong>peetus,</strong></span> <span class='ocrx_word' id='word_1_357' title='bbox 391 4874 536 4943; x_wconf 89' lang='lat' dir='ltr'><strong>quod</strong></span> <span class='ocrx_word' id='word_1_358' title='bbox 586 4880 671 4928; x_wconf 90' lang='lat' dir='ltr'><strong>est</strong></span> <span class='ocrx_word' id='word_1_359' title='bbox 731 4873 947 4939; x_wconf 77' lang='lat' dir='ltr'><strong>signum</strong></span> <span class='ocrx_word' id='word_1_360' title='bbox 997 4869 1373 4925; x_wconf 89' lang='lat' dir='ltr'><strong>confessionis.</strong></span> <span class='ocrx_word' id='word_1_361' title='bbox 1422 4868 1689 4940; x_wconf 89' lang='lat' dir='ltr'><strong>Surgente</strong></span> 
     </span>
    </p>
   </div>
   <div class='ocr_carea' id='block_1_51' title="bbox 135 4963 1688 5034">
    <p class='ocr_par' dir='ltr' id='par_1_51' title="bbox 135 4963 1688 5034">
     <span class='ocr_line' id='line_1_51' title="bbox 135 4963 1688 5034; baseline 0.001 -19"><span class='ocrx_word' id='word_1_362' title='bbox 135 4964 286 5017; x_wconf 80' lang='lat' dir='ltr'><strong>autem</strong></span> <span class='ocrx_word' id='word_1_363' title='bbox 306 4966 589 5022; x_wconf 88' lang='lat' dir='ltr'><strong>sacerdote</strong></span> <span class='ocrx_word' id='word_1_364' title='bbox 612 4974 668 5021; x_wconf 92' lang='lat' dir='ltr'><strong>et</strong></span> <span class='ocrx_word' id='word_1_365' title='bbox 696 4967 762 5020; x_wconf 89' lang='lat' dir='ltr'><strong>ad</strong></span> <span class='ocrx_word' id='word_1_366' title='bbox 789 4963 1086 5033; x_wconf 87' lang='lat' dir='ltr'><strong>capitulum</strong></span> <span class='ocrx_word' id='word_1_367' title='bbox 1116 4964 1480 5034; x_wconf 65' lang='lat' dir='ltr'><strong>prmcedente,</strong></span> <span class='ocrx_word' id='word_1_368' title='bbox 1506 4963 1688 5031; x_wconf 91' lang='lat' dir='ltr'><strong>sequi-</strong></span> 
     </span>
    </p>
   </div>
   <div class='ocr_carea' id='block_1_52' title="bbox 135 5054 1690 5127">
    <p class='ocr_par' dir='ltr' id='par_1_52' title="bbox 135 5054 1690 5127">
     <span class='ocr_line' id='line_1_52' title="bbox 135 5054 1690 5127; baseline 0.005 -26"><span class='ocrx_word' id='word_1_369' title='bbox 135 5057 207 5104; x_wconf 90' lang='lat' dir='ltr'><strong>tur</strong></span> <span class='ocrx_word' id='word_1_370' title='bbox 243 5055 404 5111; x_wconf 88' lang='lat' dir='ltr'><strong>illum.</strong></span> <span class='ocrx_word' id='word_1_371' title='bbox 446 5058 515 5113; x_wconf 85' lang='lat' dir='ltr'><strong>Et</strong></span> <span class='ocrx_word' id='word_1_372' title='bbox 544 5058 777 5127; x_wconf 90' lang='lat' dir='ltr'><strong>primum</strong></span> <span class='ocrx_word' id='word_1_373' title='bbox 809 5065 935 5112; x_wconf 91' lang='lat' dir='ltr'><strong>ante</strong></span> <span class='ocrx_word' id='word_1_374' title='bbox 960 5070 1084 5111; x_wconf 91' lang='lat' dir='ltr'><strong>eum</strong></span> <span class='ocrx_word' id='word_1_375' title='bbox 1118 5054 1334 5110; x_wconf 89' lang='lat' dir='ltr'><strong>veniam</strong></span> <span class='ocrx_word' id='word_1_376' title='bbox 1380 5054 1534 5124; x_wconf 89' lang='lat' dir='ltr'><strong>petit,</strong></span> <span class='ocrx_word' id='word_1_377' title='bbox 1575 5062 1690 5108; x_wconf 92' lang='lat' dir='ltr'><strong>toto</strong></span> 
     </span>
    </p>
   </div>
   <div class='ocr_carea' id='block_1_53' title="bbox 133 5148 1688 5219">
    <p class='ocr_par' dir='ltr' id='par_1_53' title="bbox 133 5148 1688 5219">
     <span class='ocr_line' id='line_1_53' title="bbox 133 5148 1688 5219; baseline 0.006 -27"><span class='ocrx_word' id='word_1_378' title='bbox 133 5155 331 5214; x_wconf 89' lang='lat' dir='ltr'><strong>corporo</strong></span> <span class='ocrx_word' id='word_1_379' title='bbox 362 5158 703 5219; x_wconf 87' lang='lat' dir='ltr'><strong>prostratus,</strong></span> <span class='ocrx_word' id='word_1_380' title='bbox 765 5148 960 5204; x_wconf 89' lang='lat' dir='ltr'><strong>deinde</strong></span> <span class='ocrx_word' id='word_1_381' title='bbox 1007 5148 1082 5202; x_wconf 89' lang='lat' dir='ltr'><strong>illi</strong></span> <span class='ocrx_word' id='word_1_382' title='bbox 1131 5156 1322 5203; x_wconf 89' lang='lat' dir='ltr'><strong>contra</strong></span> <span class='ocrx_word' id='word_1_383' title='bbox 1368 5161 1427 5201; x_wconf 89' lang='lat' dir='ltr'><strong>se</strong></span> <span class='ocrx_word' id='word_1_384' title='bbox 1464 5161 1688 5201; x_wconf 89' lang='lat' dir='ltr'><strong>manum</strong></span> 
     </span>
    </p>
   </div>
   <div class='ocr_carea' id='block_1_54' title="bbox 132 5234 1684 5314">
    <p class='ocr_par' dir='ltr' id='par_1_54' title="bbox 132 5234 1684 5314">
     <span class='ocr_line' id='line_1_54' title="bbox 132 5234 1684 5314; baseline 0.001 -22"><span class='ocrx_word' id='word_1_385' title='bbox 132 5234 185 5287; x_wconf 72' lang='lat' dir='ltr'><strong>ad</strong></span> <span class='ocrx_word' id='word_1_386' title='bbox 210 5240 588 5297; x_wconf 75' lang='lat' dir='ltr'><strong>subleVandum</strong></span> <span class='ocrx_word' id='word_1_387' title='bbox 624 5242 967 5314; x_wconf 88' lang='lat' dir='ltr'><strong>protendenti</strong></span> <span class='ocrx_word' id='word_1_388' title='bbox 996 5240 1155 5297; x_wconf 88' lang='lat' dir='ltr'><strong>simul</strong></span> <span class='ocrx_word' id='word_1_389' title='bbox 1184 5249 1244 5296; x_wconf 90' lang='lat' dir='ltr'><strong>et</strong></span> <span class='ocrx_word' id='word_1_390' title='bbox 1291 5240 1684 5310; x_wconf 84' lang='lat' dir='ltr'><strong>interroganti,</strong></span> 
     </span>
    </p>
   </div>
   <div class='ocr_carea' id='block_1_55' title="bbox 132 5326 1684 5407">
    <p class='ocr_par' dir='ltr' id='par_1_55' title="bbox 132 5326 1684 5407">
     <span class='ocr_line' id='line_1_55' title="bbox 132 5326 1684 5407; baseline 0.004 -27"><span class='ocrx_word' id='word_1_391' title='bbox 132 5326 248 5393; x_wconf 85' lang='lat' dir='ltr'><strong>Quid</strong></span> <span class='ocrx_word' id='word_1_392' title='bbox 269 5334 480 5390; x_wconf 85' lang='lat' dir='ltr'><strong>dicitis?</strong></span> <span class='ocrx_word' id='word_1_393' title='bbox 509 5338 525 5357; x_wconf 79' lang='lat'><strong>’</strong></span> <span class='ocrx_word' id='word_1_394' title='bbox 548 5335 898 5407; x_wconf 75' lang='lat' dir='ltr'><strong>Respondet:</strong></span> <span class='ocrx_word' id='word_1_395' title='bbox 927 5334 1049 5389; x_wconf 81' lang='lat' dir='ltr'><strong>Mea</strong></span> <span class='ocrx_word' id='word_1_396' title='bbox 1086 5334 1267 5404; x_wconf 79' lang='lat' dir='ltr'><strong>culpa.</strong></span> <span class='ocrx_word' id='word_1_397' title='bbox 1296 5336 1336 5388; x_wconf 84' lang='lat' dir='ltr'><strong>A</strong></span> <span class='ocrx_word' id='word_1_398' title='bbox 1366 5350 1474 5404; x_wconf 89' lang='lat' dir='ltr'><strong>quo</strong></span> <span class='ocrx_word' id='word_1_399' title='bbox 1498 5331 1684 5402; x_wconf 87' lang='lat' dir='ltr'><strong>jussus</strong></span> 
     </span>
    </p>
   </div>
   <div class='ocr_carea' id='block_1_56' title="bbox 132 5423 1687 5500">
    <p class='ocr_par' dir='ltr' id='par_1_56' title="bbox 132 5423 1687 5500">
     <span class='ocr_line' id='line_1_56' title="bbox 132 5423 1687 5500; baseline 0.003 -27"><span class='ocrx_word' id='word_1_400' title='bbox 132 5434 180 5475; x_wconf 88' lang='lat' dir='ltr'><strong>sc</strong></span> <span class='ocrx_word' id='word_1_401' title='bbox 197 5423 393 5495; x_wconf 87' lang='lat' dir='ltr'><strong>levare,</strong></span> <span class='ocrx_word' id='word_1_402' title='bbox 424 5439 706 5500; x_wconf 84' lang='lat' dir='ltr'><strong>postquam</strong></span> <span class='ocrx_word' id='word_1_403' title='bbox 731 5429 1075 5494; x_wconf 80' lang='lat' dir='ltr'><strong>consederit,</strong></span> <span class='ocrx_word' id='word_1_404' title='bbox 1108 5428 1200 5483; x_wconf 92' lang='lat' dir='ltr'><strong>illo</strong></span> <span class='ocrx_word' id='word_1_405' title='bbox 1221 5427 1433 5483; x_wconf 89' lang='lat' dir='ltr'><strong>dicente</strong></span> <span class='ocrx_word' id='word_1_406' title='bbox 1463 5426 1687 5481; x_wconf 81' lang='lat' dir='ltr'><strong>Benedi-</strong></span> 
     </span>
    </p>
   </div>
   <div class='ocr_carea' id='block_1_57' title="bbox 130 5518 1684 5597">
    <p class='ocr_par' dir='ltr' id='par_1_57' title="bbox 130 5518 1684 5597">
     <span class='ocr_line' id='line_1_57' title="bbox 130 5518 1684 5597; baseline 0.005 -29"><span class='ocrx_word' id='word_1_407' title='bbox 130 5518 576 5597; x_wconf 78' lang='lat' dir='ltr'><strong>cite:ReSpondet</strong></span> <span class='ocrx_word' id='word_1_408' title='bbox 621 5527 917 5582; x_wconf 77' lang='lat' dir='ltr'><strong>Dominus:</strong></span> <span class='ocrx_word' id='word_1_409' title='bbox 947 5535 1003 5582; x_wconf 91' lang='lat' dir='ltr'><strong>et</strong></span> <span class='ocrx_word' id='word_1_410' title='bbox 1048 5534 1176 5580; x_wconf 89' lang='lat' dir='ltr'><strong>tunc</strong></span> <span class='ocrx_word' id='word_1_411' title='bbox 1217 5523 1491 5593; x_wconf 86' lang='lat' dir='ltr'><strong>loquitur,</strong></span> <span class='ocrx_word' id='word_1_412' title='bbox 1540 5521 1684 5593; x_wconf 91' lang='lat' dir='ltr'><strong>quod</strong></span> 
     </span>
    </p>
   </div>
   <div class='ocr_carea' id='block_1_58' title="bbox 133 5606 1682 5689">
    <p class='ocr_par' dir='ltr' id='par_1_58' title="bbox 133 5606 1682 5689">
     <span class='ocr_line' id='line_1_58' title="bbox 133 5606 1682 5689; baseline 0.003 -26"><span class='ocrx_word' id='word_1_413' title='bbox 133 5606 288 5667; x_wconf 83' lang='lat' dir='ltr'><strong>habet.</strong></span> <span class='ocrx_word' id='word_1_414' title='bbox 318 5616 469 5684; x_wconf 86' lang='lat' dir='ltr'><strong>Quod</strong></span> <span class='ocrx_word' id='word_1_415' title='bbox 517 5618 562 5673; x_wconf 90' lang='lat' dir='ltr'><strong>si</strong></span> <span class='ocrx_word' id='word_1_416' title='bbox 601 5627 656 5674; x_wconf 93' lang='lat' dir='ltr'><strong>et</strong></span> <span class='ocrx_word' id='word_1_417' title='bbox 700 5618 817 5689; x_wconf 88' lang='lat' dir='ltr'><strong>ipse</strong></span> <span class='ocrx_word' id='word_1_418' title='bbox 843 5616 1100 5674; x_wconf 89' lang='lat' dir='ltr'><strong>sacerdos</strong></span> <span class='ocrx_word' id='word_1_419' title='bbox 1124 5625 1239 5683; x_wconf 88' lang='lat' dir='ltr'><strong>est,</strong></span> <span class='ocrx_word' id='word_1_420' title='bbox 1293 5615 1409 5670; x_wconf 87' lang='lat' dir='ltr'><strong>sive</strong></span> <span class='ocrx_word' id='word_1_421' title='bbox 1458 5628 1682 5669; x_wconf 77' lang='lat' dir='ltr'><strong>missam</strong></span> 
     </span>
    </p>
   </div>
   <div class='ocr_carea' id='block_1_59' title="bbox 1269 333 2362 402">
    <p class='ocr_par' dir='ltr' id='par_1_59' title="bbox 1269 333 2362 402">
     <span class='ocr_line' id='line_1_59' title="bbox 1269 333 2362 402; baseline 0.002 -4"><span class='ocrx_word' id='word_1_422' title='bbox 1269 340 1659 400; x_wconf 67' lang='lat' dir='ltr'><strong>CONSTITUT</strong></span> <span class='ocrx_word' id='word_1_423' title='bbox 1708 340 2032 401; x_wconf 79' lang='lat' dir='ltr'><strong>HIRSAUG.</strong></span> <span class='ocrx_word' id='word_1_424' title='bbox 2069 333 2283 402; x_wconf 56' lang='lat' dir='ltr'><strong>l—LIB.</strong></span> <span class='ocrx_word' id='word_1_425' title='bbox 2323 356 2362 401; x_wconf 86' lang='grc' dir='ltr'>ι.</span> 
     </span>
    </p>
   </div>
   <div class='ocr_carea' id='block_1_60' title="bbox 3290 334 3393 412">
    <p class='ocr_par' dir='ltr' id='par_1_60' title="bbox 3290 334 3393 412">
     <span class='ocr_line' id='line_1_60' title="bbox 3290 334 3393 412; baseline 0.029 -4"><span class='ocrx_word' id='word_1_426' title='bbox 3290 334 3393 412; x_wconf 66' lang='lat' dir='ltr'><strong>an</strong></span> 
     </span>
    </p>
   </div>
   <div class='ocr_carea' id='block_1_61' title="bbox 1806 459 3392 538">
    <p class='ocr_par' dir='ltr' id='par_1_61' title="bbox 1806 459 3392 538">
     <span class='ocr_line' id='line_1_61' title="bbox 1806 459 3392 538; baseline 0.008 -25"><span class='ocrx_word' id='word_1_427' title='bbox 1806 459 2092 517; x_wconf 84' lang='lat' dir='ltr'><strong>celebrans</strong></span> <span class='ocrx_word' id='word_1_428' title='bbox 2118 501 2133 527; x_wconf 91' lang='lat'><strong>,</strong></span> <span class='ocrx_word' id='word_1_429' title='bbox 2165 462 2280 516; x_wconf 88' lang='lat' dir='ltr'><strong>sive</strong></span> <span class='ocrx_word' id='word_1_430' title='bbox 2304 475 2446 526; x_wconf 90' lang='lat' dir='ltr'><strong>non,</strong></span> <span class='ocrx_word' id='word_1_431' title='bbox 2492 472 2635 516; x_wconf 84' lang='lat' dir='ltr'><strong>mox</strong></span> <span class='ocrx_word' id='word_1_432' title='bbox 2687 469 2741 516; x_wconf 91' lang='lat' dir='ltr'><strong>ut</strong></span> <span class='ocrx_word' id='word_1_433' title='bbox 2788 476 2817 516; x_wconf 73' lang='grc' dir='ltr'>ει</span> <span class='ocrx_word' id='word_1_434' title='bbox 2865 464 3021 520; x_wconf 89' lang='lat' dir='ltr'><strong>venia</strong></span> <span class='ocrx_word' id='word_1_435' title='bbox 3054 471 3392 538; x_wconf 79' lang='lat' dir='ltr'><strong>surrexerit,</strong></span> 
     </span>
    </p>
   </div>
   <div class='ocr_carea' id='block_1_62' title="bbox 1807 548 3439 626">
    <p class='ocr_par' dir='ltr' id='par_1_62' title="bbox 1807 548 3439 626">
     <span class='ocr_line' id='line_1_62' title="bbox 1807 548 3439 626; baseline 0.007 -23"><span class='ocrx_word' id='word_1_436' title='bbox 1807 548 1896 605; x_wconf 92' lang='lat' dir='ltr'><strong>ille</strong></span> <span class='ocrx_word' id='word_1_437' title='bbox 1928 551 2070 606; x_wconf 85' lang='lat' dir='ltr'><strong>alter</strong></span> <span class='ocrx_word' id='word_1_438' title='bbox 2093 552 2159 606; x_wconf 90' lang='lat' dir='ltr'><strong>ad</strong></span> <span class='ocrx_word' id='word_1_439' title='bbox 2189 551 2417 606; x_wconf 91' lang='lat' dir='ltr'><strong>eandem</strong></span> <span class='ocrx_word' id='word_1_440' title='bbox 2450 550 2660 605; x_wconf 86' lang='lat' dir='ltr'><strong>veniam</strong></span> <span class='ocrx_word' id='word_1_441' title='bbox 2706 552 2962 618; x_wconf 82' lang='lat' dir='ltr'><strong>inflectit,</strong></span> <span class='ocrx_word' id='word_1_442' title='bbox 2994 556 3060 610; x_wconf 91' lang='lat' dir='ltr'><strong>de</strong></span> <span class='ocrx_word' id='word_1_443' title='bbox 3090 566 3196 626; x_wconf 90' lang='lat' dir='ltr'><strong>qua</strong></span> <span class='ocrx_word' id='word_1_444' title='bbox 3225 560 3392 614; x_wconf 87' lang='lat' dir='ltr'><strong>etiam</strong></span> <span class='ocrx_word' id='word_1_445' title='bbox 3436 576 3439 579; x_wconf 55' lang='grc' dir='ltr'><strong><em>λ</em></strong></span> 
     </span>
    </p>
   </div>
   <div class='ocr_carea' id='block_1_63' title="bbox 1805 637 3392 718">
    <p class='ocr_par' dir='ltr' id='par_1_63' title="bbox 1805 637 3392 718">
     <span class='ocr_line' id='line_1_63' title="bbox 1805 637 3392 718; baseline 0.008 -29"><span class='ocrx_word' id='word_1_446' title='bbox 1805 637 2078 709; x_wconf 84' lang='lat' dir='ltr'><strong>(quamvis</strong></span> <span class='ocrx_word' id='word_1_447' title='bbox 2129 640 2199 695; x_wconf 87' lang='lat' dir='ltr'><strong>ab</strong></span> <span class='ocrx_word' id='word_1_448' title='bbox 2246 639 2351 693; x_wconf 90' lang='lat' dir='ltr'><strong>isto</strong></span> <span class='ocrx_word' id='word_1_449' title='bbox 2400 639 2472 694; x_wconf 88' lang='lat' dir='ltr'><strong>sit</strong></span> <span class='ocrx_word' id='word_1_450' title='bbox 2523 640 2883 711; x_wconf 90' lang='lat' dir='ltr'><strong>sustentatus)</strong></span> <span class='ocrx_word' id='word_1_451' title='bbox 2941 658 3047 698; x_wconf 91' lang='lat' dir='ltr'><strong>non</strong></span> <span class='ocrx_word' id='word_1_452' title='bbox 3089 659 3150 700; x_wconf 90' lang='lat' dir='ltr'><strong>se</strong></span> <span class='ocrx_word' id='word_1_453' title='bbox 3191 647 3392 718; x_wconf 86' lang='lat' dir='ltr'><strong>erigit,</strong></span> 
     </span>
    </p>
   </div>
   <div class='ocr_carea' id='block_1_64' title="bbox 1800 730 3387 808">
    <p class='ocr_par' dir='ltr' id='par_1_64' title="bbox 1800 730 3387 808">
     <span class='ocr_line' id='line_1_64' title="bbox 1800 730 3387 808; baseline 0.007 -25"><span class='ocrx_word' id='word_1_454' title='bbox 1800 730 2119 802; x_wconf 79' lang='lat' dir='ltr'><strong>priusquam</strong></span> <span class='ocrx_word' id='word_1_455' title='bbox 2146 740 2201 787; x_wconf 88' lang='lat' dir='ltr'><strong>et</strong></span> <span class='ocrx_word' id='word_1_456' title='bbox 2224 731 2299 787; x_wconf 93' lang='lat' dir='ltr'><strong>illi</strong></span> <span class='ocrx_word' id='word_1_457' title='bbox 2332 731 2723 803; x_wconf 83' lang='lat' dir='ltr'><strong>interroganti,</strong></span> <span class='ocrx_word' id='word_1_458' title='bbox 2757 749 2873 788; x_wconf 87' lang='lat' dir='ltr'><strong>mea</strong></span> <span class='ocrx_word' id='word_1_459' title='bbox 2914 734 3096 804; x_wconf 84' lang='lat' dir='ltr'><strong>culpa,</strong></span> <span class='ocrx_word' id='word_1_460' title='bbox 3156 752 3387 808; x_wconf 62' lang='lat' dir='ltr'><strong>respon¢</strong></span> 
     </span>
    </p>
   </div>
   <div class='ocr_carea' id='block_1_65' title="bbox 1801 823 3389 898">
    <p class='ocr_par' dir='ltr' id='par_1_65' title="bbox 1801 823 3389 898">
     <span class='ocr_line' id='line_1_65' title="bbox 1801 823 3389 898; baseline 0.004 -19"><span class='ocrx_word' id='word_1_461' title='bbox 1801 823 1962 881; x_wconf 83' lang='lat' dir='ltr'><strong>derit.</strong></span> <span class='ocrx_word' id='word_1_462' title='bbox 1995 825 2095 892; x_wconf 89' lang='lat' dir='ltr'><strong>Qui</strong></span> <span class='ocrx_word' id='word_1_463' title='bbox 2122 832 2176 880; x_wconf 91' lang='lat' dir='ltr'><strong>et</strong></span> <span class='ocrx_word' id='word_1_464' title='bbox 2201 825 2267 880; x_wconf 88' lang='lat' dir='ltr'><strong>ad</strong></span> <span class='ocrx_word' id='word_1_465' title='bbox 2297 825 2544 879; x_wconf 91' lang='lat' dir='ltr'><strong>ultimum</strong></span> <span class='ocrx_word' id='word_1_466' title='bbox 2577 824 2863 895; x_wconf 86' lang='lat' dir='ltr'><strong>postquam</strong></span> <span class='ocrx_word' id='word_1_467' title='bbox 2905 825 2979 880; x_wconf 92' lang='lat' dir='ltr'><strong>illi</strong></span> <span class='ocrx_word' id='word_1_468' title='bbox 3013 829 3389 898; x_wconf 76' lang='lat' dir='ltr'><strong>pmnitentiam</strong></span> 
     </span>
    </p>
   </div>
   <div class='ocr_carea' id='block_1_66' title="bbox 1798 906 3393 989">
    <p class='ocr_par' dir='ltr' id='par_1_66' title="bbox 1798 906 3393 989">
     <span class='ocr_line' id='line_1_66' title="bbox 1798 906 3393 989; baseline 0.006 -20"><span class='ocrx_word' id='word_1_469' title='bbox 1798 932 1902 987; x_wconf 89' lang='lat' dir='ltr'><strong>pro</strong></span> <span class='ocrx_word' id='word_1_470' title='bbox 1930 916 2196 972; x_wconf 86' lang='lat' dir='ltr'><strong>confessis</strong></span> <span class='ocrx_word' id='word_1_471' title='bbox 2226 917 2459 982; x_wconf 80' lang='lat' dir='ltr'><strong>indixit,</strong></span> <span class='ocrx_word' id='word_1_472' title='bbox 2499 906 2664 972; x_wconf 89' lang='lat' dir='ltr'><strong>etiam</strong></span> <span class='ocrx_word' id='word_1_473' title='bbox 2708 931 2766 972; x_wconf 93' lang='lat' dir='ltr'><strong>se</strong></span> <span class='ocrx_word' id='word_1_474' title='bbox 2797 908 2863 972; x_wconf 86' lang='lat' dir='ltr'><strong>de</strong></span> <span class='ocrx_word' id='word_1_475' title='bbox 2892 921 3126 989; x_wconf 89' lang='lat' dir='ltr'><strong>propriis</strong></span> <span class='ocrx_word' id='word_1_476' title='bbox 3154 924 3393 979; x_wconf 79' lang='lat' dir='ltr'><strong>excessi-</strong></span> 
     </span>
    </p>
   </div>
   <div class='ocr_carea' id='block_1_67' title="bbox 1800 1008 3389 1083">
    <p class='ocr_par' dir='ltr' id='par_1_67' title="bbox 1800 1008 3389 1083">
     <span class='ocr_line' id='line_1_67' title="bbox 1800 1008 3389 1083; baseline 0.005 -20"><span class='ocrx_word' id='word_1_477' title='bbox 1800 1008 1904 1063; x_wconf 90' lang='lat' dir='ltr'><strong>bus</strong></span> <span class='ocrx_word' id='word_1_478' title='bbox 1932 1022 2199 1064; x_wconf 86' lang='lat' dir='ltr'><strong>accusans</strong></span> <span class='ocrx_word' id='word_1_479' title='bbox 2222 1009 2290 1063; x_wconf 90' lang='lat' dir='ltr'><strong>ab</strong></span> <span class='ocrx_word' id='word_1_480' title='bbox 2329 1008 2422 1063; x_wconf 91' lang='lat' dir='ltr'><strong>illo</strong></span> <span class='ocrx_word' id='word_1_481' title='bbox 2443 1008 2645 1078; x_wconf 89' lang='lat' dir='ltr'><strong>aliquid</strong></span> <span class='ocrx_word' id='word_1_482' title='bbox 2674 1024 2773 1079; x_wconf 92' lang='lat' dir='ltr'><strong>pro</strong></span> <span class='ocrx_word' id='word_1_483' title='bbox 2794 1009 3113 1080; x_wconf 89' lang='lat' dir='ltr'><strong>poenitentia</strong></span> <span class='ocrx_word' id='word_1_484' title='bbox 3138 1014 3389 1083; x_wconf 90' lang='lat' dir='ltr'><strong>accipiet.</strong></span> 
     </span>
    </p>
   </div>
   <div class='ocr_carea' id='block_1_68' title="bbox 1801 1096 3393 1161">
    <p class='ocr_par' dir='ltr' id='par_1_68' title="bbox 1801 1096 3393 1161">
     <span class='ocr_line' id='line_1_68' title="bbox 1801 1096 3393 1161; baseline 0.006 -10"><span class='ocrx_word' id='word_1_485' title='bbox 1801 1096 1962 1153; x_wconf 85' lang='lat' dir='ltr'><strong>Hauc</strong></span> <span class='ocrx_word' id='word_1_486' title='bbox 1995 1106 2176 1153; x_wconf 89' lang='lat' dir='ltr'><strong>tamen</strong></span> <span class='ocrx_word' id='word_1_487' title='bbox 2208 1098 2592 1154; x_wconf 88' lang='lat' dir='ltr'><strong>discretionem</strong></span> <span class='ocrx_word' id='word_1_488' title='bbox 2619 1099 2671 1153; x_wconf 92' lang='lat' dir='ltr'><strong>in</strong></span> <span class='ocrx_word' id='word_1_489' title='bbox 2695 1100 2797 1155; x_wconf 89' lang='lat' dir='ltr'><strong>hac</strong></span> <span class='ocrx_word' id='word_1_490' title='bbox 2836 1108 3019 1155; x_wconf 89' lang='lat' dir='ltr'><strong>mutua</strong></span> <span class='ocrx_word' id='word_1_491' title='bbox 3051 1100 3393 1161; x_wconf 73' lang='lat' dir='ltr'><strong>conlesSione</strong></span> 
     </span>
    </p>
   </div>
   <div class='ocr_carea' id='block_1_69' title="bbox 1798 1189 3443 1257">
    <p class='ocr_par' dir='ltr' id='par_1_69' title="bbox 1798 1189 3443 1257">
     <span class='ocr_line' id='line_1_69' title="bbox 1798 1189 3443 1257; baseline 0.008 -13"><span class='ocrx_word' id='word_1_492' title='bbox 1798 1189 2039 1256; x_wconf 89' lang='lat' dir='ltr'><strong>habens,</strong></span> <span class='ocrx_word' id='word_1_493' title='bbox 2090 1199 2152 1246; x_wconf 92' lang='lat' dir='ltr'><strong>ut</strong></span> <span class='ocrx_word' id='word_1_494' title='bbox 2188 1192 2232 1247; x_wconf 90' lang='lat' dir='ltr'><strong>si</strong></span> <span class='ocrx_word' id='word_1_495' title='bbox 2262 1191 2351 1246; x_wconf 92' lang='lat' dir='ltr'><strong>ille</strong></span> <span class='ocrx_word' id='word_1_496' title='bbox 2395 1193 2650 1248; x_wconf 88' lang='lat' dir='ltr'><strong>sacerdos</strong></span> <span class='ocrx_word' id='word_1_497' title='bbox 2692 1208 2722 1247; x_wconf 90' lang='lat' dir='ltr'><strong>a</strong></span> <span class='ocrx_word' id='word_1_498' title='bbox 2754 1192 2952 1250; x_wconf 90' lang='lat' dir='ltr'><strong>domno</strong></span> <span class='ocrx_word' id='word_1_499' title='bbox 3003 1197 3200 1252; x_wconf 87' lang='lat' dir='ltr'><strong>abbate</strong></span> <span class='ocrx_word' id='word_1_500' title='bbox 3248 1200 3392 1257; x_wconf 80' lang='lat' dir='ltr'><strong>inter</strong></span> <span class='ocrx_word' id='word_1_501' title='bbox 3442 1208 3443 1211; x_wconf 71' lang='lat'>‘</span> 
     </span>
    </p>
   </div>
   <div class='ocr_carea' id='block_1_70' title="bbox 1799 1281 3390 1350">
    <p class='ocr_par' dir='ltr' id='par_1_70' title="bbox 1799 1281 3390 1350">
     <span class='ocr_line' id='line_1_70' title="bbox 1799 1281 3390 1350; baseline 0.008 -16"><span class='ocrx_word' id='word_1_502' title='bbox 1799 1281 1934 1337; x_wconf 91' lang='lat' dir='ltr'><strong>alios</strong></span> <span class='ocrx_word' id='word_1_503' title='bbox 1966 1281 2308 1338; x_wconf 87' lang='lat' dir='ltr'><strong>confessores</strong></span> <span class='ocrx_word' id='word_1_504' title='bbox 2344 1293 2664 1338; x_wconf 92' lang='lat' dir='ltr'><strong>numeratus</strong></span> <span class='ocrx_word' id='word_1_505' title='bbox 2700 1293 2816 1350; x_wconf 90' lang='lat' dir='ltr'><strong>est,</strong></span> <span class='ocrx_word' id='word_1_506' title='bbox 2847 1286 2946 1340; x_wconf 92' lang='lat' dir='ltr'><strong>iste</strong></span> <span class='ocrx_word' id='word_1_507' title='bbox 2972 1287 3270 1343; x_wconf 89' lang='lat' dir='ltr'><strong>occultiora</strong></span> <span class='ocrx_word' id='word_1_508' title='bbox 3289 1304 3390 1346; x_wconf 85' lang='lat' dir='ltr'><strong>sua</strong></span> 
     </span>
    </p>
   </div>
   <div class='ocr_carea' id='block_1_71' title="bbox 1796 1372 3392 1446">
    <p class='ocr_par' dir='ltr' id='par_1_71' title="bbox 1796 1372 3392 1446">
     <span class='ocr_line' id='line_1_71' title="bbox 1796 1372 3392 1446; baseline 0.007 -20"><span class='ocrx_word' id='word_1_509' title='bbox 1796 1386 1895 1441; x_wconf 92' lang='lat' dir='ltr'><strong>pro</strong></span> <span class='ocrx_word' id='word_1_510' title='bbox 1930 1380 1988 1426; x_wconf 93' lang='lat' dir='ltr'><strong>ut</strong></span> <span class='ocrx_word' id='word_1_511' title='bbox 2016 1383 2143 1427; x_wconf 90' lang='lat' dir='ltr'><strong>tunc</strong></span> <span class='ocrx_word' id='word_1_512' title='bbox 2168 1373 2269 1428; x_wconf 90' lang='lat' dir='ltr'><strong>sibi</strong></span> <span class='ocrx_word' id='word_1_513' title='bbox 2308 1373 2481 1428; x_wconf 89' lang='lat' dir='ltr'><strong>visum</strong></span> <span class='ocrx_word' id='word_1_514' title='bbox 2510 1372 2706 1441; x_wconf 88' lang='lat' dir='ltr'><strong>fuerit,</strong></span> <span class='ocrx_word' id='word_1_515' title='bbox 2738 1374 2816 1428; x_wconf 87' lang='lat' dir='ltr'><strong>illi</strong></span> <span class='ocrx_word' id='word_1_516' title='bbox 2849 1378 3080 1446; x_wconf 89' lang='lat' dir='ltr'><strong>pandat;</strong></span> <span class='ocrx_word' id='word_1_517' title='bbox 3132 1380 3176 1434; x_wconf 92' lang='lat' dir='ltr'><strong>si</strong></span> <span class='ocrx_word' id='word_1_518' title='bbox 3210 1389 3392 1438; x_wconf 79' lang='lat' dir='ltr'><strong>tamen</strong></span> 
     </span>
    </p>
   </div>
   <div class='ocr_carea' id='block_1_72' title="bbox 1800 1463 3391 1535">
    <p class='ocr_par' dir='ltr' id='par_1_72' title="bbox 1800 1463 3391 1535">
     <span class='ocr_line' id='line_1_72' title="bbox 1800 1463 3391 1535; baseline 0.008 -20"><span class='ocrx_word' id='word_1_519' title='bbox 1800 1470 1929 1518; x_wconf 92' lang='lat' dir='ltr'><strong>tunc</strong></span> <span class='ocrx_word' id='word_1_520' title='bbox 1959 1463 2358 1519; x_wconf 89' lang='lat' dir='ltr'><strong>confessionem</strong></span> <span class='ocrx_word' id='word_1_521' title='bbox 2403 1465 2584 1519; x_wconf 87' lang='lat' dir='ltr'><strong>facere</strong></span> <span class='ocrx_word' id='word_1_522' title='bbox 2611 1465 2762 1535; x_wconf 87' lang='lat' dir='ltr'><strong>prius</strong></span> <span class='ocrx_word' id='word_1_523' title='bbox 2803 1482 2985 1522; x_wconf 91' lang='lat' dir='ltr'><strong>secum</strong></span> <span class='ocrx_word' id='word_1_524' title='bbox 3028 1469 3391 1527; x_wconf 88' lang='lat' dir='ltr'><strong>deliberabat.</strong></span> 
     </span>
    </p>
   </div>
   <div class='ocr_carea' id='block_1_73' title="bbox 1798 1553 3389 1629">
    <p class='ocr_par' dir='ltr' id='par_1_73' title="bbox 1798 1553 3389 1629">
     <span class='ocr_line' id='line_1_73' title="bbox 1798 1553 3389 1629; baseline 0.008 -21"><span class='ocrx_word' id='word_1_525' title='bbox 1798 1553 1855 1609; x_wconf 92' lang='lat' dir='ltr'><strong>Si</strong></span> <span class='ocrx_word' id='word_1_526' title='bbox 1914 1565 2095 1612; x_wconf 89' lang='lat' dir='ltr'><strong>autem</strong></span> <span class='ocrx_word' id='word_1_527' title='bbox 2153 1558 2294 1613; x_wconf 89' lang='lat' dir='ltr'><strong>idem</strong></span> <span class='ocrx_word' id='word_1_528' title='bbox 2361 1559 2618 1613; x_wconf 85' lang='lat' dir='ltr'><strong>sacerdos</strong></span> <span class='ocrx_word' id='word_1_529' title='bbox 2673 1560 2741 1613; x_wconf 89' lang='lat' dir='ltr'><strong>ad</strong></span> <span class='ocrx_word' id='word_1_530' title='bbox 2794 1558 3099 1629; x_wconf 88' lang='lat' dir='ltr'><strong>hujusmodi</strong></span> <span class='ocrx_word' id='word_1_531' title='bbox 3154 1562 3389 1621; x_wconf 82' lang='lat' dir='ltr'><strong>ofﬁcium</strong></span> 
     </span>
    </p>
   </div>
   <div class='ocr_carea' id='block_1_74' title="bbox 1797 1647 3453 1717">
    <p class='ocr_par' dir='ltr' id='par_1_74' title="bbox 1797 1647 3453 1717">
     <span class='ocr_line' id='line_1_74' title="bbox 1797 1647 3453 1717; baseline 0.005 -14"><span class='ocrx_word' id='word_1_532' title='bbox 1797 1647 2086 1717; x_wconf 75' lang='lat' dir='ltr'><strong>deputatus</strong></span> <span class='ocrx_word' id='word_1_533' title='bbox 2142 1665 2249 1705; x_wconf 92' lang='lat' dir='ltr'><strong>non</strong></span> <span class='ocrx_word' id='word_1_534' title='bbox 2295 1660 2407 1715; x_wconf 91' lang='lat' dir='ltr'><strong>est,</strong></span> <span class='ocrx_word' id='word_1_535' title='bbox 2455 1651 2559 1705; x_wconf 89' lang='lat' dir='ltr'><strong>iste</strong></span> <span class='ocrx_word' id='word_1_536' title='bbox 2608 1652 2919 1706; x_wconf 89' lang='lat' dir='ltr'><strong>summatim</strong></span> <span class='ocrx_word' id='word_1_537' title='bbox 2962 1663 3016 1709; x_wconf 90' lang='lat' dir='ltr'><strong>et</strong></span> <span class='ocrx_word' id='word_1_538' title='bbox 3059 1655 3306 1710; x_wconf 84' lang='lat' dir='ltr'><strong>breviter</strong></span> <span class='ocrx_word' id='word_1_539' title='bbox 3334 1657 3390 1712; x_wconf 89' lang='lat' dir='ltr'><strong>in</strong></span> <span class='ocrx_word' id='word_1_540' title='bbox 3448 1664 3453 1671; x_wconf 82' lang='lat'>‘</span> 
     </span>
    </p>
   </div>
   <div class='ocr_carea' id='block_1_75' title="bbox 1798 1740 3391 1817">
    <p class='ocr_par' dir='ltr' id='par_1_75' title="bbox 1798 1740 3391 1817">
     <span class='ocr_line' id='line_1_75' title="bbox 1798 1740 3391 1817; baseline 0.006 -24"><span class='ocrx_word' id='word_1_541' title='bbox 1798 1740 1984 1797; x_wconf 91' lang='lat' dir='ltr'><strong>multis</strong></span> <span class='ocrx_word' id='word_1_542' title='bbox 2003 1741 2295 1812; x_wconf 85' lang='lat' dir='ltr'><strong>deliquisse</strong></span> <span class='ocrx_word' id='word_1_543' title='bbox 2324 1757 2511 1799; x_wconf 90' lang='lat' dir='ltr'><strong>coram</strong></span> <span class='ocrx_word' id='word_1_544' title='bbox 2535 1743 2764 1799; x_wconf 89' lang='lat' dir='ltr'><strong>Domino</strong></span> <span class='ocrx_word' id='word_1_545' title='bbox 2798 1759 2859 1800; x_wconf 92' lang='lat' dir='ltr'><strong>se</strong></span> <span class='ocrx_word' id='word_1_546' title='bbox 2884 1755 3107 1800; x_wconf 90' lang='lat' dir='ltr'><strong>accusat</strong></span> <span class='ocrx_word' id='word_1_547' title='bbox 3131 1786 3146 1812; x_wconf 94' lang='lat'><strong>,</strong></span> <span class='ocrx_word' id='word_1_548' title='bbox 3198 1748 3391 1817; x_wconf 86' lang='lat' dir='ltr'><strong>sicque</strong></span> 
     </span>
    </p>
   </div>
   <div class='ocr_carea' id='block_1_76' title="bbox 1800 1827 3391 1907">
    <p class='ocr_par' dir='ltr' id='par_1_76' title="bbox 1800 1827 3391 1907">
     <span class='ocr_line' id='line_1_76' title="bbox 1800 1827 3391 1907; baseline 0.004 -22"><span class='ocrx_word' id='word_1_549' title='bbox 1800 1833 1869 1888; x_wconf 91' lang='lat' dir='ltr'><strong>ab</strong></span> <span class='ocrx_word' id='word_1_550' title='bbox 1892 1846 1957 1889; x_wconf 91' lang='lat' dir='ltr'><strong>eo</strong></span> <span class='ocrx_word' id='word_1_551' title='bbox 1983 1832 2187 1904; x_wconf 87' lang='lat' dir='ltr'><strong>aliquid</strong></span> <span class='ocrx_word' id='word_1_552' title='bbox 2238 1834 2340 1889; x_wconf 87' lang='lat' dir='ltr'><strong>sibi</strong></span> <span class='ocrx_word' id='word_1_553' title='bbox 2368 1835 2484 1905; x_wconf 67' lang='lat' dir='ltr'><strong>{pro</strong></span> <span class='ocrx_word' id='word_1_554' title='bbox 2511 1835 2829 1905; x_wconf 72' lang='lat' dir='ltr'><strong>ptenitentia</strong></span> <span class='ocrx_word' id='word_1_555' title='bbox 2859 1835 2974 1891; x_wconf 89' lang='lat' dir='ltr'><strong>dari</strong></span> <span class='ocrx_word' id='word_1_556' title='bbox 3007 1845 3194 1907; x_wconf 84' lang='lat' dir='ltr'><strong>rogat,</strong></span> <span class='ocrx_word' id='word_1_557' title='bbox 3244 1827 3391 1907; x_wconf 69' lang='lat' dir='ltr'><strong>quod</strong></span> 
     </span>
    </p>
   </div>
   <div class='ocr_carea' id='block_1_77' title="bbox 1799 1926 3393 1985">
    <p class='ocr_par' dir='ltr' id='par_1_77' title="bbox 1799 1926 3393 1985">
     <span class='ocr_line' id='line_1_77' title="bbox 1799 1926 3393 1985; baseline 0.003 -4"><span class='ocrx_word' id='word_1_558' title='bbox 1799 1932 1855 1982; x_wconf 93' lang='lat' dir='ltr'><strong>et</strong></span> <span class='ocrx_word' id='word_1_559' title='bbox 1874 1926 2401 1981; x_wconf 89' lang='lat' dir='ltr'><strong>consuetudinaliter</strong></span> <span class='ocrx_word' id='word_1_560' title='bbox 2445 1942 2477 1980; x_wconf 90' lang='lat' dir='ltr'><strong>a</strong></span> <span class='ocrx_word' id='word_1_561' title='bbox 2529 1926 2762 1983; x_wconf 91' lang='lat' dir='ltr'><strong>diacono</strong></span> <span class='ocrx_word' id='word_1_562' title='bbox 2816 1927 2933 1983; x_wconf 85' lang='lat' dir='ltr'><strong>ﬁeri</strong></span> <span class='ocrx_word' id='word_1_563' title='bbox 2988 1928 3153 1985; x_wconf 89' lang='lat' dir='ltr'><strong>valet.</strong></span> <span class='ocrx_word' id='word_1_564' title='bbox 3208 1928 3393 1985; x_wconf 83' lang='lat' dir='ltr'><strong>Potest</strong></span> 
     </span>
    </p>
   </div>
   <div class='ocr_carea' id='block_1_78' title="bbox 1798 2016 3391 2089">
    <p class='ocr_par' dir='ltr' id='par_1_78' title="bbox 1798 2016 3391 2089">
     <span class='ocr_line' id='line_1_78' title="bbox 1798 2016 3391 2089; baseline 0.003 -18"><span class='ocrx_word' id='word_1_565' title='bbox 1798 2016 1962 2071; x_wconf 89' lang='lat' dir='ltr'><strong>etiam</strong></span> <span class='ocrx_word' id='word_1_566' title='bbox 1987 2016 2208 2071; x_wconf 90' lang='lat' dir='ltr'><strong>cuilibet</strong></span> <span class='ocrx_word' id='word_1_567' title='bbox 2233 2031 2481 2087; x_wconf 69' lang='lat' dir='ltr'><strong>persona:</strong></span> <span class='ocrx_word' id='word_1_568' title='bbox 2527 2026 2652 2088; x_wconf 92' lang='lat' dir='ltr'><strong>post</strong></span> <span class='ocrx_word' id='word_1_569' title='bbox 2674 2018 2916 2073; x_wconf 88' lang='lat' dir='ltr'><strong>breviter</strong></span> <span class='ocrx_word' id='word_1_570' title='bbox 2936 2020 3391 2089; x_wconf 88' lang='lat' dir='ltr'><strong>comprehensam</strong></span> 
     </span>
    </p>
   </div>
   <div class='ocr_carea' id='block_1_79' title="bbox 1798 2108 3392 2183">
    <p class='ocr_par' dir='ltr' id='par_1_79' title="bbox 1798 2108 3392 2183">
     <span class='ocr_line' id='line_1_79' title="bbox 1798 2108 3392 2183; baseline 0.004 -22"><span class='ocrx_word' id='word_1_571' title='bbox 1798 2116 2148 2175; x_wconf 89' lang='lat' dir='ltr'><strong>peccatorum</strong></span> <span class='ocrx_word' id='word_1_572' title='bbox 2175 2120 2399 2163; x_wconf 90' lang='lat' dir='ltr'><strong>suorum</strong></span> <span class='ocrx_word' id='word_1_573' title='bbox 2421 2108 2834 2164; x_wconf 88' lang='lat' dir='ltr'><strong>universitatem</strong></span> <span class='ocrx_word' id='word_1_574' title='bbox 2868 2108 2921 2163; x_wconf 91' lang='lat' dir='ltr'><strong>in</strong></span> <span class='ocrx_word' id='word_1_575' title='bbox 2960 2112 3237 2166; x_wconf 89' lang='lat' dir='ltr'><strong>orationes</strong></span> <span class='ocrx_word' id='word_1_576' title='bbox 3260 2112 3392 2183; x_wconf 83' lang='lat' dir='ltr'><strong>_ejus</strong></span> 
     </span>
    </p>
   </div>
   <div class='ocr_carea' id='block_1_80' title="bbox 1799 2200 3388 2274">
    <p class='ocr_par' dir='ltr' id='par_1_80' title="bbox 1799 2200 3388 2274">
     <span class='ocr_line' id='line_1_80' title="bbox 1799 2200 3388 2274; baseline 0.003 -20"><span class='ocrx_word' id='word_1_577' title='bbox 1799 2214 1859 2255; x_wconf 90' lang='lat' dir='ltr'><strong>se</strong></span> <span class='ocrx_word' id='word_1_578' title='bbox 1889 2200 2276 2255; x_wconf 90' lang='lat' dir='ltr'><strong>commendare</strong></span> <span class='ocrx_word' id='word_1_579' title='bbox 2302 2217 2317 2266; x_wconf 91' lang='lat'><strong>;</strong></span> <span class='ocrx_word' id='word_1_580' title='bbox 2350 2200 2446 2255; x_wconf 91' lang='lat' dir='ltr'><strong>sed</strong></span> <span class='ocrx_word' id='word_1_581' title='bbox 2473 2201 2607 2255; x_wconf 90' lang='lat' dir='ltr'><strong>nihil</strong></span> <span class='ocrx_word' id='word_1_582' title='bbox 2637 2216 2735 2271; x_wconf 90' lang='lat' dir='ltr'><strong>pro</strong></span> <span class='ocrx_word' id='word_1_583' title='bbox 2759 2201 3079 2271; x_wconf 77' lang='lat' dir='ltr'><strong>pcenitentia</strong></span> <span class='ocrx_word' id='word_1_584' title='bbox 3118 2204 3388 2274; x_wconf 88' lang='lat' dir='ltr'><strong>accipere.</strong></span> 
     </span>
    </p>
   </div>
   <div class='ocr_carea' id='block_1_81' title="bbox 1868 2284 3391 2357">
    <p class='ocr_par' dir='ltr' id='par_1_81' title="bbox 1868 2284 3391 2357">
     <span class='ocr_line' id='line_1_81' title="bbox 1868 2284 3391 2357; baseline 0.003 -18"><span class='ocrx_word' id='word_1_585' title='bbox 1868 2284 2269 2341; x_wconf 89' lang='lat' dir='ltr'><strong>Providendum</strong></span> <span class='ocrx_word' id='word_1_586' title='bbox 2314 2295 2498 2341; x_wconf 89' lang='lat' dir='ltr'><strong>autem</strong></span> <span class='ocrx_word' id='word_1_587' title='bbox 2545 2287 2765 2357; x_wconf 90' lang='lat' dir='ltr'><strong>utrique</strong></span> <span class='ocrx_word' id='word_1_588' title='bbox 2817 2296 2902 2342; x_wconf 91' lang='lat' dir='ltr'><strong>est</strong></span> <span class='ocrx_word' id='word_1_589' title='bbox 2948 2302 3164 2354; x_wconf 91' lang='lat' dir='ltr'><strong>eorum,</strong></span> <span class='ocrx_word' id='word_1_590' title='bbox 3216 2303 3283 2344; x_wconf 90' lang='lat' dir='ltr'><strong>ue</strong></span> <span class='ocrx_word' id='word_1_591' title='bbox 3313 2290 3391 2344; x_wconf 88' lang='lat' dir='ltr'><strong>ita</strong></span> 
     </span>
    </p>
   </div>
   <div class='ocr_carea' id='block_1_82' title="bbox 1799 2378 3392 2449">
    <p class='ocr_par' dir='ltr' id='par_1_82' title="bbox 1799 2378 3392 2449">
     <span class='ocr_line' id='line_1_82' title="bbox 1799 2378 3392 2449; baseline 0.002 -14"><span class='ocrx_word' id='word_1_592' title='bbox 1799 2378 2134 2449; x_wconf 90' lang='lat' dir='ltr'><strong>conjunctim</strong></span> <span class='ocrx_word' id='word_1_593' title='bbox 2159 2378 2420 2445; x_wconf 90' lang='lat' dir='ltr'><strong>sedeant,</strong></span> <span class='ocrx_word' id='word_1_594' title='bbox 2463 2387 2525 2433; x_wconf 93' lang='lat' dir='ltr'><strong>ut</strong></span> <span class='ocrx_word' id='word_1_595' title='bbox 2570 2388 2749 2435; x_wconf 90' lang='lat' dir='ltr'><strong>vestes</strong></span> <span class='ocrx_word' id='word_1_596' title='bbox 2784 2393 2974 2435; x_wconf 91' lang='lat' dir='ltr'><strong>eorum</strong></span> <span class='ocrx_word' id='word_1_597' title='bbox 3019 2379 3201 2449; x_wconf 87' lang='lat' dir='ltr'><strong>aliquo</strong></span> <span class='ocrx_word' id='word_1_598' title='bbox 3231 2380 3392 2438; x_wconf 90' lang='lat' dir='ltr'><strong>modo</strong></span> 
     </span>
    </p>
   </div>
   <div class='ocr_carea' id='block_1_83' title="bbox 1801 2470 3394 2542">
    <p class='ocr_par' dir='ltr' id='par_1_83' title="bbox 1801 2470 3394 2542">
     <span class='ocr_line' id='line_1_83' title="bbox 1801 2470 3394 2542; baseline 0.002 -17"><span class='ocrx_word' id='word_1_599' title='bbox 1801 2471 1869 2525; x_wconf 88' lang='lat' dir='ltr'><strong>ad</strong></span> <span class='ocrx_word' id='word_1_600' title='bbox 1911 2470 2145 2527; x_wconf 85' lang='lat' dir='ltr'><strong>invicem</strong></span> <span class='ocrx_word' id='word_1_601' title='bbox 2173 2472 2518 2542; x_wconf 80' lang='lat' dir='ltr'><strong>pertingant;</strong></span> <span class='ocrx_word' id='word_1_602' title='bbox 2569 2486 2733 2527; x_wconf 84' lang='lat' dir='ltr'><strong>voces</strong></span> <span class='ocrx_word' id='word_1_603' title='bbox 2780 2486 2995 2542; x_wconf 87' lang='lat' dir='ltr'><strong>quoque</strong></span> <span class='ocrx_word' id='word_1_604' title='bbox 3034 2472 3089 2527; x_wconf 92' lang='lat' dir='ltr'><strong>in</strong></span> <span class='ocrx_word' id='word_1_605' title='bbox 3121 2472 3394 2541; x_wconf 88' lang='lat' dir='ltr'><strong>loquendo</strong></span> 
     </span>
    </p>
   </div>
   <div class='ocr_carea' id='block_1_84' title="bbox 1798 2562 3380 2633">
    <p class='ocr_par' dir='ltr' id='par_1_84' title="bbox 1798 2562 3380 2633">
     <span class='ocr_line' id='line_1_84' title="bbox 1798 2562 3380 2633; baseline 0.003 -19"><span class='ocrx_word' id='word_1_606' title='bbox 1798 2576 1961 2631; x_wconf 93' lang='lat' dir='ltr'><strong>quam</strong></span> <span class='ocrx_word' id='word_1_607' title='bbox 2007 2562 2247 2619; x_wconf 79' lang='lat' dir='ltr'><strong>maxime</strong></span> <span class='ocrx_word' id='word_1_608' title='bbox 2278 2562 2651 2633; x_wconf 88' lang='lat' dir='ltr'><strong>supprimant,</strong></span> <span class='ocrx_word' id='word_1_609' title='bbox 2711 2570 2767 2617; x_wconf 91' lang='lat' dir='ltr'><strong>et</strong></span> <span class='ocrx_word' id='word_1_610' title='bbox 2792 2577 2860 2617; x_wconf 92' lang='lat' dir='ltr'><strong>ne</strong></span> <span class='ocrx_word' id='word_1_611' title='bbox 2888 2563 3038 2633; x_wconf 90' lang='lat' dir='ltr'><strong>prius</strong></span> <span class='ocrx_word' id='word_1_612' title='bbox 3066 2563 3133 2617; x_wconf 92' lang='lat' dir='ltr'><strong>ad</strong></span> <span class='ocrx_word' id='word_1_613' title='bbox 3163 2573 3380 2618; x_wconf 87' lang='lat' dir='ltr'><strong>contes-</strong></span> 
     </span>
    </p>
   </div>
   <div class='ocr_carea' id='block_1_85' title="bbox 1798 2653 3391 2725">
    <p class='ocr_par' dir='ltr' id='par_1_85' title="bbox 1798 2653 3391 2725">
     <span class='ocr_line' id='line_1_85' title="bbox 1798 2653 3391 2725; baseline 0.003 -18"><span class='ocrx_word' id='word_1_614' title='bbox 1798 2654 2005 2709; x_wconf 91' lang='lat' dir='ltr'><strong>sionem</strong></span> <span class='ocrx_word' id='word_1_615' title='bbox 2045 2654 2402 2721; x_wconf 90' lang='lat' dir='ltr'><strong>conveniant,</strong></span> <span class='ocrx_word' id='word_1_616' title='bbox 2455 2670 2620 2725; x_wconf 90' lang='lat' dir='ltr'><strong>quam</strong></span> <span class='ocrx_word' id='word_1_617' title='bbox 2649 2654 2834 2710; x_wconf 72' lang='lat' dir='ltr'><strong>czeteri</strong></span> <span class='ocrx_word' id='word_1_618' title='bbox 2878 2653 3077 2710; x_wconf 90' lang='lat' dir='ltr'><strong>fratres</strong></span> <span class='ocrx_word' id='word_1_619' title='bbox 3133 2656 3186 2710; x_wconf 93' lang='lat' dir='ltr'><strong>in</strong></span> <span class='ocrx_word' id='word_1_620' title='bbox 3232 2655 3391 2711; x_wconf 86' lang='lat' dir='ltr'><strong>libris</strong></span> 
     </span>
    </p>
   </div>
   <div class='ocr_carea' id='block_1_86' title="bbox 1798 2740 3393 2821">
    <p class='ocr_par' dir='ltr' id='par_1_86' title="bbox 1798 2740 3393 2821">
     <span class='ocr_line' id='line_1_86' title="bbox 1798 2740 3393 2821; baseline 0.002 -22"><span class='ocrx_word' id='word_1_621' title='bbox 1798 2746 1944 2802; x_wconf 87' lang='lat' dir='ltr'><strong>clare</strong></span> <span class='ocrx_word' id='word_1_622' title='bbox 1975 2748 2194 2803; x_wconf 90' lang='lat' dir='ltr'><strong>valeant</strong></span> <span class='ocrx_word' id='word_1_623' title='bbox 2214 2747 2416 2818; x_wconf 82' lang='lat' dir='ltr'><strong>legere.</strong></span> <span class='ocrx_word' id='word_1_624' title='bbox 2463 2745 2761 2821; x_wconf 86' lang='lat' dir='ltr'><strong>Postquam</strong></span> <span class='ocrx_word' id='word_1_625' title='bbox 2789 2740 2917 2803; x_wconf 89' lang='lat' dir='ltr'><strong>vero</strong></span> <span class='ocrx_word' id='word_1_626' title='bbox 2938 2748 3120 2802; x_wconf 91' lang='lat' dir='ltr'><strong>omnia</strong></span> <span class='ocrx_word' id='word_1_627' title='bbox 3149 2762 3269 2817; x_wconf 74' lang='lat' dir='ltr'><strong>qua:</strong></span> <span class='ocrx_word' id='word_1_628' title='bbox 3298 2763 3393 2802; x_wconf 84' lang='lat' dir='ltr'><strong>vo-</strong></span> 
     </span>
    </p>
   </div>
   <div class='ocr_carea' id='block_1_87' title="bbox 1797 2836 3391 2909">
    <p class='ocr_par' dir='ltr' id='par_1_87' title="bbox 1797 2836 3391 2909">
     <span class='ocr_line' id='line_1_87' title="bbox 1797 2836 3391 2909; baseline 0.001 -19"><span class='ocrx_word' id='word_1_629' title='bbox 1797 2836 1961 2892; x_wconf 90' lang='lat' dir='ltr'><strong>luerit</strong></span> <span class='ocrx_word' id='word_1_630' title='bbox 1996 2838 2263 2893; x_wconf 84' lang='lat' dir='ltr'><strong>sacerdoti</strong></span> <span class='ocrx_word' id='word_1_631' title='bbox 2293 2837 2422 2907; x_wconf 91' lang='lat' dir='ltr'><strong>(non</strong></span> <span class='ocrx_word' id='word_1_632' title='bbox 2452 2836 2682 2891; x_wconf 79' lang='lat' dir='ltr'><strong>nimium</strong></span> <span class='ocrx_word' id='word_1_633' title='bbox 2707 2846 2887 2893; x_wconf 90' lang='lat' dir='ltr'><strong>tamen</strong></span> <span class='ocrx_word' id='word_1_634' title='bbox 2924 2853 2987 2893; x_wconf 92' lang='lat' dir='ltr'><strong>ea</strong></span> <span class='ocrx_word' id='word_1_635' title='bbox 3031 2838 3391 2909; x_wconf 88' lang='lat' dir='ltr'><strong>prologanda)</strong></span> 
     </span>
    </p>
   </div>
   <div class='ocr_carea' id='block_1_88' title="bbox 1796 2930 3393 3002">
    <p class='ocr_par' dir='ltr' id='par_1_88' title="bbox 1796 2930 3393 3002">
     <span class='ocr_line' id='line_1_88' title="bbox 1796 2930 3393 3002; baseline 0.001 -18"><span class='ocrx_word' id='word_1_636' title='bbox 1796 2930 2048 2999; x_wconf 87' lang='lat' dir='ltr'><strong>protulit,</strong></span> <span class='ocrx_word' id='word_1_637' title='bbox 2103 2932 2171 2985; x_wconf 88' lang='lat' dir='ltr'><strong>ad</strong></span> <span class='ocrx_word' id='word_1_638' title='bbox 2219 2931 2505 2985; x_wconf 90' lang='lat' dir='ltr'><strong>arbitrium</strong></span> <span class='ocrx_word' id='word_1_639' title='bbox 2570 2930 2689 3002; x_wconf 83' lang='lat' dir='ltr'><strong>ejus</strong></span> <span class='ocrx_word' id='word_1_640' title='bbox 2736 2931 3110 3001; x_wconf 84' lang='lat' dir='ltr'><strong>paenitentiam</strong></span> <span class='ocrx_word' id='word_1_641' title='bbox 3160 2947 3257 3001; x_wconf 90' lang='lat' dir='ltr'><strong>pro</strong></span> <span class='ocrx_word' id='word_1_642' title='bbox 3304 2932 3393 2987; x_wconf 90' lang='lat' dir='ltr'><strong>his</strong></span> 
     </span>
    </p>
   </div>
   <div class='ocr_carea' id='block_1_89' title="bbox 1797 3023 3392 3094">
    <p class='ocr_par' dir='ltr' id='par_1_89' title="bbox 1797 3023 3392 3094">
     <span class='ocr_line' id='line_1_89' title="bbox 1797 3023 3392 3094; baseline 0.001 -17"><span class='ocrx_word' id='word_1_643' title='bbox 1797 3024 2041 3093; x_wconf 89' lang='lat' dir='ltr'><strong>recipiet.</strong></span> <span class='ocrx_word' id='word_1_644' title='bbox 2073 3023 2258 3078; x_wconf 85' lang='lat' dir='ltr'><strong>Potest</strong></span> <span class='ocrx_word' id='word_1_645' title='bbox 2289 3023 2413 3078; x_wconf 89' lang='lat' dir='ltr'><strong>talis</strong></span> <span class='ocrx_word' id='word_1_646' title='bbox 2440 3038 2561 3078; x_wconf 87' lang='lat' dir='ltr'><strong>esse</strong></span> <span class='ocrx_word' id='word_1_647' title='bbox 2607 3038 2886 3089; x_wconf 84' lang='lat' dir='ltr'><strong>excessus,</strong></span> <span class='ocrx_word' id='word_1_648' title='bbox 2919 3025 3063 3094; x_wconf 92' lang='lat' dir='ltr'><strong>quod</strong></span> <span class='ocrx_word' id='word_1_649' title='bbox 3108 3023 3392 3079; x_wconf 87' lang='lat' dir='ltr'><strong>Dominica</strong></span> 
     </span>
    </p>
   </div>
   <div class='ocr_carea' id='block_1_90' title="bbox 1797 3114 3392 3186">
    <p class='ocr_par' dir='ltr' id='par_1_90' title="bbox 1797 3114 3392 3186">
     <span class='ocr_line' id='line_1_90' title="bbox 1797 3114 3392 3186; baseline 0.001 -18"><span class='ocrx_word' id='word_1_650' title='bbox 1797 3114 1975 3170; x_wconf 87' lang='lat' dir='ltr'><strong>oratio</strong></span> <span class='ocrx_word' id='word_1_651' title='bbox 2020 3115 2309 3185; x_wconf 86' lang='lat' dir='ltr'><strong>aliquoties</strong></span> <span class='ocrx_word' id='word_1_652' title='bbox 2338 3115 2387 3170; x_wconf 92' lang='lat' dir='ltr'><strong>ei</strong></span> <span class='ocrx_word' id='word_1_653' title='bbox 2427 3115 2647 3170; x_wconf 89' lang='lat' dir='ltr'><strong>recitari</strong></span> <span class='ocrx_word' id='word_1_654' title='bbox 2689 3117 3025 3186; x_wconf 67' lang='lat' dir='ltr'><strong>prmcipitur,</strong></span> <span class='ocrx_word' id='word_1_655' title='bbox 3064 3116 3150 3172; x_wconf 89' lang='lat' dir='ltr'><strong>vel</strong></span> <span class='ocrx_word' id='word_1_656' title='bbox 3192 3116 3392 3185; x_wconf 88' lang='lat' dir='ltr'><strong>aliquis</strong></span> 
     </span>
    </p>
   </div>
   <div class='ocr_carea' id='block_1_91' title="bbox 1799 3205 3393 3279">
    <p class='ocr_par' dir='ltr' id='par_1_91' title="bbox 1799 3205 3393 3279">
     <span class='ocr_line' id='line_1_91' title="bbox 1799 3205 3393 3279; baseline 0.002 -19"><span class='ocrx_word' id='word_1_657' title='bbox 1799 3205 2078 3275; x_wconf 88' lang='lat' dir='ltr'><strong>psalmus,</strong></span> <span class='ocrx_word' id='word_1_658' title='bbox 2137 3207 2223 3262; x_wconf 86' lang='lat' dir='ltr'><strong>vel</strong></span> <span class='ocrx_word' id='word_1_659' title='bbox 2276 3217 2508 3277; x_wconf 90' lang='lat' dir='ltr'><strong>utraque</strong></span> <span class='ocrx_word' id='word_1_660' title='bbox 2562 3207 2766 3275; x_wconf 90' lang='lat' dir='ltr'><strong>simul,</strong></span> <span class='ocrx_word' id='word_1_661' title='bbox 2817 3217 2912 3262; x_wconf 90' lang='lat' dir='ltr'><strong>aut</strong></span> <span class='ocrx_word' id='word_1_662' title='bbox 2961 3209 3127 3265; x_wconf 88' lang='lat' dir='ltr'><strong>etiam</strong></span> <span class='ocrx_word' id='word_1_663' title='bbox 3180 3207 3393 3279; x_wconf 88' lang='lat' dir='ltr'><strong>aliquot</strong></span> 
     </span>
    </p>
   </div>
   <div class='ocr_carea' id='block_1_92' title="bbox 1799 3297 3389 3372">
    <p class='ocr_par' dir='ltr' id='par_1_92' title="bbox 1799 3297 3389 3372">
     <span class='ocr_line' id='line_1_92' title="bbox 1799 3297 3389 3372; baseline 0.004 -22"><span class='ocrx_word' id='word_1_664' title='bbox 1799 3297 1990 3365; x_wconf 90' lang='lat' dir='ltr'><strong>psalmi</strong></span> <span class='ocrx_word' id='word_1_665' title='bbox 2038 3315 2052 3352; x_wconf 89' lang='lat'><strong>:</strong></span> <span class='ocrx_word' id='word_1_666' title='bbox 2103 3307 2282 3367; x_wconf 88' lang='lat' dir='ltr'><strong>potest</strong></span> <span class='ocrx_word' id='word_1_667' title='bbox 2330 3308 2385 3355; x_wconf 93' lang='lat' dir='ltr'><strong>et</strong></span> <span class='ocrx_word' id='word_1_668' title='bbox 2434 3308 2541 3353; x_wconf 90' lang='lat' dir='ltr'><strong>tam</strong></span> <span class='ocrx_word' id='word_1_669' title='bbox 2591 3302 2773 3370; x_wconf 86' lang='lat' dir='ltr'><strong>gravis</strong></span> <span class='ocrx_word' id='word_1_670' title='bbox 2824 3317 2945 3357; x_wconf 90' lang='lat' dir='ltr'><strong>esse</strong></span> <span class='ocrx_word' id='word_1_671' title='bbox 2992 3304 3196 3372; x_wconf 84' lang='lat' dir='ltr'><strong>lapsus,</strong></span> <span class='ocrx_word' id='word_1_672' title='bbox 3247 3303 3389 3369; x_wconf 90' lang='lat' dir='ltr'><strong>quod</strong></span> 
     </span>
    </p>
   </div>
   <div class='ocr_carea' id='block_1_93' title="bbox 1796 3387 3386 3461">
    <p class='ocr_par' dir='ltr' id='par_1_93' title="bbox 1796 3387 3386 3461">
     <span class='ocr_line' id='line_1_93' title="bbox 1796 3387 3386 3461; baseline 0.001 -18"><span class='ocrx_word' id='word_1_673' title='bbox 1796 3389 1883 3443; x_wconf 87' lang='lat' dir='ltr'><strong>vel</strong></span> <span class='ocrx_word' id='word_1_674' title='bbox 1914 3387 2028 3442; x_wconf 79' lang='lat' dir='ltr'><strong>LX.</strong></span> <span class='ocrx_word' id='word_1_675' title='bbox 2056 3389 2141 3444; x_wconf 92' lang='lat' dir='ltr'><strong>vel</strong></span> <span class='ocrx_word' id='word_1_676' title='bbox 2169 3388 2228 3444; x_wconf 86' lang='lat' dir='ltr'><strong>C.</strong></span> <span class='ocrx_word' id='word_1_677' title='bbox 2257 3389 2477 3458; x_wconf 87' lang='lat' dir='ltr'><strong>psalmi,</strong></span> <span class='ocrx_word' id='word_1_678' title='bbox 2508 3390 2593 3445; x_wconf 86' lang='lat' dir='ltr'><strong>vel</strong></span> <span class='ocrx_word' id='word_1_679' title='bbox 2621 3391 2785 3444; x_wconf 90' lang='lat' dir='ltr'><strong>etiam</strong></span> <span class='ocrx_word' id='word_1_680' title='bbox 2824 3400 2992 3446; x_wconf 90' lang='lat' dir='ltr'><strong>totum</strong></span> <span class='ocrx_word' id='word_1_681' title='bbox 3044 3392 3386 3461; x_wconf 87' lang='lat' dir='ltr'><strong>psalterium,</strong></span> 
     </span>
    </p>
   </div>
   <div class='ocr_carea' id='block_1_94' title="bbox 1797 3479 3391 3563">
    <p class='ocr_par' dir='ltr' id='par_1_94' title="bbox 1797 3479 3391 3563">
     <span class='ocr_line' id='line_1_94' title="bbox 1797 3479 3391 3563; baseline 0.004 -32"><span class='ocrx_word' id='word_1_682' title='bbox 1797 3479 1879 3534; x_wconf 87' lang='lat' dir='ltr'><strong>vel</strong></span> <span class='ocrx_word' id='word_1_683' title='bbox 1932 3479 2094 3533; x_wconf 87' lang='lat' dir='ltr'><strong>etiam</strong></span> <span class='ocrx_word' id='word_1_684' title='bbox 2156 3479 2386 3549; x_wconf 89' lang='lat' dir='ltr'><strong>idipsum</strong></span> <span class='ocrx_word' id='word_1_685' title='bbox 2438 3480 2724 3550; x_wconf 83' lang='lat' dir='ltr'><strong>aliquoties</strong></span> <span class='ocrx_word' id='word_1_686' title='bbox 2780 3483 3151 3563; x_wconf 50' lang='lat' dir='ltr'><strong>repetendum,</strong></span> <span class='ocrx_word' id='word_1_687' title='bbox 3211 3482 3295 3536; x_wconf 85' lang='lat' dir='ltr'><strong>vel</strong></span> <span class='ocrx_word' id='word_1_688' title='bbox 3342 3483 3391 3537; x_wconf 89' lang='lat' dir='ltr'><strong>si</strong></span> 
     </span>
    </p>
   </div>
   <div class='ocr_carea' id='block_1_95' title="bbox 1799 3572 3391 3645">
    <p class='ocr_par' dir='ltr' id='par_1_95' title="bbox 1799 3572 3391 3645">
     <span class='ocr_line' id='line_1_95' title="bbox 1799 3572 3391 3645; baseline 0.001 -20"><span class='ocrx_word' id='word_1_689' title='bbox 1799 3572 1922 3625; x_wconf 88' lang='lat' dir='ltr'><strong>talis</strong></span> <span class='ocrx_word' id='word_1_690' title='bbox 1953 3581 2038 3631; x_wconf 76' lang='lat' dir='ltr'><strong>est</strong></span> <span class='ocrx_word' id='word_1_691' title='bbox 2079 3586 2333 3639; x_wconf 80' lang='lat' dir='ltr'><strong>persona,</strong></span> <span class='ocrx_word' id='word_1_692' title='bbox 2384 3573 2590 3643; x_wconf 89' lang='lat' dir='ltr'><strong>aliquot</strong></span> <span class='ocrx_word' id='word_1_693' title='bbox 2634 3574 2812 3628; x_wconf 77' lang='lat' dir='ltr'><strong>missa:</strong></span> <span class='ocrx_word' id='word_1_694' title='bbox 2850 3575 3220 3645; x_wconf 88' lang='lat' dir='ltr'><strong>iujungantur.</strong></span> <span class='ocrx_word' id='word_1_695' title='bbox 3265 3574 3391 3629; x_wconf 82' lang='lat' dir='ltr'><strong>Fla-</strong></span> 
     </span>
    </p>
   </div>
   <div class='ocr_carea' id='block_1_96' title="bbox 1796 3661 3391 3733">
    <p class='ocr_par' dir='ltr' id='par_1_96' title="bbox 1796 3661 3391 3733">
     <span class='ocr_line' id='line_1_96' title="bbox 1796 3661 3391 3733; baseline 0 -17"><span class='ocrx_word' id='word_1_696' title='bbox 1796 3662 1932 3731; x_wconf 87' lang='lat' dir='ltr'><strong>gella</strong></span> <span class='ocrx_word' id='word_1_697' title='bbox 1964 3662 2078 3718; x_wconf 90' lang='lat' dir='ltr'><strong>sive</strong></span> <span class='ocrx_word' id='word_1_698' title='bbox 2117 3663 2322 3732; x_wconf 70' lang='lat' dir='ltr'><strong>jejunio</strong></span> <span class='ocrx_word' id='word_1_699' title='bbox 2354 3677 2450 3731; x_wconf 90' lang='lat' dir='ltr'><strong>per</strong></span> <span class='ocrx_word' id='word_1_700' title='bbox 2475 3661 2750 3728; x_wconf 90' lang='lat' dir='ltr'><strong>abbatem,</strong></span> <span class='ocrx_word' id='word_1_701' title='bbox 2778 3664 2862 3718; x_wconf 87' lang='lat' dir='ltr'><strong>vel</strong></span> <span class='ocrx_word' id='word_1_702' title='bbox 2905 3665 2948 3718; x_wconf 92' lang='lat' dir='ltr'><strong>si</strong></span> <span class='ocrx_word' id='word_1_703' title='bbox 2996 3665 3109 3733; x_wconf 89' lang='lat' dir='ltr'><strong>ipse</strong></span> <span class='ocrx_word' id='word_1_704' title='bbox 3151 3664 3305 3718; x_wconf 87' lang='lat' dir='ltr'><strong>abest</strong></span> <span class='ocrx_word' id='word_1_705' title='bbox 3333 3673 3391 3717; x_wconf 91' lang='lat' dir='ltr'><strong>et</strong></span> 
     </span>
    </p>
   </div>
   <div class='ocr_carea' id='block_1_97' title="bbox 1796 3756 3390 3826">
    <p class='ocr_par' dir='ltr' id='par_1_97' title="bbox 1796 3756 3390 3826">
     <span class='ocr_line' id='line_1_97' title="bbox 1796 3756 3390 3826; baseline 0.001 -16"><span class='ocrx_word' id='word_1_706' title='bbox 1796 3756 2051 3824; x_wconf 88' lang='lat' dir='ltr'><strong>quamdiu</strong></span> <span class='ocrx_word' id='word_1_707' title='bbox 2104 3756 2261 3811; x_wconf 71' lang='lat' dir='ltr'><strong>abest</strong></span> <span class='ocrx_word' id='word_1_708' title='bbox 2292 3797 2309 3822; x_wconf 90' lang='lat'><strong>,</strong></span> <span class='ocrx_word' id='word_1_709' title='bbox 2376 3770 2475 3826; x_wconf 92' lang='lat' dir='ltr'><strong>per</strong></span> <span class='ocrx_word' id='word_1_710' title='bbox 2525 3756 2761 3825; x_wconf 75' lang='lat' dir='ltr'><strong>priorem</strong></span> <span class='ocrx_word' id='word_1_711' title='bbox 2809 3758 3200 3813; x_wconf 88' lang='lat' dir='ltr'><strong>conceduntur.</strong></span> <span class='ocrx_word' id='word_1_712' title='bbox 3257 3756 3390 3823; x_wconf 64' lang='lat' dir='ltr'><strong>Quae</strong></span> 
     </span>
    </p>
   </div>
   <div class='ocr_carea' id='block_1_98' title="bbox 1797 3848 3388 3919">
    <p class='ocr_par' dir='ltr' id='par_1_98' title="bbox 1797 3848 3388 3919">
     <span class='ocr_line' id='line_1_98' title="bbox 1797 3848 3388 3919; baseline 0.001 -16"><span class='ocrx_word' id='word_1_713' title='bbox 1797 3849 2014 3918; x_wconf 83' lang='lat' dir='ltr'><strong>quidem</strong></span> <span class='ocrx_word' id='word_1_714' title='bbox 2059 3848 2267 3919; x_wconf 85' lang='lat' dir='ltr'><strong>ﬂagella</strong></span> <span class='ocrx_word' id='word_1_715' title='bbox 2318 3849 2385 3903; x_wconf 89' lang='lat' dir='ltr'><strong>ad</strong></span> <span class='ocrx_word' id='word_1_716' title='bbox 2442 3849 2723 3904; x_wconf 67' lang='lat' dir='ltr'><strong>Intervalla</strong></span> <span class='ocrx_word' id='word_1_717' title='bbox 2781 3850 3082 3907; x_wconf 84' lang='lat' dir='ltr'><strong>llorarum.</strong></span> <span class='ocrx_word' id='word_1_718' title='bbox 3138 3859 3194 3906; x_wconf 90' lang='lat' dir='ltr'><strong>et</strong></span> <span class='ocrx_word' id='word_1_719' title='bbox 3243 3850 3388 3905; x_wconf 80' lang='lat' dir='ltr'><strong>infra</strong></span> 
     </span>
    </p>
   </div>
   <div class='ocr_carea' id='block_1_99' title="bbox 1795 3940 3386 4013">
    <p class='ocr_par' dir='ltr' id='par_1_99' title="bbox 1795 3940 3386 4013">
     <span class='ocr_line' id='line_1_99' title="bbox 1795 3940 3386 4013; baseline 0 -17"><span class='ocrx_word' id='word_1_720' title='bbox 1795 3956 2030 4010; x_wconf 84' lang='lat' dir='ltr'><strong>priorem</strong></span> <span class='ocrx_word' id='word_1_721' title='bbox 2078 3940 2296 3996; x_wconf 79' lang='lat' dir='ltr'><strong>Missam</strong></span> <span class='ocrx_word' id='word_1_722' title='bbox 2334 3956 2363 3996; x_wconf 91' lang='lat' dir='ltr'><strong>a</strong></span> <span class='ocrx_word' id='word_1_723' title='bbox 2395 3944 2725 4013; x_wconf 87' lang='lat' dir='ltr'><strong>presbyteris</strong></span> <span class='ocrx_word' id='word_1_724' title='bbox 2766 3944 3155 4013; x_wconf 90' lang='lat' dir='ltr'><strong>suscipiuntur.</strong></span> <span class='ocrx_word' id='word_1_725' title='bbox 3200 3942 3307 3999; x_wconf 90' lang='lat' dir='ltr'><strong>Sed</strong></span> <span class='ocrx_word' id='word_1_726' title='bbox 3357 3959 3386 3996; x_wconf 87' lang='lat' dir='ltr'><strong>a</strong></span> 
     </span>
    </p>
   </div>
   <div class='ocr_carea' id='block_1_100' title="bbox 1794 4031 3390 4101">
    <p class='ocr_par' dir='ltr' id='par_1_100' title="bbox 1794 4031 3390 4101">
     <span class='ocr_line' id='line_1_100' title="bbox 1794 4031 3390 4101; baseline 0.004 -18"><span class='ocrx_word' id='word_1_727' title='bbox 1794 4032 2001 4101; x_wconf 88' lang='lat' dir='ltr'><strong>pascha</strong></span> <span class='ocrx_word' id='word_1_728' title='bbox 2034 4047 2206 4101; x_wconf 90' lang='lat' dir='ltr'><strong>usque</strong></span> <span class='ocrx_word' id='word_1_729' title='bbox 2245 4033 2317 4087; x_wconf 89' lang='lat' dir='ltr'><strong>ad</strong></span> <span class='ocrx_word' id='word_1_730' title='bbox 2358 4031 2723 4088; x_wconf 90' lang='lat' dir='ltr'><strong>Pentecosten</strong></span> <span class='ocrx_word' id='word_1_731' title='bbox 2763 4042 2819 4088; x_wconf 88' lang='lat' dir='ltr'><strong>et</strong></span> <span class='ocrx_word' id='word_1_732' title='bbox 2857 4033 2995 4088; x_wconf 87' lang='lat' dir='ltr'><strong>infra</strong></span> <span class='ocrx_word' id='word_1_733' title='bbox 3024 4035 3283 4089; x_wconf 84' lang='lat' dir='ltr'><strong>Octavam</strong></span> <span class='ocrx_word' id='word_1_734' title='bbox 3319 4050 3390 4089; x_wconf 75' lang='lat' dir='ltr'><strong>ex</strong></span> 
     </span>
    </p>
   </div>
   <div class='ocr_carea' id='block_1_101' title="bbox 1798 4116 3386 4197">
    <p class='ocr_par' dir='ltr' id='par_1_101' title="bbox 1798 4116 3386 4197">
     <span class='ocr_line' id='line_1_101' title="bbox 1798 4116 3386 4197; baseline 0.005 -22"><span class='ocrx_word' id='word_1_735' title='bbox 1798 4124 2189 4179; x_wconf 90' lang='lat' dir='ltr'><strong>consuetudine</strong></span> <span class='ocrx_word' id='word_1_736' title='bbox 2217 4116 2324 4180; x_wconf 84' lang='lat' dir='ltr'><strong>non</strong></span> <span class='ocrx_word' id='word_1_737' title='bbox 2356 4135 2612 4197; x_wconf 83' lang='lat' dir='ltr'><strong>aguntur.</strong></span> <span class='ocrx_word' id='word_1_738' title='bbox 2641 4126 2851 4197; x_wconf 87' lang='lat' dir='ltr'><strong>Jejunia</strong></span> <span class='ocrx_word' id='word_1_739' title='bbox 2900 4129 3215 4197; x_wconf 76' lang='lat' dir='ltr'><strong>persolvens</strong></span> <span class='ocrx_word' id='word_1_740' title='bbox 3244 4130 3386 4183; x_wconf 85' lang='lat' dir='ltr'><strong>infra</strong></span> 
     </span>
    </p>
   </div>
   <div class='ocr_carea' id='block_1_102' title="bbox 1798 4212 3391 4288">
    <p class='ocr_par' dir='ltr' id='par_1_102' title="bbox 1798 4212 3391 4288">
     <span class='ocr_line' id='line_1_102' title="bbox 1798 4212 3391 4288; baseline 0.004 -24"><span class='ocrx_word' id='word_1_741' title='bbox 1798 4212 2087 4279; x_wconf 90' lang='lat' dir='ltr'><strong>prandium</strong></span> <span class='ocrx_word' id='word_1_742' title='bbox 2118 4214 2186 4268; x_wconf 85' lang='lat' dir='ltr'><strong>ad</strong></span> <span class='ocrx_word' id='word_1_743' title='bbox 2214 4225 2464 4270; x_wconf 88' lang='lat' dir='ltr'><strong>sanctam</strong></span> <span class='ocrx_word' id='word_1_744' title='bbox 2496 4216 2719 4270; x_wconf 81' lang='lat' dir='ltr'><strong>Mariam</strong></span> <span class='ocrx_word' id='word_1_745' title='bbox 2748 4217 2832 4270; x_wconf 88' lang='lat' dir='ltr'><strong>vel</strong></span> <span class='ocrx_word' id='word_1_746' title='bbox 2863 4218 2916 4270; x_wconf 91' lang='lat' dir='ltr'><strong>in</strong></span> <span class='ocrx_word' id='word_1_747' title='bbox 2960 4217 3191 4286; x_wconf 89' lang='lat' dir='ltr'><strong>coquina</strong></span> <span class='ocrx_word' id='word_1_748' title='bbox 3229 4228 3391 4288; x_wconf 87' lang='lat' dir='ltr'><strong>regu-</strong></span> 
     </span>
    </p>
   </div>
   <div class='ocr_carea' id='block_1_103' title="bbox 1799 4302 3388 4375">
    <p class='ocr_par' dir='ltr' id='par_1_103' title="bbox 1799 4302 3388 4375">
     <span class='ocr_line' id='line_1_103' title="bbox 1799 4302 3388 4375; baseline 0.005 -19"><span class='ocrx_word' id='word_1_749' title='bbox 1799 4302 1896 4357; x_wconf 91' lang='lat' dir='ltr'><strong>lari</strong></span> <span class='ocrx_word' id='word_1_750' title='bbox 1928 4319 2051 4359; x_wconf 90' lang='lat' dir='ltr'><strong>cum</strong></span> <span class='ocrx_word' id='word_1_751' title='bbox 2101 4303 2316 4361; x_wconf 86' lang='lat' dir='ltr'><strong>licentia</strong></span> <span class='ocrx_word' id='word_1_752' title='bbox 2346 4308 2695 4371; x_wconf 88' lang='lat' dir='ltr'><strong>commorari,</strong></span> <span class='ocrx_word' id='word_1_753' title='bbox 2741 4317 2794 4363; x_wconf 92' lang='lat' dir='ltr'><strong>et</strong></span> <span class='ocrx_word' id='word_1_754' title='bbox 2819 4308 3009 4375; x_wconf 84' lang='lat' dir='ltr'><strong>postea</strong></span> <span class='ocrx_word' id='word_1_755' title='bbox 3050 4324 3175 4362; x_wconf 90' lang='lat' dir='ltr'><strong>cum</strong></span> <span class='ocrx_word' id='word_1_756' title='bbox 3222 4310 3388 4364; x_wconf 90' lang='lat' dir='ltr'><strong>mini-</strong></span> 
     </span>
    </p>
   </div>
   <div class='ocr_carea' id='block_1_104' title="bbox 1798 4395 3388 4464">
    <p class='ocr_par' dir='ltr' id='par_1_104' title="bbox 1798 4395 3388 4464">
     <span class='ocr_line' id='line_1_104' title="bbox 1798 4395 3388 4464; baseline 0.006 -15"><span class='ocrx_word' id='word_1_757' title='bbox 1798 4395 1951 4461; x_wconf 90' lang='lat' dir='ltr'><strong>stris,</strong></span> <span class='ocrx_word' id='word_1_758' title='bbox 1997 4397 2041 4450; x_wconf 88' lang='lat' dir='ltr'><strong>si</strong></span> <span class='ocrx_word' id='word_1_759' title='bbox 2067 4397 2236 4452; x_wconf 86' lang='lat' dir='ltr'><strong>semel</strong></span> <span class='ocrx_word' id='word_1_760' title='bbox 2272 4398 2540 4464; x_wconf 88' lang='lat' dir='ltr'><strong>reficitur,</strong></span> <span class='ocrx_word' id='word_1_761' title='bbox 2592 4400 2676 4455; x_wconf 86' lang='lat' dir='ltr'><strong>vel</strong></span> <span class='ocrx_word' id='word_1_762' title='bbox 2708 4403 2789 4455; x_wconf 73' lang='lat' dir='ltr'><strong>‘ad</strong></span> <span class='ocrx_word' id='word_1_763' title='bbox 2845 4415 3056 4456; x_wconf 71' lang='lat' dir='ltr'><strong>cmnam</strong></span> <span class='ocrx_word' id='word_1_764' title='bbox 3104 4419 3227 4457; x_wconf 90' lang='lat' dir='ltr'><strong>cum</strong></span> <span class='ocrx_word' id='word_1_765' title='bbox 3258 4418 3388 4458; x_wconf 87' lang='lat' dir='ltr'><strong>con-</strong></span> 
     </span>
    </p>
   </div>
   <div class='ocr_carea' id='block_1_105' title="bbox 1800 4489 3386 4559">
    <p class='ocr_par' dir='ltr' id='par_1_105' title="bbox 1800 4489 3386 4559">
     <span class='ocr_line' id='line_1_105' title="bbox 1800 4489 3386 4559; baseline 0.008 -18"><span class='ocrx_word' id='word_1_766' title='bbox 1800 4498 1988 4554; x_wconf 92' lang='lat' dir='ltr'><strong>ventu,</strong></span> <span class='ocrx_word' id='word_1_767' title='bbox 2035 4489 2078 4543; x_wconf 93' lang='lat' dir='ltr'><strong>si</strong></span> <span class='ocrx_word' id='word_1_768' title='bbox 2133 4490 2216 4545; x_wconf 90' lang='lat' dir='ltr'><strong>bis</strong></span> <span class='ocrx_word' id='word_1_769' title='bbox 2246 4493 2573 4559; x_wconf 88' lang='lat' dir='ltr'><strong>comeditur,</strong></span> <span class='ocrx_word' id='word_1_770' title='bbox 2612 4493 2773 4549; x_wconf 90' lang='lat' dir='ltr'><strong>debet</strong></span> <span class='ocrx_word' id='word_1_771' title='bbox 2822 4495 3066 4551; x_wconf 86' lang='lat' dir='ltr'><strong>reficere.</strong></span> <span class='ocrx_word' id='word_1_772' title='bbox 3121 4496 3386 4553; x_wconf 69' lang='lat' dir='ltr'><strong>Prmterea</strong></span> 
     </span>
    </p>
   </div>
   <div class='ocr_carea' id='block_1_106' title="bbox 1798 4580 3384 4658">
    <p class='ocr_par' dir='ltr' id='par_1_106' title="bbox 1798 4580 3384 4658">
     <span class='ocr_line' id='line_1_106' title="bbox 1798 4580 3384 4658; baseline 0.007 -26"><span class='ocrx_word' id='word_1_773' title='bbox 1798 4580 2029 4636; x_wconf 89' lang='lat' dir='ltr'><strong>domnus</strong></span> <span class='ocrx_word' id='word_1_774' title='bbox 2073 4580 2243 4636; x_wconf 88' lang='lat' dir='ltr'><strong>abbas</strong></span> <span class='ocrx_word' id='word_1_775' title='bbox 2273 4584 2376 4638; x_wconf 87' lang='lat' dir='ltr'><strong>hoc</strong></span> <span class='ocrx_word' id='word_1_776' title='bbox 2405 4582 2567 4638; x_wconf 85' lang='lat' dir='ltr'><strong>habet</strong></span> <span class='ocrx_word' id='word_1_777' title='bbox 2592 4600 2703 4655; x_wconf 70' lang='lat' dir='ltr'><strong>prae</strong></span> <span class='ocrx_word' id='word_1_778' title='bbox 2751 4587 2983 4651; x_wconf 60' lang='lat' dir='ltr'><strong>caeteris,</strong></span> <span class='ocrx_word' id='word_1_779' title='bbox 3022 4591 3166 4658; x_wconf 89' lang='lat' dir='ltr'><strong>quod</strong></span> <span class='ocrx_word' id='word_1_780' title='bbox 3206 4590 3384 4649; x_wconf 91' lang='lat' dir='ltr'><strong>fratri.</strong></span> 
     </span>
    </p>
   </div>
   <div class='ocr_carea' id='block_1_107' title="bbox 1795 4672 3387 4751">
    <p class='ocr_par' dir='ltr' id='par_1_107' title="bbox 1795 4672 3387 4751">
     <span class='ocr_line' id='line_1_107' title="bbox 1795 4672 3387 4751; baseline 0.006 -24"><span class='ocrx_word' id='word_1_781' title='bbox 1795 4672 1839 4727; x_wconf 91' lang='lat' dir='ltr'><strong>si</strong></span> <span class='ocrx_word' id='word_1_782' title='bbox 1869 4673 2089 4744; x_wconf 91' lang='lat' dir='ltr'><strong>dignum</strong></span> <span class='ocrx_word' id='word_1_783' title='bbox 2131 4673 2360 4743; x_wconf 88' lang='lat' dir='ltr'><strong>judicat,</strong></span> <span class='ocrx_word' id='word_1_784' title='bbox 2394 4676 2768 4744; x_wconf 66' lang='lat' dir='ltr'><strong>paenitentiam</strong></span> <span class='ocrx_word' id='word_1_785' title='bbox 2817 4676 3048 4750; x_wconf 85' lang='lat' dir='ltr'><strong>injungit</strong></span> <span class='ocrx_word' id='word_1_786' title='bbox 3087 4697 3257 4751; x_wconf 84' lang='lat' dir='ltr'><strong>usque</strong></span> <span class='ocrx_word' id='word_1_787' title='bbox 3317 4684 3387 4737; x_wconf 88' lang='lat' dir='ltr'><strong>ad</strong></span> 
     </span>
    </p>
   </div>
   <div class='ocr_carea' id='block_1_108' title="bbox 1798 4764 3382 4844">
    <p class='ocr_par' dir='ltr' id='par_1_108' title="bbox 1798 4764 3382 4844">
     <span class='ocr_line' id='line_1_108' title="bbox 1798 4764 3382 4844; baseline 0.005 -25"><span class='ocrx_word' id='word_1_788' title='bbox 1798 4765 1920 4821; x_wconf 73' lang='lat' dir='ltr'><strong>vita-</strong></span> <span class='ocrx_word' id='word_1_789' title='bbox 1960 4764 2077 4833; x_wconf 88' lang='lat' dir='ltr'><strong>ejus</strong></span> <span class='ocrx_word' id='word_1_790' title='bbox 2124 4769 2792 4827; x_wconf 23' lang='lat' dir='ltr'><strong>terminum.AGenullexfo</strong></span> <span class='ocrx_word' id='word_1_791' title='bbox 2839 4782 3018 4827; x_wconf 89' lang='lat' dir='ltr'><strong>autem</strong></span> <span class='ocrx_word' id='word_1_792' title='bbox 3059 4790 3159 4844; x_wconf 91' lang='lat' dir='ltr'><strong>pro</strong></span> <span class='ocrx_word' id='word_1_793' title='bbox 3205 4776 3382 4844; x_wconf 71' lang='lat' dir='ltr'><strong>penni-</strong></span> 
     </span>
    </p>
   </div>
   <div class='ocr_carea' id='block_1_109' title="bbox 1798 4858 3384 4939">
    <p class='ocr_par' dir='ltr' id='par_1_109' title="bbox 1798 4858 3384 4939">
     <span class='ocr_line' id='line_1_109' title="bbox 1798 4858 3384 4939; baseline 0.008 -29"><span class='ocrx_word' id='word_1_794' title='bbox 1798 4858 1966 4913; x_wconf 89' lang='lat' dir='ltr'><strong>tentia</strong></span> <span class='ocrx_word' id='word_1_795' title='bbox 2000 4859 2161 4915; x_wconf 89' lang='lat' dir='ltr'><strong>alicui</strong></span> <span class='ocrx_word' id='word_1_796' title='bbox 2197 4871 2420 4931; x_wconf 87' lang='lat' dir='ltr'><strong>propter</strong></span> <span class='ocrx_word' id='word_1_797' title='bbox 2452 4864 2556 4919; x_wconf 86' lang='lat' dir='ltr'><strong>hoc</strong></span> <span class='ocrx_word' id='word_1_798' title='bbox 2587 4880 2692 4919; x_wconf 91' lang='lat' dir='ltr'><strong>non</strong></span> <span class='ocrx_word' id='word_1_799' title='bbox 2722 4866 2860 4922; x_wconf 88' lang='lat' dir='ltr'><strong>solet</strong></span> <span class='ocrx_word' id='word_1_800' title='bbox 2890 4866 3053 4922; x_wconf 90' lang='lat' dir='ltr'><strong>indici</strong></span> <span class='ocrx_word' id='word_1_801' title='bbox 3112 4884 3276 4939; x_wconf 91' lang='lat' dir='ltr'><strong>quam</strong></span> <span class='ocrx_word' id='word_1_802' title='bbox 3308 4871 3384 4934; x_wconf 90' lang='lat' dir='ltr'><strong>ei,</strong></span> 
     </span>
    </p>
   </div>
   <div class='ocr_carea' id='block_1_110' title="bbox 1796 4949 3385 5030">
    <p class='ocr_par' dir='ltr' id='par_1_110' title="bbox 1796 4949 3385 5030">
     <span class='ocr_line' id='line_1_110' title="bbox 1796 4949 3385 5030; baseline 0.006 -25"><span class='ocrx_word' id='word_1_803' title='bbox 1796 4949 1888 5020; x_wconf 88' lang='lat' dir='ltr'><strong>qui</strong></span> <span class='ocrx_word' id='word_1_804' title='bbox 1923 4951 1975 5006; x_wconf 91' lang='lat' dir='ltr'><strong>in</strong></span> <span class='ocrx_word' id='word_1_805' title='bbox 2003 4964 2273 5011; x_wconf 87' lang='lat' dir='ltr'><strong>conventu</strong></span> <span class='ocrx_word' id='word_1_806' title='bbox 2307 4954 2509 5027; x_wconf 85' lang='lat' dir='ltr'><strong>jugiter</strong></span> <span class='ocrx_word' id='word_1_807' title='bbox 2552 4968 2635 5012; x_wconf 91' lang='lat' dir='ltr'><strong>est</strong></span> <span class='ocrx_word' id='word_1_808' title='bbox 2659 4959 2897 5027; x_wconf 86' lang='lat' dir='ltr'><strong>positus;</strong></span> <span class='ocrx_word' id='word_1_809' title='bbox 2950 4961 3076 5030; x_wconf 88' lang='lat' dir='ltr'><strong>quia</strong></span> <span class='ocrx_word' id='word_1_810' title='bbox 3131 4964 3247 5017; x_wconf 63' lang='lat' dir='ltr'><strong>haec</strong></span> <span class='ocrx_word' id='word_1_811' title='bbox 3278 4976 3385 5016; x_wconf 90' lang='lat' dir='ltr'><strong>non</strong></span> 
     </span>
    </p>
   </div>
   <div class='ocr_carea' id='block_1_111' title="bbox 1795 5046 2780 5120">
    <p class='ocr_par' dir='ltr' id='par_1_111' title="bbox 1795 5046 2780 5120">
     <span class='ocr_line' id='line_1_111' title="bbox 1795 5046 2780 5120; baseline 0.008 -24"><span class='ocrx_word' id='word_1_812' title='bbox 1795 5052 1974 5113; x_wconf 90' lang='lat' dir='ltr'><strong>potest</strong></span> <span class='ocrx_word' id='word_1_813' title='bbox 2009 5046 2388 5103; x_wconf 89' lang='lat' dir='ltr'><strong>ordinabiliter</strong></span> <span class='ocrx_word' id='word_1_814' title='bbox 2424 5048 2780 5120; x_wconf 87' lang='lat' dir='ltr'><strong>frequentari.</strong></span> 
     </span>
    </p>
   </div>
   <div class='ocr_carea' id='block_1_112' title="bbox 1869 5136 3386 5213">
    <p class='ocr_par' dir='ltr' id='par_1_112' title="bbox 1869 5136 3386 5213">
     <span class='ocr_line' id='line_1_112' title="bbox 1869 5136 3386 5213; baseline 0.004 -22"><span class='ocrx_word' id='word_1_815' title='bbox 1869 5136 2025 5192; x_wconf 85' lang='lat' dir='ltr'><strong>Tales</strong></span> <span class='ocrx_word' id='word_1_816' title='bbox 2090 5148 2273 5194; x_wconf 91' lang='lat' dir='ltr'><strong>autem</strong></span> <span class='ocrx_word' id='word_1_817' title='bbox 2324 5140 2561 5197; x_wconf 91' lang='lat' dir='ltr'><strong>vicarios</strong></span> <span class='ocrx_word' id='word_1_818' title='bbox 2614 5143 2680 5197; x_wconf 92' lang='lat' dir='ltr'><strong>ad</strong></span> <span class='ocrx_word' id='word_1_819' title='bbox 2739 5142 3047 5211; x_wconf 88' lang='lat' dir='ltr'><strong>hujusmodi</strong></span> <span class='ocrx_word' id='word_1_820' title='bbox 3108 5143 3386 5213; x_wconf 84' lang='lat' dir='ltr'><strong>negotium</strong></span> 
     </span>
    </p>
   </div>
   <div class='ocr_carea' id='block_1_113' title="bbox 1797 5228 3383 5303">
    <p class='ocr_par' dir='ltr' id='par_1_113' title="bbox 1797 5228 3383 5303">
     <span class='ocr_line' id='line_1_113' title="bbox 1797 5228 3383 5303; baseline 0.003 -19"><span class='ocrx_word' id='word_1_821' title='bbox 1797 5228 1956 5284; x_wconf 87' lang='lat' dir='ltr'><strong>debet</strong></span> <span class='ocrx_word' id='word_1_822' title='bbox 2007 5230 2177 5287; x_wconf 87' lang='lat' dir='ltr'><strong>abbas</strong></span> <span class='ocrx_word' id='word_1_823' title='bbox 2213 5231 2315 5287; x_wconf 89' lang='lat' dir='ltr'><strong>sibi</strong></span> <span class='ocrx_word' id='word_1_824' title='bbox 2367 5233 2589 5303; x_wconf 85' lang='lat' dir='ltr'><strong>eligere,</strong></span> <span class='ocrx_word' id='word_1_825' title='bbox 2638 5234 2728 5303; x_wconf 90' lang='lat' dir='ltr'><strong>qui</strong></span> <span class='ocrx_word' id='word_1_826' title='bbox 2775 5235 2974 5289; x_wconf 87' lang='lat' dir='ltr'><strong>fratres</strong></span> <span class='ocrx_word' id='word_1_827' title='bbox 3011 5234 3383 5303; x_wconf 86' lang='lat' dir='ltr'><strong>pusillanimes</strong></span> 
     </span>
    </p>
   </div>
   <div class='ocr_carea' id='block_1_114' title="bbox 1797 5324 3384 5394">
    <p class='ocr_par' dir='ltr' id='par_1_114' title="bbox 1797 5324 3384 5394">
     <span class='ocr_line' id='line_1_114' title="bbox 1797 5324 3384 5394; baseline 0.001 -18"><span class='ocrx_word' id='word_1_828' title='bbox 1797 5338 2002 5392; x_wconf 90' lang='lat' dir='ltr'><strong>suaque</strong></span> <span class='ocrx_word' id='word_1_829' title='bbox 2032 5324 2323 5380; x_wconf 87' lang='lat' dir='ltr'><strong>commissa</strong></span> <span class='ocrx_word' id='word_1_830' title='bbox 2353 5325 2653 5394; x_wconf 89' lang='lat' dir='ltr'><strong>periculose</strong></span> <span class='ocrx_word' id='word_1_831' title='bbox 2686 5324 2927 5381; x_wconf 54' lang='lat' dir='ltr'><strong>celantes</strong></span> <span class='ocrx_word' id='word_1_832' title='bbox 2957 5324 3188 5381; x_wconf 85' lang='lat' dir='ltr'><strong>fideliter</strong></span> <span class='ocrx_word' id='word_1_833' title='bbox 3234 5340 3384 5379; x_wconf 82' lang='lat' dir='ltr'><strong>com-</strong></span> 
     </span>
    </p>
   </div>
   <div class='ocr_carea' id='block_1_115' title="bbox 1798 5413 3384 5490">
    <p class='ocr_par' dir='ltr' id='par_1_115' title="bbox 1798 5413 3384 5490">
     <span class='ocr_line' id='line_1_115' title="bbox 1798 5413 3384 5490; baseline 0.003 -22"><span class='ocrx_word' id='word_1_834' title='bbox 1798 5413 2190 5481; x_wconf 89' lang='lat' dir='ltr'><strong>monefaciant,</strong></span> <span class='ocrx_word' id='word_1_835' title='bbox 2222 5432 2291 5472; x_wconf 92' lang='lat' dir='ltr'><strong>ne</strong></span> <span class='ocrx_word' id='word_1_836' title='bbox 2320 5418 2449 5487; x_wconf 89' lang='lat' dir='ltr'><strong>quid</strong></span> <span class='ocrx_word' id='word_1_837' title='bbox 2484 5418 2733 5473; x_wconf 89' lang='lat' dir='ltr'><strong>abbatem</strong></span> <span class='ocrx_word' id='word_1_838' title='bbox 2764 5420 2936 5488; x_wconf 89' lang='lat' dir='ltr'><strong>ipsum</strong></span> <span class='ocrx_word' id='word_1_839' title='bbox 2969 5419 3147 5473; x_wconf 88' lang='lat' dir='ltr'><strong>celare</strong></span> <span class='ocrx_word' id='word_1_840' title='bbox 3180 5434 3384 5490; x_wconf 69' lang='lat' dir='ltr'><strong>prmsu-</strong></span> 
     </span>
    </p>
   </div>
   <div class='ocr_carea' id='block_1_116' title="bbox 1798 5510 3384 5581">
    <p class='ocr_par' dir='ltr' id='par_1_116' title="bbox 1798 5510 3384 5581">
     <span class='ocr_line' id='line_1_116' title="bbox 1798 5510 3384 5581; baseline 0.003 -20"><span class='ocrx_word' id='word_1_841' title='bbox 1798 5516 1970 5575; x_wconf 88' lang='lat' dir='ltr'><strong>mant,</strong></span> <span class='ocrx_word' id='word_1_842' title='bbox 2004 5511 2378 5581; x_wconf 59' lang='lat' dir='ltr'><strong>quem;utique</strong></span> <span class='ocrx_word' id='word_1_843' title='bbox 2408 5510 2776 5578; x_wconf 88' lang='lat' dir='ltr'><strong>justissimum</strong></span> <span class='ocrx_word' id='word_1_844' title='bbox 2805 5519 2911 5576; x_wconf 88' lang='lat' dir='ltr'><strong>est,</strong></span> <span class='ocrx_word' id='word_1_845' title='bbox 2944 5519 3209 5566; x_wconf 89' lang='lat' dir='ltr'><strong>eteorum</strong></span> <span class='ocrx_word' id='word_1_846' title='bbox 3239 5512 3384 5566; x_wconf 87' lang='lat' dir='ltr'><strong>male</strong></span> 
     </span>
    </p>
   </div>
   <div class='ocr_carea' id='block_1_117' title="bbox 1798 5596 3380 5674">
    <p class='ocr_par' dir='ltr' id='par_1_117' title="bbox 1798 5596 3380 5674">
     <span class='ocr_line' id='line_1_117' title="bbox 1798 5596 3380 5674; baseline 0.002 -19"><span class='ocrx_word' id='word_1_847' title='bbox 1798 5610 1919 5656; x_wconf 90' lang='lat' dir='ltr'><strong>acta</strong></span> <span class='ocrx_word' id='word_1_848' title='bbox 1977 5601 2246 5672; x_wconf 86' lang='lat' dir='ltr'><strong>simulque</strong></span> <span class='ocrx_word' id='word_1_849' title='bbox 2292 5603 2431 5658; x_wconf 89' lang='lat' dir='ltr'><strong>bene</strong></span> <span class='ocrx_word' id='word_1_850' title='bbox 2469 5611 2589 5659; x_wconf 89' lang='lat' dir='ltr'><strong>acta</strong></span> <span class='ocrx_word' id='word_1_851' title='bbox 2620 5616 2989 5672; x_wconf 85' lang='lat' dir='ltr'><strong>cognoscere;</strong></span> <span class='ocrx_word' id='word_1_852' title='bbox 3042 5603 3239 5674; x_wconf 89' lang='lat' dir='ltr'><strong>quippe</strong></span> <span class='ocrx_word' id='word_1_853' title='bbox 3285 5596 3380 5674; x_wconf 80' lang='lat' dir='ltr'><strong>qui</strong></span> 
     </span>
    </p>
   </div>
   <div class='ocr_carea' id='block_1_118' title="bbox 192 5743 3379 5823">
    <p class='ocr_par' dir='ltr' id='par_1_118' title="bbox 192 5743 3379 5823">
     <span class='ocr_line' id='line_1_118' title="bbox 192 5743 3379 5823; baseline -0.001 -22"><span class='ocrx_word' id='word_1_854' title='bbox 192 5746 293 5823; x_wconf 63' lang='lat'><strong>(96)</strong></span> <span class='ocrx_word' id='word_1_855' title='bbox 327 5746 449 5804; x_wconf 81' lang='lat' dir='ltr'><strong>Giro</strong></span> <span class='ocrx_word' id='word_1_856' title='bbox 476 5794 487 5814; x_wconf 90' lang='lat'><strong>,</strong></span> <span class='ocrx_word' id='word_1_857' title='bbox 516 5750 657 5823; x_wconf 69' lang='lat' dir='ltr'><strong>Cyro</strong></span> <span class='ocrx_word' id='word_1_858' title='bbox 720 5750 896 5822; x_wconf 84' lang='lat' dir='ltr'><strong>Caro,</strong></span> <span class='ocrx_word' id='word_1_859' title='bbox 944 5750 1154 5808; x_wconf 81' lang='lat' dir='ltr'><strong>laciniae</strong></span> <span class='ocrx_word' id='word_1_860' title='bbox 1231 5748 1284 5805; x_wconf 89' lang='lat' dir='ltr'><strong>id</strong></span> <span class='ocrx_word' id='word_1_861' title='bbox 1326 5756 1430 5817; x_wconf 89' lang='lat' dir='ltr'><strong>est,</strong></span> <span class='ocrx_word' id='word_1_862' title='bbox 1468 5747 1634 5804; x_wconf 89' lang='lat' dir='ltr'><strong>vestis</strong></span> <span class='ocrx_word' id='word_1_863' title='bbox 1669 5761 1831 5818; x_wconf 89' lang='lat' dir='ltr'><strong>pars,</strong></span> <span class='ocrx_word' id='word_1_864' title='bbox 1863 5762 1926 5803; x_wconf 92' lang='lat' dir='ltr'><strong>ac</strong></span> <span class='ocrx_word' id='word_1_865' title='bbox 1951 5754 2122 5818; x_wconf 68' lang='lat' dir='ltr'><strong>togre,</strong></span> <span class='ocrx_word' id='word_1_866' title='bbox 2160 5762 2264 5817; x_wconf 88' lang='lat' dir='ltr'><strong>qua</strong></span> <span class='ocrx_word' id='word_1_867' title='bbox 2304 5746 2476 5802; x_wconf 76' lang='lat' dir='ltr'><strong>laxior</strong></span> <span class='ocrx_word' id='word_1_868' title='bbox 2509 5746 2568 5801; x_wconf 86' lang='lat' dir='ltr'><strong>fit</strong></span> <span class='ocrx_word' id='word_1_869' title='bbox 2627 5761 2721 5803; x_wconf 89' lang='lat' dir='ltr'><strong>seu</strong></span> <span class='ocrx_word' id='word_1_870' title='bbox 2750 5747 2801 5803; x_wconf 90' lang='lat' dir='ltr'><strong>in</strong></span> <span class='ocrx_word' id='word_1_871' title='bbox 2825 5746 3111 5819; x_wconf 80' lang='lat' dir='ltr'><strong>largiorem</strong></span> <span class='ocrx_word' id='word_1_872' title='bbox 3146 5743 3379 5801; x_wconf 76' lang='lat' dir='ltr'><strong>formata</strong></span> 
     </span>
    </p>
   </div>
   <div class='ocr_carea' id='block_1_119' title="bbox 134 5813 657 5893">
    <p class='ocr_par' dir='ltr' id='par_1_119' title="bbox 134 5813 657 5893">
     <span class='ocr_line' id='line_1_119' title="bbox 134 5813 657 5893; baseline 0.023 -26"><span class='ocrx_word' id='word_1_873' title='bbox 134 5813 179 5869; x_wconf 90' lang='lat' dir='ltr'><strong>in</strong></span> <span class='ocrx_word' id='word_1_874' title='bbox 202 5813 302 5875; x_wconf 81' lang='lat' dir='ltr'><strong>imo</strong></span> <span class='ocrx_word' id='word_1_875' title='bbox 328 5835 385 5876; x_wconf 84' lang='lat' dir='ltr'><strong>se</strong></span> <span class='ocrx_word' id='word_1_876' title='bbox 407 5813 657 5893; x_wconf 64' lang='lat' dir='ltr'><strong>explicat.</strong></span> 
     </span>
    </p>
   </div>
  </div>
