3890 6314
450 287 549 345 975

1544 277 1602 334 S.
1635 277 2006 336 GU-ILLELMI
2041 275 2332 334 ABBATIS
2366 278 2684 334 HIRSAUG.

3601 287 3686 345 9ἷὺ

446 406 570 469 post
612 397 894 451 Dominum
939 405 1059 448 esse
1108 390 1268 448 debet
1296 391 1612 460 potissimus
1641 392 1941 446 ordinator.
1975 391 2031 446 Si
2059 395 2108 456 Α
2138 391 2372 458 cuculla,
2414 393 2518 448 nisi
2557 405 2612 448 et
2639 391 2912 463 pellicittm
2950 402 3003 448 et
3036 393 3303 464 froccum,
3327 405 3418 450 aut
3439 396 3686 456 Guuellatn

448 481 554 568 tale
582 486 713 558 quid
746 486 794 542 ei
838 484 1101 555 contingit
1132 484 1183 537 in
1215 493 1394 550 nocte,
1420 483 1562 552 quod
1597 499 1694 538 nos
1724 485 2030 540 verecunde

445 578 778 650 appellamus
808 573 1147 644 fragilitatem
1180 572 1316 643 (97),
1341 583 1466 627 ante
1495 572 1892 628 confessionem
1937 590 2026 629 uo.

443 679 651 740 septem
700 669 937 739 psalmos
963 664 1363 738 pmnitentiales
1407 665 1562 731 dicit,
1591 664 1678 720 vel
1717 665 1760 720 si
1792 665 2031 735 psalmos

447 762 638 826 nescit,
667 757 1004 814 Dominicam
1033 757 1333 814 orationem
1366 757 1568 826 septies
1591 797 1607 824 ,
1655 764 1710 811 et
1735 765 2028 827 postquam

443 850 725 922 confessus
752 849 939 914 fuerit,
981 849 1085 905 hoc
1133 847 1276 920 quod
1329 847 1432 902 sibi
1477 848 1734 904 sacerdos
1777 846 2025 918 jusserit,

443 941 592 996 dicit.

514 1035 543 1070 ν
567 1035 650 1091 Ea
681 1034 770 1089 die
795 1049 894 1090 nec
939 1041 1145 1089 textum
1193 1031 1454 1104 evangelii
1485 1031 1786 1098 osculatur,
1819 1045 1920 1087 nec
1957 1030 2024 1086 ad

440 1131 626 1196 pacem
668 1127 860 1191 venit,
915 1141 1016 1181 nec
1059 1126 1125 1181 ad
1167 1124 1498 1180 offerendum
1526 1165 1540 1191 ,
1597 1140 1697 1179 nec
1751 1126 1818 1179 ad
1852 1125 2024 1180 altare

439 1219 670 1283 accedit,
707 1233 805 1273 nec
837 1219 889 1274 in
915 1216 1254 1289 presbyterio
1283 1217 1472 1282 servit,
1508 1231 1609 1271 nec
1636 1207 2023 1286 aliquidqued

438 1320 520 1366 est
553 1325 767 1366 sacrum
800 1309 884 1366 vel
914 1311 966 1365 in
1006 1295 1168 1375 vasis,
1210 1317 1302 1362 aut
1344 1308 1398 1363 in
1429 1309 1644 1363 caeteris
1673 1307 2016 1374 utensilibus,

435 1404 580 1475 quod
609 1414 692 1458 est
724 1403 1093 1465 benedictum,
1147 1401 1346 1473 tangit;
1388 1408 1636 1470 excepto,
1667 1401 1807 1469 quod
1840 1399 1892 1453 in
1923 1415 2022 1468 pu-

433 1495 738 1552 ritieatione
765 1505 968 1550 sanctte
1006 1493 1206 1556 Mariae,
1232 1503 1286 1547 et
1318 1492 1373 1545 in
1401 1489 1632 1545 Psalmis
1655 1498 1876 1559 propter
1911 1491 2016 1544 hoc

432 1588 711 1644 candelam
749 1587 836 1642 vel
866 1602 1047 1642 ramos
1078 1574 1619 1640 benedictos’ofl‘erre
1649 1598 1756 1637 non
1792 1583 2014 1636 omittit.

430 1678 488 1734 In
527 1677 817 1734 rcfectorio
871 1691 972 1731 nec
1009 1676 1217 1731 oblatas
1259 1674 1402 1746 (98),
1434 1689 1535 1728 nec
1580 1673 2014 1728 benedictionem

2137 481 2335 536 habeat
2380 483 2646 550 indutam,
2684 497 2754 538 ne
2798 482 2927 554 quid
2966 485 3232 542 nuditatis
3277 501 3392 544 suae
3436 491 3592 560 possit
3633 495 3687 547 ab

2135 571 2316 646 aliquo
2348 574 2541 632 videri.
2803 573 2806 576 ⁴

2205 673 2223 693 *
2250 672 2318 726 Et
2344 672 2388 727 si
2413 687 2476 728 ea
2509 671 2674 726 fuerit
2703 674 2857 738 hora,
2883 687 3010 742 qua,
3043 682 3336 744 postquam
3362 687 3422 731 se
3451 678 3684 746 vestierit,

2133 763 2200 818 ad
2228 763 2625 829 dormiendum,
2663 764 2918 820 collocari
2961 781 3066 821 non
3111 767 3309 822 debeat
3351 780 3535 838 operto
3570 771 3685 827 lecto

2131 853 2276 922 quod
2327 852 2434 907 alio
2470 863 2714 924 tempore
2776 851 2882 909 non
2935 856 3063 911 licet
3101 871 3266 928 super
3311 861 3682 928 ceopertorium

2131 944 2320 999 sedet:
2354 934 2582 1014 pedibus
2611 961 2775 1015 super
2809 945 3105 1003 scabellum
3143 947 3359 1016 positis.
3398 965 3484 1004 eo.
3513 949 3683 1005 Eodem

2131 1049 2342 1105 quoque
2389 1044 2668 1106 tempore,
2708 1052 2845 1108 quos
2895 1037 3086 1103 exuit,
3145 1038 3332 1092 statim
3381 1040 3682 1110 complicat,

2127 1127 2408 1183 femoralta
2459 1127 2685 1184 involvit
2721 1131 3009 1193 stamineo,
3053 1139 3107 1184 et
3151 1146 3274 1184 cum
3333 1129 3452 1200 ejus
3488 1134 3685 1188 manicis

2126 1227 2358 1289 utraque
2386 1217 2604 1290 colligat
2633 1220 2686 1276 in
2712 1223 3008 1288 armario,’
3030 1224 3172 1294 quod
3204 1225 3256 1278 in
3290 1225 3682 1295 claustro‘juxta

2125 1323 2410 1363 ascensum
2461 1310 2770 1366 dormitorii
2818 1313 2900 1368 vel
2951 1313 3007 1367 in
3048 1313 3153 1368 alio
3209 1317 3536 1385 competenti
3583 1317 3684 1374 loco

2124 1408 2208 1454 est
2257 1399 2324 1454 ad
2360 1399 2464 1454 hoc
2494 1399 2833 1470 deputatum,
2869 1403 2985 1459 sive
3030 1403 3138 1470 illa,
3188 1403 3304 1460 sive
3353 1403 3460 1458 alia
3490 1406 3570 1460 die
3600 1421 3682 1478 po-

2120 1491 2342 1547 nenda:
2385 1493 2677 1548 dummodo
2714 1493 2768 1548 in
2803 1493 2935 1550 feria
2984 1495 3148 1552 tertia
3196 1504 3322 1566 post
3361 1496 3682 1566 Evangelinm

2119 1583 2315 1652 prioris
2352 1583 2534 1638 missae
2567 1583 2634 1638 ad
2671 1583 2960 1640 lavandum
2983 1585 3280 1642 auferenda
3316 1587 3390 1642 ibi
3422 1587 3682 1644 invenian-

2118 1683 2226 1740 tur,
2276 1691 2396 1746 quaa
2433 1684 2611 1732 tamen
2650 1677 2754 1744 sic,
2808 1687 2868 1732 ut
2913 1677 3218 1734 Conventui
3270 1695 3382 1736 non
3433 1691 3678 1744 occurrat,

429 1771 602 1836 dabit,
636 1769 741 1824 nisi
780 1768 848 1824 ad
897 1767 1198 1834 ministros,
1241 1765 1284 1821 si
1318 1779 1540 1824 necesse
1591 1763 1776 1818 fuerit.
1819 1763 2014 1818 Sacer-
2043 1773 2090 1833 B
2119 1759 2282 1819 debet
2334 1774 2579 1837 portare.
2611 1763 2762 1822 Unde
2793 1766 2896 1823 sub
2945 1767 3206 1835 scabello,
3245 1769 3392 1840 quod
3441 1777 3524 1825 est
3575 1779 3680 1825 ante

428 1861 609 1916 dotem
667 1860 736 1915 ad
789 1859 970 1914 missa:
1002 1857 1421 1913 celebrationem
1470 1871 1571 1910 nec
1626 1855 1872 1923 induere,
1915 1869 2016 1910 nec

425 1967 628 2010 exuere
675 1953 918 2023 adjuvat,
963 1967 1064 2006 nec
1116 1951 1233 2021 ipse
1279 1951 1458 2004 albam
1507 1957 1886 2004 consecratam
1933 1947 2016 2002 in-

425 2049 554 2104 duet
583 2065 601 2102 :
630 2063 754 2102 nam
789 2047 994 2118 absque
1035 2046 1120 2100 his
1159 2060 1279 2115 qua:
1312 2045 1381 2099 ad
1417 2045 1614 2100 missas
1663 2043 2014 2100 celebrandas

422 2151 553 2198 sunt
591 2141 885 2214 deputatae,
931 2149 1140 2196 camerae
1187 2139 1324 2194 albae
1379 2139 1674 2192 secundum
1727 2144 2014 2192 consuetu-

421 2235 605 2291 dinem
644 2243 883 2288 nostram
929 2249 1036 2288 non
1069 2241 1196 2288 sunt
1235 2232 1581 2288 benedictae:
1620 2239 1675 2286 et
1723 2227 1847 2286 ideo
1877 2246 2014 2300 quo-

423 2327 779 2396 tienscunque
829 2342 915 2381 res
955 2325 1158 2395 exigit,
1200 2323 1288 2380 his
1344 2324 1532 2397 vestiri
1575 2321 1801 2394 poterit.
1856 2321 2011 2377 Scire

420 2428 602 2476 autem
649 2434 774 2474 eum
821 2427 1079 2488 oportet,
1131 2415 1275 2486 quod
1323 2430 1664 2487 nequaquam
1712 2415 1780 2470 ad
1825 2427 1931 2482 ea,
1978 2429 2010 2468 a

419 2514 618 2584 quibus
666 2512 976 2584 prohibitus
1019 2519 1138 2576 est,
1183 2509 1476 2582 aliquando
1520 2509 1794 2564 licentiam
1825 2515 2010 2578 petere

420 2605 598 2671 debet,
631 2604 796 2658 etiam
847 2604 892 2658 si
923 2604 1100 2673 aliqua
1147 2603 1424 2673 praecipua
1467 2601 1782 2658 solemnitas
1821 2601 2006 2656 instet.

415 2696 671 2752 Attamen
701 2697 754 2751 in
791 2694 1039 2750 Paschali
1067 2694 1176 2760 die,
1209 2703 1264 2750 et
1291 2694 1344 2748 in
1376 2693 1549 2748 tribus
1574 2693 2008 2764 praecedentibus

414 2785 714 2841 secundum
744 2782 1192 2850 consuetudinem
1229 2782 1430 2848 nullus,
1463 2783 1578 2838 sive
1606 2797 1704 2852 pro
1733 2781 1862 2846 ista,
1891 2781 2005 2835 sive

414 2889 514 2946 pro
558 2875 742 2944 aliqua
783 2873 1130 2938 necessitate,
1171 2871 1274 2927 nisi
1305 2887 1406 2942 pro
1437 2871 1707 2928 criminali
1753 2878 2000 2940 peccato,

413 2981 475 3022 se
523 2965 798 3021 subtrahit
847 2979 878 3018 a
912 2964 1316 3020 communione.
1367 2963 1520 3030 Quod
1572 2964 1618 3018 si
1673 2964 1890 3032 quando
1947 2962 2001 3017 in

415 3055 645 3111 meridie
675 3055 778 3108 hoc
813 3053 906 3108 tibi
935 3053 1208 3118 evenerit,
1242 3060 1464 3122 propter
1495 3051 1598 3106 hoc
1640 3051 1693 3104 in
1735 3050 1998 3120 crastino,

2119 1854 2339 1922 lectum,
2397 1857 2596 1913 debent
2647 1854 2880 1926 servari,
2913 1859 3089 1915 donec
3111 1859 3181 1915 ad
3231 1860 3531 1916 armarium
3558 1875 3680 1916 com-

2116 1957 2364 2018 petenter
2385 1949 2597 2020 possint
2626 1951 2853 2020 portari.
2889 1951 3128 2007 Thecam
3156 1967 3374 2023 quoque
3409 1953 3678 2022 pulvinaris

2115 2042 2307 2095 eadem
2346 2041 2479 2096 hora
2530 2041 2656 2097 illuc
2687 2053 2888 2114 portat,
2938 2043 3018 2099 sic
3050 2052 3245 2112 tamen
3295 2057 3434 2115 opus
3461 2054 3542 2100 est
3576 2061 3669 2098 eam

2113 2129 2330 2199 lavare;
2386 2135 2480 2188 sed
2514 2149 2677 2202 super
2721 2150 2936 2188 murum
2973 2149 3235 2191 ascensus
3278 2136 3578 2191 dormitorii
3605 2135 3670 2190 vel

2113 2224 2339 2278 secrsim
2363 2225 2524 2281 debet
2551 2225 2696 2279 illam
2728 2241 2952 2296 ponere.

2184 2309 2240 2366 Si
2293 2322 2478 2368 custos
2515 2329 2636 2369 cum
2663 2313 2864 2386 juvene
2901 2330 3000 2372 suo
3031 2315 3144 2371 vult
3189 2327 3436 2384 mutare,
3483 2319 3673 2373 interim

2111 2403 2270 2458 debet
2333 2404 2477 2459 illam
2533 2405 2624 2460 alii
2675 2407 3060 2464 commendare
3123 2409 3353 2480 ipseque
3415 2411 3466 2466 in
3516 2411 3673 2481 aliquo

2111 2509 2285 2550 vacuo
2332 2495 2473 2567 lecto
2528 2506 2759 2554 mutare.
2816 2499 2961 2554 liora
3003 2511 3183 2557 autem
3217 2504 3462 2557 mutandi
3494 2503 3672 2557 discer-

2111 2585 2280 2657 nitur,
2313 2602 2433 2658 quaa
2464 2595 2706 2662 exceptis
2735 2591 2963 2660 privatis
3001 2593 3189 2648 diebus
3217 2609 3246 2648 a
3278 2595 3519 2650 calendis
3544 2606 3670 2650 octe-

2105 2676 2220 2760 bris
2267 2694 2439 2750 usque
2491 2683 2558 2735 ad
2608 2680 2861 2736 calendas
2900 2685 3238 2751 novembris,
3273 2696 3331 2741 et
3370 2686 3475 2742 illis
3521 2686 3666 2741 uinus

2104 2767 2298 2825 diebus
2346 2781 2471 2826 ante
2503 2771 2712 2828 Pascha
2749 2774 2895 2827 omni
2924 2783 3168 2844 tempore
3213 2786 3298 2831 est
3353 2787 3474 2847 post
3520 2775 3657 2830 Matu-

2104 2863 2301 2928 tiuum,
2329 2865 2546 2934 quando
2590 2863 2789 2919 fratres
2839 2875 3135 2934 repansant
3200 2867 3256 2922 in
3313 2867 3488 2924 lectis.
3533 2867 3657 2922 'l'unc

2104 2941 2350 3025 inquam,
2381 2956 2495 3010 sive
2522 2965 2816 3025 antequam
2846 2971 2905 3012 se
2934 2939 3245 3026 recollocet,
3289 2949 3406 3016 sive
3443 2969 3556 3030 post
3574 2961 3664 3014 huc

2105 3056 2234 3100 ante
2280 3047 2515 3100 sonitum
2571 3047 2873 3117 evigilans,
2915 3057 3132 3104 mutare
3172 3059 3398 3119 potest,
3449 3051 3662 3121 quisquis

411 3147 456 3203 si
486 3146 756 3203 confessio
780 3145 1082 3216 praecessit,
1107 3144 1174 3199 ab
1201 3144 1308 3210 his,
1341 3159 1459 3213 quae
1500 3143 1817 3214 praescripta
1847 3153 1995 3211 sunt,
2028 3131 2071 3192 C
2099 3135 2356 3200 voluerit,
2401 3136 2505 3190 nisi
2537 3137 2607 3192 sit
2628 3136 2867 3206 juvenis,
2897 3147 2954 3193 et
2998 3140 3044 3192 si
3094 3140 3410 3211 priusquam
3455 3140 3662 3196 sonitum

411 3254 518 3294 non
555 3237 876 3293 abstinebis.
925 3237 984 3292 Si
1024 3247 1205 3292 autem
1246 3250 1439 3292 rasura
1481 3237 1567 3292 vel
1593 3235 1739 3292 aliud
1789 3237 1931 3306 quod
1964 3252 1994 3290 a

410 3328 758 3386 confessione
805 3343 931 3384 eum
980 3328 1305 3398 impedierit,
1356 3328 1408 3382 in
1450 3327 1593 3382 aliud
1635 3336 1842 3396 tempus
1871 3342 1993 3383 eam

407 3422 624 3488 differt;
670 3435 772 3477 nec
809 3429 991 3477 tamen
1037 3419 1255 3475 interim
1297 3418 1459 3474 alicui
1505 3416 1887 3488 praedictorum
1934 3434 1993 3473 se

408 3517 746 3574 intromittit.
781 3532 874 3574 un.
905 3515 973 3571 Et
1002 3515 1142 3586 apud
1180 3529 1278 3569 nos
1319 3513 1668 3568 Lavatorium
1718 3521 1990 3604 secretum

411 3625 530 3666 cum
559 3610 909 3679 aquae—ductu
935 3618 1040 3675 est,
1079 3609 1148 3663 ibi
1187 3608 1332 3662 lavat
1361 3607 1638 3662 femoralia
1667 3622 1786 3672 sua,
1821 3621 1993 3676 quan-

410 3709 520 3756 tum
553 3701 645 3756 illa
677 3701 1038 3756 conventione
1069 3709 1197 3754 sunt
1244 3709 1490 3754 contacta
1518 3739 1534 3764 ,
1584 3707 1638 3754 et
1677 3699 1781 3753 hoc
1819 3714 1994 3768 quan-

405 3794 696 3862 doeunque
752 3793 806 3862 in
873 3792 961 3846 die
1009 3792 1226 3846 occasio
1281 3792 1382 3846 sibi
1440 3792 1564 3846 data
1614 3790 1822 3856 fuerit,
1887 3790 1989 3845 nisi

403 3883 623 3954 quando
653 3881 953 3938 meridiana
990 3881 1102 3953 (99)
1132 3882 1328 3952 agitur.
1364 3883 1380 3903 “
1415 3882 1472 3937 Si
1503 3891 1586 3937 est
1625 3882 1676 3935 in
1719 3882 1987 3948 custodia,

403 3992 434 4031 a
484 3975 709 4032 custode
739 3990 840 4032 suo
873 3974 1000 4031 illuc
1025 3974 1263 4040 ducitur,
1297 3982 1353 4028 et
1401 3973 1536 4029 foris
1587 3974 1790 4030 ostium
1833 3975 1902 4030 ab
1924 3987 1988 4046 eo

400 4077 773 4140 exspectatur.
828 4067 982 4136 Quod
1035 4076 1089 4124 et
1139 4081 1354 4138 semper
1406 4076 1490 4123 est
1536 4077 1824 4139 apertum,
1885 4067 1986 4123 nisi
2028 4129 2030 4132 ,

401 4177 524 4218 cum
573 4162 697 4233 quis
753 4161 806 4216 id
857 4161 1003 4216 intus
1055 4159 1169 4230 agit
1227 4169 1520 4216 secretum.
1555 4159 1848 4216 Sciendum
1906 4169 1988 4216 est

399 4271 506 4312 non
537 4272 658 4312 esse
688 4264 885 4312 nostrae
908 4255 1339 4318 consuetudinis,
1383 4265 1443 4310 ut
1472 4257 1772 4312 monachus
1802 4255 1990 4310 audiat

400 4348 795 4404 confessionem
825 4346 1106 4413 mulieris,
1146 4355 1240 4402 aut
1271 4345 1502 4416 alicujus
1535 4347 1772 4403 hominis
1812 4363 1986 4402 samu-

399 4439 570 4506 laris,
619 4441 724 4496 nisi
753 4440 796 4494 si
846 4449 954 4495 tam
1003 4439 1266 4510 probatus
1305 4447 1412 4504 est,
1458 4439 1545 4494 cui
1602 4439 1656 4494 id
1699 4439 1870 4494 abbas
1901 4439 1984 4493 in-
2014 4479 2062 4539 ο

398 4533 668 4602 iunxerit;
696 4549 802 4588 non
835 4543 1014 4588 tamen
1036 4533 1154 4588 sine
1182 4531 1398 4588 licentia
1425 4531 1700 4604 Episcopi,
1729 4533 1796 4588 ad
1818 4547 1979 4604 quem

400 4624 590 4680 talium
623 4640 752 4680 cura
786 4626 1043 4695 pertinet.

966 4717 1193 4774 CAPUT
1231 4716 1416 4772 XLlV.

541 4809 818 4876 Quomodo
854 4819 901 4864 et
938 4811 1149 4881 quando
1176 4811 1478 4866 vestimenta
1503 4827 1601 4864 sua
1627 4811 1838 4865 induat.

470 4900 608 4972 (ιω.)
649 4900 759 4955 Aut
784 4900 833 4957 si
859 4900 1022 4955 habet
1049 4902 1102 4955 in
1129 4910 1382 4970 promptu
1427 4901 1774 4956 mutatorium
1803 4914 2001 4967 suum:

395 4999 590 5058 mutat,
615 5007 722 5062 quo
742 5000 830 5049 est
860 4991 1078 5047 indutus
1101 5005 1201 5046 nec
1221 4990 1372 5062 prius
1395 4991 1460 5044 ad
1483 5005 1706 5062 ea,quae
1729 4990 1986 5062 pra-fatus

2101 3227 2352 3292 audierit,
2407 3227 2639 3298 caligam
2688 3244 2850 3282 unam
2887 3230 3136 3296 exuerit,
3183 3232 3272 3286 vel
3323 3232 3512 3288 saltem
3559 3232 3666 3284 bra-

2100 3315 2240 3372 chile
2296 3317 2442 3389 (100)
2499 3317 2851 3375 femoralibus
2899 3320 3221 3387 inseruerit,
3272 3324 3378 3378 hoc
3427 3333 3663 3394 peragere

2098 3424 2204 3464 non
2253 3410 2485 3478 desistit,
2522 3411 2710 3482 sicque
2739 3455 2756 3480 ,
2811 3411 2856 3467 si
2901 3411 3041 3469 forte
3094 3422 3205 3470 tres
3250 3413 3374 3470 illas
3412 3415 3664 3470 orationes

2096 3516 2257 3556 mane
2304 3500 2582 3557 faciendas
2628 3503 2972 3573 neglexerit,
3031 3519 3138 3559 non
3192 3505 3267 3560 illi
3310 3505 3659 3576 imputandum

2096 3591 2219 3645 erit.
2251 3590 2322 3644 At
2349 3591 2393 3646 si
2423 3593 2665 3647 sonitum
2691 3593 2840 3663 prius
2888 3609 3051 3663 quam
3081 3595 3286 3650 dictum
3314 3604 3397 3650 est
3427 3594 3655 3654 audierit,

2093 3689 2152 3740 et
2207 3683 2252 3738 si
2308 3684 2376 3739 ad
2436 3684 2775 3740 vestiendum
2835 3701 2895 3741 se
2933 3687 3111 3742 redire
3156 3687 3433 3753 voluerit,
3488 3688 3656 3742 induti:

2094 3776 2508 3833 nocturnalibus
2539 3777 2686 3850 (iOl)
2712 3777 2904 3844 lavari,
2935 3780 3099 3849 pecli,
3126 3789 3179 3834 et
3209 3778 3375 3834 factis
3407 3778 3653 3834 histribus

2092 3871 2430 3924 orationibus
2473 3870 2676 3925 reverti
2731 3870 3020 3937 accelerat,
3059 3877 3118 3923 ut
3163 3870 3394 3924 mutatis
3449 3867 3656 3924 veSIibuE

2091 3960 2160 4016 ad
2210 3961 2440 4032 primam
2481 3963 2798 4032 tempestive
2833 3961 3016 4016 veniat
3048 3977 3063 4026 ;
3111 3975 3233 4032 qua:
3263 3962 3308 4016 si
3347 3961 3510 4015 simul
3553 3972 3656 4013 cuni

2090 4052 2359 4110 matutino
2419 4062 2711 4120 cantatur,
2767 4061 2895 4106 ante
2948 4053 3160 4106 tertiam
3212 4059 3432 4106 mutare
3483 4057 3656 4121 potest,

2091 4144 2246 4212 Quod
2271 4144 2315 4198 si
2343 4145 2558 4214 quando
2580 4145 2768 4200 eadem
2800 4144 2975 4216 prima
3007 4151 3134 4199 ante
3162 4143 3340 4198 lucem
3381 4143 3466 4198 vel
3495 4149 3657 4214 postea

2089 4239 2169 4294 sic
2198 4235 2407 4303 finitur,
2442 4245 2504 4290 ut
2551 4236 2606 4291 in
2651 4236 2892 4292 claustro
2943 4236 3122 4308 legere
3165 4251 3273 4290 non
3323 4236 3521 4305 possit,
3554 4244 3657 4285 tunc

2087 4328 2277 4384 eodem
2316 4328 2499 4393 modo,
2529 4342 2637 4398 quo
2685 4344 2847 4399 supra
2903 4329 2969 4383 ad
3023 4327 3370 4383 intervallum
3424 4329 3478 4382 in
3505 4327 3660 4381 Choro

2088 4422 2334 4489 sedebit,
2385 4435 2668 4491 quousque
2723 4421 2961 4476 souitmn
3024 4421 3076 4476 in
3134 4419 3343 4476 circuio
3395 4420 3574 4492 janua:
3614 4417 3656 4471 in

2089 4522 2330 4585 tempore
2359 4524 2439 4569 est
2467 4513 2697 4578 factum,
2725 4513 2976 4568 audierit.

2676 4623 2904 4680 CAPUT
2941 4624 3103 4679 XLV.

2159 4719 2219 4775 Si
2257 4734 2449 4789 coquus
2479 4725 2576 4781 est,
2607 4733 2709 4788 qua
2736 4717 2867 4770 hora
2902 4729 3168 4772 costarum
3207 4735 3362 4772 suam
3397 4719 3566 4772 videat

2156 4811 2295 4883 (ω.)
2319 4810 2525 4878 Quodsi
2542 4825 2705 4864 cocus
2717 4817 2820 4876 est,
2845 4811 3390 4880 utvnlgariteraiunt,
3408 4823 3655 4866 coctura

2087 4919 2152 4958 ex
2181 4918 2332 4973 more
2363 4917 2467 4956 non
2494 4901 2660 4968 videt,
2695 4917 2869 4972 neque
2900 4902 3103 4973 ligurit,
3139 4903 3240 4958 nisi
3274 4914 3405 4957 ante
3426 4905 3651 4973 primum,

2085 4993 2178 5066 vel
2202 4993 2245 5049 si
2274 4993 2388 5062 ipsa
2433 4992 2634 5062 prima,
2681 5004 2741 5048 ut
2774 5008 2936 5064 supra
2967 4995 3214 5060 memini,
3261 4995 3544 5050 matutinis
3580 4991 3654 5045 ad.

394 5101 541 5152 sum,
583 5085 846 5142 accedere
875 5083 1173 5156 praesumit,
1203 5082 1307 5138 nisi
1337 5092 1659 5153 utrumque,
1705 5085 1848 5154 quod
1897 5084 1985 5139 di—
2013 5073 2022 5087 ⁸
2081 5085 2266 5157 juncta
2293 5082 2477 5148 fuerit,
2509 5093 2634 5142 ante
2666 5083 2946 5149 Tertiam;
2977 5084 2992 5105 ⁵
3020 5094 3073 5138 et
3101 5084 3147 5139 si
3187 5084 3305 5140 haec
3335 5085 3508 5155 spatia
3539 5080 3651 5136 adeo

394 5189 540 5236 ctum
574 5188 678 5244 est,
731 5178 832 5235 sibi
857 5176 1091 5234 defuerit
1129 5177 1169 5230 '.
1206 5175 1273 5230 Et
1317 5185 1606 5245 propterea
1656 5175 1985 5231 Sacerdotes

393 5279 451 5327 et
495 5270 717 5328 Diaeoni
762 5270 995 5326 cilicium
1022 5283 1182 5324 suum
1223 5276 1566 5333 exercentes,
1594 5282 1662 5322 ex
1686 5278 1982 5324 consuetu-

391 5363 518 5421 dine
541 5365 642 5421 tria
677 5363 955 5420 femoralia
985 5362 1204 5419 habent.
1234 5378 1320 5417 uo.
1348 5360 1539 5419 Nullus
1563 5371 1745 5417 mutat
1767 5363 1822 5416 in
1865 5361 1981 5416 sola

465 5473 576 5546 (97)
606 5472 897 5546 Frugi-(itas
915 5517 928 5538 ,
961 5474 1190 5544 pollutio
1211 5483 1511 5546 nocturna.

465 5545 578 5616 (98)
610 5545 790 5611 Panis,
819 5561 914 5602 seu
939 5546 1130 5616 hostia:
1153 5545 1220 5599 ad
1257 5547 1474 5601 missam
1499 5545 1713 5608 oblatae.
1743 5545 1836 5601 sed
1871 5561 1979 5600 non

393 5613 747 5680 consecratae,
777 5631 899 5686 qua:
926 5618 977 5668 in
1010 5613 1303 5686 refectorio
1341 5617 1407 5672 iis
1438 5618 1919 5672 distribuebantnr
1949 5633 1979 5672 a

395 5697 553 5741 sacer
568 5686 768 5742 *otibus
795 5685 888 5742 uni
919 5699 984 5740 eo
1013 5685 1098 5739 die
1125 5701 1322 5758 corpus
1349 5687 1560 5743 Domini
1592 5704 1697 5744 non
1729 5701 1980 5745 summe-

396 5762 543 5810 t'uttl.

2085 5177 2269 5233 brevia
2343 5175 2580 5240 fuerint,
2643 5185 2708 5230 ut
2756 5183 2882 5230 tunc
2941 5175 3056 5230 ﬁeri
3122 5191 3230 5231 non
3282 5177 3488 5245 possit,
3548 5179 3651 5244 post

2086 5257 2434 5341 Evangelium
2466 5268 2742 5324 matutinzn
2788 5269 2999 5337 missae;
3036 5279 3157 5342 post
3194 5284 3408 5326 cumam
3437 5280 3644 5341 quoque.

2087 5363 2180 5438 vel.
2204 5362 2246 5418 si
2279 5361 2446 5418 semel
2501 5361 2828 5430 comeditur,
2877 5371 3000 5434 post
3029 5377 3320 5434 veSperas;
3375 5364 3447 5418 ita
3488 5369 3644 5418 tamen

2560 5485 2680 5545 post
2706 5478 3142 5558 prandium,_seu
3261 5478 3500 5558 meridie.

2086 5543 2306 5671 chgltid)
2362 5543 2616 5618 Ligamén
2645 5589 2662 5614 ,
2706 5543 2847 5605 alias
2896 5543 3124 5604 brariale
3173 5550 3313 5606 idem
3351 5548 3483 5603 ouod
3528 5546 3636 5598 bru-

2160 5687 2320 5769 (lOi)_
2348 5685 2721 5758 Nocturnum,
2761 5691 2950 5759 calcei,
2987 5691 3187 5765 quibus
3225 5701 3482 5748 nocturno
3511 5697 3631 5744 tent-

2087 5774 2218 5832 pore
2242 5775 2322 5815 us:
2344 5769 2486 5816 sunt.

3850 861 3851 942 ι

3850 1075 3851 1168 ψ

3850 1175 3851 1260 ι

3850 1445 3851 1540 ψ

3850 1585 3851 1648 l

3849 1649 3851 1762 ψ
