3890 6314
206 431 293 487 977
606 496 607 499 η
1329 422 1745 480 CONSTITUT.
1781 422 2104 479 IIIRSAUG.
2133 451 2201 460 -
2235 418 2363 475 LIB.
2388 419 2427 474 ι.
3346 420 3447 477 978

205 554 255 598 ut
276 550 477 612 propter
518 536 621 593 llOC
655 518 926 593 silentium
961 551 1064 592 non
1104 534 1383 609 infringat.
1433 555 1522 594 un.
1568 536 1764 592 Panni-
1791 544 1837 602 Α
1870 538 2030 595 simul
2062 537 2445 609 ingredientes,
2486 557 2607 597 cum
2647 558 2712 601 eo
2740 539 3034 603 orationes,
3077 552 3195 608 quae
3226 538 3443 593 easdem

204 631 293 687 culi
314 629 521 701 quidem
547 642 734 683 recens
757 626 916 681 Iavati
947 626 1017 680 ita
1044 627 1240 682 debent
1259 642 1379 682 esse
1405 628 1455 682 in
1481 637 1755 699 promptu,

202 735 372 779 utnon
402 736 535 791 opus
583 719 797 784 habeat,
846 720 974 792 quid
1027 720 1194 793 loqui.
1225 722 1258 757 "
1304 720 1419 777 Hoc
1472 730 1652 778 autem
1701 724 1754 778 in

201 809 473 871 inﬁrmaria
508 815 665 871 debet
696 814 811 869 ﬁcri
852 830 949 885 per
991 814 1251 893 famulum
1288 816 1355 870 ad
1404 816 1506 873 boc
1535 817 1757 887 deputa—

200 918 330 975 tum;
358 917 410 964 et
454 906 618 962 alium
651 908 717 963 ab
747 907 852 962 alio
881 907 1006 965 licet
1046 910 1099 963 iu
1150 909 1236 964 bis
1276 925 1397 980 quae
1445 910 1513 965 ad
1569 908 1754 978 hujus-

199 1001 320 1055 tnodi
375 999 667 1071 pertinent,
727 999 1097 1057 inﬁrmitatem
1149 1002 1413 1071 adjuvari.
1462 1002 1580 1070 Quo
1612 1002 1755 1057 facto

200 1095 261 1149 IIlI
284 1095 344 1148 ad
371 1093 686 1147 lavatorium
734 1092 1069 1148 inﬁrmorum
1102 1093 1292 1161 lavari,
1342 1103 1397 1150 et
1442 1094 1511 1149 ad
1559 1108 1753 1148 manu-

196 1185 399 1255 tcrgium
444 1185 546 1240 sibi
608 1170 957 1256 deputatum,
1031 1185 1192 1242 debet
1243 1189 1401 1258 tergi.
1463 1186 1752 1241 Cocturam

196 1286 349 1333 autem
381 1277 558 1333 facere
589 1288 714 1348 post
751 1279 1058 1349 prandium,
1087 1294 1210 1335 cum
1244 1290 1456 1351 tempus
1501 1280 1754 1335 habuerit

192 1378 544 1438 opportunum,
580 1369 725 1433 licet,
760 1380 979 1441 accepta
1025 1380 1203 1426 tamen
1244 1371 1485 1437 licentia,
1523 1380 1577 1428 et
1605 1386 1752 1443 quae-

194 1474 280 1533 que
302 1463 362 1516 ad
396 1462 533 1517 lianc
563 1464 867 1519 necessaria
899 1480 927 1517 a
952 1465 1256 1521 camerario
1282 1466 1541 1536 requiret.

723 1581 951 1636 CAPUT
990 1581 1174 1637 XLVI.

192 1667 364 1735 Quibus
387 1671 530 1746 lteris
557 1681 605 1746 et
635 1674 950 1746 temporibus
975 1674 1157 1729 debeat
1184 1673 1359 1730 lavare
1379 1658 1581 1746 pannos
1604 1694 1746 1744 suos,

433 1742 507 1796 rel
535 1743 581 1797 si
610 1742 743 1813 quid
763 1743 909 1798 aliud
936 1746 1045 1800 vult
1072 1746 1135 1800 de
1170 1748 1320 1800 rebus
1351 1742 1480 1803 suis.

247 1852 370 1927 (un)
399 1854 455 1910 Si
497 1855 627 1925 quid
654 1858 702 1912 ei
745 1858 1007 1928 placuerit
1058 1860 1125 1916 de
1162 1862 1356 1933 pannis
1386 1867 1499 1919 suis
1541 1861 1746 1931 lavare,

188 1947 311 2015 quod
340 1950 854 2011 consuetudinaliter
884 1964 1060 2023 potest
1088 1954 1270 2013 facere
1302 1958 1354 2013 in
1398 1959 1636 2029 coquina
1663 1973 1748 2014 re-

187 2039 355 2109 gulari,
390 2043 456 2097 ad
496 2044 604 2099 hoc
643 2046 814 2101 solum
846 2047 1051 2124 invenit
1077 2049 1394 2120 caldarium,
1429 2051 1481 2106 in
1521 2068 1629 2123 quo
1657 2069 1746 2110 ca-

191 2128 318 2187 lctiat
335 2148 491 2205 aqua,
518 2146 573 2193 et
599 2146 928 2210 temperetur
954 2141 1197 2211 lixivium
1231 2163 1244 2198 :
1274 2145 1326 2199 in
1353 2144 1593 2201 claustro
1618 2163 1748 2203 vero

186 2231 403 2293 truucum
462 2231 859 2300 amplissimum
916 2249 1055 2291 cum.
1103 2238 1376 2307 plerisque
1445 2240 1745 2297 intervallis

186 2326 508 2386 cavatum,ut
530 2322 624 2378 hic
644 2325 992 2393 stamineum,
1018 2326 1091 2381 ibi
1122 2326 1405 2385 femoralia
1426 2329 1595 2387 lavari
1625 2349 1747 2401 pos-

185 2410 279 2464 sint
318 2414 627 2482 separatim.
686 2416 815 2484 Quae
864 2427 920 2475 et
964 2428 1093 2477 ante
1146 2424 1441 2493 capitulum
1495 2427 1661 2482 mittit
1690 2428 1742 2483 iu

193 2515 360 2571 aquam
393 2507 648 2573 calidam,
674 2517 733 2564 ut
755 2510 1105 2580 molleseant;
1139 2526 1261 2583 post
1289 2516 1484 2572 tabula:
1518 2534 1743 2589 percus-

191 2591 367 2650 sionem
397 2597 560 2666 Iavat,
595 2609 780 2658 etnon
811 2602 1034 2668 diulius,
1067 2606 1169 2662 nisi
1199 2610 1455 2677 quamdiu
1490 2609 1745 2681 loquendi

186 2680 372 2741 licentia
396 2689 570 2751 durat.
630 2700 684 2748 et
738 2693 977 2762 interim,
1007 2696 1040 2732 4
1070 2698 1196 2753 dum
1246 2700 1502 2755 sacerdos
1545 2680 1745 2772 aliique

187 2774 387 2833 ministri
416 2795 473 2836 se
520 2781 777 2851 induunt,
810 2800 903 2841 un.
932 2796 1159 2857 excepto
1192 2790 1237 2844 si
1278 2789 1394 2846 dies
1415 2790 1628 2861 jejunii,
1659 2793 1744 2849 la-

185 2878 291 2922 vare
336 2884 437 2925 non
464 2871 786 2943 prohibetur
819 2885 940 2945 post
967 2878 1202 2935 tertiam.
1244 2878 1298 2936 Si
1330 2896 1463 2939 vero
1497 2893 1580 2939 est
1609 2900 1745 2954 qua-

187 2954 453 3028 dragesima
485 2973 540 3019 et
569 2964 689 3021 dies
725 2967 955 3036 privata,
1003 2980 1125 3040 post
1168 2973 1465 3043 capitulum
1519 2985 1576 3032 et
1623 2987 1744 3046 post

186 3057 363 3106 sextam
402 3054 564 3122 lavat,
626 3058 839 3115 etiamsi
890 3077 995 3117 non
1043 3063 1329 3134 loquamur
1373 3068 1428 3122 in
1485 3068 1740 3126 claustro.

186 3138 418 3214 Quidquid
452 3158 637 3205 autem
671 3149 835 3217 lavat,
891 3168 1107 3225 quoquo
1151 3159 1311 3213 modo
1359 3159 1431 3214 sit
1479 3159 1739 3224 lavatum,

187 3241 289 3300 pot
318 3236 498 3295 horam
547 3240 763 3297 lavandi
800 3244 974 3300 aufert
1011 3255 1068 3301 et
1101 3247 1305 3315 siccat;
1364 3266 1433 3305 ne
1456 3252 1635 3322 jaceat
1666 3253 1739 3308 ita

184 3325 427 3384 sordidum
456 3340 509 3385 ct
550 3333 818 3391 torridum
851 3347 980 3395 ante
1023 3341 1209 3398 oculos
1238 3342 1466 3399 fratrum
1496 3346 1564 3401 de
1600 3348 1742 3402 refe-

184 3417 330 3474 ctorio
353 3426 684 3482 exeuntium.

705 3518 934 3578 CAPUT
974 3523 1180 3581 XLVII.

214 3597 460 3666 Quomodo
488 3610 553 3665 de
586 3612 972 3698 regulari/iam
1004 3634 1106 3671 non
1130 3620 1256 3698 inde
1297 3622 1422 3689 exit,
1462 3623 1564 3679 nisi
1604 3642 1711 3698 pro,

630 3685 914 3738 inevitabili
947 3690 1267 3745 necessitate.

240 3760 361 3838 (συ.)
392 3768 588 3826 Audito
619 3772 794 3841 signo,
827 3776 972 3845 quod
1021 3779 1087 3833 ad
1132 3781 1361 3849 primam
1387 3783 1654 3854 pulsatur,
1679 3787 1742 3842 li-

138 3865 146 3873 '
184 3846 315 3947 brum
362 3866 463 3911 tam
500 3860 673 3926 illum,
716 3863 762 3918 si
808 3879 965 3933 quem
998 3846 1147 3923 videt
1184 3870 1337 3939 juxta
1379 3846 1439 3929 se
1482 3846 1738 3947 positum,

189 3938 362 4031 fquam
386 3963 491 4008 prae
515 3952 766 4009 manibus
793 3955 1034 4013 habitum
1064 3938 1305 4031 reportat
1327 3966 1394 4020 ad
1418 3938 1739 4026 armarium.

188 4028 283 4091 Hoc
326 4040 367 4093 si
408 4039 571 4098 fuerit
614 4045 943 4114 neglectum,
998 4051 1067 4105 ab
1114 4028 1345 4125 utroque
1377 4071 1568 4114 eorum
1602 4058 1743 4115 inter

185 4139 298 4194 quos
321 4146 604 4191 remanens
628 4136 762 4193 liber
786 4139 977 4210 jacuit.
1011 4144 1116 4199 erit
1144 4134 1563 4205 inclamandum.
1587 4151 1741 4218 Quod

187 4222 366 4276 tametsi
395 4225 460 4279 ad
490 4224 626 4283 alias
646 4244 881 4302 quoque,
908 4233 974 4289 ad
1001 4250 1095 4292 eas
1127 4245 1304 4294 tamen
1334 4256 1439 4296 non
1485 4243 1741 4298 observa-

187 4317 261 4365 tur
288 4315 456 4387 boras,
501 4324 704 4394 quibus
731 4325 898 4382 ﬁnitis
920 4328 1106 4383 statim
1158 4330 1211 4385 in
1248 4329 1543 4387 claustrum
1574 4334 1639 4388 ad
1671 4334 1743 4391 Ie-

187 4406 390 4467 ctionem
414 4417 688 4472 rediturus
720 4428 803 4474 est
850 4430 1150 4477 conventus
1188 4440 1201 4477 :
1232 4423 1481 4479 similiter
1525 4441 1625 4482 nec
1672 4428 1741 4483 ad

185 4493 382 4588 cilicium
411 4504 814 4577 defunctorum,
869 4521 923 4567 et
969 4514 1184 4581 quando
1212 4515 1517 4586 cymbalum
1547 4504 1743 4588 percu-

186 4587 295 4698 titqr
319 4596 379 4698 ad
408 4599 697 4656 bibendum
729 4619 742 4656 :
777 4614 905 4658 tunc
948 4606 1090 4660 enim
1129 4607 1182 4661 in
1218 4607 1339 4663 loco
1370 4598 1477 4679 quo
1510 4587 1739 4682 quisque
1772 4642 1816 4698 υ

188 4684 378 4753 sederit,
408 4700 463 4745 ut
498 4695 682 4748 statim
725 4711 975 4752 reversus
1005 4698 1076 4752 ibi
1125 4699 1381 4764 inveniat,
1422 4701 1616 4758 librum
1651 4704 1734 4760 di-

195 4776 356 4848 mittit,
384 4800 479 4840 ncc
510 4787 599 4841 alii
631 4798 756 4844 tunc
789 4791 1035 4860 accipere
1065 4793 1207 4848 liuuc
1236 4794 1438 4860 licebit,
1463 4796 1565 4851 nisi
1594 4796 1734 4853 forte

189 4864 244 4933 ῖς,
265 4875 344 4940 qui
376 4893 493 4932 eum
544 4880 597 4934 in
635 4859 1047 4954 quadragesima
1087 4886 1296 4956 accepit
1325 4886 1391 4942 ad
1423 4877 1730 4959 legendum,

184 4966 227 5039 et
255 4975 310 5014 eo
346 4981 482 5021 anno
514 4984 735 5026 necesse
776 4972 1047 5027 habuerit.
1091 4975 1259 5042 Quem
1285 4979 1471 5044 etiam,
1513 4980 1655 5036 sicut
1680 4990 1736 5036 et

192 5050 370 5108 nullum
403 5058 564 5115 alium
611 5061 805 5117 librum
837 5079 867 5117 a
910 5066 1149 5135 quolibet
1178 5066 1345 5124 fratre
1371 5071 1530 5127 debet
1558 5074 1735 5142 requi-

187 5149 308 5234 rere.
335 5145 589 5206 Caeterum
629 5154 693 5208 ad
720 5154 1061 5212 collationem
1094 5162 1375 5229 reportati,
1403 5172 1462 5217 ut
1486 5166 1737 5222 ordinate

188 5242 231 5327 Ill
255 5241 475 5294 armario
513 5255 848 5315 reponantur
878 5247 1022 5310 libri,
1074 5250 1344 5308 armarius
1390 5242 1472 5309 vel
1523 5238 1739 5326 adjutOr

188 5332 288 5415 f‘lus
313 5343 571 5396 procurat.
603 5336 685 5391 Ad
713 5339 898 5407 primae
920 5354 1050 5416 ergo
1079 5341 1455 5409 pulsationem,
1486 5347 1739 5416 repositis

188 5412 489 5500 inﬁrmario
532 5424 703 5492 libris,
752 5428 827 5492 Ill,
868 5412 959 5500 qui
1010 5432 1336 5487 matutinum
1380 5435 1447 5489 ad
1492 5447 1735 5492 sanctam

194 5497 391 5564 Illariam
418 5516 707 5586 audierint,
736 5524 1071 5579 consuetudo
1102 5534 1205 5588 est,
1238 5534 1295 5579 ut
1337 5535 1390 5580 et
1414 5538 1641 5583 cmtcras
1668 5529 1740 5585 ibi

193 5589 427 5692 (exceptis
468 5606 893 5677 obedientiariis,
950 5624 1006 5669 et
1054 5614 1097 5669 si
1137 5615 1227 5685 qui
1274 5616 1404 5673 tales
1453 5629 1599 5688 sunt,
1650 5622 1740 5692 qui

194 5683 338 5745 choro
366 5693 618 5758 interesse
648 5706 894 5776 possunt)
934 5706 1157 5763 audiant
1189 5708 1372 5777 horas,
1406 5711 1590 5766 statim
1618 5712 1743 5769 illuc

196 5785 221 5871 ξι
248 5790 494 5840 conventu
534 5792 812 5851 secedunt.
846 5794 926 5849 Ad
956 5797 1181 5852 aliarum
1225 5814 1355 5855 vero
1384 5801 1743 5871 pulsationem

199 5864 443 5934 horarum.
477 5895 830 5972 quotquot_ex_
870 5890 1095 5977 eisdem.
1120 5896 1406 5952 convcntui
1453 5897 1740 5966 intersunt,

1865 614 2387 699 praecedunt‘ltoras,
2412 640 2535 687 ante
2560 633 2782 688 chorum
2810 632 3013 687 faciunt
3036 645 3049 683 :
3072 645 3234 701 quam
3257 630 3442 695 etiam,

1861 722 1906 777 si
1948 730 2035 778 est
2080 739 2185 778 una
2237 724 2373 792 sola,
2420 726 2644 795 quilibet
2680 727 2887 782 tardius
2932 726 3174 790 veniens,
3222 724 3441 790 ibidem,

1862 814 1989 869 dum
2016 817 2250 872 necdum
2286 819 2417 874 liora
2447 828 2531 874 est
2558 819 2805 875 inchoata
2835 820 2889 874 in
2917 818 3192 875 secretiori
3232 817 3349 873 loco
3374 818 3447 873 fa-

1860 921 1984 962 cere
2012 917 2209 979 potest.
2241 910 2323 964 Ad
2346 911 2587 965 auditum
2616 926 2746 967 vero
2768 910 3028 980 cujusque
3054 911 3199 965 liora:
3228 910 3443 981 signum

1860 1012 2184 1056 ascensurus
2213 1002 2609 1068 dormitorium,
2643 1003 2697 1058 in
2748 1002 2923 1073 primo
2967 1002 3133 1069 gradu
3172 1001 3217 1055 si
3252 1001 3442 1070 pedem

1859 1091 2078 1162 posuit,
2122 1106 2350 1164 pergere
2395 1103 2606 1164 potest;
2661 1096 2744 1150 sin
2782 1104 2986 1160 autem,
3019 1094 3123 1148 nisi
3151 1093 3322 1162 major
3349 1109 3443 1147 ne-

1859 1189 2087 1245 cessitas
2138 1188 2320 1254 fuerit,
2369 1205 2493 1245 mox
2536 1191 2602 1245 ad
2648 1189 2929 1245 ecclesiam
2985 1187 3145 1244 redit.
3193 1202 3283 1242 un.
3334 1185 3443 1241 Sed

1858 1279 2078 1350 quando
2123 1280 2356 1351 pulsatio
2403 1281 2540 1349 signi
2594 1282 2659 1336 ad
2701 1280 2929 1352 primam
2983 1281 3086 1334 rite
3121 1277 3439 1348 protelatur,

1859 1387 2144 1445 quousque
2186 1384 2390 1445 septem
2448 1374 2637 1446 psalmi
2688 1373 2896 1444 possint
2946 1371 3284 1444 percantari;
3338 1369 3441 1423 ali-

1858 1465 2075 1535 quando
2098 1466 2144 1520 si
2174 1466 2425 1532 voluerit,
2451 1476 2735 1537 postquam
2771 1475 3069 1522 conventus
3111 1465 3443 1535 pertransie-

1859 1557 1954 1623 rit,
1984 1557 2051 1612 ad
2084 1558 2327 1629 corporis
2356 1558 2733 1614 necessitatem
2763 1557 2894 1613 exit.
2921 1557 3025 1612 Sed
3058 1556 3272 1611 rediens
3297 1554 3442 1608 lavat

1859 1668 2073 1717 manus,
2106 1667 2172 1707 ne
2195 1667 2315 1707 cum
2342 1664 2561 1708 ventum
2590 1651 2752 1709 fuerit
2779 1653 2845 1707 ad
2874 1650 3222 1715 offerendam,
3254 1664 3441 1703 rursus

1858 1745 2057 1800 habeat
2089 1745 2241 1801 exire
2271 1763 2284 1800 :
2318 1762 2506 1816 quare,
2542 1747 2586 1802 si
2620 1756 2727 1800 tam
2762 1747 3072 1816 frequenter
3098 1744 3312 1807 exierit,
3339 1743 3442 1797 huc

1857 1837 1911 1891 in
1957 1838 2194 1908 capitulo
2245 1839 2638 1910 proclamatum
2682 1832 2975 1909 experitur.
3017 1836 3121 1893 Sed
3178 1853 3276 1893 nec
3317 1837 3443 1892 licet

1780 1920 1823 1973 Β
1854 1943 2089 1998 unquam
2133 1931 2284 1985 exire
2313 1946 2662 2002 quemquam,
2690 1932 2943 2001 quamdiu
2992 1931 3057 1985 de
3102 1928 3441 1998 regularibus

1852 2023 2001 2078 boris
2029 2024 2083 2079 in
2117 2024 2204 2081 die
2230 2025 2333 2080 ulla
2356 2035 2626 2094 cantatur,
2657 2026 2759 2081 nisi
2790 2041 2889 2095 pro
2912 2024 3211 2079 inevitabili
3245 2038 3438 2079 neces-

1850 2116 2051 2183 sitate;
2085 2124 2145 2171 ut
2176 2133 2225 2171 v.
2260 2134 2311 2188 g.
2345 2119 2388 2174 si
2434 2119 2500 2174 de
2527 2133 2661 2174 naso
2691 2133 2861 2174 cruor
2896 2125 3129 2172 emanat.
3162 2117 3194 2152 “
3222 2117 3296 2172 De
3332 2132 3441 2187 quo

1848 2206 2027 2262 minus
2055 2215 2114 2261 ut
2149 2208 2440 2275 dubitetur,
2465 2224 2565 2264 nec
2587 2208 2686 2280 ipsi
2708 2209 2888 2265 abbati
2913 2217 3197 2280 postquam
3226 2207 3440 2278 incepta

1848 2295 1981 2351 hora
2011 2297 2190 2369 aliqua
2215 2298 2396 2363 fuerit,
2434 2300 2656 2353 chorum
2694 2300 3046 2369 pertransite,
3090 2299 3174 2353 vel
3198 2298 3437 2367 aliquem

1849 2389 1976 2444 inde
2026 2404 2256 2445 evocare
2304 2388 2452 2445 licet.
2505 2390 2586 2445 Ad
2634 2390 3040 2459 completorium
3072 2395 3199 2443 ante
3252 2386 3439 2444 Gloria

1848 2482 2010 2551 primi
2074 2481 2266 2553 psalmi
2319 2483 2654 2538 consuetudo
2715 2482 2987 2537 consentit
3029 2500 3042 2536 :
3079 2480 3216 2534 infra
3272 2495 3433 2551 quam

1849 2571 2044 2627 horam
2077 2580 2282 2625 tantum
2312 2571 2437 2636 sibi,
2491 2580 2545 2627 et
2591 2572 2756 2642 priori
2799 2571 2854 2626 in
2907 2571 3180 2627 consuetis
3212 2569 3437 2625 claustri

1848 2660 1985 2717 locis
2015 2671 2070 2718 et
2096 2660 2325 2718 ollicinis
2354 2661 2500 2733 loqui
2538 2663 2685 2720 licet.

1917 2754 1976 2809 ln
2014 2754 2180 2811 choro
2224 2756 2290 2810 ad
2332 2755 2587 2825 primam,
2631 2756 2755 2811 dum
2806 2764 3074 2821 cantatur,
3109 2754 3436 2825 Quicumque

1847 2846 1981 2914 vult,
2023 2846 2202 2902 nullus
2234 2848 2403 2903 sedet.
2430 2848 2512 2902 Ad
2548 2848 2688 2903 banc
2723 2849 2934 2914 horam,
2964 2856 3018 2902 et
3044 2848 3109 2901 ad
3136 2845 3435 2915 completo-

1848 2941 2011 3006 rium,
2040 2942 2123 2996 vel
2151 2943 2615 3013 quotienscunque
2647 2942 2841 2998 fratres
2875 2941 3103 2997 invicem
3137 2941 3438 2998 confessio-

1848 3047 1970 3087 nem
2003 3033 2211 3097 dicunt,
2256 3034 2549 3090 observare
2575 3035 2790 3101 debent,
2826 3043 2882 3089 ut
2907 3034 3005 3104 qui
3044 3033 3206 3088 alium
3239 3040 3437 3105 prmc’e-

1847 3124 1925 3178 dit
1949 3125 2002 3178 in
2033 3141 2192 3180 sacro
2215 3126 2429 3191 ordine,
2457 3126 2573 3197 ipse
2607 3141 2823 3196 quoque
2861 3125 3257 3182 confessionem
3285 3126 3439 3196 prior

1850 3214 2016 3282 dicat,
2049 3218 2277 3272 etiamsi
2307 3217 2534 3273 inferior
2558 3218 2625 3274 sit
2650 3234 2714 3273 eo
2737 3218 2822 3273 cui
2852 3218 3160 3275 conﬁtetur.
3209 3218 3437 3285 Quando

1772 3289 1813 3349 (ἶ
1849 3316 1971 3376 post
2015 3317 2220 3379 septem
2275 3310 2513 3379 psalmos
2558 3310 2958 3381 poeuitentiales
3004 3311 3215 3365 Litania
3247 3326 3277 3364 a
3307 3324 3435 3381 pro-

1850 3401 2037 3455 stratis
2100 3401 2362 3457 fratribus
2409 3410 2659 3457 eantatur
2688 3445 2702 3469 ,
2752 3405 2818 3459 ad
2870 3404 3118 3459 ultimum
3167 3404 3433 3474 psalmum

1846 3490 2057 3559 priores
2082 3493 2147 3545 ad
2171 3493 2387 3561 gradus,
2416 3493 2598 3562 sicque
2626 3494 2807 3547 czeteri
2831 3494 3085 3548 ordinant
3110 3509 3189 3559 se,
3214 3503 3290 3559 ut,
3310 3510 3431 3549 cum

1850 3590 2063 3652 tempus
2095 3584 2276 3648 fuerit,
2309 3601 2412 3638 non
2442 3585 2543 3640 sibi
2582 3585 2631 3639 in
2676 3586 3080 3656 procumbendo
3115 3600 3318 3640 moram
3358 3587 3434 3640 fa-

1845 3673 2020 3739 ciant;
2066 3678 2121 3729 ét
2153 3675 2294 3729 inter
2329 3676 2570 3731 litcratos
2625 3692 2922 3733 conversus
2949 3693 3057 3732 non
3097 3676 3297 3746 jaceat,
3327 3679 3433 3735 nisi

1846 3764 2303 3836 alicujusjuvenis
2330 3777 2515 3823 custos
2555 3766 2742 3835 fuerit,
2771 3771 2838 3823 ad
2860 3785 3018 3840 quem
3051 3768 3168 3840 ipse
3188 3771 3431 3836 accedet,

1844 3858 2152 3929 ubicunque
2197 3858 2450 3930 jacuerit.
2498 3862 2579 3918 Ad
2637 3862 2912 3917 literatum
2968 3878 3096 3919 vero
3150 3868 3430 3920 custodem

1839 3948 2056 4018 juvenis
2088 3952 2275 4007 venire
2327 3968 2432 4008 non
2462 3954 2705 4025 negligit.
2781 3955 2834 4009 In
2862 3956 2965 4010 hac
3007 3954 3192 4011 litania
3237 3956 3434 4011 nullius

1845 4041 2016 4096 sancti
2062 4057 2255 4097 nomen
2319 4045 2646 4112 geminatur,
2708 4055 2935 4116 excepto
2997 4048 3086 4116 qui
3142 4047 3433 4118 singularis

1844 4130 2081 4197 ejusdem
2114 4132 2216 4188 loci
2264 4144 2524 4202 patronus
2579 4136 2827 4191 habetur.
2880 4137 2961 4190 Ad
3014 4153 3231 4193 versum
3280 4140 3428 4193 illum

1848 4220 1954 4276 Per
1977 4224 2270 4293 passionem
2300 4235 2346 4279 et
2371 4242 2574 4279 crucem
2597 4227 2989 4296 unusquisque,
3019 4243 3141 4282 cum
3173 4243 3431 4298 expresse

1844 4316 2231 4381 nominaverit,
2262 4316 2484 4371 dextera
2520 4333 2705 4380 manu,
2741 4332 2837 4387 per
2872 4319 3142 4372 manicam
3192 4321 3243 4375 in
3292 4321 3430 4376 facie

1844 4418 2059 4459 crucem
2088 4406 2251 4459 etiam
2295 4405 2454 4471 facit;
2509 4408 2803 4475 statimque
2831 4408 2897 4461 ad
2929 4422 3144 4463 versum
3187 4408 3294 4465 Per
3318 4410 3432 4480 glo-

1847 4499 2045 4552 riosam
2077 4497 2544 4553 Ilesurrectionem'
2574 4512 2718 4553 utam
2752 4502 3006 4556 sacerdos
3028 4512 3084 4557 et
3104 4503 3283 4558 caeteri
3324 4504 3430 4558 mi-

1843 4586 2001 4641 nistri
2030 4588 2307 4643 matutina:
2347 4590 2525 4645 missae
2558 4591 2755 4646 debent
2793 4593 2964 4658 exire,
3003 4605 3063 4647 ut
3104 4609 3228 4649 mox
3278 4595 3430 4649 ﬁnita

1845 4677 2055 4732 Litania
2086 4681 2263 4749 parati
2294 4681 2500 4735 intrent
2523 4682 2587 4735 ad
2619 4682 2807 4737 altare.
2844 4683 2996 4738 Unde
3027 4685 3212 4751 etiam,
3244 4702 3433 4758 quam-

1842 4787 2007 4842 quam
2049 4771 2234 4827 cmteri
2268 4773 2319 4827 in
2347 4774 2538 4827 ordine
2573 4789 2692 4840 suo,
2726 4773 2813 4828 isti
2846 4784 3023 4831 tamen
3055 4777 3127 4831 ita
3148 4779 3429 4844 iacebunt.

1838 4873 1899 4918 ut
1925 4872 2190 4920 exeuntes
2216 4875 2443 4920 caeteros
2490 4881 2593 4921 non
2631 4867 2956 4939 inquietent.
2987 4869 3067 4923 Ad
3097 4867 3435 4924 oﬁ‘erendum

1838 4973 1941 5013 nec
1981 4960 2225 5014 anterior
2264 4974 2365 5015 nec
2416 4960 2708 5031 posterior,
2754 4978 2917 5033 quam
2967 4979 3097 5019 suus
3145 4974 3227 5018 est
3274 4963 3430 5029 ordo,

1838 5049 2124 5119 quisquam
2154 5052 2394 5118 accedit;
2435 5054 2478 5106 si
2515 5061 2693 5107 tamen
2726 5069 2965 5125 praesens
2996 5052 3177 5109 fuerit.
3208 5053 3360 5121 Quod
3384 5055 3430 5108 si

1838 5141 2035 5210 aliquis
2062 5142 2381 5212 neglexerit,
2405 5143 2496 5213 qui
2524 5152 2650 5201 tunc
2674 5146 2772 5215 ipsi
2799 5148 3081 5218 proximus
3103 5144 3277 5211 adest,
3303 5142 3433 5200 licet

1845 5232 1900 5287 in
1930 5234 2121 5290 ordine
2152 5235 2379 5295 inferior
2406 5237 2498 5303 sit,
2540 5238 2733 5295 offerre
2765 5255 2871 5295 non
2899 5238 3153 5294 tardabit.

2377 5352 2607 5409 CAPUT
2646 5353 2874 5408 XLVIII.

1846 5442 2122 5513 Quomodo
2158 5460 2212 5517 se
2247 5456 2505 5517 prmparet
2534 5446 2602 5517 ad
2642 5445 2955 5517 capitulum,
2988 5446 3063 5501 vel
3089 5447 3215 5514 quid
3247 5447 3430 5517 faciat,

2126 5514 2171 5567 si
2201 5524 2275 5569 est
2306 5516 2404 5568 sibi
2430 5516 2669 5568 conscius
2698 5515 2857 5568 ullius
2891 5533 3149 5571 excessus.

1917 5622 2029 5696 (un.
2062 5625 2199 5694 var.)
2253 5624 2481 5692 Quando
2535 5624 2685 5680 scilla
2730 5624 2976 5695 pulsatur
3016 5628 3083 5683 ad
3115 5628 3436 5700 capitulum,

1845 5727 2022 5773 cessat
2052 5718 2119 5771 ab
2140 5733 2222 5783 eo,
2255 5719 2398 5786 quod
2429 5727 2553 5771 tunc
2584 5719 2695 5788 agit
2718 5719 2918 5787 operis,
2955 5721 3020 5774 ad
3054 5722 3347 5791 capitulum
3375 5739 3434 5777 se

1847 5826 2192 5882 prgepcrans;
2238 5811 2560 5865 stamineum
2604 5828 2759 5867 suum
2802 5812 3037 5883 undique
3087 5815 3345 5879 detrahit,
3381 5825 3437 5869 et.

1852 5902 2078 5957 honeste
2110 5901 2404 5971 componit,
2437 5909 2488 5958 ct
2527 5902 2728 5972 claves,
2760 5902 2804 5959 si
2832 5918 2968 5974 quas
3006 5903 3169 5961 habet
3210 5903 3436 5979 (qualis-
