3872 6306
489 351 594 406 979
1492 366 1495 371 ·
1634 341 1693 398 S.
1732 340 1773 397 (ἶ
1786 336 2107 398 UILLELMI
2132 332 2424 392 ABBATIS
2461 330 2667 389 lllRSA
2678 328 2791 389 UG;
3631 332 3705 391 980

452 498 453 501 η
487 475 702 531 cunque
722 460 792 516 sit
814 455 1239 513 obedientiarius
1263 456 1487 527 recedit)
1507 456 1748 527 deponit,
1773 464 1831 512 ut
1853 463 2076 526 paratus
2104 449 2148 492 Α
2180 467 2308 508 sens
2344 465 2451 507 non
2501 450 2667 506 fuerit
2701 466 2715 503 ε
2767 444 2812 503 si
2840 442 2907 499 de
2934 441 3019 497 via
3069 442 3298 501 veniens
3345 442 3398 500 in
3447 459 3505 500 ea
3550 447 3621 504 die
3659 454 3707 509 ad

488 553 583 616 sit,
621 547 667 604 si
700 548 842 603 forte
880 547 1145 617 judicium
1185 546 1367 602 subire
1407 546 1648 614 jubetur.
1686 547 1705 568 '
1742 546 1811 601 Et
1840 555 1897 600 ut
1935 545 2078 601 adsit
2180 544 2341 600 finem
2371 543 2601 614 alicujus
2649 544 2799 600 hora:
2843 541 3280 600 benedictionem
3330 554 3435 595 non
3468 542 3707 611 acceperit,

484 644 552 699 ad
586 657 803 717 versum
850 640 924 695 ibi
972 640 1262 697 dicendum
1291 639 1583 706 observat;
1621 641 1767 710 quod
1806 639 1850 695 si
1888 639 1991 695 hoc
2021 638 2074 694 in
2180 638 2265 692 vel
2285 638 2331 694 si
2358 639 2564 709 absque
2596 653 2659 693 ea
2687 638 2753 693 de
2790 635 3126 693 monasterio
3154 632 3372 698 exierit,
3403 632 3494 687 sed
3518 632 3632 687 infra
3650 633 3704 689 bi-

482 734 883 793 consuetudine
920 734 1175 790 habuerit
1221 733 1515 805 negligere,
1569 732 1916 789 inclamatur.
1975 732 2074 787 At-
2185 731 2351 785 duum
2374 746 2481 785 non
2511 729 2752 786 redierit.
2777 730 2918 786 Sane
2948 744 3052 784 non
3076 727 3251 783 solum
3275 740 3374 795 pro
3399 740 3549 795 supra
3573 725 3707 794 dictis,

469 829 909 897 .tenditquoque
936 827 981 881 si
1015 836 1235 883 notatus
1258 827 1311 882 in
1343 826 1524 882 tabula
1548 826 1621 882 ibi
1652 826 1982 890 nominatur,
2016 833 2076 879 ut
2180 822 2273 878 sed
2335 822 2456 878 aliis
2508 823 2833 893 quibusdam
2887 818 3237 892 negligentiis
3288 817 3449 872 venia
3497 816 3707 873 facienda.

482 930 615 975 tunc
660 919 918 988 inclinet;
966 929 1023 975 et
1070 918 1115 973 si
1169 917 1623 974 ltebdomadarius
1668 916 1742 971 ibi
1774 915 2074 986 appellatus
2179 913 2335 970 Sicut
2366 925 2473 982 est,
2501 917 2546 971 si
2587 916 2805 981 librum,
2836 914 2928 986 qui
2958 915 3009 969 in
3044 912 3178 969 feria
3204 909 3395 982 quinta
3420 910 3710 981 quadragesi-

479 1014 670 1078 fuerit,
707 1015 822 1068 sive
848 1016 972 1078 hoc,
1002 1012 1117 1068 sive
1146 1010 1421 1080 pr0prium
1465 1022 1665 1064 nomen
1702 1008 1774 1062 ibi
1806 1006 2069 1073 audierit;
2176 1020 2279 1063 mae
2305 1006 2355 1062 ei
2400 1007 2559 1062 datus
2598 1016 2702 1075 est,
2734 1005 2873 1060 infra
2923 1021 3122 1061 annum
3153 1019 3263 1058 non
3300 1000 3605 1073 perlegerit;
3639 1016 3710 1071 pro

480 1115 538 1161 et
583 1107 802 1177 quando
853 1107 1123 1162 festivitas
1175 1104 1355 1175 aliqua
1384 1144 1399 1170 ,
1458 1119 1579 1175 quae
1634 1103 1691 1159 in
1747 1102 1945 1174 Cappis
1990 1111 2074 1158 est
2174 1114 2283 1169 quo
2307 1108 2484 1154 tamen
2513 1100 2727 1157 veniam
2752 1098 2997 1155 revoluto
3025 1112 3169 1152 anno
3198 1096 3253 1150 in
3278 1096 3466 1150 eodem
3488 1094 3565 1149 die
3583 1094 3708 1152 facit:

480 1201 716 1269 agenda,
740 1199 811 1254 ibi
834 1199 1185 1269 pronuntiata
1209 1197 1402 1264 fuerit;
1429 1197 1681 1252 similiter
1700 1204 1756 1252 et
1779 1195 2075 1251 inclinante
2176 1192 2222 1247 si
2252 1194 2534 1264 corporale
2558 1193 2645 1249 vel
2678 1193 3017 1249 offertorium
3053 1192 3135 1250 vel
3159 1190 3389 1244 linteum
3441 1192 3504 1245 ad
3537 1204 3710 1262 portan-

479 1290 682 1344 domno
713 1290 937 1354 abbate;
968 1290 1065 1344 sed
1094 1298 1150 1344 et
1174 1288 1391 1358 quando
1420 1287 1561 1344 idem
1608 1288 1839 1343 domnus
1884 1287 2067 1353 abbas,
2175 1286 2273 1342 dos
2302 1286 2525 1354 calices,
2563 1287 2646 1342 vel
2684 1286 2753 1341 ad
2792 1296 3043 1358 patenam
3084 1289 3462 1345 involvendam
3498 1299 3708 1359 aptatum,

479 1381 622 1451 (ιω.)
678 1380 759 1435 vel
802 1380 1051 1435 ordinem
1101 1389 1290 1436 tenens
1344 1380 1493 1450 prior
1519 1381 1718 1436 dixerit
1750 1380 2071 1447 Benedicile,
2174 1376 2242 1433 de
2261 1376 2378 1446 ejus
2406 1377 2731 1448 negligentia
2762 1377 2830 1433 ad
2862 1386 3061 1433 terram
3083 1379 3375 1444 ceciderit;
3404 1378 3447 1433 si
3478 1377 3709 1435 lectionem

475 1471 722 1526 inclinat.
755 1474 771 1493 ‘
799 1471 917 1538 Quo
940 1472 1192 1536 dicto,ob
1215 1487 1595 1543 quamcunque
1619 1487 1838 1528 causam
1860 1473 2068 1540 exiens,
2171 1482 2323 1524 suam
2355 1471 2443 1526 vel
2468 1469 2877 1541 responsorium
2917 1472 3140 1528 omnino
3168 1471 3497 1543 neglexerit;
3527 1472 3568 1525 si
3589 1472 3708 1527 talem

478 1563 596 1617 sive
626 1564 969 1635 ingrediens;
1015 1563 1117 1618 nisi
1158 1580 1281 1619 cum
1312 1565 1513 1619 domno
1564 1564 1783 1629 abbate,
1832 1564 1916 1621 vel
1948 1581 2069 1620 cum
2173 1563 2409 1617 sonitum
2456 1562 2510 1616 in
2540 1562 2860 1620 dormitorio
2887 1574 3047 1619 noctu
3075 1563 3287 1628 fecerit,
3320 1579 3419 1633 per
3458 1577 3602 1633 quem
3628 1562 3707 1617 fra-

476 1654 658 1710 nudus
707 1655 906 1725 aliquis
955 1654 1262 1721 intraverit,
1315 1656 1448 1711 dicit
1477 1655 1813 1721 Benedicite;
1862 1657 1939 1712 ita
1990 1665 2067 1722 ut,
2174 1665 2286 1710 tres
2311 1655 2724 1726 inquietaverit;
2753 1655 2874 1710 siin
2901 1655 3227 1721 infirmaria,
3253 1654 3338 1709 vel
3370 1654 3424 1709 in
3454 1652 3573 1709 cella
3596 1656 3707 1709 novi-

477 1746 572 1815 qui
605 1761 776 1818 prope
824 1749 1046 1819 capituli
1076 1749 1267 1805 sedent
1298 1749 1603 1813 introitum,
1653 1750 1935 1806 audientes
1984 1764 2070 1805 re-
2105 1817 2119 1819 _
2174 1746 2371 1800 tiorum
2416 1761 2514 1815 pro
2553 1746 2922 1802 misericordia
2987 1747 3227 1803 dormire
3275 1746 3580 1816 permissus,
3616 1756 3708 1801 ante

477 1817 778 1906 spondeam
825 1817 1099 1896 Dominus.
1151 1841 1256 1895 Sed
1306 1842 1352 1896 si
1400 1841 1635 1911 aliquem
1686 1842 2068 1909 introduxerit,
2103 1817 2145 1876 Β
2173 1846 2469 1893 nocturnos
2498 1838 2721 1906 biberit,
2749 1839 3000 1909 quamvis
3035 1854 3197 1894 mane
3227 1838 3347 1894 sine
3375 1837 3578 1892 licentia
3617 1837 3709 1893 inde

476 1930 718 1997 apertius
757 1931 1151 2001 aliquantulum
1203 1934 1255 1987 id
1283 1934 1435 2000 dicit,
1487 1942 1541 1987 et
1600 1943 1731 1989 tunc
1772 1943 2071 1991 conventus
2172 1944 2278 1984 non
2317 1929 2549 1996 exierit;
2599 1931 2645 1985 si
2694 1931 3047 1987 mutatorium
3083 1947 3240 1986 suum
3279 1930 3332 1985 in
3361 1930 3619 1987 Dominico
3644 1931 3707 1986 die

479 2022 789 2088 respondet.
832 2023 886 2078 Si
920 2026 1025 2081 duo
1063 2026 1148 2079 vel
1180 2025 1360 2095 plures
1399 2026 1745 2087 intraverint,
1782 2026 1870 2082 ille
1896 2026 2069 2094 solus,
2172 2019 2226 2075 in
2262 2021 2501 2090 capitulo
2524 2021 2819 2089 invenerit.
2842 2022 2956 2078 sive
2982 2021 3157 2093 pridie
3192 2022 3247 2076 in
3279 2022 3596 2077 monasterio
3622 2020 3708 2077 Ῑυεο

460 2110 573 2179 .qui
601 2115 881 2183 praecedit,
911 2115 1213 2171 Benedicile
1235 2117 1387 2175 dicit.
2171 2112 2245 2169 rit
2273 2113 2357 2167 vel
2387 2128 2515 2170 non.
2546 2112 2605 2169 Si
2646 2114 2775 2185 quid
2826 2114 2948 2179 tale,
3002 2114 3147 2170 sicut
3192 2122 3278 2168 est
3335 2112 3507 2184 major
3544 2127 3704 2179 cereus,

830 2280 831 2283 η
884 2258 887 2261 .
1048 2207 1278 2269 CAPUT
1309 2209 1495 2266 XLlX.
2171 2201 2420 2271 fregerit,
2470 2203 2769 2273 perdiderit
2813 2204 2899 2260 vel
2946 2203 3280 2273 profuderit;
3343 2203 3390 2258 si
3436 2204 3553 2274 quid
3583 2204 3705 2258 vesti-

826 2296 910 2352 Ne
939 2315 1214 2354 conversus
1245 2318 1276 2354 a
1307 2317 1542 2356 sermone
1569 2300 1722 2356 desii.
2002 2318 2005 2321 <
2170 2303 2338 2349 menti
2370 2295 2450 2348 sui
2482 2293 2839 2365 pejoraverit;
2883 2297 2968 2351 vel
3002 2296 3048 2351 si
3076 2296 3371 2367 corrigiam
3404 2311 3702 2361 rasononun,

558 2391 578 2414 ⁹
612 2391 810 2447 Verum
842 2409 1138 2451 conversus
1173 2397 1241 2452 ad
1287 2412 1595 2454 sermonem
1630 2414 1698 2453 ne
1726 2398 1887 2463 desit,
1915 2413 2065 2454 sum-
2170 2386 2246 2440 ita
2280 2392 2338 2440 ut
2358 2384 2533 2441 eidem
2570 2386 2715 2443 11111³0
2758 2386 2876 2443 ιιευί
2929 2402 3034 2442 non
3084 2388 3282 2459 [)I‘OSii,
3315 2387 3579 2454 inciderit;
3604 2392 3639 2444 εἰ
3660 2391 3689 2446 Π

456 2495 701 2553 tmopere
721 2495 911 2553 cavet;
942 2503 1066 2543 cum
1097 2490 1337 2545 maxime
1356 2500 1580 2561 propter
1606 2493 1743 2547 tales
1766 2491 1880 2547 fieri
1906 2491 1985 2548 sol

2175 2476 2355 2545 brum,
2409 2477 2465 2531 in
2504 2492 2615 2547 quo
2655 2479 2723 2533 ad
2769 2478 3115 2533 refectorium
3158 2476 3319 2534 debet
3366 2477 3487 2548 legi,
3520 2481 3579 2536 de
3618 2482 3704 2552 ejus

471 2570 617 2628 Infra
637 2590 799 2645 quem
821 2578 985 2632 etiam
1009 2580 1054 2635 si
1079 2580 1384 2648 dormierit,
1410 2583 1757 2639 indamatur.
1772 2584 2000 2655 Postqua

2171 2568 2416 2639 neglectu
2447 2568 2503 2624 in
2529 2581 2772 2641 tempore
2792 2571 2865 2626 ibi
2894 2570 3149 2639 defuerit,
3180 2573 3226 2628 is
3252 2589 3352 2645 pro
3381 2575 3481 2638 bis,
3507 2574 3700 2645 inquam,

398 2670 405 2677 '
434 2714 437 2717 ,
471 2674 656 2720 autem
685 2684 716 2723 a
752 2676 970 2727 tenente
996 2672 1246 2729 ordinem
1272 2676 1470 2731 dicitur
1503 2694 1516 2730 :
1546 2675 1851 2749 Loquimini
1883 2678 1927 2731 dt

2171 2663 2419 2718 omnibus
2456 2680 2563 2720 non
2597 2664 2925 2720 inclamatus
2970 2665 3186 2720 veniam
3219 2676 3389 2736 petat,
3420 2676 3472 2722 et
3498 2669 3646 2723 oratio
3664 2671 3700 2724 ei

470 2759 614 2826 dine,
640 2768 697 2815 et
738 2762 805 2817 ad
839 2764 1106 2819 actionem
1148 2767 1372 2837 capituli
1400 2777 1620 2823 ventum
1652 2768 1841 2835 fuerit,
1871 2784 1999 2840 exsp

2172 2770 2266 2826 pro
2310 2755 2650 2827 indulgentia
2693 2755 3047 2828 injungatur;
3088 2760 3195 2815 nisi
3243 2770 3354 2813 tam
3396 2759 3622 2831 frequens
3660 2772 3701 2818 et

470 2857 674 2917 ctatur,
714 2853 761 2907 si
793 2855 916 2923 quis
959 2855 1207 2912 infirmus
1235 2858 1328 2922 ,ibi
1376 2859 1471 2925 sit,
1518 2858 1609 2929 qui
1645 2875 1742 2930 pro
1769 2858 1994 2915 refectio

2172 2846 2292 2903 talis
2350 2848 2422 2901 sit
2453 2848 2631 2919 culpa,
2674 2862 2793 2920 qua:
2828 2849 2999 2921 priori
3050 2851 3318 2922 videatur,
3365 2870 3469 2911 non
3514 2853 3583 2909 sic
3610 2868 3701 2909 esse

469 2942 677 3007 carnis,
703 2957 867 3012 quam
899 2944 1173 3014 habuerit,
1212 2947 1425 3002 veniam
1458 2957 1643 3017 petere
1675 2949 1889 3017 debeat,
1932 2958 1986 3005 et

1036 2946 1173 3014 terit,
1212 2947 1425 3002 veniam
1458 2957 1643 3017 petere
1675 2949 1889 3017 debeat,
1932 2958 1986 3005 et
2014 2950 2062 3006 si
2164 2938 2565 2995 ΐθητίῑῑοηάίιηισ

470 3032 791 3099 circatores,
825 3034 916 3103 qui
942 3036 1149 3104 primas
1199 3037 1612 3093 inclamationes
1658 3038 1882 3105 faciunt,
1933 3056 1999 3111 qu

2234 3031 2439 3089 Tamen
2471 3043 2682 3089 restant
2734 3034 2857 3102 tria,
2914 3052 3011 3109 pro
3054 3052 3285 3108 quorum
3347 3038 3576 3111 neglectu
3602 3038 3698 3093 item

467 3123 616 3195 loqui
661 3126 938 3203 habeant;
985 3128 1099 3199 (uo.
1149 3130 1288 3200 var.)
1321 3130 1516 3185 deinde
1549 3130 1595 3184 si
1625 3131 1754 3201 quid
1794 3132 1844 3187 ei
1871 3146 2060 3188 exces-
2086 3164 2133 3227 ρ
2164 3134 2356 3194 sP0"le
2391 3142 2487 3181 sua
2526 3128 2737 3183 νθηῖθιῐι
2783 3137 2954 3199 Peli".
3001 3130 3094 3185 sed
3124 3138 3304 3186 iam?“
3352 3129 3594 3198 Ῑυάῖοίυῐη
3625 3144 3699 3184 ηε·

469 3228 562 3268 sus
591 3214 934 3285 aliquomodo
961 3218 1206 3290 contigit,
1238 3236 1337 3291 pro
1378 3236 1487 3291 quo
1522 3221 1642 3276 sine
1674 3222 1998 3279 inclamatio:

2172 3229 2433 3285 quaquam
2458 3218 2649 3273 evadat
2675 3236 2689 3284 ;
2717 3218 2925 3275 scilicet
2953 3220 2997 3273 si
3022 3220 3144 3291 quis
3168 3220 3217 3275 ei
3259 3220 3328 3275 de
3358 3220 3442 3275 his
3474 3220 3701 3292 neglige:-

467 3304 632 3359 debet
655 3306 867 3361 veniam
890 3316 1097 3378 petere,
1123 3325 1191 3365 ne
1213 3311 1540 3367 inclametur
1560 3312 1675 3383 ipse
1698 3314 1996 3384 prievenien

2173 3302 2278 3371 liis,
2305 3320 2426 3375 quae
2449 3306 2501 3362 in
2539 3307 2755 3363 abbatis
2778 3309 3012 3379 capitulo
3038 3308 3411 3376 inveniuntur,
3441 3309 3493 3365 in
3518 3323 3702 3378 corpora

467 3397 584 3451 sive
637 3397 777 3453 alius
811 3400 967 3466 vidit,
1007 3402 1122 3458 sive
1172 3419 1302 3469 non,
1350 3407 1562 3460 veniam
1594 3406 1746 3475 petit,
1792 3421 2057 3476 suamque
2160 3396 2247 3451 vel
2280 3399 2549 3471 sanguine
2577 3400 2789 3456 Domini
2817 3401 2933 3456 sive
2963 3401 3102 3456 clam
3133 3402 3249 3458 sive
3274 3402 3450 3473 palam
3473 3401 3697 3467 evenerit;

465 3485 680 3555 culpam
730 3486 950 3543 fatetur.
992 3489 1100 3545 Sed
1129 3501 1551 3561 quantacunque
1579 3492 1838 3559 fateatur,
1873 3502 2054 3548 tamen
2159 3487 2204 3543 si
2256 3505 2354 3560 per
2399 3492 2534 3547 duas
2584 3493 2733 3547 vices
2762 3492 2815 3546 in
2847 3507 3010 3558 anno,
3043 3493 3097 3547 id
3127 3502 3211 3549 est
3237 3494 3456 3563 quando
3481 3492 3699 3548 Nativitas

463 3592 575 3634 non
603 3579 835 3648 amplius
865 3580 1079 3636 veniam
1112 3584 1265 3652 petit,
1297 3593 1494 3653 prater
1532 3584 1678 3640 illam
1725 3564 1888 3656 quam
1920 3585 2054 3656 peti.
2157 3588 2215 3634 et
2265 3580 2624 3636 Annuntiatio
2651 3580 2864 3637 Domini
2908 3582 3294 3653 pronuntiatur
3321 3583 3377 3637 in
3416 3581 3629 3653 capitula
3656 3580 3698 3635 ia

466 3669 563 3734 vit,
592 3669 697 3725 nisi
728 3670 1074 3727 inclametur.
1110 3675 1127 3693 '
1162 3673 1228 3729 Et
1254 3674 1537 3730 sciendum
1571 3676 1715 3746 quod
1764 3676 1947 3746 plures
1974 3676 2052 3730 si-
2159 3670 2251 3725 tali
2284 3679 2527 3743 tempore
2560 3672 2631 3728 ibi
2671 3690 2775 3729 non
2820 3674 2945 3739 erit,
2976 3684 3033 3728 ut
3065 3689 3188 3729 cum
3221 3684 3489 3729 conventu
3526 3674 3694 3729 veniam

463 3760 577 3814 mul
606 3777 704 3830 pro
749 3763 978 3819 diversis
1010 3765 1191 3821 causis
1231 3767 1443 3822 veniam
1494 3778 1679 3839 petere
1722 3784 1829 3823 non
1870 3768 2049 3838 prolti-
2155 3760 2336 3817 facere
2364 3764 2557 3833 P055".
2606 3765 2840 3819 maxime
2868 3780 2991 3821 Cum
3017 3765 3250 3837 Ρυίετιῑίο
3274 3780 3399 3835 quae
3443 3764 3607 3821 eadem
3628 3777 3695 3817 εθ-

463 3852 690 3919 bentur,
740 3862 797 3909 et
841 3857 984 3925 quod
1040 3857 1220 3913 nullus
1270 3867 1354 3913 esi
1403 3859 1552 3926 dies,
1601 3868 1830 3930 excepto
1876 3860 2052 3929 primo
2122 3851 2321 3922 ‘pitula
2350 3855 2604 3923 pra-cedit
2633 3854 2754 3910 aliis
2781 3856 3146 3925 capitulorum
3190 3855 3572 3926 pulsationibus
3599 3869 3693 3925 pro

426 4020 429 4021 ν
461 3942 713 4002 Paschali
756 3954 865 4003 tam
904 3948 1155 4016 solemni,
1203 3965 1301 4019 pro
1345 3949 1501 4019 cujus
1545 3952 1850 4007 reverentia
1894 3952 2051 4007 venia
2152 3946 2313 4005 lixior
2356 3950 2444 4005 sit.
2474 3948 2581 4007 Sed
2611 3951 2725 4006 lucc
2756 3952 2941 4024 regula
2968 3953 3047 4008 eis
3078 3960 3288 4008 tantum
3317 3961 3402 4012 est
3430 3951 3695 4014 ctuzsiitaza,

464 4049 573 4091 non
617 4037 685 4093 sit
728 4040 979 4108 petenda,
1040 4049 1096 4096 et
1132 4040 1488 4110 proclamatio
1527 4042 1748 4097 omnino
1795 4044 2047 4112 vitanda;
2120 4040 2243 4110 qui
2272 4041 2352 4096 vel
2381 4041 2436 4097 in
2458 4043 2791 4099 monasterio
2826 4044 3074 4114 proxima
3120 4055 3281 4101 nocte
3328 4054 3608 4109 manentes,
3631 4042 3693 4095 vel

460 4124 558 4178 sed
590 4133 768 4183 tamen
817 4129 874 4182 in
929 4130 1218 4216 praecipuis
1252 4130 1409 4187 festis
1454 4132 1559 4189 hoc
1605 4134 1784 4203 agitur
1809 4135 2046 4204 parcius,
2152 4143 2183 4183 e
2206 4129 2388 4187 vicino
2422 4133 2773 4190 advenientes
2803 4150 2900 4206 pro
2930 4135 3044 4191 sola
3091 4137 3172 4193 sui
3204 4136 3521 4209 negligentia
3542 4133 3694 4209 praedi

461 4231 623 4288 quam
656 4219 711 4275 in
738 4220 860 4277 aliis
889 4223 1101 4279 diebus.
2149 4222 2257 4277 ctis
2305 4222 2556 4294 capitulis
2601 4241 2707 4281 non
2756 4226 3123 4284 interfuerint.
3176 4226 3235 4283 Si
3290 4229 3419 4283 dom
3484 4225 3693 4283 mandato

1075 4317 1304 4374 CAPUT
1340 4318 1383 4375 L
2154 4315 2316 4370 trium
2351 4333 2651 4389 pauperum
2681 4319 2990 4391 adscriptas
3016 4320 3201 4387 fuerit,
3228 4335 3404 4391 neque
3434 4321 3537 4391 ipse
3558 4332 3695 4385 neque

706 4406 815 4462 Pro
845 4410 1031 4478 quibus
1058 4414 1232 4467 causis
1259 4411 1397 4468 ultro
1428 4402 1803 4485 υεηιαηίρεηξ,
2150 4407 2290 4464 alius
2322 4419 2511 4481 rogatu
2541 4413 2644 4469 hoc
2683 4413 2853 4483 ipsius
2880 4413 3088 4471 fecerit.
3120 4415 3221 4485 Qui
3251 4430 3381 4471 vero
3409 4415 3461 4472 in
3482 4415 3695 4471 alterutra

532 4499 553 4519 '
583 4498 725 4554 Sunt
757 4510 939 4557 autem
967 4504 1215 4573 quaedam
1253 4506 1524 4573 instituta,
1565 4509 1763 4579 quibus
1792 4508 1838 4564 si
1874 4510 2046 4566 deerit
2077 4522 2122 4577 ι)
2148 4500 2407 4570 praedicta
2455 4501 2753 4559 festivitate
2782 4506 2846 4561 de
2880 4506 3058 4576 aliqua
3097 4507 3355 4563 cellarum
3380 4508 3463 4564 vel
3487 4506 3695 4562 obedien-

457 4587 604 4645 ultro
646 4589 858 4646 veniam
908 4595 1061 4659 petit.
1111 4595 1165 4650 Id
1194 4604 1280 4651 est
1322 4597 1368 4651 si
1399 4597 1541 4653 infra
1586 4598 1847 4654 ambitum
1877 4600 2041 4668 muri,
2151 4594 2371 4661 tiarum,
2408 4611 2529 4665 quin
2579 4595 2737 4669 longe
2766 4608 2892 4655 sunt
2934 4608 3172 4665 remotae,
3197 4600 3284 4657 vel
3315 4601 3407 4675 qui
3433 4615 3526 4672 pro
3548 4599 3696 4667 aliquo

456 4680 547 4735 vel
572 4691 727 4736 extra
754 4681 807 4736 in
835 4683 1117 4739 vicinitate
1147 4701 1395 4753 manens,
1421 4686 1578 4743 alicui
1607 4690 1842 4759 regulari
1872 4690 2041 4760 bone,
2145 4682 2342 4738 itinere
2396 4684 2571 4740 triduo
2600 4685 2823 4749 missus,
2863 4686 2917 4739 in
2948 4686 3223 4742 redeundo
3258 4688 3564 4758 tempestive
3599 4683 3694 4754 qui'

459 4770 577 4825 sive
615 4770 726 4825 illis
763 4772 935 4828 tribus
976 4775 1340 4839 orationibus,
1376 4792 1497 4846 qua:
1548 4788 1679 4834 ante
1725 4787 2042 4847 nocturnos,
2147 4781 2268 4837 dem
2301 4781 2527 4851 ceperit,
2574 4782 2665 4837 sed
2697 4782 2749 4836 in
2783 4782 2978 4838 itinere
2996 4781 3246 4851 jumento
3272 4799 3375 4841 suo
3404 4790 3494 4838 aut
3514 4779 3695 4843 comite,

456 4862 542 4915 vel
590 4863 641 4917 in
673 4863 867 4934 hyeme
915 4875 1041 4921 ante
1085 4867 1298 4921 tertiani
1339 4866 1497 4935 ﬁunt,
1543 4883 1650 4924 non
1700 4869 2038 4937 interfuerit;
2144 4869 2231 4925 vel
2292 4870 2346 4925 in
2394 4871 2577 4942 seipso
2630 4871 2836 4941 aliquid
2893 4871 2998 4927 tale
3048 4872 3492 4942 impedimentum
3538 4880 3696 4941 passus

456 4955 564 5010 nisi
604 4956 745 5012 forte
779 4960 848 5014 sit
879 4960 1135 5015 sacerdos
1166 4970 1223 5015 et
1252 4960 1470 5017 interim
1502 4971 1683 5018 cantet
1712 4963 1955 5030 missam,
1988 4972 2044 5019 et
2145 4952 2329 5029 fuerit,
2390 4977 2487 5018 oro
2537 4977 2644 5033 quo
2693 4970 2821 5017 ante
2857 4961 3153 5032 capitulum
3182 4962 3375 5019 venire
3409 4978 3511 5018 non
3538 4957 3696 5032 possili

454 5046 572 5116 ejus
626 5050 864 5119 adjutor,
894 5050 980 5106 vel
1032 5061 1218 5107 custos
1264 5052 1509 5110 ecclesiae
1549 5070 1671 5110 cum
1702 5055 2043 5126 adjutoribus
2143 5064 2266 5124 post
2291 5056 2528 5121 veniam,
2567 5070 2731 5110 causa
2774 5056 3116 5111 neceSs'itatis
3147 5071 3259 5111 suae
3289 5056 3547 5127 exposita,
3587 5052 3695 5107 liber

454 5146 568 5201 suis
593 5146 803 5202 hostias
860 5147 1013 5213 facit,
1053 5150 1136 5203 vel
1166 5149 1365 5220 aliquis
1413 5165 1517 5221 pro
1554 5152 1871 5212 infirmitate
1898 5155 1983 5213 inf

2158 5145 2409 5203 abscedit.
2440 5146 2711 5203 Caeterum
2747 5162 2848 5218 pro
2880 5147 2966 5202 liis
3001 5146 3369 5217 negligentiis,
3411 5162 3537 5218 quas
3555 5144 3687 5199 frater

454 5250 615 5290 unam
648 5238 838 5291 horam
865 5238 1106 5294 balneat.
1138 5241 1194 5296 Si
1215 5242 1529 5312 capitulum,
1562 5245 1645 5303 vel
1666 5246 2038 5315 collationem,
2108 5226 2111 5229 ’
2144 5254 2210 5295 ex
2239 5242 2343 5296 boc
2383 5240 2663 5296 incurrere
2693 5241 2915 5312 poterit,
2944 5240 3029 5295 vel
3074 5240 3119 5295 si
3158 5249 3439 5296 nocturna:
3474 5233 3689 5297 orationi,

452 5324 534 5377 vel
589 5325 758 5389 illam,
791 5342 914 5396 qua:
953 5337 1081 5384 ante
1125 5331 1347 5388 missam
1385 5338 1563 5405 agitur
1607 5338 2038 5407 processionem,
2143 5331 2230 5387 vel
2260 5331 2491 5407 regulari
2521 5331 2668 5387 borae
2693 5331 2776 5389 vel
2798 5331 3029 5387 Litaniaa
3055 5339 3176 5402 post
3219 5330 3469 5401 primam,
3514 5325 3689 5381 volem-

414 5430 417 5433 ‘
450 5416 534 5471 vel
567 5432 703 5486 Opus
736 5434 1013 5491 manuum,
1061 5424 1147 5479 vel
1198 5428 1451 5496 generale
1499 5429 1814 5484 mandatum
1871 5428 1947 5499 (et
1993 5430 2037 5485 si
2145 5426 2279 5483 teris
2311 5426 2527 5492 talibus,
2552 5441 2673 5497 quae
2705 5426 2983 5497 prmmissa
3013 5434 3161 5492 sunt,
3202 5438 3311 5478 non
3338 5419 3554 5484 affuerit,
3577 5411 3686 5470 nihil

451 5526 574 5585 post
613 5517 940 5577 lavationem
992 5524 1189 5593 pedum
1242 5525 1541 5595 advenerit)
1594 5526 1677 5581 vel
1727 5526 2035 5594 generalem
2140 5529 2226 5592 est
2251 5520 2394 5593 quod
2440 5536 2563 5576 eum
2604 5535 2632 5574 a
2664 5519 2894 5590 petenda
2926 5519 3080 5577 venia
3130 5527 3376 5583 excuset,
3427 5512 3521 5570 nisi
3556 5516 3684 5577 rupta

412 5618 417 5623 '
449 5609 804 5668 refectionem
835 5615 1097 5672 dimiserit
1124 5635 1138 5670 :
1170 5617 1214 5672 si
1242 5633 1442 5674 mensae
1467 5619 1655 5687 lector,
1680 5619 1766 5675 vel
1792 5620 2039 5690 eoquinaa
2140 5627 2303 5677 vena.
2327 5614 2410 5667 vel
2442 5614 2507 5669 de
2534 5612 2757 5667 naribus
2782 5610 2920 5667 Πυοῐ·
2947 5609 3263 5681 sanguinis;
3293 5610 3427 5664 εἴσω
3452 5613 3501 5661 εί
3523 5603 3559 5658 εί
3580 5612 3680 5690 θείω

451 5701 910 5759 bebdomadarius
950 5707 1005 5759 in
1053 5705 1278 5761 sabbato
1335 5717 1551 5765 notatus
1602 5689 2035 5766 benedictionem
2142 5707 2285 5761 intra
2317 5705 2726 5771 monasterium,
2758 5704 2840 5761 vel
2869 5713 3021 5758 extra
3053 5702 3107 5758 in
3135 5701 3410 5758 vicinitate
3432 5698 3534 5770 ejus
3557 5689 3677 5764 p055-

457 5789 797 5866 neglexerit:
831 5794 969 5851 siad
998 5811 1337 5854 communem
1368 5799 1595 5857 fratrum
1630 5816 1876 5858 rasuram
1904 5818 2039 5874 prae-
2144 5812 2256 5859 tum
2313 5798 2531 5860 interim
2589 5805 2910 5868 occupatum
2965 5810 3085 5853 esse
3146 5795 3434 5867 contingat.
3489 5782 3676 5858 ρυδηαο
