3890 6314
160 376 252 435 981

1314 376 1733 436 CONSTI'I‘U'I‘.
1759 352 2087 436 nnisauc.
2123 408 2194 420 -
2218 378 2347 435 LIB.
2379 382 2422 434 I.

3344 384 3452 442 982

161 493 315 549 alicui
346 494 550 556 horum
579 491 830 549 instituto
864 492 1127 550 interesse
1154 506 1260 549 non
1284 494 1501 561 oebuit;
1537 503 1761 566 praeter,
1793 500 1839 559 Α
1869 509 2023 549 mare
2055 509 2163 549 non
2199 500 2455 565 potuerit,
2486 494 2605 552 ideo
2638 495 2916 564 reticebit;
2953 496 3046 552 sed
3086 494 3291 552 tamdiu
3325 511 3449 552 eam

161 586 297 659 quod
330 586 691 655 prmmissum
719 595 821 652 est,
864 587 929 642 de
962 588 1217 645 mandato
1246 590 1408 647 trium
1440 608 1755 663 pauperum,

162 682 225 736 de
251 678 516 749 neglectis
554 679 771 734 duabus
814 680 1006 746 veniis,
1040 681 1091 735 id
1116 691 1201 737 est
1243 683 1297 739 in
1335 685 1514 757 vigilia
1554 686 1760 742 Nativi-

162 768 283 824 tatis
334 768 562 821 Domini
622 776 677 823 et
705 768 1130 827 Annuntiatione
1179 772 1367 843 ipsius,
1414 776 1481 830 de
1510 777 1758 846 neglecta

162 869 277 929 post
312 858 561 928 aliquam
624 861 810 915 horam
860 858 1156 917 Benedicite
1200 874 1323 933 pOSl
1374 866 1645 935 reditum;
1692 869 1759 926 de

163 970 259 1009 non
290 954 624 1023 accipiendo
654 971 773 1010 eam
799 957 850 1010 in
884 958 1070 1027 exitu;
1104 960 1150 1015 si
1173 977 1279 1017 non
1312 964 1537 1021 redierit
1574 967 1640 1023 de
1669 971 1757 1025 via

162 1055 273 1117 post
301 1047 557 1100 biduum.
621 1047 729 1103 Sed
778 1049 1080 1118 sciendum,
1131 1053 1178 1108 si
1231 1054 1525 1126 aliquando
1554 1060 1758 1117 aestatis

168 1146 399 1205 tempore
423 1136 759 1193 dormienda
791 1153 989 1195 nonam
1034 1142 1353 1213 neglexerit,
1399 1149 1543 1217 quod
1571 1152 1754 1205 statim

165 1240 408 1295 percussa
447 1226 643 1284 tabula
678 1232 890 1288 veniam
925 1232 1084 1304 petit,
1124 1249 1233 1291 non
1278 1249 1505 1294 servans
1546 1254 1665 1294 eam
1701 1241 1753 1295 in

162 1316 450 1371 crastinum
476 1320 808 1389 capitulum.

839 1413 1068 1473 CAPUT
1106 1415 1191 1472 Ll.

167 1494 264 1552 Pro
285 1501 478 1570 quibus
511 1506 696 1559 causis
727 1510 934 1561 veniam
964 1526 1067 1564 non
1096 1519 1259 1579 petat,
1286 1512 1388 1566 nisi
1414 1512 1749 1570 t'nclamatus.

230 1591 246 1610 ‘
267 1587 421 1658 Quod
451 1594 500 1648 si
536 1594 685 1652 alius
713 1597 779 1651 de
809 1597 900 1654 illo
940 1600 1338 1669 reclamaverit,
1375 1613 1505 1659 tunc
1533 1608 1750 1676 quidem

167 1684 404 1759 quotiens
456 1685 532 1741 de
582 1702 646 1743 se
687 1689 989 1748 reclamare
1031 1693 1117 1748 vel
1164 1696 1399 1766 priorem
1450 1700 1578 1769 quid
1619 1703 1749 1770 tale,

166 1788 264 1842 quo
300 1776 524 1847 culpam
576 1779 701 1848 ejus
755 1791 952 1851 nctet,
1003 1783 1151 1857 loqui
1209 1788 1483 1859 audierit,
1552 1795 1750 1851 totiens

167 1881 367 1937 quoque
401 1870 527 1925 sine
558 1887 717 1927 mora
744 1875 959 1930 veniam
986 1878 1124 1947 petit
1152 1896 1166 1932 :
1198 1888 1252 1933 et
1278 1896 1403 1935 eum
1429 1885 1747 1951 surrexerit,

166 1958 207 2013 si
234 1975 290 2014 se
318 1977 472 2017 reum
516 1965 696 2032 novit,
739 1982 863 2023 cum
887 1969 1036 2026 omni
1067 1971 1372 2028 humilitate
1399 1983 1454 2028 et
1484 1978 1748 2046 promissa

167 2052 545 2111 emendatione
589 2057 809 2128 culpam
844 2074 997 2114 suam
1037 2060 1295 2131 fateatur,
1334 2067 1535 2121 nullam
1582 2082 1749 2138 agens

167 2139 549 2213 defensionem,
583 2147 694 2202 nisi
739 2149 784 2203 si
815 2151 1095 2207 rationalis
1132 2167 1297 2210 causa
1326 2166 1410 2211 est
1438 2158 1524 2212 vel
1548 2174 1748 2230 magna

169 2236 472 2303 necessitas,
515 2252 626 2309 pro
654 2255 759 2310 qua
796 2242 958 2298 talem
1004 2245 1236 2302 incurrit
1274 2263 1594 2316 excessum,
1638 2268 1746 2308 non

168 2324 529 2397 nultiloquio,
579 2330 681 2385 sed
732 2332 1054 2402 simpliciter
1091 2335 1280 2393 humili
1318 2341 1519 2410 promit
1569 2341 1748 2414 subje-

172 2414 354 2481 ctione,
401 2428 457 2473 et
501 2435 609 2490 pro
658 2422 748 2476 tali
796 2424 953 2494 culpa
995 2428 1201 2496 praelati
1250 2432 1574 2487 sententiam
1622 2448 1745 2489 cum

174 2508 409 2574 patientia
439 2514 720 2581 sustinet;
762 2516 942 2572 sciens
988 2519 1339 2590 impatientize
1378 2524 1587 2594 culpam
1617 2540 1746 2596 gra-

173 2599 307 2655 viore
341 2607 692 2674 correptione
715 2609 1130 2665 cmendandam.
1168 2612 1223 2666 Si
1266 2623 1446 2668 autem
1476 2616 1541 2670 de
1570 2616 1745 2671 incla-

170 2704 297 2748 mata
330 2712 434 2752 non
467 2709 554 2755 est
593 2700 701 2756 sibi
741 2705 1015 2769 conscius,
1065 2720 1164 2761 nec
1205 2706 1361 2763 fateri
1403 2724 1504 2765 nec
1539 2711 1743 2781 impor-

176 2791 289 2838 tune
314 2800 528 2857 negare,
564 2791 663 2845 sed
711 2793 789 2847 rei
821 2795 1105 2851 veritatem
1144 2798 1302 2853 debet
1342 2800 1572 2857 honeste
1620 2816 1745 2871 pro-

171 2872 311 2931 ferre.
356 2880 513 2942 Ouod
583 2884 635 2939 si
692 2885 888 2942 sedens
944 2896 1001 2943 et
1054 2890 1496 2948 reclamationem
1556 2895 1623 2950 de
1682 2910 1743 2951 se

172 2967 411 3036 audiens,
458 2974 621 3043 prius
654 2978 996 3048 responderit
1041 2995 1203 3051 quam
1241 2985 1452 3040 veniam
1501 2987 1737 3057 petierit,

168 3074 224 3114 ex
249 3062 342 3119 hoc
369 3066 703 3125 inclamatus
730 3082 787 3126 et
816 3074 1027 3128 veniam
1074 3084 1263 3144 petens
1300 3078 1353 3131 in
1400 3079 1519 3150 ipso
1557 3081 1740 3137 frocco

172 3166 256 3209 suo
303 3173 463 3215 unam
516 3178 646 3217 cum
703 3164 852 3235 virga
902 3169 1307 3236 percussionem
1350 3175 1570 3243 accipit.
1617 3175 1734 3242 Qua

170 3257 387 3316 accepta,
416 3264 711 3325 postquam
762 3260 1103 3329 responderit
1133 3262 1255 3317 Mea
1304 3265 1480 3334 culpa,
1518 3266 1739 3336 jnbetur

171 3349 388 3406 surgere.
437 3343 640 3401 Postea
680 3364 776 3418 pro
828 3365 936 3420 quo
982 3361 1066 3408 est
1116 3355 1443 3413 reclamatus
1478 3360 1736 3427 sustinet,

174 3431 296 3495 Quod
340 3437 563 3504 praelato
595 3440 828 3507 videtur,
871 3443 1023 3499 Unde
1070 3447 1304 3515 sedens,
1358 3450 1405 3505 si
1452 3451 1737 3509 inclamari

173 3531 224 3571 se
262 3523 503 3594 audierit,
558 3530 647 3583 vel
700 3545 807 3586 non
862 3535 1092 3591 audiens
1136 3539 1205 3592 ab
1259 3539 1366 3594 alio
1423 3541 1735 3598 admonitus

174 3606 332 3708 inerit,
366 3620 548 3675 statim
595 3637 824 3693 surgens
856 3628 1068 3681 veniam
1119 3630 1272 3699 petit,
1323 3634 1488 3687 etiam
1530 3635 1575 3690 si
1627 3652 1736 3692 non

174 3704 495 3778 intellexerit,
553 3714 687 3779 quid
746 3715 800 3771 in
854 3733 913 3774 se
966 3720 1319 3778 reclamatum
1376 3726 1469 3781 sit.
1520 3728 1625 3783 Sed
1680 3742 1736 3787 et

176 3792 326 3894 nullus
346 3816 464 3857 eum
489 3816 622 3862 ante
648 3810 872 3879 petitam
901 3814 1117 3869 veniam
1143 3831 1409 3875 excusare
1432 3822 1730 3891 prtesnmit,

177 3890 320 3942 etiam
361 3892 404 3946 si
442 3896 563 3966 ejus
614 3898 979 3957 innocentiam
1015 3907 1249 3962 noverit.
1290 3907 1402 3965 Hoc
1440 3919 1619 3966 autem
1651 3890 1734 3967 ina

175 3971 386 4038 clamans
414 3987 578 4045 debet
624 4005 859 4061 cavere,
908 4010 977 4052 ne
1028 4011 1126 4067 pro
1178 4014 1285 4055 una
1334 4018 1393 4058 re
1431 4004 1568 4059 duas
1606 4020 1731 4063 eum

174 4071 332 4128 venias
360 4088 542 4145 petere
597 4081 789 4151 faciat;
848 4086 945 4142 sed
999 4089 1178 4159 primo
1220 4102 1410 4163 aperte
1459 4105 1515 4151 et
1556 4096 1731 4168 ipsam

178 4173 367 4221 causam
402 4174 722 4229 nominatim
767 4177 933 4234 dicat.
986 4179 1120 4236 Nam
1153 4184 1199 4238 si
1242 4201 1367 4239 eum
1420 4197 1608 4242 contra
1636 4204 1731 4244 or-

180 4250 335 4349 dinem
384 4260 579 4322 fecisse
625 4267 849 4333 dixerit,
899 4270 1004 4326 nisi
1055 4274 1239 4328 statim
1285 4276 1543 4348 adjungat
1585 4279 1729 4349 quod

180 4337 362 4443 fecerit,
394 4356 608 4412 veniam
635 4366 821 4426 petere
847 4359 937 4415 ille
959 4375 1068 4417 non
1101 4374 1368 4432 moratur,
1391 4337 1533 4422 dicta
1564 4337 1728 4425 causa

181 4431 315 4527 aliam
339 4443 625 4510 petiturus.
653 4448 806 4516 Quod
831 4452 877 4507 si
901 4467 1023 4507 eum
1048 4453 1205 4510 aliter
1226 4471 1389 4525 quam
1417 4459 1725 4527 conveniat,

181 4517 558 4603 inclamaverit,
605 4540 825 4597 tolerari
878 4544 1097 4614 quidem
1153 4517 1350 4614 debet,
1408 4551 1580 4607 donec
1637 4517 1726 4609 ille
1760 4579 1805 4633 ι)

181 4626 357 4719 sessum
408 4631 634 4700 veniat,
692 4642 749 4688 et
808 4644 938 4691 tunc
998 4637 1303 4695 inelamari.
1356 4640 1464 4697 Sed
1523 4644 1729 4702 ethoc

179 4716 421 4806 sciendum
472 4736 576 4795 est,
627 4728 770 4797 quod
822 4729 1027 4797 nullus,
1078 4732 1181 4787 nisi
1230 4733 1475 4789 ordinem
1514 4745 1728 4806 tenens,

180 4798 233 4856 de
256 4807 352 4902 alio
387 4814 457 4871 ibi
494 4820 744 4891 loquetur
780 4838 1030 4879 sermone
1053 4827 1120 4881 ad
1148 4826 1295 4881 illum
1317 4827 1545 4898 directo,
1574 4845 1628 4885 v.
1672 4798 1725 4902 g.

180 4901 227 4999 tit
256 4899 392 4999 dicat
451 4908 546 4966 Vos
589 4914 706 4979 hoc,
736 4914 815 4970 vel
849 4915 982 4970 illud
1025 4918 1222 4986 fecistis
1252 4933 1272 4971 :
1315 4937 1416 4977 nec
1440 4899 1726 4993 quisquam

184 4997 427 5081 239‘]th
472 5016 680 5061 certum
714 5008 933 5074 habeat,
989 5009 1287 5068 inclamare
1341 5014 1531 5081 debet;
1584 5024 1643 5070 ut
1680 5014 1726 5072 si

186 5072 257 5175 ille
276 5079 603 5151 inclamatatn
636 5100 849 5170 culpam
892 5072 1190 5169 negaverit,
1222 5103 1343 5171 iste,
1387 5072 1531 5161 unde
1554 5108 1721 5175 sciat,

183 5173 282 5274 fatu
311 5178 600 5274 .evidenter
660 5190 882 5258 dicere,
950 5192 1142 5262 possit.
1221 5194 1603 5253 Verumtamen
1667 5173 1725 5255 in

186 5266 353 5358 gnaris
371 5281 626 5337 potestate
648 5280 774 5347 erit,
800 5287 1074 5354 quomodo
1098 5286 1223 5342 talis
1244 5287 1401 5358 culpa
1424 5298 1723 5348 remaneat.

190 5339 298 5449 βίω
348 5364 443 5417 etsi
503 5368 734 5429 leviores
786 5389 964 5431 causa:
1022 5376 1340 5449 plerumque
1394 5381 1726 5439 mediocrius

187 5436 469 5539 inuenitur,
501 5467 698 5527 tamen,
739 5463 783 5520 si
808 5480 973 5521 causa
1000 5468 1176 5539 major
1206 5469 1392 5536 fuerit,
1421 5470 1723 5528 indiscussa

299 5548 616 5635 ,ηωθηθϋίκ
651 5568 827 5625 neque
856 5556 1047 5623 frater,
1084 5559 1176 5629 qui
1217 5574 1337 5614 eam
1383 5560 1540 5622 vidit.
1577 5562 1623 5617 si
1668 5563 1721 5617 in

185 5624 392 5686 βτοιίιῐιο
430 5643 508 5698 vel
541 5646 703 5701 tertio
742 5624 841 5702 vel
882 5659 1077 5718 quarto
1101 5624 1348 5721 capitqu
1375 5650 1518 5707 hanc
1547 5652 1723 5709 recla-

383 5748 399 5767 ⁸
424 5750 440 5815 )
471 5752 707 5813 0dilonis
735 5758 858 5814 abh.
887 5761 1043 5817 Clun.

270 5805 371 5881 102)
398 5817 707 5885 Stamineum
734 5830 888 5889 lanea
916 5805 1170 5904 int-crula,
1217 5852 1312 5894 seu
1340 5837 1582 5907 camisia,
1613 5855 1718 5914 qua

1865 583 1920 637 in
1982 584 2245 640 memoria
2298 584 2598 645 retinebit.
2656 588 2828 642 donec
2882 586 3212 643 reclamandi
3268 584 3448 643 locum

1860 673 2133 733 habuerit.

1931 765 2190 832 Quamvis
2237 767 2427 824 etiam.
2458 783 2567 824 non
2623 769 2695 824 sit
2741 772 3074 828 consuetudo
3127 780 3188 826 ut
3249 770 3446 842 aliquis

1862 864 2036 912 totum
2104 869 2431 914 conventum
2496 860 2832 930 proclamet,
2894 872 3071 919 tamen
3136 863 3445 933 quicunque

1826 1002 1827 1005 η
1862 958 2014 1006 tenet
2053 951 2351 1022 capitulum
2392 953 2518 1008 data
2558 954 2847 1011 occasione
2869 953 3027 1024 jubet
3066 956 3445 1011 universaliter

1859 1042 1980 1100 illos
2008 1044 2223 1099 veniam
2253 1056 2462 1116 petere,
2496 1047 2588 1116 qui
2613 1047 2889 1103 diurnales
2910 1047 3122 1103 calceos
3150 1058 3206 1102 et
3240 1048 3444 1105 cultros

1860 1134 1914 1190 in
1960 1139 2249 1207 praesentia
2300 1152 2406 1193 non
2454 1138 2673 1193 habent.
2714 1139 3018 1210 Aliquando
3046 1154 3175 1206 eos,
3226 1141 3320 1210 qui
3375 1141 3443 1197 ad

1859 1234 1973 1281 tres
2018 1228 2320 1293 orationes,
2365 1243 2487 1298 qua:
2534 1244 2693 1285 mane
2733 1228 2865 1283 lium
2914 1238 3033 1301 post
3080 1230 3340 1296 sonitum,
3387 1238 3446 1284 et

1859 1312 2129 1373 interdum
2170 1319 2332 1385 illos,
2385 1320 2479 1390 qui
2531 1336 2636 1376 non
2674 1320 2890 1375 t'nerunt
2926 1321 2994 1375 ad
3035 1320 3439 1390 processionem

1856 1410 1945 1464 vel
1997 1411 2066 1466 ad
2128 1411 2412 1467 stationem
2493 1427 2612 1483 quae
2665 1412 2725 1465 lit
2790 1412 2855 1466 ad
2904 1427 3161 1481 crucem,
3225 1411 3310 1465 vel
3371 1410 3440 1465 ad

1857 1509 2105 1555 sanctam
2153 1501 2402 1556 Mariam.
2461 1501 2575 1557 Hoc
2637 1510 2817 1556 autent
2873 1502 3168 1556 secundum
3227 1500 3442 1555 institu-

1858 1592 2061 1646 tionem
2113 1591 2261 1647 beati
2326 1590 2557 1648 Utilonis
2602 1590 2734 1661 (I01
2777 1591 2831 1663 ')
2875 1607 3094 1648 summo
3138 1592 3438 1647 cavendum

1822 1742 1823 1745 η
1848 1694 1939 1739 est
1965 1686 2167 1752 studio,
2201 1698 2269 1742 ne
2292 1685 2466 1757 turpis
2497 1683 2811 1741 reclamatio
2833 1684 3081 1739 audiatur
3103 1686 3156 1740 in
3176 1684 3433 1754 capitulo;

1853 1778 1947 1832 sed
1984 1778 2031 1833 si
2070 1779 2194 1849 quis
2228 1779 2450 1850 ignarus
2480 1777 2620 1834 forte
2644 1776 2846 1849 profari
2875 1779 3120 1848 coeperit,
3153 1779 3321 1849 prior,
3352 1779 3437 1834 vel

1784 1873 1826 1927 B
1852 1871 2079 1941 quilibet
2114 1872 2358 1939 audiens,
2404 1880 2721 1927 reverenter
2753 1871 2971 1941 satagit,
3004 1885 3074 1926 ne
3115 1873 3180 1926 ad
3212 1872 3437 1926 audien-

1852 1962 1984 2017 tiam
2030 1970 2329 2018 conventns
2371 1963 2583 2029 veniat;
2640 1962 2736 2017 sed
2772 1977 2871 2018 nec
2909 1962 3174 2034 judicium
3219 1964 3433 2030 evadit,

1850 2052 1941 2122 qui
1967 2053 2116 2108 scius
2143 2052 2449 2121 bujusmodi
2493 2053 2571 2108 rei
2618 2051 2725 2108 tale
2753 2052 2884 2122 quid
2916 2054 2987 2109 ibi
3019 2052 3262 2124 proferre
3294 2068 3435 2123 prae-

1850 2146 2163 2215 sumpserit.
2197 2144 2333 2199 Nam
2383 2160 2484 2201 nec
2514 2145 2620 2200 ulla
2651 2146 3002 2202 comestionis
3032 2146 3116 2202 vel
3154 2145 3435 2201 bibitionis

1851 2232 2057 2289 mentio
2081 2233 2154 2288 ibi
2186 2233 2345 2289 debet
2372 2233 2512 2299 fieri,
2544 2234 2647 2289 nisi
2670 2235 2810 2291 forte
2833 2235 2901 2291 de
2927 2234 3108 2304 aliquo
3138 2235 3435 2290 inﬁrmiore

1850 2327 2017 2383 fratre
2067 2328 2247 2384 minus
2296 2310 2676 2384 se'reliciente
2730 2329 2955 2383 honeste
2991 2328 3236 2394 dicatur,
3289 2327 3433 2396 quod

1848 2418 2102 2489 indignus
2136 2420 2207 2474 sit
2245 2418 2466 2488 gratiae;
2507 2419 2592 2474 vel
2625 2418 2924 2473 admonitio
2956 2417 3048 2472 fiat
3074 2420 3139 2472 de
3176 2432 3311 2487 pane
3351 2417 3435 2471 vel

1848 2508 1957 2563 alio
1988 2509 2110 2563 cibo
2156 2507 2488 2579 negligenter
2525 2515 2735 2578 parato.
2787 2506 2988 2562 Verum
3038 2505 3091 2561 si
3110 2506 3235 2576 quis
3268 2505 3434 2559 frater

1848 2601 1957 2655 tale
1981 2599 2110 2670 quid
2155 2615 2346 2671 agens,
2385 2601 2529 2669 quod
2573 2599 2855 2655 reclamari
2892 2614 3003 2654 non
3025 2606 3225 2668 potest,
3253 2606 3308 2652 et
3336 2597 3431 2652 ad-

1846 2691 2085 2746 monitus
2107 2692 2399 2747 emendare
2430 2690 2699 2757 noluerit,
2730 2690 2778 2746 is
2807 2689 2898 2760 qui
2930 2704 3153 2747 causam
3190 2688 3427 2759 agnovit,

1845 2782 2007 2837 debet
2037 2796 2157 2837 eam
2193 2783 2360 2853 priori
2415 2782 2797 2846 innotescere,
2855 2788 2915 2834 ut
2969 2780 3040 2836 ab
3093 2780 3209 2850 ipso
3263 2779 3433 2833 frater

1843 2872 2163 2941 delinquens
2217 2882 2430 2929 secreto
2479 2873 2792 2943 increpetur
2857 2872 2968 2926 acri
3028 2871 3428 2940 increpatione.

1845 2963 1953 3018 Sed
1988 2964 2034 3018 si
2077 2978 2175 3020 nec
2198 2966 2279 3019 sic
2308 2964 2600 3021 emendare
2636 2964 2888 3031 voluerit,
2935 2965 3086 3033 prior
3128 2963 3200 3018 illi
3244 2964 3297 3017 in
3340 2978 3431 3018 ea-

1843 3056 2014 3126 pitulo
2057 3058 2124 3113 de
2173 3058 2276 3113 alia
2321 3057 2560 3128 qualibet
2623 3057 2779 3128 culpa
2845 3056 3136 3112 inclamata
3183 3056 3323 3111 hanc
3374 3056 3429 3110 in

1844 3150 2165 3204 memoriam
2208 3151 2455 3216 reducit,
2491 3163 2615 3204 eum
2657 3150 2859 3220 aliquid
2900 3150 3007 3206 tale
3048 3149 3387 3205 commisisse
3412 3189 3427 3213 ,

1843 3243 1988 3313 quod
2018 3244 2089 3298 ibi
2118 3242 2520 3299 rcclamandum
2552 3259 2658 3299 non
2700 3245 2789 3308 sit,
2827 3253 2886 3299 ut
2917 3250 3217 3297 conventus
3259 3256 3428 3310 agno-

1842 3322 1991 3400 scat,
2038 3343 2098 3389 ut
2148 3335 2237 3405 siq
2265 3335 2381 3390 sine
2410 3334 2620 3391 ofl'ensa
2664 3336 2891 3390 fratrum
2942 3334 2996 3389 in
3044 3348 3167 3389 eum
3210 3331 3428 3403 gravius

1840 3428 2121 3483 emettdari
2174 3428 2362 3497 possit.

1911 3517 1968 3572 In
2002 3517 2224 3587 judiciis
2276 3528 2457 3574 autem
2517 3518 2779 3575 faciendis
2835 3534 2940 3575 non
2989 3519 3211 3575 minima
3266 3518 3430 3574 debet

1841 3624 1965 3665 esse
2009 3609 2267 3666 discretio
2306 3611 2551 3666 ordinem
2600 3611 2833 3666 tenentis
2873 3626 2888 3665 :
2935 3627 3033 3681 pro
3062 3610 3218 3680 culpa
3257 3610 3422 3675 enim,

1840 3717 1961 3773 quae
2007 3702 2061 3757 in
2091 3702 2387 3773 quemlibet
2426 3702 2753 3775 reclamatur
2783 3703 3078 3759 secundum
3126 3702 3203 3757 rei
3253 3701 3426 3772 quali-

1839 3802 2005 3849 tatem
2065 3802 2157 3849 aut
2207 3794 2544 3866 indulgentia
2590 3805 2686 3849 aut
2740 3795 3008 3866 vapulatio
3057 3804 3149 3850 aut
3204 3793 3425 3850 levioris

1836 3887 2104 3944 sententia
2146 3889 2319 3959 culpae
2360 3888 2628 3960 sequitur.
2662 3887 2796 3943 Nam
2838 3888 3108 3943 silentium
3140 3895 3237 3941 aut
3275 3884 3420 3955 jeju-

1839 3980 1991 4035 nium
2062 3980 2193 4035 nulli
2255 3980 2531 4037 indicitur.
2598 3979 2760 4035 Solus
2823 3989 3000 4035 autem
3061 3978 3230 4035 abbas
3291 3977 3425 4048 ligat

1836 4074 2102 4144 gravioris
2127 4074 2300 4145 culpae
2329 4074 2617 4130 sententia.
2650 4072 2782 4140 Quae
2809 4079 2987 4127 autem
3016 4072 3085 4127 ad
3112 4070 3421 4140 graviorem

1835 4168 2047 4237 culpam
2076 4168 2330 4223 videntur
2360 4168 2666 4237 pertinere,
2707 4166 2774 4220 de
2817 4166 2902 4220 his
2937 4180 3041 4219 non
3087 4165 3281 4234 loquar
3317 4165 3421 4219 hac

1835 4256 1971 4310 vice.
2001 4256 2170 4310 Porro
2196 4254 2372 4310 nullus
2394 4256 2660 4310 staminco
2680 4253 2829 4324 (I02)
2855 4264 3050 4308 exutus
3080 4252 3421 4317 verberatur,

1834 4346 1938 4401 nisi
1970 4345 2186 4401 rebellis
2227 4359 2351 4400 esse
2385 4345 2653 4401 videatur.
2689 4344 2782 4398 Ille
2826 4352 3003 4398 autem
3046 4344 3261 4399 rebellis
3298 4359 3423 4400 esse

1827 4435 2127 4506 iudicatur,
2149 4437 2243 4508 qui
2275 4437 2443 4508 priori
2478 4438 2531 4492 in
2564 4435 2805 4506 capitulo
2836 4444 3043 4491 temere
3070 4435 3418 4503 contradicit,

1832 4527 1916 4583 vel
1940 4528 2065 4599 quia
2098 4529 2202 4585 hoc
2248 4527 2393 4598 quod
2421 4525 2525 4583 sibi
2556 4527 2875 4599 injungitur,
2900 4541 3228 4597 quamquam
3256 4528 3423 4583 verbo

1836 4635 1944 4676 non
1976 4621 2336 4686 contradicat,
2373 4634 2536 4692 agere
2567 4627 2746 4676 tamen
2777 4619 3097 4690 dedignatur
3128 4629 3184 4677 et
3208 4660 3223 4685 ,
3265 4629 3323 4675 ut
3352 4620 3421 4675 de

1833 4714 2134 4785 majoribus
2164 4723 2369 4772 taceam
2398 4754 2415 4779 ,
2465 4714 2630 4770 etiam
2658 4714 2750 4785 qui
2780 4714 2848 4769 de
2876 4714 3115 4771 minimis
3141 4757 3158 4785 ,
3213 4728 3335 4783 quae
3362 4714 3419 4770 in

1833 4820 1957 4861 eum
2004 4806 2394 4873 reclamantur,
2423 4821 2531 4861 non
2567 4806 2683 4861 vult
2726 4821 2785 4862 se
2823 4806 3100 4877 corrigere
3142 4805 3421 4877 negligen-

1836 4897 1943 4952 tiis.
1977 4897 2019 4953 Ι.
2060 4898 2307 4956 Rebellio
2336 4899 2556 4971 proprie
2600 4899 2799 4954 dicitur
2838 4899 3205 4956 inobedientia
3231 4939 3249 4964 ,
3293 4913 3417 4955 cum

1832 4989 1902 5043 ah
1931 4990 2146 5045 .abbate
2195 4991 2281 5046 vel
2317 4993 2496 5063 priore
2548 4991 2708 5047 alicui
2754 4992 3047 5062 quidquam
3095 4990 3416 5063 iniungitur,

1806 5096 1999 5151 seque
2046 5083 2149 5139 hoc
2211 5099 2317 5140 non
2366 5084 2548 5141 facere
2608 5093 2795 5153 aperte
2864 5084 3013 5140 vocis
3072 5084 3416 5147 contumacia

1831 5172 2139 5243 proﬁtetur.
2194 5174 2255 5230 II.
2310 5176 2551 5232 Rebellio
2594 5184 2722 5242 est,
2772 5191 2896 5231 cum
2951 5176 3072 5245 quis
3104 5193 3135 5232 a
3192 5176 3417 5247 praelato

1829 5266 2147 5349 corripitur,
2195 5276 2250 5322 et
2279 5282 2386 5324 non
2413 5268 2584 5326 solum
2609 5269 2836 5325 eandem
2868 5269 3266 5339 correptionem
3304 5284 3415 5324 non

1833 5357 2113 5414 humiliter
2136 5361 2390 5429 sustinet,
2435 5376 2624 5417 verum
2674 5352 2836 5431 etiam
2867 5370 3055 5415 contra
3086 5360 3319 5429 superbe
3359 5368 3415 5414 et

1832 5450 2229 5506 contumaciter
2277 5452 2605 5523 respondere
2648 5465 2989 5521 nequaquam
3039 5458 3275 5505 veretur.
3322 5449 3409 5504 Ill.

1830 5540 2078 5598 Rebellio
2108 5552 2210 5609 est,
2247 5558 2371 5598 cum
2413 5542 2481 5597 de
2515 5542 2758 5612 qualibet
2795 5559 2851 5597 re
2880 5540 3078 5611 saepius
3130 5553 3413 5613 correptus

1824 5635 2121 5693 emendare
2154 5635 2474 5691 contemnit.
2532 5635 2622 5691 ιν.
2670 5635 2907 5693 Rebellio
2961 5637 3127 5694 etiam
3181 5636 3407 5700 dicitur,

1829 5769 2080 5824 monachi
2126 5768 2245 5823 vice
2291 5766 2450 5823 ClllCll
2502 5770 2811 5826 utebantur.
2867 5770 3001 5826 Nam
3049 5770 3407 5829 benedictinis

1827 5838 1997 5913 lineas
2022 5840 2267 5897 catttt'sias
2302 5839 2580 5899 interdixit
2604 5842 2940 5902 Innocentius
2969 5842 3056 5903 III.
3085 5842 3171 5905 PP
