3890 6314
486 291 592 349 985

1559 296 1616 350 S.
1666 295 1706 351 (Β
1721 290 2041 349 ιηιιιειλιιι
2080 285 2369 342 ABBATIS
2392 280 2707 340 lllRSAUG.

3640 282 3725 341 ωδ

472 410 599 464 dum
631 409 783 464 fratri
808 411 1062 479 qumlibet
1095 427 1180 466 res
1214 411 1533 484 iujuugitnr,
1563 422 1617 466 ct
1648 411 1897 481 quamvis
1924 422 2055 462 con-
2085 405 2134 462 Α
2161 403 2323 465 diuis,
2347 410 2406 456 ιιι
2430 401 2522 470 qui
2545 398 2810 471 judicium
2834 396 3054 467 accipit,
3082 396 3379 467 quidquam
3406 396 3552 452 aliud
3578 398 3725 463 dini.

470 499 743 556 tradicere
778 502 963 558 verbis
1005 517 1109 557 non
1150 504 1367 569 audeat,
1398 520 1559 577 agere
1587 512 1763 559 tamen
1793 504 2054 574 dedigna-

468 598 581 645 tur.
617 590 710 646 lla:
753 602 989 660 quatuor
1031 607 1213 648 causa:
1249 610 1346 664 pro
1388 596 1682 650 rebellione
1728 593 1957 659 haberi,
2000 600 2056 648 et

471 680 725 735 staminei
770 682 1047 737 exuitione
1102 684 1276 737 solent
1315 686 1596 740 vindicari.
1633 685 1733 740 llic
1764 700 1913 756 ergo,
1960 683 2053 753 qui

470 767 567 823 tali
618 768 822 839 judicio
869 772 1150 841 subiacere
1191 762 1455 842 jubetur,
1506 776 1714 830 cuculla
1768 784 1823 830 et
1871 772 2055 828 frocco

470 861 673 928 exutis,
718 869 772 916 et
813 864 880 917 ad
912 863 1078 933 pedes
1108 879 1235 918 suos
1262 865 1454 933 positis
1480 869 1650 928 sedet,
1679 867 2054 936 acccdensque

469 954 817 1011 Camerarius
849 970 971 1011 cum
1001 956 1203 1021 cultro,
1239 958 1565 1013 stamiueum
1612 959 1728 1029 ejus
1764 960 2051 1027 dissutum,

467 1046 541 1099 ab
588 1055 823 1117 utroque
876 1049 1102 1103 humero
1153 1065 1339 1118 parum
1374 1050 1541 1104 trahit
1592 1051 1865 1107 deorsum.
1900 1053 2053 1120 Quod

468 1146 653 1192 tamen
701 1140 993 1209 praedictus
1032 1140 1223 1208 frater,
1272 1158 1394 1197 cum
1428 1144 1659 1213 primum
1700 1153 1912 1215 tempus
1958 1146 2057 1200 ha-

467 1229 667 1293 buerit,
720 1230 989 1286 resarcire
1022 1248 1126 1287 non
1175 1234 1413 1305 negligit,
1442 1250 1510 1291 ne
1552 1236 1629 1289 ita
1657 1238 1721 1291 ad
1766 1239 2055 1293 lavandum

468 1318 787 1388 recipiatur.
819 1321 1017 1377 Frater
1064 1332 1269 1393 autem,
1307 1326 1397 1397 qui
1438 1326 1699 1394 judicium
1746 1328 1900 1392 facit,
1935 1338 2056 1398 post

470 1420 682 1481 tergum
727 1412 868 1467 illius
903 1423 1055 1468 stans
1089 1415 1141 1470 id
1187 1418 1413 1487 peragit.
1452 1419 1507 1472 ln
1556 1432 1772 1489 unoque
1819 1418 2055 1488 capitulo

470 1503 577 1556 duo
600 1501 802 1570 judicia
833 1506 961 1559 nulli
994 1507 1318 1572 inferuntur,
1348 1510 1448 1565 nisi
1477 1527 1573 1581 pro
1598 1513 2051 1580 contradictione;

470 1595 563 1648 sed
612 1596 656 1649 si
701 1606 819 1666 post
850 1598 1116 1668 flagellum
1144 1602 1250 1657 tale
1280 1603 1424 1658 aliud
1465 1605 1515 1659 iu
1554 1621 1678 1659 eum
1709 1607 2053 1673 reclamatur,

469 1689 614 1749 quod
671 1688 835 1756 priori
876 1689 1103 1745 inultum
1159 1709 1265 1749 non
1323 1695 1520 1751 debere
1568 1697 1768 1751 dimitti
1817 1696 2054 1765 videtur,

2156 494 2262 549 nisi
2312 491 2433 548 Mea
2476 491 2874 562 culpa,.tamen
2933 488 3227 559 aliquando
3266 503 3397 546 cum
3449 503 3539 545 res
3572 492 3727 562 serpis

2160 584 2361 657 agitur,
2392 591 2447 638 et
2475 582 2616 638 forte
2640 596 2701 637 se
2731 581 3146 638 emendaturum
3173 581 3396 647 dixerit,
3438 596 3546 636 non
3574 582 3724 638 solum

2158 691 2265 730 non
2307 682 2549 739 notatur,
2580 674 2674 729 sed
2715 682 2772 727 et
2817 672 3050 729 libenter
3077 688 3109 727 a
3159 672 3437 743 prioribus
3462 673 3723 743 accipitur.

2156 769 2304 823 etab
2338 768 2419 822 eis
2461 764 2870 823 intercessionis
2906 764 3104 836 gratia,
3145 780 3269 834 quae
3317 764 3727 835 diligentioribus

2158 860 2422 917 fratribus
2449 859 2611 915 etiam
2664 858 2718 913 in
2771 857 3076 914 minoribus
3114 855 3339 925 iudiciis
3384 862 3529 913 solet
3562 858 3725 914 adesse

2157 963 2475 1024 spontanea,
2526 952 2707 1009 minus
2752 950 2931 1007 cautis
2974 950 3031 1006 in
3088 948 3390 1018 majoribus
3439 950 3725 1015 adhibetur,

2157 1044 2554 1101 emendationis
2596 1043 2690 1117 (ut
2730 1043 2935 1099 dictum
2970 1042 3086 1112 est)
3139 1042 3509 1114 promissione
3550 1058 3724 1113 provo-

2156 1145 2298 1192 cata.

2229 1230 2287 1286 Si
2324 1231 2508 1300 plures
2539 1229 2744 1287 fuerint
2776 1230 2828 1285 in
2860 1244 2998 1300 quos
3022 1227 3372 1295 emendatur,
3411 1226 3562 1283 facto
3588 1227 3637 1282 in
3676 1241 3725 1282 se

2150 1320 2379 1393 judicio,
2411 1325 2639 1394 quisque
2679 1339 2709 1378 a
2751 1324 2935 1393 priore
2969 1322 3155 1393 jussus
3196 1337 3411 1378 sessum
3464 1318 3727 1388 ψιλαὶ·

2156 1418 2299 1472 cium
2351 1417 2494 1471 inter
2528 1431 2622 1472 eos
2661 1415 2879 1473 facienti
2911 1415 3004 1470 dat
3032 1415 3211 1469 locum
3251 1430 3264 1467 :
3294 1412 3365 1469 de
3393 1429 3506 1483 quo
3538 1413 3583 1468 si
3624 1412 3731 1481 quis

2157 1509 2387 1578 amplius
2436 1509 2583 1578 loqui
2625 1509 2811 1579 habet,
2851 1522 2962 1563 non
3011 1507 3066 1562 id
3114 1506 3441 1577 tuncjagit,
3492 1505 3587 1561 sed
3620 1521 3728 1560 cum

2159 1601 2342 1657 caeteri
2391 1616 2582 1657 omnes
2624 1617 2836 1658 sessum
2865 1601 3153 1666 venerint,
3183 1600 3314 1670 quia
3348 1614 3463 1655 non
3509 1608 3591 1655 est
3617 1613 3735 1654 cou-

2161 1695 2411 1761 suetudo,
2444 1704 2506 1763 ut
2528 1709 2742 1765 quoque
2767 1694 2835 1749 ad
2849 1694 3115 1766 judicium
3140 1700 3416 1764 prostrato
3446 1691 3634 1762 aliquis
3666 1693 3733 1748 ibi

466 1775 621 1843 jubet
651 1792 772 1832 eum
800 1795 895 1847 pro
920 1780 1020 1836 hoc
1051 1785 1265 1839 veniam
1294 1795 1480 1854 petere
1508 1789 1574 1842 ad
1618 1789 1914 1843 crastinum
1958 1804 2055 1845 ca.
2083 1769 2131 1829 Β
2158 1787 2430 1859 loquatur,
2458 1788 2563 1845 nisi
2592 1789 2861 1858 prazlatus;
2877 1787 3009 1857 quid
3044 1786 3295 1843 breviter
3316 1784 3471 1856 loqui
3501 1785 3733 1840 voluerit.

469 1866 720 1935 pitulmn.
768 1869 920 1936 Quod
972 1874 1017 1928 si
1053 1874 1243 1944 aliquis
1294 1885 1413 1945 post
1468 1888 1745 1947 acceptum
1788 1877 2055 1949 judicium

468 1960 659 2026 verbo,
688 1961 771 2016 vel
816 1964 978 2018 etiam
1028 1967 1145 2036 ipso
1182 1968 1366 2024 habitu
1398 1969 1615 2039 aliquod
1653 1971 2055 2043 dedignatio‘nis

468 2051 684 2122 signum
717 2056 1091 2113 demonstrare
1138 2063 1567 2131 praesumpserit,
1596 2064 1810 2117 noverit
1845 2077 1904 2118 se
1931 2063 2058 2119 inde

469 2157 575 2196 non
626 2160 965 2201 recessurum
994 2189 1009 2214 ,
1050 2150 1223 2207 donec
1250 2154 1331 2207 vel
1378 2164 1707 2225 spontaneos
1732 2155 1819 2209 vel
1862 2155 2056 2210 saltem

468 2235 580 2287 acri
640 2240 983 2307 correptione
1032 2252 1251 2298 coactus
1311 2245 1529 2315 dignam
1600 2263 1698 2317 pro
1746 2262 1906 2317 posse
1957 2262 2057 2304 suo

470 2326 896 2386 satisfactionem
924 2348 1047 2389 cum
1072 2336 1216 2388 omni
1255 2336 1557 2393 humilitate
1590 2353 1642 2408 p:
1656 2339 1921 2395 omiserit.

1073 2423 1302 2481 CAPUT
1340 2426 1450 2482 Lll.

741 2509 815 2564 De
839 2512 1149 2568 discretione
1168 2514 1433 2583 judicium
1466 2519 1791 2589 facientium.

539 2601 744 2659 *Tales
763 2620 895 2660 vero
907 2606 1111 2675 judicia
1138 2610 1316 2668 facere
1334 2612 1592 2682 jubentur
1616 2616 1706 2686 qui
1747 2622 1910 2671 tantae
1932 2624 2062 2672 sunt

470 2692 834 2763 discretionis,
876 2692 949 2751 ut
981 2701 1190 2770 sciant,
1222 2705 1491 2774 quomodo
1524 2706 1819 2777 quamlibet
1847 2710 2058 2779 culpam

470 2782 769 2855 emendare
789 2788 1052 2858 debeant,
1102 2794 1193 2864 qui
1231 2804 1285 2849 et
1307 2796 1591 2867 diligenter
1618 2801 1905 2855 attendant
1930 2802 2061 2871 quid

468 2875 526 2931 in
555 2879 851 2948 quemlibet
882 2884 1227 2952 reclametur,
1262 2887 1473 2958 culpam
1500 2891 1660 2945 simul
1691 2902 1746 2946 ct
1782 2892 2059 2948 inclamati

467 2969 804 3042 diligentiam
823 2992 917 3033 seu
936 2978 1313 3056 negligentiam
1331 2996 1514 3037 secum
1537 2985 1933 3051 examinantes,
1951 3001 2058 3042 non

466 3064 706 3133 propria:
736 3067 999 3123 voluntati
1026 3070 1447 3130 satisfacientes.
1491 3073 1647 3145 Saepe
1679 3078 1824 3132 enim
1853 3079 2054 3147 evenit,

466 3162 531 3206 ut
554 3154 749 3224 aliquis
774 3157 1175 3227 diligentiorem
1209 3161 1437 3219 fratrum
1469 3166 1521 3220 in
1547 3142 1760 3237 culpam
1797 3142 2055 3241 majorem
2085 3142 2126 3199 Ο

467 3245 697 3315 incidat,
732 3264 855 3320 quae
880 3269 985 3307 non
1015 3253 1089 3308 ita
1125 3254 1177 3309 in
1214 3270 1302 3324 eo,
1347 3266 1407 3313 ut
1452 3257 1505 3313 in
1541 3259 1849 3332 negligente
1878 3261 2061 3333 aliquo

470 3341 750 3396 emendari
782 3343 937 3399 solet.
982 3343 1175 3401 Jussus
1225 3357 1404 3403 autem
1456 3356 1522 3404 ad
1572 3352 2059 3422 accipiendumju-

470 3430 671 3487 dieium
702 3448 761 3490 se
791 3452 897 3491 non
928 3448 1215 3508 praeparat,
1251 3440 1353 3495 nisi
1383 3440 1736 3509 inclamatus;
1771 3454 2060 3513 antequam

468 3522 719 3591 eruatur,
767 3545 869 3585 nee
916 3533 1128 3588 veniam
1174 3534 1345 3603 petit,
1388 3550 1489 3590 nec
1533 3536 1735 3607 aliquid
1791 3537 2057 3607 loquitur;

469 3619 567 3673 sed
615 3622 798 3676 statim
846 3636 1062 3690 exutus,
1090 3627 1412 3682 vestimenta
1443 3644 1540 3683 sua
1588 3630 1661 3683 ita
1702 3630 1883 3700 ponit,
1916 3639 1975 3684 ut
2009 3630 2062 3685 in

472 3710 694 3781 longum
732 3723 1039 3782 prostratus
1069 3718 1159 3770 vix
1190 3720 1371 3787 capite
1398 3720 1463 3773 ad
1493 3736 1556 3774 ca
1578 3722 1872 3792 pertingat.
1900 3720 2065 3787 Cujus

472 3802 821 3871 stamineum,
853 3805 898 3858 si
924 3821 1058 3874 opus
1089 3818 1192 3873 est,
1221 3810 1370 3878 prius
1396 3812 1671 3880 componit
1710 3811 1758 3866 is
1807 3811 1899 3880 qui
1923 3812 2067 3883 judi-

473 3896 619 3949 cium
648 3893 830 3950 faciet.
865 3895 972 3952 Sed
1001 3899 1127 3967 quia
1155 3900 1383 3955 diversae
1414 3902 1735 3970 quantitatis
1772 3903 1941 3974 virga:
1968 3919 2067 3973 per

474 3987 864 4044 Granatarium
916 3991 1311 4048 administratae
1357 4008 1631 4063 nunquam
1694 3995 1892 4051 desunt
1947 3996 2062 4065 ibi,

477 4081 691 4137 scilicet
744 4081 980 4151 majores
1026 4085 1096 4141 ad
1140 4086 1543 4157 corripiendum
1608 4086 1789 4142 minus
1839 4097 2062 4156 cautos,

471 4173 720 4231 minores
758 4191 885 4231 vero
921 4177 987 4231 ad
1016 4177 1417 4248 diligentiores,
1452 4180 1567 4249 ipse
1593 4180 1658 4235 ad
1688 4177 1950 4248 judicium
1982 4180 2066 4237 fa-

472 4266 726 4323 ciendum
758 4270 957 4341 eligere
984 4270 1162 4339 debet,
1187 4273 1400 4342 qualem
1427 4273 1541 4343 ipsa
1568 4288 1627 4328 re
1652 4274 1872 4344 exposci
1897 4275 2063 4329 videt.

470 4360 531 4415 in
564 4375 671 4431 quo
702 4372 824 4431 post
870 4379 1099 4433 primam
1137 4366 1542 4434 percussionem
1580 4381 1679 4420 nec
1725 4366 1813 4420 ille
1841 4381 2067 4421 manum

2120 1910 2123 1913 -
2162 1879 2315 1936 Unde
2344 1882 2449 1934 hoc
2474 1881 2785 1935 curandum
2826 1888 2931 1945 est,
2976 1888 3039 1935 ut
3069 1893 3193 1934 cum
3238 1878 3393 1948 prior
3442 1877 3734 1946 quempiam

2160 1988 2379 2030 exuere
2402 1972 2649 2041 jusserit,
2683 1970 2789 2029 nisi
2820 1972 2945 2043 quis
2971 1986 3031 2028 se
3074 1971 3142 2027 de
3167 1985 3234 2026 eo
3256 1969 3418 2025 velle
3447 1969 3592 2040 loqui
3626 1969 3738 2023 iuti-

2158 2064 2409 2131 maverit,
2440 2064 2592 2135 prior
2621 2064 2842 2121 interim
2872 2061 3247 2126 hocdili‘erat,
3274 2062 3459 2118 donec
3506 2061 3626 2125 iste,
3649 2060 3735 2130 qui

2157 2161 2358 2227 nabet,
2391 2159 2652 2230 proferat.
2682 2158 2838 2226 Quod
2878 2154 3094 2224 tamen,
3145 2157 3192 2214 si
3242 2166 3374 2212 tunc
3414 2154 3733 2223 neglexerit,

2158 2264 2383 2324 propter
2413 2252 2615 2307 factum
2635 2250 2902 2320 judicium
2932 2250 3026 2305 ille
3043 2263 3152 2304 non
3179 2247 3458 2304 retinebit.
3492 2246 3569 2301 De
3599 2244 3737 2314 culpa

2080 2338 2085 2344 ”
2159 2355 2339 2403 autem
2378 2343 2493 2414 jam
2530 2344 2846 2412 emendata,
2880 2341 3217 2399 defensionis
3239 2340 3491 2408 ;verbum
3517 2340 3626 2410 jam
3659 2352 3739 2393 ea-

2157 2446 2337 2503 vetur,
2367 2451 2437 2493 ne
2475 2436 2568 2507 qui
2611 2435 2877 2507 judicium
2916 2432 3036 2488 fieri
3077 2430 3273 2501 jussit,
3307 2429 3523 2501 culpari
3561 2427 3728 2484 videa-

2160 2538 2270 2584 tur.
2748 2560 2813 2565 ι›
2944 2564 2945 2567 η
3256 2544 3265 2563 -η
3522 2516 3563 2561 Γ

2660 2660 2667 2664 -
2742 2620 2984 2677 CAPUT
3020 2618 3185 2675 Lilla.»
3252 2654 3259 2661 -

2162 2714 2620 2783 Quidrctwendum
2672 2714 2740 2768 sit
2776 2723 2891 2767 tam
2916 2710 3223 2768 inclamant:
3254 2726 3418 2781 quam
3450 2708 3734 2763 inclmato.

2224 2810 2265 2851 3*
2297 2808 2625 2865 lncl'a‘matus
2656 2806 2819 2861 etiam
2860 2818 2981 2860 sum
3022 2804 3435 2860 inclamationis
3464 2810 3573 2856 tam
3596 2810 3741 2854 extra

2158 2917 2321 2974 quam
2354 2901 2494 2956 infra
2520 2900 2817 2970 capitulum
2844 2906 3003 2954 cavet
3039 2896 3534 2952 murmurationem
3581 2893 3745 2948 facere

2159 2994 2226 3049 ad
2259 3007 2605 3063 quemquam.
2637 2990 2772 3046 Nam
2804 3004 2907 3046 nec
2947 2989 3039 3044 ulli
3083 2989 3150 3042 de
3191 2987 3307 3051 his,
3358 3001 3485 3057 qua:
3532 2985 3657 3039 talia
3694 2985 3743 3037 in

2159 3086 2395 3156 capitulo
2443 3094 2702 3157 aguntur,
2754 3091 2907 3140 extra
2944 3082 3238 3152 capitulum
3289 3080 3422 3135 licet
3467 3079 3742 3148 quidquam

2162 3178 2331 3249 loqui,
2381 3177 2484 3232 nisi
2518 3177 2597 3232 sic
2631 3175 2802 3245 possit
2846 3174 2997 3238 ﬁeri,
3030 3181 3090 3228 ut
3140 3186 3249 3227 non
3296 3165 3745 3226 scandalum.sed

2160 3272 2341 3342 potius
2366 3268 2655 3324 aedificatio
2685 3267 2757 3322 sit
2807 3264 3169 3320 audientium.
3208 3261 3318 3317 Sed
3362 3270 3424 3316 et
3462 3259 3746 3316 cavendum

2159 3371 2244 3417 est
2272 3376 2340 3416 ne
2367 3360 2676 3430 quisquam,
2723 3371 2847 3413 cum
2873 3355 3099 3410 fratrem
3126 3353 3195 3408 ob
3227 3351 3501 3422 majorem
3528 3350 3741 3419 aliquem

2162 3466 2442 3507 excessum
2478 3450 2625 3504 videt
2679 3448 2733 3503 in
2784 3446 2949 3501 anxio
2976 3441 3443 3517 positum,tquasi
3488 3450 3619 3495 tunc
3645 3439 3743 3509 pri-

2163 3558 2312 3598 mum
2368 3542 2588 3596 inventa
2622 3539 2947 3604 occasione,
2996 3551 3061 3592 ea
3100 3549 3221 3605 qua:
3262 3533 3379 3602 jam
3442 3542 3576 3586 ante
3620 3530 3743 3584 ultro

2162 3634 2402 3699 reticuit,
2430 3641 2524 3687 aut
2558 3631 2811 3702 quaelibet
2840 3628 3071 3699 pristina
3105 3626 3224 3696 ejus
3249 3624 3398 3681 facta
3424 3635 3743 3679 commemo-

2162 3729 2365 3792 rando,
2397 3725 2611 3794 culpam
2652 3723 2801 3778 illius
2835 3721 3054 3777 studeat
3103 3730 3471 3787 exaggerare.
3507 3713 3743 3770 Similiter

2164 3819 2459 3875 inclamato
2485 3816 2706 3872 cuilibet
2733 3814 3038 3870 cavendum
3066 3821 3149 3867 est
3180 3825 3249 3865 ne
3273 3823 3631 3878 quemquam,
3653 3803 3742 3858 nisi

2165 3909 2413 3965 ordinem
2444 3915 2743 3971 tenentem,
2774 3905 2867 3960 scd
2891 3912 2947 3961 et
2972 3904 3116 3959 hunc
3137 3915 3244 3956 non
3268 3899 3377 3953 nisi
3401 3898 3511 3953 sibi
3545 3898 3744 3968 loquen-

2170 4008 2277 4056 tem
2314 3998 2588 4069 inspiciat,
2617 4007 2673 4051 et
2700 3995 3089 4050 iuclamantem
3112 4005 3180 4045 se
3212 3990 3265 4043 in
3295 4003 3365 4042 eo
3390 3985 3634 4057 capitulo
3656 3998 3741 4037 uua

2167 4090 2443 4146 inclamet.
2474 4087 2627 4154 Quod
2660 4096 2716 4141 et
2760 4086 2814 4140 in
2866 4084 3116 4156 proximo
3157 4090 3252 4136 aut
3286 4082 3459 4135 etiam
3496 4082 3652 4135 tertio
3675 4076 3743 4129 vel

2168 4191 2364 4252 quarto
2393 4189 2646 4245 cavetur;
2695 4177 2741 4231 si
2785 4186 2965 4231 tamen
2994 4173 3173 4246 gravis
3202 4172 3378 4243 culpa:
3409 4170 3505 4227 ille
3550 4173 3607 4225 in
3642 4182 3742 4224 eum

2168 4276 2362 4337 fecerit
2410 4274 2870 4329 reclamationem.
2925 4268 3034 4324 Sed
3081 4282 3256 4339 neque
3312 4266 3369 4321 in
3423 4280 3497 4321 eo
3537 4260 3743 4334 capitulo

2170 4368 2224 4422 in
2259 4379 2586 4437 quemquam
2617 4364 2700 4419 sui
2732 4361 3141 4418 iuclamatorem
3169 4357 3292 4428 qui:
3334 4354 3568 4424 iubetur
3594 4356 3744 4408 heare

472 4454 858 4523 percutientis,
890 4471 991 4511 nec
1021 4458 1124 4511 iste
1155 4471 1344 4514 vocem
1393 4466 1675 4529 exspectat
1722 4459 1843 4513 Mea
1883 4459 2059 4529 culpa,
2093 4499 2141 4557 D
2164 4458 2453 4531 judicium,
2480 4458 2571 4527 qui
2600 4457 2808 4528 primus
2835 4453 3149 4509 inclamavit
3174 4452 3376 4521 ipsum.
3410 4450 3523 4506 Sed
3554 4457 3607 4504 et
3635 4462 3743 4502 oon-

477 4548 889 4616 respondentis;
922 4550 1014 4603 sed
1048 4550 1191 4604 nulla
1223 4553 1274 4606 in
1301 4554 1401 4608 hac
1426 4569 1484 4607 rc
1517 4562 1731 4607 servata
1766 4551 2060 4622 parilitate,

476 4638 835 4691 continuatim
871 4639 971 4694 iste
998 4645 1250 4710 percutit,
1275 4643 1365 4698 ille
1395 4643 1511 4697 Mea
1537 4643 1690 4712 culpa
1718 4645 1868 4705 dicit,
1893 4644 2062 4698 donec

473 4728 627 4798 prior
654 4731 1043 4799 percutientem
1075 4749 1290 4789 cessare
1322 4732 1549 4802 jubebit.
1590 4733 1850 4787 Nitnictas
1882 4743 2059 4787 tamen

476 4818 805 4875 festinantia:
836 4833 1059 4877 cavetur
1104 4827 1170 4878 ab
1210 4837 1460 4894 utroque.
1512 4824 1702 4894 Scopis
1736 4837 1916 4878 autem
1960 4825 2061 4880 etsi

472 4909 712 4977 majores
741 4922 947 4967 tantum
991 4916 1069 4984 (ut
1110 4916 1310 4969 dictum
1338 4916 1440 4985 est)
1469 4915 1639 4983 culpa:
1684 4917 2059 4983 emendentur,

476 5003 691 5061 modice
741 5006 920 5061 tamen
965 5006 1271 5062 huiusmodi
1315 5010 1585 5078 correptio
1621 5010 1936 5077 inchoatur,
1969 5011 2064 5065 sed

477 5098 525 5154 si
560 5097 782 5168 prmlato
813 5099 987 5153 visum
1019 5097 1203 5164 fuerit,
1231 5098 1383 5167 jussu
1420 5100 1537 5171 ejus
1566 5099 1767 5154 sensim
1812 5107 2059 5169 augetur,

474 5200 690 5246 servata
720 5200 900 5246 tamen
934 5191 1135 5261 ubique
1185 5191 1424 5247 fraterna
1474 5194 1852 5263 compassione
1883 5193 1934 5245 in
1975 5191 2063 5259 ju-

473 5287 641 5351 dicio,
676 5296 784 5342 tam
810 5288 961 5356 virga
997 5302 1157 5357 quam
1188 5288 1364 5358 scopis
1395 5285 1668 5351 faciendo,
1702 5301 1771 5341 ur
1799 5302 1870 5340 s'r
1900 5300 2045 5339 DlSCl-

470 5392 643 5432 Ῥωκῶ
673 5394 981 5434 ιιιετιιιοτιο
1015 5396 1263 5435 TERREAT
1304 5396 1525 5448 ELATOS,
1563 5398 1632 5436 ET
1668 5394 2060 5433 MISERICORDL‘E

473 5478 752 5525 ADHIBITIO
801 5487 1008 5527 rovsA'r
1064 5488 1376 5528 SUBJECTOS.
1433 5477 1768 5543 Quamquam
1816 5487 2063 5525 nonnun-

476 5578 638 5631 quam
670 5566 833 5619 etiam
863 5567 1043 5621 minus
1080 5567 1251 5623 cautis
1278 5567 1640 5622 adhibeantur
1683 5567 1917 5621 fomenta
1951 5565 2064 5635 pic-

474 5656 628 5718 tatis,
661 5666 719 5710 ut
766 5672 901 5725 quos
949 5674 1054 5712 non
1088 5661 1218 5714 vicit
1254 5660 1399 5730 rigor
1453 5659 1829 5726 districtionis,
1882 5659 2063 5714 vincat

476 5764 631 5802 amor
670 5749 1081 5808 compassiouis.
1126 5753 1279 5809 Uttde
1328 5753 1452 5807 liCct
1501 5770 1605 5807 non
1655 5754 1721 5808 sit
1770 5763 2058 5808 consuetu-

2167 4551 2343 4608 versis
2371 4550 2422 4605 id
2452 4550 2675 4604 omnino
2705 4549 2863 4603 debet
2888 4562 3011 4602 esse
3041 4544 3274 4599 alienum
3304 4559 3318 4597 :
3351 4556 3489 4596 nam
3512 4539 3743 4595 sacerdos

2167 4647 2219 4700 iu
2259 4646 2623 4709 sacerdotem,
2653 4652 2708 4696 et
2737 4640 2969 4709 quisque
3007 4638 3061 4691 in
3108 4651 3254 4698 cum,
3296 4635 3392 4703 qui
3425 4635 3516 4690 vel
3567 4632 3647 4687 sui
3677 4626 3742 4681 te!

2167 4738 2438 4794 inferioris
2476 4746 2561 4791 est
2606 4734 2834 4796 ordinis,
2888 4730 3015 4784 facit
3054 4727 3353 4798 judicium,
3384 4736 3449 4781 ct
3494 4723 3740 4781 interdum

2160 4831 2380 4902 jubetur
2439 4828 2492 4884 id
2542 4826 2721 4881 facere
2766 4823 2965 4892 aliquis
3002 4832 3196 4876 eorum
3238 4816 3333 4887 qui
3385 4823 3541 4871 stant
3576 4815 3630 4869 in
3666 4807 3740 4879 ju-

2166 4920 2329 4976 dicio.

2762 5001 2993 5059 CAPUT
3034 4999 3165 5056 LIV.

2227 5105 2384 5171 Quod
2413 5103 2469 5157 in
2499 5098 2832 5156 reclamando
2862 5115 2966 5154 non
2992 5096 3057 5152 sit
3084 5108 3435 5165 personarum
3454 5091 3699 5163 acceptio.

2236 5199 2268 5233 ¥
2292 5198 2349 5252 ln
2380 5193 2723 5252 reclamando
2747 5201 2926 5248 autem
2955 5206 3063 5246 non
3089 5198 3175 5246 est
3212 5202 3580 5259 personarum
3609 5195 3740 5241 acce-

2164 5290 2300 5361 ptio,
2332 5288 2424 5343 sed
2452 5296 2557 5342 tam
2588 5286 2833 5342 seniores
2877 5299 2908 5339 a
2945 5282 3288 5352 junioribus,
3321 5296 3489 5351 quam
3542 5279 3643 5351 ipsi
3682 5272 3739 5328 ab

2167 5380 2275 5435 illis
2302 5379 2687 5433 inclamantur.
2715 5375 2783 5429 Et
2827 5373 2872 5429 si
2903 5373 2957 5428 in
2990 5374 3178 5431 eadem
3212 5370 3369 5441 culpa
3407 5371 3604 5425 senior
3637 5362 3739 5435 quis

2164 5486 2289 5528 cum
2318 5472 2533 5542 juniore
2561 5470 2813 5523 inventus
2858 5466 3042 5532 fuerit,
3092 5481 3198 5519 non
3241 5463 3398 5533 cujus
3434 5457 3737 5525 astating

2165 5565 2321 5635 cujus
2349 5563 2641 5634 diiigentiae
2669 5562 2761 5627 sit,
2796 5559 3129 5626 attcnditur;
3157 5572 3260 5613 nec
3301 5573 3332 5611 a
3357 5555 3609 5626 judiciali
3636 5568 3737 5608 seu-

2167 5656 2356 5721 tentia,
2392 5654 2494 5709 nisi
2541 5652 2703 5709 simul
2745 5667 2866 5708 cum
2906 5649 3125 5720 juniore
3172 5649 3473 5720 excipitur;
3504 5644 3733 5719 quamt'is

2169 5751 2283 5805 luce
2332 5747 2675 5816 diligentibus
2720 5745 3036 5816 plerumque
3084 5752 3432 5814 temperetur.
3480 5738 3730 5798 interdum
