3890 6314
108 342 194 402 983

106 561 317 627 ignarus.
352 555 668 627 Quicunque
709 568 888 612 autem
934 559 1227 628 inclamati,
1260 566 1672 640 quantumlibet_

106 654 195 705 sint
217 650 392 718 multi,
418 666 607 706 omnes
637 651 849 706 veniam
893 661 1102 722 petunt.
1154 655 1304 713 Unde
1348 660 1509 714 etiam
1543 660 1656 732 ipse

106 740 305 797 domnus
355 742 527 797 abbas
554 753 708 797 cavet
752 756 819 797 ne
847 745 974 813 quid
1005 745 1110 800 tale
1152 747 1312 812 dicat,
1347 751 1490 805 unde
1521 767 1653 808 con-

104 838 301 886 ventum
335 832 499 887 simul
548 833 894 889 inclamatum
952 835 1168 891 habeat.
1220 837 1331 895 Nec
1384 839 1658 899 immerito

107 932 371 979 conventus
419 932 585 979 tantae
624 925 902 997 dignitatis
942 929 1083 998 apud
1117 928 1374 985 domuum
1402 933 1653 991 abbatem

104 1014 320 1077 habetur,
352 1014 436 1067 cui
468 1015 630 1070 etiam
660 1032 873 1073 summa
899 1019 1099 1090 ubique
1131 1022 1458 1091 reverentia,
1491 1035 1653 1095 prout

104 1107 289 1177 dignum
316 1116 420 1172 est,
447 1109 756 1177 exhibetur,
792 1112 845 1166 in
880 1122 1107 1180 tantum,
1138 1124 1198 1170 ut
1233 1131 1354 1171 cum
1388 1118 1492 1173 ritu
1531 1134 1651 1174 mo-

102 1200 276 1253 nastico
310 1200 521 1271 uspiam
555 1203 822 1273 graditur,
872 1206 1178 1264 nullatenus
1224 1210 1271 1264 ei
1324 1210 1538 1266 obviam
1570 1211 1653 1268 ire

102 1290 156 1345 ab
190 1289 353 1359 aliquo
396 1303 787 1362 praesumatur.
830 1295 935 1354 Sed
980 1298 1027 1354 si
1076 1301 1143 1354 ad
1190 1301 1427 1372 aliquam
1459 1304 1648 1359 horam

100 1397 254 1438 versus
286 1399 421 1439 unus
448 1395 544 1439 aut
589 1386 696 1443 duo
743 1390 828 1444 vel
876 1390 1059 1462 plures
1106 1394 1161 1448 in
1196 1394 1379 1467 aliquo
1408 1394 1648 1466 ejusdem

101 1471 216 1528 hora
242 1476 441 1544 psalmo
471 1492 539 1533 ex
582 1480 906 1552 negligentia
948 1488 1296 1555 praetermissi
1325 1504 1445 1546 esse
1476 1490 1648 1548 recla.

101 1576 294 1631 tuantur,
322 1569 366 1623 si
395 1572 486 1639 qui
536 1573 825 1642 specialius
857 1578 909 1631 in
959 1578 1061 1633 bac
1106 1595 1166 1635 re
1209 1596 1267 1636 se
1298 1597 1647 1655 reos-cogno-

100 1668 241 1725 scunt,
275 1662 325 1716 hi
351 1662 448 1717 soli
483 1666 700 1721 veniam
732 1677 942 1738 petunt,
975 1681 1031 1727 et
1062 1683 1181 1744 post
1205 1676 1442 1745 psalmos
1481 1676 1646 1732 Verba

102 1751 304 1814 meu,vel
340 1744 584 1822 psalmus
613 1766 864 1813 cantatur
909 1761 978 1816 ab
1020 1744 1272 1820 omnibus
1317 1769 1644 1837 prostratis,

1124 351 1538 412 CONSTITUT.
1578 358 1904 422 lllRSAUG.
1936 400 2003 409 —
2039 368 2165 425 LIB.
2208 372 2242 427 l.

109 476 264 520 tamen
292 463 557 534 excipitur
586 464 838 533 novitius,
887 465 931 523 si
964 476 1140 524 adnue
1181 466 1389 527 ordinis
1420 482 1504 528 est
1528 474 1662 532 adeo
1691 479 1737 534 Α
1771 483 2013 537 steterit.
2050 483 2161 541 lloc
2191 488 2333 542 enim
2372 494 2450 547 sic
2482 494 2644 554 habet

3160 397 3176 405 ’
3238 408 3341 465 s86

2684 508 3031 577 consuetudo,
3072 522 3131 569 ut
3165 519 3342 586 prius-

1759 585 1919 639 quam
1954 575 2124 643 prima
2156 578 2461 636 benedictio
2488 586 2717 647 dicenda
2742 594 2922 664 fuerit,
2954 575 3026 655 ad?
3048 575 3345 674 quainlibiet

1756 662 2158 721 absolutionem
2207 682 2509 730 conventus
2572 680 2835 753 inclinet,
2885 662 3186 754 submissus
3238 662 3353 757 au:

1758 764 1867 810 tem
1898 758 2010 825 hic,
2056 762 2146 831 qui
2183 772 2311 820 tunc
2352 763 2422 819 ob
2469 783 2846 850 quamcunque
2886 799 3107 843 causam
3154 770 3352 852 coram.

1754 852 1988 908 steterit.

2344 954 2575 1017 CAPUT
2610 962 2742 1021 LVI.

1752 1031 1831 1089 De
1862 1051 1921 1089 eo
1949 1039 2040 1107 qui
2063 1041 2289 1115 aliquem
2330 1054 2664 1142 defunctum.
2691 1060 2909 1129 fratrem
2941 1064 2995 1119 in
3015 1064 3187 1137 'paznis
3227 1080 3338 1127 esse

2368 1140 2708 1196 perspexerit.

1822 1198 1922 1255 Est
1966 1204 2133 1262 etiam
2181 1219 2533 1284 consuetudo,
2567 1229 2626 1275 ut
2662 1223 2707 1277 si
2750 1224 2847 1280 'eui
2872 1226 3186 1285 defunctum
3223 1232 3338 1288 'ali-

1751 1303 1913 1384 quem
1948 1292 2173 1355 fratrem
2221 1304 2272 1358 in
2318 1310 2495 1377 pccnis
2517 1328 2636 1368 esse
2660 1329 2759 1384 per
2787 1317 2965 1373 visum
2993 1319 3157 1377 fuerit
3185 1339 3338 1379 reve-

1751 1380 1943 1479 latum,
1988 1389 2169 1448 abbati
2218 1397 2307 1452 vel
2349 1402 2512 1469 priori
2564 1416 2777 1463 secreto
2812 1409 3147 1479 innotescat;
3204 1417 3335 1471 etsi

1744 1473 1929 1571 jussus
1968 1478 2154 1552 fuerit,
2213 1490 2642 1552 misericordiam
2698 1515 2797 1571 pro
2833 1517 2899 1558 eo
2939 1518 3061 1558 cum
3094 1506 3247 1561 venia
3277 1508 3333 1562 in

1749 1566 1985 1635 capiluln
2029 1584 2197 1646 petat,
2251 1580 2493 1640 referens
2544 1588 2673 1657 quid
2698 1566 2789 1646 —de
2818 1607 2884 1647 eo
2932 1608 3031 1664 per
3081 1610 3333 1652 somnum

1749 1659 1977 1726 viderit;
2026 1670 2223 1735 prioris
2272 1689 2492 1747 quoque
2526 1681 2753 1749 pedibus
2783 1692 2907 1753 post
2932 1659 3329 1744 absolutionem

1749 1756 2008 1816 defuncto
2034 1761 2191 1818 fratri
2226 1775 2494 1836 optatam,
2529 1784 2587 1825 se
2616 1774 2919 1843 provolvat.
2952 1776 3156 1832 Deinde
3182 1779 3333 1849 prior

100 1842 229 1894 etiam
256 1844 296 1897 si
324 1845 445 1900 talis
475 1857 561 1901 est
602 1849 718 1905 dies
770 1851 825 1904 in
872 1868 979 1923 quo
1025 1871 1129 1910 non
1173 1862 1545 1928 proctnnbitur
1575 1863 1630 1917 ad

1746 1851 1876 1922 quid
1903 1869 2003 1924 pro
2026 1856 2285 1914 defuncto
2315 1859 2485 1917 fratre
2520 1842 2885 1925 communiter
2913 1880 3005 1925 aut
3044 1842 3332 1942 singulari-

100 1932 245 1991 horas.
274 1936 374 1991 Pro
402 1940 617 2009 psalmo
646 1956 778 1999 vero
806 1946 983 2015 primo
1012 1952 1402 2019 prmtermisso,
1433 1965 1637 2027 septem

99 2025 447 2090 pcenitentiales
473 2039 794 2100 cantantur,
825 2035 1076 2104 adjuncta
1118 2042 1365 2099 oratione
1400 2025 1641 2115 qualibet

100 2130 172 2183 pro
191 2119 429 2185 peccatis.
464 2120 572 2178 Pro
595 2138 760 2193 prece
786 2126 967 2199 aliqua
995 2131 1080 2186 vel
1108 2134 1401 2204 antipbona
1430 2137 1499 2191 ad
1527 2137 1639 2192 suf-

98 2204 233 2278 fragia
259 2220 569 2268 sanctorum
614 2221 1000 2287 pretermissa,
1048 2225 1228 2293 agitur
1272 2229 1415 2297 quod
1448 2230 1639 2299 praesi-

97 2299 211 2353 denti
246 2302 470 2359 videtur.
503 2305 661 2373 Quod
708 2308 753 2363 si
803 2312 1037 2367 sentitur
1080 2325 1207 2372 ante
1253 2317 1412 2374 finem
1444 2321 1637 2391 psalmi

95 2403 269 2446 versum
311 2408 427 2450 esse
473 2401 939 2468 praetermissum,
995 2406 1237 2475 psalmus
1281 2426 1311 2464 a
1349 2414 1526 2483 capite
1555 2425 1637 2470 est

98 2486 387 2575 repetendus.
416 2488 692 2546 Cteterum
718 2492 774 2547 iu
806 2494 1111 2565 lmjusmodi
1154 2502 1512 2575 negligentiis,
1545 2508 1633 2562 ubi

38 2564 45 2573 ’
95 2571 185 2627 fere
206 2586 335 2657 totus
356 2591 449 2636 aut
478 2593 635 2640 certe
667 2603 864 2661 magna
893 2607 1018 2662 pars
1049 2606 1348 2651 conventus
1394 2597 1446 2652 in
1479 2599 1633 2670 culpa

96 2675 171 2730 est,
192 2670 430 2729 sitamen
459 2675 640 2733 levidr
674 2694 840 2738 causa
874 2685 1067 2753 fuerit,
1097 2689 1397 2745 admonitio
1426 2694 1631 2762 potius,

97 2768 141 2810 ut
168 2766 476 2834 emendetur,
505 2786 671 2842 quam
697 2777 1016 2836 reclamatio
1043 2781 1201 2837 debet
1224 2782 1363 2838 fieri.
1399 2784 1634 2842 Ubicun-

97 2865 176 2921 que
202 2858 347 2914 etiam
375 2862 543 2933 aliqui
582 2866 785 2924 fratres
809 2869 862 2924 in
885 2872 1190 2931 obedientia
1222 2877 1400 2947 aliqua
1435 2880 1636 2937 fuerint

96 2950 316 3016 occupati,
346 2954 629 3027 negligens
666 2960 896 3031 quisque
932 2979 962 3017 a
1009 2968 1220 3021 caeteris
1267 2970 1418 3038 prius
1445 2973 1634 3029 admo‘

97 3038 281 3107 nendus;
319 3047 409 3101 sed
440 3049 485 3102 si
520 3054 820 3109 emendare
861 3057 1123 3124 noluerit,
1155 3072 1237 3116 est
1264 3063 1425 3118 etiam
1469 3066 1636 3120 recla-

96 3133 295 3190 mandus.
326 3136 427 3195 Sed
473 3143 605 3211 quia
648 3143 881 3215 singula,
912 3164 1029 3217 quae
1071 3160 1257 3205 contra
1288 3158 1634 3210 consuetudi-

94 3234 186 3276 nem
228 3235 278 3282 et
317 3233 566 3289 ordinem
616 3246 861 3293 nostrum
897 3242 1012 3296 fieri
1054 3256 1309 3313 possunt,
1343 3248 1506 3303 scribi
1536 3265 1632 3305 ne—

93 3326 314 3387 quaquam
356 3335 627 3396 possunt,
668 3332 914 3399 quaadam
967 3335 1127 3389 etiam
1174 3337 1298 3392 talia
1334 3349 1480 3406 sunt,
1512 3356 1631 3411 qua:

93 3419 267 3478 propter
289 3419 600 3475 scandalum
645 3422 697 3477 in
739 3425 973 3495 capitulo
1012 3428 1294 3485 reclamari
1325 3447 1625 3504 nequeunt;

94 3510 183 3563 quae
203 3506 413 3579 quisque
455 3513 699 3584 ignorat,
751 3530 819 3570 an
865 3519 933 3573 ad
976 3521 1412 3580 reclamationem
1455 3531 1628 3598 perti-

93 3606 234 3667 neant,
262 3604 323 3661 de
346 3607 430 3665 his
452 3611 610 3667 prius
636 3611 971 3685 interrogare
998 3616 1176 3673 debet.

623 3722 851 3782 CAPUT
890 3724 1001 3784 LV.

93 3822 210 3904 Quod
236 3832 604 3903 confessionem
654 3837 823 3909 culpa:
857 3856 913 3894 se
949 3841 1096 3895 uitur
1122 3845 1495 3904 misericordia!
1535 3867 1626 3919 pc-

150 3900 259 3982 mio,
285 3905 326 3982 si
350 3901 511 3959 simul
533 3906 690 3979 culpa
716 3920 790 3963 est
812 3858 1149 3982 proﬁtenda,
1188 3927 1236 3970 et
1262 3919 1624 3976 misericordia

150 3899 331 4024 (illio,dsi
350 3901 511 3959 simul
533 3906 690 3979 culpa
716 3899 790 3963 e'sl
812 3899 1149 3982 proferenda,
1188 3899 1238 3970 et
1262 3899 1624 3976 misericordia

150 3981 189 4020 ne
208 3986 263 4024 en
298 3991 345 4024 τι.

141 3981 345 4033 petenda.

140 4058 155 4075 ‘
181 4058 313 4119 Nunc
355 4075 539 4124 autem
581 4084 688 4124 non
718 4079 802 4126 est
827 4077 1285 4146 prmtereundum,
1322 4082 1463 4151 quod
1492 4098 1624 4137 con-

92 4142 326 4209 fessionem
357 4160 529 4231 culpze
553 4160 802 4231 sequitur
826 4142 1013 4234 petitio
1046 4142 1452 4228 misericordia.
1480 4174 1623 4241 Quo-

91 4236 165 4292 lies
185 4245 319 4317 culpa
340 4253 669 4318 confitenda,
698 4264 753 4309 et
785 4257 1155 4315 misericordia
1179 4264 1338 4318 simul
1367 4266 1617 4335 cuipiam

90 4341 151 4385 cst
192 4346 421 4410 petenda,
467 4365 519 4402 ν.
567 4364 619 4418 g.
665 4348 709 4403 si
750 4350 955 4407 obitum
995 4357 1165 4425 patris
1196 4366 1290 4411 aut
1319 4360 1509 4415 matris
1536 4361 1619 4416 vel

89 4430 250 4487 sororis
290 4438 510 4505 audivit,
541 4439 626 4494 vel
659 4440 902 4496 crastino
929 4447 1212 4517 utriusque
1247 4450 1491 4519 parentis
1521 4468 1619 4507 an-

1742 1949 1827 1997 ter
1847 1948 2009 2000 etiam
2037 1947 2260 2016 faciant,
2280 1950 2540 2009 fratribus
2559 1955 2809 2027 injungit.
2832 1960 3121 2016 Sciendum
3149 1972 3329 2017 autem

1740 2045 1824 2091 est
1866 2041 2008 2109 quod
2044 2042 2473 2100 misericordiam
2497 2056 2686 2118 petens
2715 2051 2832 2107 sine
2860 2051 3074 2108 licentia
3102 2055 3168 2108 ad
3189 2069 3329 2124 prae-

1739 2143 1866 2186 sens
1888 2135 2086 2202 poterit
2119 2136 2423 2194 iuclamari.

1810 2224 1867 2279 Si
1900 2241 2029 2282 vero
2072 2228 2305 2286 domnus
2354 2232 2522 2289 abbas
2568 2251 2898 2308 quemquam
2924 2230 2993 2295 ‘in
3024 2240 3319 2311 capitulum

1738 2318 1969 2385 miserit,
2023 2330 2081 2375 ut
2112 2322 2193 2376 sui
2231 2322 2461 2394 alicujus
2506 2326 2790 2384 familiaris
2819 2331 3022 2387 obitum
3054 2332 3137 2387 vel
3168 2334 3325 2387 antii-

1738 2413 2046 2468 versarium
2080 2416 2385 2481 annuntict,
2427 2419 2473 2474 is
2512 2435 2611 2491 pro
2650 2422 2753 2477 hac
2789 2437 2847 2478 re
2882 2440 2985 2479 non
3018 2425 3118 2480 nisi
3140 2425 3325 2494 jussus

1737 2506 1809 2560 ab
1836 2506 1955 2576 ipso
1980 2506 2193 2562 veniam
2220 2509 2355 2579 petit
2383 2525 2397 2564 :
2429 2519 2483 2566 et
2512 2513 2557 2567 si
2584 2513 2668 2569 vel
2692 2514 2814 2583 sibi,
2855 2516 2938 2592 vel
2968 2533 3189 2573 suorum
3219 2518 3323 2573 ali-

1738 2599 1824 2654 cui
1865 2601 2297 2656 misericordiam
2325 2612 2409 2659 est
2435 2605 2725 2675 petiturus,
2776 2625 2898 2664 cum
2945 2612 3133 2667 eadem
3167 2614 3321 2669 venia

1736 2690 1790 2745 id
1818 2690 1969 2746 facit.
2002 2690 2067 2746 lli
2092 2692 2257 2748 etiam
2295 2695 2385 2764 qui
2418 2705 2770 2766 spontaneam
2812 2701 3034 2771 petituri
3067 2713 3193 2757 sunt
3231 2718 3321 2759 ve-

1738 2783 1905 2849 niam,
1944 2798 2011 2838 eo
2041 2786 2186 2854 quod
2218 2772 2424 2856 aliquid
2454 2788 2594 2843 infra
2627 2789 2921 2847 claustrum
2964 2794 3319 2864 perdiderint,

1738 2876 2021 2934 sciendum
2065 2888 2172 2946 est,
2224 2883 2366 2953 quod
2401 2886 2553 2957 prius
2576 2886 2629 2941 in
2658 2889 2894 2959 capitulo
2920 2890 2986 2945 de
3013 2906 3072 2947 re
3110 2892 3319 2960 perdita

1741 2965 1872 3036 (nisi
1927 2968 2065 3023 adeo
2107 2971 2340 3040 minuta,
2383 2983 2442 3028 ut
2473 2991 2604 3032 acus
2635 2987 2741 3044 est,
2767 2981 2887 3035 etsi
2915 2982 3058 3051 quod
3083 2982 3188 3036 tale
3213 2982 3319 3055 est)

1739 3058 1891 3126 prius
1940 3058 2301 3132 interrogare,
2338 3072 2394 3119 et
2420 3066 2615 3122 deinde
2638 3068 2680 3123 si
2716 3084 2821 3123 nou
2863 3070 3080 3125 inventa
3132 3073 3318 3138 luerit,

1739 3151 1986 3218 sequenti
2039 3154 2274 3223 capitulo
2324 3157 2536 3213 veniam
2593 3172 2777 3231 petere
2830 3163 3046 3219 debent.
3097 3163 3205 3220 Sed
3252 3167 3320 3221 de

1738 3241 1933 3297 itinere
1963 3248 2247 3305 venientes
2270 3266 2369 3322 pro
2394 3252 2558 3309 rebus
2580 3264 2734 3309 extra
2767 3256 3013 3326 perditis,
3044 3257 3110 3311 ad
3139 3256 3320 3327 proxi-

1740 3349 1886 3388 mum
1911 3336 2209 3405 capitulum
2236 3342 2449 3398 veniam
2482 3354 2711 3416 petunt;
2760 3348 2804 3403 si
2847 3347 2987 3402 infra
3021 3349 3315 3419 capitulum

1732 3431 2002 3496 venerint,
2051 3434 2236 3490 clauso
2271 3433 2384 3504 jam
2409 3436 2552 3492 ostio
2576 3438 2820 3504 claustri,
2848 3440 3064 3510 pulsare
3094 3441 3236 3504 licet,
3262 3450 3318 3496 et

1737 3522 1964 3579 audiens
2006 3524 2058 3580 in
2101 3527 2336 3597 capitulo
2394 3529 2650 3585 ostiarius
2713 3541 2941 3606 accepta
2983 3547 3105 3586 cum
3150 3548 3314 3588 manu

1728 3613 1952 3669 licentia
2001 3619 2114 3672 exit
2157 3620 2371 3690 aperire
2413 3620 2513 3676 eis.
2560 3620 2868 3679 intromissi
2910 3632 3113 3688 autem,
3172 3623 3314 3678 facta

1726 3707 1986 3763 oratione
2036 3710 2090 3763 in
2143 3712 2497 3778 monasterio,
2549 3714 2732 3768 statim
2771 3712 2839 3769 ad
2878 3714 3172 3784 capitulum
3221 3730 3318 3771 ve.

1724 3798 1902 3865 niunt,
1932 3809 2133 3858 etcum
2166 3803 2428 3871 sederint,
2460 3805 2504 3860 si
2540 3821 2703 3876 quam
2743 3807 2938 3862 stando
2966 3807 3163 3862 dicturi
3190 3816 3313 3863 sunt

1726 3889 2073 3963 legationem,
2116 3897 2219 3952 hoc
2247 3913 2385 3953 unus
2412 3914 2620 3962 eorum,
2647 3900 2732 3956 cui
2769 3899 3072 3969 injunctum
3118 3909 3223 3967 est,
3255 3901 3315 3957 in

1725 3981 1844 4039 loco
1875 4001 1974 4040 suo
1999 3987 2234 4057 primum
2285 3990 2426 4060 agit;
2474 3989 2665 4046 deinde
2712 3991 2756 4047 si
2809 3993 2933 4063 quis
2975 4008 3161 4047 eorum
3212 4006 3311 4063 pro

1724 4074 1905 4144 aliquo
1931 4092 2154 4132 excessu
2199 4077 2340 4133 ultro
2386 4081 2597 4135 veniam
2628 4088 2812 4150 petere
2849 4082 3029 4147 debet,
3070 4091 3162 4137 aut
3189 4082 3311 4150 quis

1724 4167 1777 4221 in
1805 4168 2032 4223 alterum
2074 4171 2139 4225 de
2180 4171 2265 4225 bis
2296 4173 2483 4238 etiam,
2509 4188 2629 4243 qua:
2660 4175 2711 4227 in
2746 4175 2939 4229 itinere
2963 4186 3155 4231 contra
3180 4192 3311 4231 con-

1722 4261 2067 4315 suetudinem
2119 4261 2270 4327 fecit,
2325 4263 2561 4318 maxime
2600 4280 2721 4333 qua:
2766 4265 3072 4320 admonitus
3126 4280 3309 4321 emen-

1720 4349 1853 4405 dare
1907 4351 2105 4420 noluit,
2159 4353 2455 4421 quidquam
2497 4352 2793 4407 reclamare
2822 4352 3021 4419 habet,
3061 4369 3167 4409 non
3206 4355 3308 4409 hoc

1720 4442 1963 4514 negligit.

89 4515 366 4582 nivei-sarius
394 4532 519 4597 erit,
554 4532 637 4586 νει
668 4547 774 4601 quo
812 4531 925 4602 ipse
954 4515 1269 4595 monagucag
1298 4542 1423 4599 νίιω
1449 4544 1617 4600 bene-
1648 4573 1697 4632 υ
1794 4533 2065 4599 Quasdam
2112 4548 2243 4590 vero
2302 4533 2605 4606 legationes
2658 4534 2897 4591 minores
2934 4534 3151 4607 quidem
3198 4552 3306 4592 non

89 4603 236 4632 4:...2-_
256 4630 264 4632 ξ
516 4625 529 4632 -
686 4626 698 4632 -
976 4630 986 4632 _
1866 4626 1878 4632 -
2050 4627 2062 4632 _
2260 4626 2272 4632 -
2367 4628 2397 4632 η
2425 4629 2434 4632 -
2503 4629 2513 4632 _
2674 4629 2688 4632 -
2792 4630 2798 4632 .

87 4603 321 4672 dictionem
347 4625 577 4694 accepit,
606 4635 659 4680 et
686 4626 797 4697 ipse
822 4645 920 4699 pro
942 4630 1121 4702 aliquo
1150 4648 1373 4690 excessu
1400 4638 1613 4693 veniam

84 4710 229 4763 Petere
277 4711 477 4781 debuit,
531 4717 599 4771 de
639 4719 792 4790 culpa
842 4723 993 4792 prius
1040 4726 1237 4797 agitur,
1285 4729 1477 4786 deinde
1520 4747 1618 4801 pro

86 4798 347 4857 postulanda
375 4808 747 4867 misericordia
785 4831 888 4870 non
936 4818 1036 4873 nisi
1073 4820 1236 4874 semel
1277 4823 1488 4877 veniam
1516 4840 1613 4894 pe-

86 4883 149 4982 tit,
189 4893 332 4949 etiam
362 4894 405 4953 si
439 4902 512 4955 ita
564 4906 827 4973 evenerit,
874 4917 933 4961 ut
977 4918 1032 4964 et
1074 4910 1175 4965 sibi
1201 4920 1254 4967 et
1295 4883 1619 4982 parentibus

84 4976 171 5031 suis
212 4984 628 5048 misericordiam
676 4996 948 5065 petiturus
982 5000 1093 5067 sit;
1135 5003 1228 5058 sed
1256 5014 1311 5058 et
1336 5014 1461 5063 tunc
1498 5009 1612 5079 pri-

83 5078 197 5169 ῐξηξιη
221 5078 280 5131 de
303 5092 689 5149 pertransacta:
736 5091 861 5146 vitae
908 5093 1234 5165 negligentia
1274 5113 1332 5153 se
1369 5078 1609 5169 accusat,

84 5154 238 5258 tlcinde
289 5175 525 5238 parentis
592 5179 800 5233 obitum
866 5154 1203 5252 pronuntiat,
1261 5154 1613 5258 singulariter

83 5251 244 5320 tamen,
272 5267 327 5313 ut
350 5265 414 5318 ad
444 5274 733 5339 utrumque.
762 5271 910 5342 prior
940 5251 1329 5346 indulgentiam
1351 5251 1609 5350 “optando

80 5350 375 5441 respondeat,
406 5368 461 5413 et
502 5360 616 5432 ipse
649 5365 807 5423 toties
832 5369 881 5424 ei
912 5369 978 5423 ad
1005 5371 1164 5440 pedes
1196 5372 1406 5441 veniat;
1443 5375 1495 5429 in
1528 5390 1610 5431 re—

80 5430 278 5534 .ced-cndo
299 5444 588 5507 observans
629 5453 679 5508 in
708 5458 885 5525 primo
922 5458 1040 5514 libri
1083 5461 1318 5530 capitulo
1349 5463 1604 5534 scriptam

80 5524 398 5622 ipclinationis
443 5540 635 5614 legem,
694 5551 946 5606 omnibus
978 5552 1041 5605 ad
1074 5554 1235 5622 pedes
1267 5555 1608 5613 venientibus

80 5612 254 5691 datam;
281 5612 593 5705 quamquam
618 5650 669 5696 et
701 5653 991 5713 antequam
1021 5647 1087 5700 ad
1113 5648 1276 5716 pedes
1301 5649 1509 5705 veniret
1537 5652 1604 5707 ad

80 5718 387 5780 feverentiam
432 5741 727 5789 conventus
790 5736 1102 5796 inclinantis
1143 5754 1201 5797 se
1241 5741 1599 5807 inclinaverit,

79 5811 211 5867 quam
248 5814 500 5878 submisse
546 5826 611 5881 ad
661 5843 1039 5903 auamcunqttc
1085 5832 1475 5891 absolutionem
1527 5836 1596 5892 ibi

1721 4626 1934 4688 stando,
1969 4627 2062 4680 sed
2094 4626 2311 4695 quando
2336 4628 2439 4684 sibi
2468 4629 2640 4683 visum
2668 4629 2849 4695 fuerit,
2874 4633 3111 4687 sedendo
3141 4633 3302 4697 dicit;

1721 4717 1846 4787 quia
1889 4725 2015 4771 sunt
2061 4719 2309 4787 quaedam
2354 4720 2667 4790 dignitates,
2702 4723 2897 4793 quibus
2927 4724 3118 4792 major,
3160 4741 3305 4796 quae-

1717 4809 1841 4863 dam
1874 4809 2070 4879 quibus
2112 4811 2292 4866 minor
2322 4812 2551 4867 debetur
2578 4816 2903 4869 reverentia.
2940 4814 3074 4871 Nam
3097 4818 3307 4887 episco-

1719 4899 1805 4969 pis
1860 4910 1915 4954 et
1967 4900 2290 4967 abbatibus,
2345 4904 2861 4974 congregationibus
2913 4922 3134 4977 quoque
3194 4916 3303 4962 tam

1716 4994 2000 5049 canonica:
2028 5009 2189 5065 quam
2224 4997 2544 5052 monasticae
2581 4999 2943 5056 institutionis
2982 5001 3302 5072 quibusdam

1715 5085 1881 5140 etiam
1937 5087 2296 5143 sa‘cularibus
2344 5093 2726 5159 potestatibus,
2787 5104 2847 5148 ut
2896 5094 3143 5159 ducibus,
3185 5094 3301 5149 h:ec

1716 5176 2019 5232 exhibenda
2070 5186 2153 5233 est
2195 5181 2521 5247 reverentia,
2574 5191 2634 5236 ut
2684 5193 2894 5238 tantum
2939 5185 3300 5240 salutationes

1712 5285 1902 5325 eorum
1933 5285 1961 5325 a
1991 5272 2284 5341 stantibus,
2331 5284 2528 5330 cratera
2575 5284 2756 5331 autem
2798 5292 2828 5330 a
2872 5277 3187 5332 sedentibus
3216 5276 3300 5332 di-

1711 5373 1934 5419 cantur.
1965 5364 2108 5421 Solis
2134 5382 2264 5422 vero
2292 5368 2495 5423 domno
2522 5368 2703 5423 abbati
2739 5377 2948 5434 nostro,
2979 5369 3294 5441 apostolico,

1710 5465 1766 5511 et
1808 5458 1916 5527 regi
1963 5468 2172 5526 nostro,
2218 5461 2305 5515 illa
2354 5460 2602 5516 addenda
2644 5470 2750 5528 est,
2794 5471 2848 5516 ul
2876 5474 3196 5518 aconventu
3226 5466 3297 5523 ad

1708 5564 1899 5604 eorum
1956 5551 2254 5621 legationes
2299 5555 2452 5608 venia
2507 5566 2743 5627 petatur,
2782 5572 2902 5627 (λικε
2942 5557 3297 5616 nihilominus

1708 5644 1865 5699 abeo
1892 5645 2241 5714 observatur,
2289 5649 2375 5703 cui
2423 5650 2735 5721 singulatim
2785 5653 3065 5723 quodlibet
3108 5653 3296 5725 hujus-

1708 5735 1850 5789 modi
1886 5738 2107 5792 mandat
2148 5737 2379 5795 douums
2420 5741 2557 5796 abba
2608 5743 2912 5813 ubicunque
2962 5745 3011 5801 ei
3056 5745 3293 5803 dicatur;

1713 5827 1938 5886 Conteris
1970 5846 2098 5889 vero
2130 5832 2431 5905 quibusque
2467 5837 2733 5894 orationis
2763 5855 2872 5896 sua:
2897 5839 2978 5896 vel
3009 5838 3291 5897 servitutis
