3872 6306
541 427 643 485 987

1580 409 1640 465 S.
1666 400 2039 463 GUILLELMI
2075 400 2115 454 Α

2232 395 2363 452 tTIS
2387 391 2710 449 ιιιιιδλυο.
3672 395 3746 456 988

541 514 884 596 devotionem
915 530 1316 591 mandantibus,
1363 525 1736 583 inclinationis
1786 531 1997 577 tantum
2051 534 2123 573 re-

2244 521 2428 568 autem
2461 511 2615 582 prior
2663 507 2948 581 quemdam
3002 505 3310 577 hujusmodi
3361 508 3619 564 sententia:
3657 510 3748 585 jugu

540 630 789 687 verentia
835 627 1082 681 debetur.
1136 622 1344 678 Stando
1383 629 1563 675 autem
1615 617 1759 687 loqui
1803 616 1855 669 in
1887 612 2127 684 capitulo

545 731 743 796 praeter
776 722 892 783 bos,
942 717 1069 773 nulli
1103 716 1247 779 licet,
1306 712 1408 768 nisi
1456 711 1668 766 veniam
1713 708 1936 780 petenti.
1979 706 2131 762 Unde

542 825 598 871 et
627 810 1036 868 obedientiariis
1062 819 1115 863 et
1139 807 1362 863 cuilibet
1392 804 1472 858 sic
1503 802 1740 866 exituro,
1788 809 1845 853 ut
1876 798 1942 853 ad
1979 798 2131 867 capi-

542 908 712 962 tulum
745 921 845 959 non
878 903 1083 966 redeat,
1134 898 1373 955 sedendo
1425 907 1477 951 et
1527 893 1795 964 loquendo
1838 891 2128 961 qumrcnda

538 1007 625 1053 est
672 996 929 1059 licentia;
980 990 1391 1047 obcdientiariis
1421 988 1638 1058 quidem
1682 986 1748 1040 ad
1790 982 2128 1039 obedientias

539 1102 688 1152 anas,
718 1096 773 1141 et
800 1086 843 1138 si
872 1100 1007 1154 quos
1038 1098 1165 1137 suos
1192 1096 1369 1151 pares,
1404 1079 1485 1132 vel
1515 1077 1649 1131 alios
1674 1075 1870 1130 fratres
1893 1075 2131 1130 habeant

546 1179 910 1239 necessarios,
946 1188 1131 1230 secum
1174 1174 1417 1228 exituros
1449 1170 1766 1225 nominatim
1801 1167 2124 1223 diccnt'bus.

539 1273 616 1327 De
659 1271 993 1342 quibuslibet
1048 1278 1232 1323 autem
1262 1268 1339 1321 sic
1370 1265 1621 1330 exituris,
1657 1272 1714 1318 ut
1746 1278 1849 1317 non
1877 1261 2125 1325 redeant,

540 1363 584 1417 si
614 1363 736 1433 quis
772 1362 935 1416 habet
980 1360 1184 1429 aliquid
1231 1358 1373 1428 loqui
1398 1359 1467 1413 ob
1494 1364 1773 1426 acceptam
1824 1370 2013 1410 eorum
2064 1354 2127 1408 li-

538 1453 799 1516 centiam,
829 1467 1170 1521 nequaquam
1200 1451 1301 1504 hoc
1327 1448 1565 1511 ondttit;
1608 1446 1790 1502 ca-teri
1823 1446 2023 1516 quique
2044 1445 2125 1501 sic

533 1544 733 1597 exituri
766 1554 822 1596 ut
854 1543 1095 1606 redeant,
1126 1551 1332 1596 stantes
1363 1541 1453 1595 ubi
1485 1539 1634 1609 prior
1667 1554 1762 1593 eos
1792 1538 2128 1608 viderepos-

540 1634 633 1698 sit,
664 1634 893 1687 exeundi
922 1632 1196 1688 licentiam
1228 1648 1387 1687 manu
1414 1640 1668 1702 qurerunt
1693 1638 1747 1686 et
1770 1630 1956 1684 videns
1976 1630 2127 1700 prior

543 1740 735 1793 parum
777 1724 1034 1779 inclinato
1072 1724 1249 1793 capite
1301 1738 1546 1777 annucre
1598 1738 1705 1777 non
1741 1722 1964 1777 omittit.
2018 1722 2124 1777 Sed

540 1818 762 1873 evenire
817 1817 1014 1888 poterit
1045 1827 1102 1871 ut
1139 1816 1273 1871 alias
1302 1825 1602 1886 occupatus
1640 1831 1734 1871 eos
1778 1832 1886 1871 non
1946 1817 2121 1887 respi-

534 1908 644 1964 ciat
671 1927 684 1963 :
718 1911 858 1964 unde
886 1910 929 1964 si
960 1920 1086 1963 tunc
1111 1923 1206 1965 eos
1228 1909 1428 1975 videat,
1457 1910 1572 1963 sive
1600 1926 1726 1973 non,
1759 1909 1859 1980 ipsi
1892 1910 2117 1966 licenter
2148 1898 2193 1957 Β

536 2012 756 2057 exeunt.
814 2001 966 2068 Quod
998 2002 1042 2056 si
1078 2001 1199 2070 quis
1228 2001 1390 2055 alium
1420 2001 1644 2071 iubente
1685 2001 1884 2055 domno
1930 2000 2125 2055 abbate

541 2091 610 2145 de
640 2091 878 2161 capitulo
915 2100 1094 2155 vocat,
1125 2091 1176 2144 in
1219 2091 1334 2160 ipso
1384 2090 1608 2145 introitu
1660 2090 1879 2162 capituli
1930 2089 2121 2157 sedet;

532 2183 579 2237 si
611 2191 787 2237 tamen
817 2183 969 2254 prius
997 2181 1168 2247 aﬂ'uit,
1200 2183 1282 2237 sin
1321 2190 1499 2238 autem
1531 2184 1583 2238 in
1620 2182 1738 2238 loco
1772 2199 1890 2237 suo.
1933 2181 2039 2236 Sed
2070 2190 2126 2236 et

538 2276 653 2346 ipse
699 2280 906 2348 absque
956 2277 1171 2332 licentia
1209 2295 1312 2333 non
1365 2278 1572 2332 exibit:
1605 2293 1729 2332 nam
1779 2286 1835 2332 et
1884 2277 1992 2341 ille,
2031 2276 2120 2346 qui

538 2382 764 2423 vocatur
817 2371 883 2424 ad
933 2372 1186 2426 domuum
1235 2372 1510 2436 abbatem,
1569 2387 1676 2426 non
1734 2372 1851 2426 sine
1903 2370 2122 2425 licentia

538 2461 665 2515 inde
705 2462 951 2525 discedit,
996 2464 1137 2516 sicut
1184 2478 1281 2517 nec
1329 2464 1394 2517 de
1430 2464 1780 2525 monasterio,
1815 2462 1859 2516 si
1889 2471 1973 2517 est
2002 2462 2121 2515 alba

534 2552 778 2617 indutus,
810 2561 864 2607 ct
890 2569 947 2606 se
977 2552 1280 2607 locuturum
1312 2554 1632 2622 praenoscit;
1667 2569 1770 2607 nec
1795 2553 1862 2607 de
1890 2553 2123 2606 refecto-

533 2646 637 2709 rio,
668 2646 711 2697 si
742 2659 846 2696 non
872 2658 1210 2697 reversurus.
1242 2643 1298 2699 Si
1334 2659 1460 2699 vero
1483 2645 1681 2713 aliquis
1703 2653 1923 2713 accepta
1958 2643 2122 2698 licen-

530 2733 606 2787 tia
638 2734 702 2788 de
733 2732 969 2804 capitulo
1022 2734 1237 2797 exierit,
1290 2735 1360 2789 ita
1398 2745 1455 2789 ut
1502 2751 1609 2790 non
1653 2736 1725 2789 sit
1774 2751 2117 2798 reversurus;

532 2825 626 2880 sed
671 2826 865 2880 iterum
921 2824 1099 2895 aliqua
1145 2842 1209 2881 ex
1261 2842 1423 2883 causa
1469 2837 1774 2891 revocatus,
1816 2828 1901 2883 vel
1930 2839 2121 2899 sponte

536 2917 763 2979 redierit
812 2927 939 2970 ante
983 2926 1037 2970 et
1086 2926 1231 2972 retro
1279 2933 1384 2971 non
1434 2919 1601 2982 facit;
1640 2926 1694 2972 ct
1733 2919 1776 2972 si
1822 2918 1996 2973 denuo
2027 2936 2117 2973 nc-

539 3023 693 3061 cesse
735 3007 897 3060 habet
943 3009 1112 3072 exire,
1165 3009 1477 3078 priusquam
1526 3008 1818 3077 capitulum
1871 3007 2116 3077 ﬁniatur,

536 3108 762 3168 accepta
795 3098 1035 3166 licentia,
1085 3110 1141 3155 ut
1171 3100 1323 3170 prius
1352 3100 1703 3156 nihilominus
1734 3111 1859 3157 ante
1887 3112 1943 3157 et
1969 3111 2117 3160 retro

532 3190 684 3246 facit.
1244 3183 1248 3186 ’

1123 3287 1353 3343 CAPUT
1390 3288 1543 3345 LVII.

1071 3382 1148 3437 De
1192 3382 1346 3451 culpa
1378 3382 1577 3445 leviori.
1748 3402 1754 3408 ·
1846 3442 1851 3447 ,
2090 3432 2095 3441 .

603 3471 744 3543 (ευ.)
784 3472 978 3528 Missus
1020 3475 1072 3527 in
1113 3475 1326 3543 culpam
1357 3475 1612 3529 leviorem
1649 3474 1721 3528 ita
1750 3490 1806 3528 se
1837 3474 2020 3537 habet,
2062 3479 2122 3526 ut

533 3566 650 3635 ipsa
694 3582 912 3635 quoque
954 3566 1054 3622 sibi
1105 3567 1287 3638 regula
1342 3567 1647 3636 praescribit
1689 3568 1832 3637 (cap.
1862 3566 1977 3635 24).
2011 3567 2025 3585 ‘
2062 3565 2121 3618 In

535 3647 697 3727 quam
726 3658 903 3714 nullus
930 3660 1186 3725 mittitur,
1215 3660 1318 3714 nisi
1352 3659 1456 3713 tale
1483 3660 1610 3728 quid
1635 3659 1996 3725 commiserit,
2022 3674 2121 3729 pro

531 3764 641 3817 quo
686 3750 851 3803 etiam
883 3765 1105 3818 gravem
1139 3751 1535 3806 districtionem
1566 3752 1752 3806 subire
1790 3751 2029 3814 deberet,
2068 3759 2123 3806 et

532 3838 768 3893 rnaxime
797 3841 844 3895 si
900 3841 945 3895 is
989 3842 1079 3910 qui
1114 3858 1222 3911 pra:
1255 3843 1407 3897 senio
1445 3851 1539 3896 aut
1568 3842 1845 3896 debilitate
1877 3843 2122 3912 corporis

531 3947 750 4000 gravem
805 3932 1090 3987 verberum
1142 3948 1247 3989 non
1289 3937 1460 4003 possit
1507 3935 1617 4003 pati
1645 3934 2007 4005 disciplinam.
2041 3934 2122 3997 Ad

536 4022 744 4078 Nonum
807 4024 1054 4080 reficiens
1112 4026 1262 4080 sedet
1306 4026 1359 4079 in
1414 4024 1531 4079 loco
1578 4042 1697 4090 suo,
1747 4034 1803 4079 et
1846 4026 1891 4079 si
1937 4034 2023 4079 est
2070 4025 2122 4081 in

541 4123 733 4170 a'statc
763 4130 869 4169 non
900 4116 1050 4185 prius
1086 4116 1152 4168 ad
1179 4130 1443 4181 mensam,
1470 4130 1631 4185 quam
1661 4124 1969 4169 conventus
2003 4124 2124 4183 post

531 4206 849 4262 bibitionem
871 4207 995 4262 inde
1017 4207 1240 4262 recedit.
1257 4208 1369 4277 (un.
1389 4208 1524 4277 var.)
1543 4206 1687 4262 lnter
1702 4221 1891 4278 preces
1908 4216 2125 4261 noctur-

530 4313 631 4354 nas
662 4314 789 4353 vero
818 4308 874 4353 et
906 4299 1163 4355 horarum
1193 4299 1437 4357 omnium
1463 4299 1790 4370 regularium
1822 4309 2126 4371 prostratus

524 4389 691 4460 jacet.
724 4389 839 4445 Non
868 4389 1047 4456 offert,
1093 4407 1198 4446 non
1246 4391 1525 4446 osculatur
1572 4401 1783 4447 textum
1822 4392 2122 4463 Evangelii,

535 4496 641 4534 non
673 4481 882 4535 accedit
911 4481 977 4534 ad
1005 4496 1218 4551 pacem,
1271 4497 1373 4538 nec
1418 4483 1485 4538 ad
1536 4484 1756 4539 missam
1805 4501 1928 4539 cum
1980 4484 2122 4539 aliis.

538 4570 597 4625 Si
643 4570 777 4624 festa
816 4572 933 4625 dies
974 4571 1255 4627 duodecim
1290 4572 1415 4627 lect.
1446 4573 1530 4627 vel
1556 4575 1759 4645 agenda
1794 4591 2120 4645 supervene-

540 4662 633 4727 rit,
687 4661 895 4717 solutus
924 4671 1009 4718 est
1039 4663 1278 4718 interim.
1327 4663 1548 4719 Privata
1599 4683 1724 4722 vero
1756 4667 1841 4722 die
1875 4668 2123 4721 veniente

538 4767 727 4806 rursus
756 4753 949 4821 intrat,
995 4755 1049 4808 in
1096 4770 1204 4826 quo
1245 4763 1365 4810 erat
1413 4757 1584 4826 prius,
1642 4774 1809 4829 usque
1854 4759 1979 4813 dum
2031 4758 2125 4817 fiat

537 4843 838 4911 absolutus.
864 4846 1175 4901 Absolvitur
1212 4858 1396 4904 autem
1446 4851 1685 4905 maxime
1723 4852 1939 4920 quando
1982 4851 2126 4908 inter

537 4948 732 5005 preces
778 4945 1082 5007 prostratus
1112 4938 1262 5009 jacet
1310 4941 1376 4994 ad
1423 4941 1675 5011 gradum,
1728 4942 1910 5011 aliquo
1955 4941 2125 4997 fratre

536 5023 607 5097 ad
630 5039 752 5079 eum
784 5026 989 5081 directo
1017 5044 1045 5081 a
1067 5029 1264 5098 priore,
1296 5045 1325 5083 a
1348 5046 1456 5100 quo
1481 5031 1606 5097 sibi,
1638 5031 1781 5100 quod
1810 5031 1882 5085 sit
1905 5032 2124 5087 absolu—

537 5126 621 5172 tus
672 5117 933 5174 innuatur
967 5122 981 5139 ‘
1032 5121 1185 5176 Tunc
1232 5121 1379 5178 facto
1420 5136 1546 5179 ante
1583 5133 1638 5180 et
1685 5134 1830 5180 retro
1873 5125 2119 5185 discedit.

541 5213 696 5280 Quod
729 5215 773 5270 si
816 5214 957 5271 forte
1000 5217 1151 5287 prior
1192 5217 1513 5288 neglexerit,
1557 5234 1587 5272 a
1618 5218 1889 5273 claustrali
1921 5221 2123 5289 priore,

543 5308 622 5361 vel
651 5308 719 5361 ab
744 5309 924 5378 aliquo
958 5309 1176 5364 seniore
1218 5309 1549 5375 admonitus,
1596 5326 1718 5363 eutn
1773 5310 2032 5377 absolvit;
2080 5312 2126 5367 si

544 5409 725 5454 tamen
754 5401 803 5456 ei
834 5402 1012 5457 adhuc
1040 5402 1213 5457 visum
1242 5400 1427 5455 fuerit.
1461 5419 1549 5456 un.
1583 5402 1695 5458 l‘loc
1722 5418 1935 5473 quoque
1965 5406 2126 5461 modo

544 5492 661 5546 fieri
721 5494 859 5548 solet
919 5494 1209 5561 absolutio,
1266 5495 1309 5550 si
1357 5494 1533 5549 eidem
1592 5511 1747 5551 noxae
1795 5495 2126 5565 adjudicanti

543 5594 736 5655 postea
765 5588 1072 5659 contigerit,
1107 5599 1163 5644 ut
1195 5604 1291 5659 pro
1320 5588 1500 5659 aliquo
1523 5588 1719 5661 delicto
1746 5590 1922 5646 denuo
1955 5590 2124 5646 recla-

535 5684 718 5731 matus
764 5678 1103 5735 verberetur.
1136 5681 1198 5736 Et
1228 5681 1272 5735 si
1303 5681 1405 5736 hoc
1445 5697 1549 5736 non
1582 5681 1763 5748 fuerit,
1801 5698 1905 5737 non
1942 5683 2123 5739 absol-

541 5777 707 5832 vuur,
742 5769 844 5823 nisi
874 5772 1024 5841 prius
1053 5773 1169 5843 ejus
1193 5772 1495 5830 satisfactio
1512 5776 1743 5845 jacentis
1773 5775 1837 5829 ad
1870 5777 2123 5848 gradum,

539 5857 623 5913 vcl
657 5858 722 5914 ad
753 5874 914 5915 unam
957 5863 1145 5919 horam
1186 5880 1215 5919 a
1270 5874 1541 5921 conventu
1586 5866 1850 5923 videatur.
1903 5870 1917 5887 ⁹
1947 5865 2131 5924 Potest

2232 603 2463 659 subdere
2505 603 2669 657 etiam
2701 602 2743 654 si
2776 600 3030 654 domuum
3077 599 3329 653 abbatem
3381 598 3433 652 in
3483 608 3748 659 monasterio

2230 694 2333 749 scit
2356 693 2693 757 consistere;
2722 690 2813 745 sed
2839 705 2945 744 non
2977 689 3181 759 absque
3212 687 3329 756 ejus
3360 697 3485 743 nutu
3513 689 3745 748 absolvere.

2231 784 2385 852 Quod
2415 784 2459 838 si
2488 784 2683 853 cuique
2710 797 2775 837 eo
2806 791 3014 837 remoto
3052 781 3172 837 talis
3200 782 3467 835 sententia
3494 782 3747 852 imponitur,

2230 883 2287 929 et
2343 873 2573 929 forsitan
2626 872 2715 927 ille
2759 872 2980 926 interim
3026 871 3427 941 supervenerit,
3472 871 3596 925 idem
3627 888 3748 926 non:

2229 965 2431 1037 priore,
2460 964 2554 1019 sed
2581 964 2761 1034 potius
2786 963 2853 1018 ab
2884 964 3002 1034 ipso
3028 963 3154 1018 inde
3185 962 3504 1016 absolvitur.
3542 962 3628 1028 Qui
3652 965 3685 1017 si
3705 979 3749 1018 eo

2233 1059 2472 1113 nondum
2505 1056 2753 1111 absoluto
2787 1055 3127 1117 discesserit,
3163 1054 3314 1124 prior
3364 1062 3489 1109 tunc
3528 1053 3651 1108 hunc
3670 1056 3750 1109 duo

2230 1149 2400 1220 ipsius
2425 1147 2642 1203 licentia
2671 1163 2776 1202 non
2816 1147 3066 1203 absolvit.
3118 1147 3263 1202 Idem
3308 1146 3470 1200 etiam
3517 1146 3677 1200 modus
3694 1159 3751 1202 est

2232 1241 2377 1297 inter
2414 1241 2674 1311 majorem
2708 1240 2965 1317 priorem,
2996 1249 3051 1296 et
3078 1234 3377 1317 minorem,
3413 1238 3512 1291 nisi
3541 1240 3660 1308 quod
3677 1256 3749 1294 non

2228 1334 2469 1411 mittitur
2513 1341 2634 1403 post
2678 1314 2830 1399 eum,
2887 1333 2933 1388 si
2984 1316 3276 1387 recesserit
3324 1345 3607 1400 quoquam,
3651 1332 3751 1386 sicut

2230 1435 2356 1497 post
2416 1425 2675 1481 domuum
2731 1426 2983 1481 abbatem
3041 1432 3269 1495 propter
3320 1422 3559 1492 ejusdem
3614 1422 3751 1478 fratris

2228 1518 2652 1586 absolutionem;
2699 1517 2795 1574 sed
2840 1517 3151 1572 claustralis
3197 1517 3351 1587 prior
3398 1514 3614 1569 absolvit
3644 1530 3747 1569 eum.

2232 1613 2301 1668 Et
2321 1612 2639 1679 notandum,
2676 1610 2821 1682 quod
2848 1610 3004 1666 sicui
3048 1610 3245 1665 dicitur
3273 1627 3287 1663 :
3317 1606 3445 1662 Sitis
3480 1606 3618 1659 hodie
3637 1607 3679 1659 in
3703 1606 3751 1659 le-

2234 1706 2364 1759 viori
2396 1702 2551 1772 culpa
2582 1719 2600 1757 :
2629 1703 2682 1757 in
2711 1696 2953 1758 crastino
2980 1702 3102 1757 inde
3130 1700 3354 1757 omnino
3381 1699 3513 1754 liber
3533 1697 3644 1764 erit,
3662 1698 3753 1768 quia

2228 1795 2435 1852 dictum
2461 1794 2564 1849 fuit
2600 1803 2808 1850 tantum
2838 1795 3016 1850 hodie.
3220 1804 3225 1807 '

2784 1909 3014 1966 CAPUT
3049 1908 3229 1964 LVIII.

2412 1998 2718 2072 Ubicunque
2744 2003 2941 2057 steterit
2970 2002 3236 2071 quomodo
3267 2011 3412 2056 stare
3439 2002 3623 2057 debeat.

2298 2109 2392 2149 uo.
2427 2094 2591 2148 Stans
2617 2102 2799 2149 autem
2827 2102 2954 2148 ante
2983 2093 3242 2147 domuum
3275 2093 3545 2162 abbatem,
3571 2093 3641 2149 vel
3663 2096 3757 2151 ubi-

2225 2198 2439 2253 cunque
2486 2184 2701 2240 steterit
2743 2183 2857 2255 (ubi
2904 2193 3083 2239 tamen
3132 2184 3416 2240 observari
3466 2186 3684 2256 potuerit)
3718 2186 3759 2241 id

2226 2279 2392 2330 etiam
2424 2291 2532 2331 non
2562 2275 2806 2346 negligit,
2837 2285 2896 2330 ut
2925 2277 3089 2345 pedes
3115 2275 3318 2331 habeat
3354 2277 3617 2348 aequaliter
3643 2293 3756 2333 com-

2226 2368 2475 2437 positos,
2525 2377 2581 2423 et
2630 2384 2917 2441 nunquam,
2961 2368 3101 2422 inter
3151 2368 3406 2424 standum
3454 2370 3751 2424 divaricatos.

2234 2461 2249 2477 '
2286 2458 2394 2512 Sed
2425 2468 2481 2513 et
2511 2459 2613 2513 hoc
2651 2459 2927 2525 observat,
2969 2468 3028 2513 ut
3066 2476 3348 2530 nunquam
3396 2460 3665 2517 scabellum
3696 2475 3759 2513 ve.

2235 2546 2455 2618 aliquod
2501 2549 2703 2619 lignum
2747 2550 3029 2620 aliquanto
3087 2549 3471 2616 majusculum,
3510 2552 3604 2607 nisi
3626 2554 3762 2622 posito

2224 2652 2387 2706 super
2413 2638 2541 2692 illud
2570 2639 2705 2709 pede
2737 2649 3006 2706 transeat,
3037 2638 3122 2695 vel
3162 2656 3330 2696 causa
3371 2640 3586 2711 alicujus
3617 2640 3761 2697 brevi-

2232 2731 2360 2785 tatis
2389 2732 2712 2786 circumeat.

2818 2843 3050 2899 CAPUT
3096 2844 3227 2899 LIX.

2297 2952 2371 2991 ue
2417 2936 2497 2990 Itis
2555 2952 2672 3007 qua:
2710 2953 2813 2990 non
2863 2936 2984 3060 licet
3039 2939 3242 3061 facere,
3285 2938 3390 2991 nisi
3433 2938 3486 2991 in
3522 2947 3721 3007 tempore

2905 3024 3070 3061 ooueu
3114 3026 3150 3061 ι.

2905 3024 3150 3078 oqueuat.

2297 3099 2412 3170 (uo.
2446 3098 2581 3167 var.)
2614 3098 2815 3152 Evieus
2855 3115 2885 3152 a
2916 3099 3171 3169 capitulo,
3206 3100 3249 3154 si
3281 3108 3366 3154 est
3392 3114 3455 3153 ea
3486 3099 3591 3153 dies
3619 3100 3665 3153 in
3687 3114 3768 3169 qua
3862 3120 3863 3179 χ

2228 3191 2282 3245 in
2310 3192 2549 3247 claustro
2576 3191 2890 3262 loquuntur,
2939 3192 3088 3262 prius
3124 3192 3333 3246 nullum
3368 3193 3579 3247 verbum
3604 3193 3765 3245 dicat:

2145 3261 2268 3339 Csi
2320 3284 2527 3339 litteras
2583 3261 2764 3348 novit,
2826 3261 3021 3338 mm
3079 3274 3280 3354 accipit
3340 3295 3396 3341 et
3457 3286 3617 3341 sedet.
3665 3283 3767 3337 Nam

2230 3376 2482 3432 conversi
2528 3375 2717 3433 literas
2757 3376 3086 3441 nescientes,
3118 3376 3286 3431 libros
3332 3377 3532 3432 habere
3557 3392 3650 3431 non
3687 3391 3759 3430 co-

2222 3454 2448 3536 guntur.
2505 3464 2711 3521 Staudo
2755 3476 2937 3520 autem
2994 3464 3349 3539 nihilominus
3394 3466 3637 3536 loquitur.
3678 3464 3762 3519 Sed

2222 3559 2363 3613 forte
2396 3558 2441 3614 si
2469 3570 2595 3615 tunc
2626 3576 2730 3615 non
2763 3560 2937 3625 aﬂ‘uit,
2985 3560 3204 3630 quando
3239 3572 3362 3632 post
3402 3563 3758 3633 percussionem

2225 3651 2421 3707 tabulae
2471 3635 2765 3706 Benedicite
2808 3653 3010 3707 dictum
3062 3662 3145 3707 est
3183 3668 3212 3706 a
3250 3653 3456 3722 priore,
3516 3663 3565 3707 et
3605 3664 3758 3723 postea

2225 3744 2447 3797 veniens
2480 3743 2640 3798 alicui
2670 3744 2769 3798 sibi
2797 3744 3037 3799 obvianti
3060 3744 3214 3812 dicit,
3252 3742 3579 3810 Benedicite;
3602 3746 3661 3799 ob
3681 3744 3763 3797 hoc

2224 3848 2324 3888 ncc
2371 3834 2484 3903 ipse
2523 3851 2622 3890 nec
2662 3836 2725 3899 is,
2753 3836 2843 3904 qui
2877 3836 3106 3890 obvians
3132 3836 3181 3890 ei
3212 3837 3493 3907 respOndit
3532 3837 3761 3897 Dominus,

2232 3926 2407 3980 notari
2457 3925 2636 3981 debet.
2679 3926 2745 3979 Et
2774 3941 2933 3995 quem
2987 3937 3117 3981 tunc
3158 3929 3396 3997 primum
3445 3928 3498 3982 iu
3540 3932 3763 3981 conventu

2222 4017 2515 4087 alloquitur
2555 4018 2833 4088 praemittit
2879 4017 3203 4074 Benedicite.
3238 4019 3352 4091 (uo.
3384 4020 3522 4089 ear.)
3550 4018 3681 4087 Quod
3708 4018 3770 4071 lo-

2231 4109 2438 4179 quitur,
2472 4110 2563 4179 qui
2597 4110 2855 4179 loquitur,
2905 4106 3178 4166 submissa
3236 4128 3387 4167 voce.
3442 4112 3659 4181 Loquela
3692 4126 3768 4166 sua
3862 4148 3863 4155 η

2226 4211 2281 4259 et
2332 4203 2607 4257 audientia
2660 4220 2766 4257 non
2811 4204 2881 4258 sit
2928 4205 3031 4260 nisi
3081 4204 3148 4260 de
3205 4205 3578 4276 spiritualibus
3618 4204 3687 4257 vel
3721 4206 3770 4257 de
3862 4222 3863 4283 ξ

2230 4297 2318 4352 his
2368 4297 2568 4366 quibus
2610 4297 2727 4351 hLBC
2758 4296 2865 4350 vita
2899 4297 3219 4367 temporalis
3249 4314 3447 4354 carere
3483 4305 3765 4368 nonpotest.

2227 4393 2244 4412 ⁶
2277 4389 2444 4446 Cavet
2480 4390 2644 4445 etiam
2690 4388 2833 4460 loqui
2880 4392 2946 4443 ad
2989 4390 3153 4444 alium
3190 4389 3421 4445 fratrem
3464 4392 3517 4445 in
3554 4390 3769 4461 opposito,

2230 4482 2314 4537 vel
2360 4482 2636 4537 remotiori
2681 4482 2800 4537 loco
2826 4483 3106 4537 sedentem
3149 4492 3246 4537 aut
3286 4493 3547 4539 stantem.
3598 4500 3676 4539 an.
3724 4482 3767 4534 Si
3862 4544 3863 4551 γ

2231 4573 2358 4643 quid
2390 4589 2525 4642 opus
2579 4573 2739 4627 habet
2788 4589 2816 4625 a
2867 4575 3169 4629 camerario
3213 4590 3488 4644 qua-rere,
3528 4586 3645 4630 tunc
3682 4586 3771 4627 mao
3862 4596 3863 4621 :

2229 4666 2373 4721 xime
2419 4668 2632 4736 qurerit.
2686 4665 2742 4719 Si
2795 4682 2930 4734 opus
2971 4668 3135 4721 habet
3184 4683 3395 4738 ungues
3465 4682 3681 4734 secare,
3727 4675 3767 4717 et

2227 4755 2317 4811 ille
2349 4756 2507 4812 debet
2536 4757 2602 4811 ad
2627 4755 2854 4810 fratrem
2878 4757 3030 4825 juxta
3057 4772 3116 4810 se
3140 4758 3422 4813 sedentem
3456 4759 3646 4821 dicere,
3666 4756 3774 4827 quod

2227 4849 2422 4907 debeat
2452 4865 2659 4919 ungues
2690 4866 2816 4903 suos
2843 4864 3048 4913 secare,
3080 4859 3133 4903 et
3167 4848 3254 4903 ille
3287 4850 3451 4905 debet
3480 4852 3527 4905 ei
3559 4864 3774 4909 annuerc,
3862 4866 3863 4869 η

2208 4932 2416 4997 ’ἀίεειιε
2445 4945 2502 4994 ‘2
2541 4941 2673 4995 Cum
2730 4940 2827 4995 Dei
2878 4942 3266 5005 benedictione,
3318 4954 3375 4996 et
3422 4946 3504 4999 sic
3543 4944 3777 5016 praemissa
3862 4958 3863 4961 ‘

2228 5033 2553 5099 Benedicite,
2584 5048 2649 5087 eo
2677 5036 3037 5103 respondente
3071 5033 3349 5100 Dominus,
3386 5037 3634 5106 praedicto
3659 5033 3777 5089 fratri

2226 5135 2396 5180 secat.
2443 5124 2498 5179 Si
2536 5124 2886 5195 Opus‘habct
2954 5124 3220 5194 justitiam
3278 5142 3438 5180 suam
3486 5137 3539 5182 et
3581 5138 3778 5197 pateram

2228 5217 2412 5272 lavare
2445 5234 2554 5283 um,
2608 5226 2737 5271 tunc
2772 5216 2942 5282 lavat,
2966 5217 3257 5272 observato
3289 5219 3361 5273 ibi
3393 5220 3626 5273 silentio.
3656 5218 3780 5273 Lotos
3862 5252 3863 5259 η

2231 5327 2361 5368 vero
2393 5312 2445 5367 in
2488 5310 2726 5365 claustro
2759 5326 2865 5369 non
2914 5310 3068 5380 ponit
3110 5311 3418 5377 siccandas,
3460 5314 3475 5329 '
3502 5312 3594 5366 sed
3636 5312 3780 5365 statim
3862 5326 3863 5380 ς

2229 5404 2283 5458 in
2312 5402 2658 5458 refectorium
2697 5411 2959 5472 reportat.
2992 5418 3080 5457 uo.
3118 5403 3170 5455 Si
3197 5419 3336 5471 opus
3360 5402 3527 5458 habet
3550 5402 3780 5458 cultellum
3862 5412 3863 5419 η

2233 5511 2391 5552 Suum
2439 5510 2656 5561 acuere,
2706 5503 2833 5548 tunc
2873 5494 3017 5548 acuit
3053 5494 3119 5547 ad
3158 5506 3354 5560 cotem,
3389 5512 3511 5566 qua:
3534 5497 3599 5550 ob
3623 5496 3711 5549 hoc
3737 5492 3775 5544 in
3862 5484 3863 5543 ξ

2235 5596 2427 5641 catena
2473 5587 2671 5656 pendet
2714 5586 2767 5639 in
2814 5584 3077 5652 claustro;
3112 5587 3126 5605 ’
3165 5586 3244 5639 vel
3303 5588 3349 5641 si
3415 5588 3587 5658 magis
3634 5588 3776 5656 placet

2233 5681 2300 5735 ad
2350 5680 2577 5736 alteram
2607 5678 2759 5747 juxta
2806 5677 3130 5732 lavatorium
3173 5678 3430 5734 similiter
3472 5680 3775 5751 pendentem.

2240 5774 2297 5828 Si
2334 5774 2385 5827 in
2423 5772 2748 5827 vestimento
2778 5786 2874 5825 suo
2913 5771 3042 5838 quid
3070 5771 3335 5824 dissutum
3367 5750 3555 5826 estet
3610 5766 3775 5835 aliquil

2241 5865 2506 5922 resarcire
2543 5864 2674 5933 vult,
2710 5867 2811 5924 hcc
2846 5877 3085 5925 tempore
3127 5863 3400 5925 loquendi,
3439 5870 3533 5918 aut
3566 5868 3681 5918 ante
3702 5852 3767 5929 pri
