3872 6306
107 364 182 423 989

1090 303 1505 400 CONSTﬁ‘UT.
1536 345 1868 408 tltRSAUG.
1900 385 1971 394 _
2017 353 2145 408 ua.
2186 351 2225 405 l.

3192 348 3311 404 990'

110 483 275 532 matntn
301 466 486 524 testate,
532 457 583 513 in
623 456 970 529 byeme’vero
1017 466 1143 511 ante
1192 460 1432 528 tertiam.
1468 471 1522 517 et
1559 463 1605 518 si
1634 477 1687 541 Α
1714 466 1855 523 albis
1893 477 1977 524 est
2024 482 2252 539 agenoa,
2288 466 2425 520 sicut
2465 465 2829 537 smpe'evenit
2876 466 2926 521 in
2959 467 3301 536 susceptione

106 562 230 624 semel
270 552 542 612 comeditur
591 560 712 621 post
754 550 1064 621 prandium,
1106 550 1173 605 ad
1202 550 1403 607 lectum
1447 569 1604 611 suum

106 659 203 715 facit
227 651 390 709 sedens
428 646 478 700 in
517 643 723 700 cuculla
755 660 853 700 sua
884 652 940 700 et
964 644 1212 717 pellicio,
1244 645 1289 700 si
1328 662 1463 718 opus
1492 656 1600 716 est;

104 753 204 809 duas
236 746 356 801 enim
396 740 571 803 habet,
619 749 672 793 et
711 739 755 793 si
795 754 900 793 una
955 741 1323 808 resarcienda,
1372 731 1525 797 sedet
1551 742 1604 797 in

104 844 245 898 altera.
272 851 349 891 un.
379 830 429 887 Si
457 846 591 900 opus
624 829 785 885 habet
830 830 961 901 quid
1010 831 1075 888 de
1127 837 1453 889 vestimento
1505 848 1607 889 suo

102 936 151 990 ad
187 929 325 985 solem
360 923 665 989 extendere,
710 933 839 979 tunc
879 925 1141 993 extendit,
1175 935 1229 980 et
1249 927 1389 982 bene
1418 927 1608 982 memi-

104 1023 221 1088 nerit,
249 1029 296 1072 ut
317 1016 511 1070 auferat
556 1024 683 1070 ante
724 1014 1089 1082 collationem,
1122 1016 1207 1070 vel
1242 1017 1286 1072 si
1321 1017 1605 1074 duodecim

101 1114 303 1172 lectiones
335 1109 381 1164 in
406 1107 649 1180 sequenti
682 1117 862 1174 nocte,
889 1118 1015 1164 ante
1036 1125 1335 1181 vesperam.

626 1198 855 1255 CAPUT
904 1199 1017 1255 LX.

191 1295 252 1349 De
273 1309 345 1358 eo,
364 1290 448 1363 qui
468 1290 734 1360 inﬁrmum
755 1291 972 1361 fratrem
996 1292 1209 1353 visitare
1233 1293 1474 1350 voluerit.

148 1395 162 1410 '
189 1390 233 1444 Si
256 1401 397 1456 quem
440 1383 667 1439 fratrem
720 1385 1085 1442 infirmantem
1113 1387 1334 1444 visitare
1356 1388 1604 1455 voluerit,

99 1492 192 1537 tunc
213 1478 415 1551 maxime
435 1476 629 1545 accipit
656 1477 931 1533 licentiam
956 1479 1233 1534 visitandi.
1272 1480 1404 1537 llluc
1427 1482 1607 1538 eundo

98 1575 215 1626 debet
243 1567 481 1639 psalmum
532 1565 781 1632 Domine,
842 1584 904 1622 ne
953 1568 1007 1622 in
1053 1567 1233 1635 furore
1277 1580 1368 1624 tuo
1410 1589 1606 1643 arguas

97 1679 167 1727 me,
211 1671 320 1727 etc.,
357 1659 619 1726 recitare;
668 1660 848 1714 addita
902 1658 1183 1715 Dominica
1230 1663 1498 1731 oratione,
1553 1675 1608 1720 et

94 1769 167 1807 una
207 1752 397 1808 collecta
458 1766 555 1820 pro
605 1752 843 1818 infirmo,
905 1738 1247 1819 Omnipotens
1295 1758 1607 1826 sempiterna

1711 562 1939 634 alicujus
1979 562 2246 634 gravioris
2277 574 2541 630 personui.
2589 559 2756 628 Igitur
2801 559 2990 613 eodem
3034 568 3299 628 tempore,

1708 669 1816 725 quo
1839 642 2250 719 nocturnalibns
2281 653 2524 707 induitur
2556 651 2748 706 tollens
2783 650 3005 706 fasciam
3053 664 3206 703 suam
3234 648 3302 702 de

1702 746 1853 815 lecto
1884 763 2005 814 suo,
2036 747 2214 818 pergit
2239 745 2305 800 ad
2333 745 2478 800 illam
2512 744 2786 799 minuendi
2822 744 3101 814 sanguinis
3133 743 3303 797 oliici-

1686 854 1858 911 nam,
1889 849 1945 894 et
1974 848 2100 894 ante
2133 838 2316 895 omnia
2345 838 2479 893 facit
2509 846 2635 892 ante
2680 846 2736 891 et
2766 846 2930 900 retro,
2962 846 3017 891 et
3059 847 3142 890 ter
3174 835 3302 890 dicit

1707 932 1925 989 brevem
1949 948 2167 989 versum
2192 951 2207 989 :
2234 931 2397 997 Deus,
2434 933 2489 986 in
2532 930 2854 1001 adjutorium
2902 945 3093 982 meum.
3139 926 3303 997 Kyrie

1707 1023 1922 1079 eleison.
1965 1023 2022 1092 in
2064 1022 2406 1093 Adjutorium
2436 1032 2696 1077 nostrum.
2731 1021 2973 1091 Itemque
3006 1019 3151 1075 facto
3178 1027 3304 1072 ante

1709 1124 1764 1172 et
1793 1126 1940 1172 retro
1973 1115 2280 1171 imminutio
2319 1114 2600 1183 sanguinis
2629 1114 2935 1169 inchoatur.

2286 1207 2515 1265 CAPUT
2554 1206 2716 1262 LXII.

1745 1300 1813 1355 In
1840 1300 2025 1371 quibus
2054 1300 2182 1355 locis
2214 1311 2334 1356 ante
2360 1310 2407 1355 et
2442 1310 2579 1355 retro
2605 1300 2668 1354 sit
2697 1296 3001 1369 faciendum
3040 1297 3266 1350 minuto.

1780 1394 1796 1412 ‘
1829 1391 1936 1448 Sed
1969 1391 2273 1456 seiemlum,
2302 1393 2446 1461 quod
2478 1390 2624 1446 nullo
2654 1390 2709 1445 in
2740 1389 2859 1444 loco
2896 1388 3058 1442 faciat
3096 1395 3220 1441 ante
3249 1392 3305 1440 et

1711 1493 1883 1551 retro,
1912 1484 2018 1539 nisi
2050 1483 2102 1537 in
2136 1483 2371 1539 ecclesia
2400 1483 2483 1538 vel
2510 1490 2637 1537 ante
2680 1495 2899 1536 crucem
2932 1481 3034 1544 sit;
3075 1487 3304 1546 excepto

1708 1577 1774 1632 ad
1801 1591 1937 1647 opus
1980 1592 2265 1640 manuum,
2298 1574 2365 1628 ad
2408 1572 2688 1643 sanguinis
2735 1571 3120 1633 minutionem,
3155 1578 3209 1623 et
3246 1571 3301 1624 in

1708 1669 1938 1739 coquina
1971 1667 2226 1740 regulari.
2258 1682 2348 1723 un.
2382 1664 2667 1719 Silentium
2704 1672 2873 1726 tenet,
2901 1660 3001 1715 nisi
3033 1660 3303 1713 modicum

1709 1761 1839 1831 quid
1870 1759 2017 1815 dicat
2046 1763 2113 1816 de
2144 1775 2209 1815 eo
2245 1758 2388 1828 quod
2421 1757 2566 1812 inter
2595 1769 2786 1809 manus
2815 1753 2999 1807 habet.
3024 1754 3039 1771 ‘
3070 1750 3305 1805 Cellera-

94 1845 213 1908 Dm"
251 1850 344 1898 τίδ’
393 1840 523 1897 Cum
569 1843 801 1899 “'"rmis
850 1845 1117 1904 fratribus
1154 1859 1332 1920 Ρθιεεῑ
1358 1849 1429 1904 ibi
1460 1849 1603 1918 10(ιυὶ
1639 1838 1681 1897 Β
1711 1858 1824 1913 rius
1852 1872 1983 1912 vero
2009 1854 2312 1924 adjutorem
2338 1867 2494 1909 suum
2527 1850 2653 1905 illuc
2693 1848 2911 1903 mittere
2936 1853 3213 1917 procurat,
3247 1851 3305 1897 ut

94 1948 324 2006 autequam
368 1934 430 1988 ad
481 1934 675 1993 horam
720 1947 1037 2006 sequentem
1072 1940 1331 2011 pulsetur.
1373 1940 1527 2008 Quod
1559 1941 1603 1996 si

93 2031 210 2084 citius
236 2028 293 2082 ad
317 2028 497 2082 horam
526 2027 792 2097 pulsatur,
822 2028 896 2084 ita
926 2041 983 2085 ut
1014 2047 1119 2085 non
1149 2032 1320 2104 possit
1347 2047 1606 2104 peragere

92 2122 195 2192 quod
237 2120 405 2192 coapit,
453 2129 643 2190 postea
696 2136 802 2175 non
850 2123 967 2178 sine
1014 2122 1233 2178 licentia
1281 2126 1603 2195 regreditur.

90 2212 172 2268 Non
193 2213 340 2268 solum
368 2221 548 2267 autem
575 2212 627 2267 in
662 2213 766 2269 hoc
792 2224 1052 2285 tempore,
1085 2217 1181 2272 sed
1205 2216 1370 2271 etiam
1401 2217 1453 2271 in
1486 2216 1606 2272 aliis

89 2305 457 2376 competentibus
503 2304 655 2361 horis
682 2306 1010 2375 conceditur
1033 2308 1360 2377 quihusdam
1390 2309 1607 2381 gravio-

89 2394 199 2449 ribus
222 2396 443 2465 personis
470 2406 801 2466 aegrotantes
826 2397 1024 2455 fratres
1049 2399 1296 2455 visitare.

134 2488 242 2557 (υο.)
270 2486 399 2557 Nihil
432 2488 664 2560 appellat
685 2506 859 2557 suum,
887 2480 981 2545 sed
1013 2492 1082 2546 ad
1107 2491 1288 2546 omnia
1311 2491 1445 2547 dicit
1480 2507 1605 2546 nos-

86 2592 209 2633 urum
237 2580 325 2635 nisi
354 2582 416 2635 de
441 2590 620 2650 patre,
656 2591 829 2637 matre
867 2591 924 2638 et
960 2583 1139 2655 culpa,
1167 2584 1233 2639 de
1266 2585 1351 2640 his
1381 2585 1608 2640 licenter

85 2668 178 2723 dicit
201 2685 326 2723 meus
355 2678 407 2725 et
427 2686 565 2724 mea.
602 2668 799 2726 Verum
833 2672 998 2727 etiam
1023 2673 1088 2728 de
1114 2689 1174 2729 se
1204 2674 1407 2744 aliquid
1434 2661 1608 2730 dictu-

86 2776 167 2824 tus,
193 2762 304 2817 dicit
348 2779 441 2835 ego
474 2779 584 2819 non
643 2781 757 2821 nos.
808 2765 865 2819 Si
912 2766 1323 2836 quemfratrem
1351 2768 1605 2838 appellat,

83 2870 301 2925 nunquam
334 2870 469 2925 puro
498 2855 724 2912 nomine
748 2856 1004 2927 appellat,
1041 2858 1145 2913 nisi
1169 2858 1391 2913 dontnus
1418 2859 1605 2930 adjun-

83 2954 177 3013 gat;
202 2946 280 3001 sed
309 2944 540 3014 juvenes
585 2947 779 3017 fratres
809 2958 988 3004 vocat.
1024 2949 1157 3005 item
1193 2951 1470 3020 proprium
1510 2967 1608 3006 no-

84 3051 172 3090 men
196 3038 416 3096 dicturus
439 3041 613 3110 frater
639 3042 938 3111 praemittit.
975 3041 1031 3096 lu
1067 3043 1170 3098 hoc
1200 3051 1254 3098 et
1281 3043 1386 3098 alio
1414 3044 1606 3113 quovis

81 3145 269 3199 tempore
314 3133 662 3204 competenti,
698 3132 839 3189 sicut
877 3132 1018 3188 infra
1059 3142 1347 3204 utramque
1383 3134 1603 3190 missam

79 3231 210 3292 potest
237 3238 347 3278 cum
374 3224 600 3280 licentia
630 3224 945 3281 saecularem
974 3225 1208 3280 amicum
1239 3225 1529 3282 convenire
1551 3236 1606 3282 et

84 3313 155 3367 hoc
178 3330 267 3369 non
296 3317 407 3371 sine
440 3326 604 3385 teste,
655 3319 698 3373 si
740 3319 911 3373 scitur
938 3318 1331 3388 aliquantulum
1354 3319 1606 3376 incautus

79 3420 180 3461 esse.
206 3408 399 3468 Nullam
426 3412 655 3467 omnino
694 3411 975 3467 osculatur
1017 3412 1332 3480 mulierem;
1372 3415 1467 3469 sed
1506 3429 1609 3469 nec

80 3510 255 3556 matrem
279 3519 446 3558 suam.

216 3670 219 3671 ί
614 3592 843 3650 CAPUT
882 3594 998 3651 LXI

76 3678 131 3731 Dc
153 3682 408 3737 minutione
437 3688 739 3755 sanguinis,
771 3686 847 3740 uel
880 3686 1267 3757 pltlebotomare
1301 3685 1605 3742 volentibus.

128 3771 214 3838 (ro.
243 3775 369 3847 var.)
403 3774 462 3831 Si
510 3777 831 3846 sanguinem
877 3777 1109 3833 voluerit
1145 3778 1389 3835 minuere
1430 3779 1486 3833 in
1516 3777 1610 3834 XII

76 3862 394 3934 Lectionibus,
427 3869 513 3924 vel
571 3869 624 3924 in
657 3870 763 3926 alio
805 3886 1130 3942 quocunque
1164 3872 1285 3938 die,
1318 3872 1371 3926 in
1403 3886 1511 3941 quo
1537 3872 1611 3926 si-

75 3951 250 4011 lentium
278 3968 354 4013 est
387 3962 708 4027 tenendum,
754 3962 868 4037 ipsa
912 3962 1069 4029 hora,
1118 3978 1225 4033 qua
1277 3963 1345 4019 de
1375 3963 1612 4035 capitulo

74 4048 227 4113 exitur,
256 4051 529 4110 licentiam
560 4070 591 4109 a
619 4065 837 4111 tenente
859 4057 1104 4112 ordinem
1132 4072 1255 4129 cum
1278 4056 1434 4129 signo
1465 4072 1612 4127 qua:-

74 4140 140 4195 rit.
166 4146 179 4161 ⁶
204 4142 253 4198 In
276 4146 503 4215 privatis
532 4158 718 4223 autem
748 4148 939 4206 diebus
967 4150 1183 4220 quando
1218 4149 1418 4207 locutio
1445 4159 1530 4206 est
1558 4151 1614 4207 in

75 4238 283 4309 claustro,
313 4246 355 4299 si
400 4255 590 4314 potest
622 4244 919 4300 consedere
956 4244 1113 4312 juxta
1157 4242 1418 4313 priorem,
1449 4242 1614 4299 licen-

77 4330 174 4386 tiam
198 4336 320 4405 petit
342 4336 513 4393 verbo
541 4354 555 4391 :
585 4337 670 4392 sin
695 4345 895 4403 autem,
926 4338 1099 4407 signo.
1134 4336 1288 4404 Quod
1312 4335 1355 4389 si
1386 4335 1615 4391 domnus

74 4424 177 4481 abba
198 4428 274 4482 vel
301 4426 782 4499 prior‘capitulum
832 4428 1029 4495 tenuit,
1054 4437 1110 4483 et
1136 4444 1261 4484 mox
1291 4428 1442 4483 finito
1468 4426 1618 4496 capi-

75 4515 173 4610 udo,
196 4501 363 4591 :iliquo
403 4520 692 4585 discessit,
743 4533 850 4590 quo
882 4518 962 4585 is,
1008 4518 1100 4587 qui
1150 4518 1477 4573 minuendus
1506 4525 1611 4583 est,
1642 4547 1694 4610 υ
1793 4514 1930 4589 (υυ.)
1952 4514 2030 4569 Ad
2058 4511 2346 4589 prandium
2371 4506 2589 4581 quando

72 4609 158 4663 sine
194 4612 395 4668 licentia
428 4614 626 4669 venire
657 4628 762 4687 non
792 4613 982 4684 possit,
1018 4620 1146 4666 tunc
1186 4612 1254 4667 ab
1297 4627 1382 4677 eo,
1426 4611 1519 4682 qui
1547 4610 1615 4666 ad

71 4714 264 4769 pncsens
284 4707 533 4761 ordinent
564 4705 725 4775 regit,
760 4706 1036 4761 licentiam
1066 4705 1278 4777 quierit.
1308 4703 1622 4759 Cavendum

72 4803 213 4846 autem
234 4804 310 4849 est
333 4795 697 4851 hebdomadae
725 4797 991 4851 sacerdoti
1026 4796 1479 4861 bebdomadario,
1508 4796 1625 4849 dia-

72 4898 177 4939 cono
212 4895 261 4941 et
305 4888 667 4952 subdiacono,
699 4887 1118 4945 hebdomadario
1162 4888 1395 4955 cantori,
1427 4902 1626 4943 mensa:

69 4973 261 5044 lectori,
311 4979 765 5036 hebdomadariis
827 4981 1104 5051 coquinze,
1167 4989 1226 5036 ut
1280 4997 1625 5052 nequaquam

71 5072 343 5139 sanguinem
367 5074 623 5127 minuere
644 5081 993 5143 praesumant,
1018 5072 1117 5127 nisi
1142 5072 1289 5143 prius
1314 5073 1367 5128 in
1387 5073 1625 5145 capitulo

67 5163 203 5230 petita
250 5165 405 5221 venia
452 5164 737 5219 licentiam
795 5163 1083 5235 accipiant.
1122 5163 1233 5232 (un.
1270 5164 1408 5237 var.)
1451 5165 1520 5220 Et
1569 5173 1628 5220 ut

67 5251 149 5310 hoc
172 5258 342 5321 modo,
373 5272 488 5327 quo
543 5258 641 5311 fiat
684 5256 902 5323 ordine,
946 5272 1371 5325 prosequamur;
1405 5269 1626 5327 accepta

67 5344 249 5403 licentia
274 5349 519 5417 idipsum
547 5356 806 5417 procurat
850 5345 1071 5403 cellario
1104 5348 1368 5415 indicare,
1401 5357 1457 5403 ut
1487 5364 1628 5418 prae-

66 5434 504 5492 rideatfamuium
551 5436 645 5507 qui
687 5437 754 5491 ad
802 5435 1107 5511 hujusmodi
1136 5439 1412 5510 negotium
1463 5438 1629 5510 depu-

68 5537 184 5583 tatus
211 5542 317 5596 est,
351 5532 407 5586 in
453 5538 714 5601 promptu
744 5546 864 5586 esse
905 5540 1027 5603 post
1075 5533 1410 5601 evangelium
1449 5531 1629 5585 missa:

66 5620 275 5689 maioris.
308 5623 384 5677 Eo
418 5640 453 5677 η
477 5638 667 5692 unum
692 5634 964 5679 momento
986 5623 1282 5679 abscedens
1308 5622 1375 5677 dc
1402 5620 1628 5677 ecclesia

66 5708 215 5768 induit
237 5714 617 5779 nocturnales,
649 5730 755 5769 non
783 5715 918 5773 alios
947 5716 1163 5787 quidem
1196 5728 1365 5786 usque
1397 5713 1463 5767 ad
1485 5710 1628 5767 diem

69 5805 255 5863 tertium
308 5808 655 5878 induiturus,
698 5818 920 5880 excepto
963 5809 1006 5865 si
1054 5809 1233 5881 aliqua
1263 5805 1540 5881 processio
1575 5805 1627 5861 in

1707 1957 1841 2019 quot
1886 1949 1998 2004 sint
2045 1946 2239 2002 minuti
2282 1946 2482 1999 videat.
2537 1959 2627 1997 un.
2670 1941 2754 1995 Ab
2801 1940 2928 1995 hinc
2974 1951 3200 2006 surgens
3251 1936 3305 1989 in

1709 2040 2059 2105 refectorium
2092 2040 2264 2103 venit,
2294 2034 2687 2106 aliquantulum
2716 2033 2783 2087 de
2807 2031 2943 2085 libra
2972 2045 3065 2084 sua
3096 2042 3306 2083 comes-

1708 2148 1871 2188 surus
1905 2140 1961 2186 et
1986 2130 2279 2192 bibiturus,
2319 2128 2460 2183 sicut
2490 2126 2679 2180 etiam.
2709 2140 2806 2195 per
2836 2122 2972 2178 duos
3014 2127 3307 2199 sequentes

1708 2226 1826 2281 dies
1868 2232 1989 2295 post
2016 2222 2356 2294 evangelium
2399 2218 2623 2289 majoris
2654 2218 2863 2284 missae;
2897 2217 2951 2271 in
2983 2225 3177 2286 quarto
3205 2228 3298 2267 au-

1710 2328 1815 2374 tem
1844 2333 1966 2372 cum
1997 2314 2285 2371 ministris.
2312 2316 2327 2335 ‘
2358 2312 2439 2367 Ad
2470 2309 2778 2381 hujusmodi
2810 2318 2993 2364 autem
3016 2306 3301 2378 prandium

1707 2426 1815 2466 non
1839 2410 2038 2465 dicitur
2064 2406 2487 2464 refectionaliter
2516 2420 2728 2469 versus,
2767 2403 2931 2458 etiam
2977 2402 3023 2457 si
3071 2401 3141 2455 sit
3170 2398 3301 2454 illud

1709 2500 1959 2573 regulare
1984 2498 2272 2569 jejunium,
2298 2499 2350 2552 in
2381 2512 2491 2566 quo
2521 2505 2576 2551 et
2608 2502 2730 2564 post
2759 2493 2973 2549 tertiam
3006 2506 3305 2562 pransurus

1708 2594 1964 2665 pietantia
1993 2608 2097 2648 non
2129 2591 2353 2647 carebit.
2380 2588 2558 2643 Finita
2592 2585 2866 2642 communi
2896 2584 3125 2638 fratrum
3156 2580 3301 2637 refe-

1711 2685 1914 2751 ctione,
1950 2686 1996 2739 si
2022 2698 2158 2753 opus
2189 2680 2351 2736 fuerit
2372 2689 2495 2751 post
2515 2693 2705 2734 versus
2733 2677 2874 2732 inter
2894 2675 3099 2746 primos
3125 2682 3306 2742 potest

1708 2776 1879 2833 exire.
1908 2776 1990 2831 Ad
2016 2774 2322 2851 proximam
2352 2773 2541 2828 horam
2576 2779 2698 2841 post
2721 2768 3072 2823 minutionem
3098 2765 3307 2821 secedit

1710 2878 1836 2923 ante
1883 2867 2012 2922 illud
2076 2866 2271 2931 altare,
2315 2880 2424 2935 quo
2473 2861 2676 2918 infirmi
2732 2860 2875 2916 inter
2927 2855 3302 2912 matutinalem

1709 2960 1930 3016 missam
1962 2959 2137 3013 solent
2166 2956 2465 3020 accubare,
2496 2963 2895 3022 etquocunqm
2936 2950 3098 3004 modo
3147 2963 3308 3003 recu-

1708 3049 1844 3104 bans
1872 3049 1943 3103 ibi
1967 3049 2150 3117 jaceat
2184 3045 2480 3102 secnndum
2514 3042 2876 3097 valetudinem
2923 3055 3099 3104 suam,
3145 3052 3307 3092 neruo

1712 3144 2006 3214 vituperat.
2033 3141 2089 3197 Si
2119 3150 2301 3195 autem
2329 3138 2537 3193 viribus
2564 3137 2677 3192 suis
2708 3134 2950 3202 confidit,
2979 3134 3045 3191 ad
3077 3147 3305 3203 sequen-

1713 3244 1823 3289 tem
1874 3233 2064 3287 horam
2114 3230 2249 3285 inibi
2295 3225 2821 3283 consuetudinaliter
2881 3224 3065 3289 sedet,
3115 3230 3171 3277 et
3229 3222 3311 3277 sie

1710 3323 1967 3399 deinceps
2015 3323 2084 3375 ad
2136 3319 2375 3390 reliquas
2420 3319 2584 3372 horas
2638 3315 2946 3384 ubicunque
2975 3312 3122 3378 vult,
3152 3319 3309 3366 extra

1710 3412 1977 3467 minorem
2014 3411 2241 3466 chorum
2284 3416 2487 3462 manet.
2516 3405 2650 3461 Cum
2685 3413 2865 3459 autem
2902 3412 3023 3473 post
3049 3414 3310 3470 vesperas

1710 3511 1764 3557 et
1795 3499 2130 3556 matutinalis
2158 3496 2439 3569 processio
2487 3494 2553 3549 ad
2595 3494 2652 3549 S.
2696 3492 2923 3547 Mariam
2952 3491 3154 3558 agitur,
3184 3488 3301 3556 ipse

1710 3596 1921 3667 priores
1978 3593 2313 3661 subsequens
2356 3590 2409 3644 in
2456 3585 2725 3656 capitulo,
2780 3584 2884 3639 nisi
2941 3583 3012 3637 sit
3064 3580 3302 3650 juvenis.

1712 3696 1976 3743 moratur.
2013 3685 2093 3739 Ad
2133 3682 2335 3737 nullam
2382 3681 2570 3735 horam
2604 3676 2908 3747 regularem
2936 3673 3096 3728 debet
3121 3670 3301 3741 proci.

1713 3780 1843 3833 dere
1891 3791 2067 3847 neque
2097 3791 2197 3846 pro
2242 3773 2347 3828 illis
2396 3771 2567 3825 tribus
2608 3754 2970 3831 orationibus,
3020 3778 3138 3832 qua:
3186 3768 3307 3831 post

1714 3870 1954 3927 sonitum
1992 3868 2044 3922 in
2074 3868 2242 3923 choro
2270 3865 2446 3921 solent
2478 3862 2595 3918 ﬁeri
2628 3877 2657 3915 a
2698 3869 2964 3917 conventu
3000 3856 3193 3912 stando
3224 3855 3308 3908 vel

1717 3960 2159 4034 procumbendo,
2189 3959 2301 4029 ipse
2330 3971 2493 4011 unam
2528 3964 2741 4009 tantum
2770 3959 2895 4005 ante
2924 3950 3150 4004 chorum
3182 3946 3309 4001 facit

1713 4055 1977 4111 sedendo.
2024 4055 2080 4110 In
2133 4052 2239 4107 fine
2290 4064 2418 4104 vero
2455 4044 2885 4114 uniuscujusque
2931 4043 3078 4096 bora'
3124 4038 3313 4094 exiens

1711 4168 1840 4218 cum
1868 4150 2078 4207 caneris
2106 4148 2236 4202 facit
2265 4154 2393 4200 ante
2421 4152 2478 4198 et
2506 4151 2675 4204 retro,
2701 4149 2756 4194 et
2785 4146 2911 4192 ante
2951 4135 3164 4190 initium
3189 4148 3312 4187 cum

1716 4243 1839 4300 aliis
1868 4251 1994 4297 ante
2021 4250 2076 4295 et
2106 4248 2253 4294 retro
2290 4236 2441 4290 facit.
2479 4234 2559 4287 Ad
2607 4231 2850 4286 litaniam
2871 4269 2884 4292 ,
2916 4228 2960 4282 si
2993 4227 3105 4280 vult
3134 4223 3312 4293 proci-

1715 4333 1866 4398 dere,
1917 4329 2199 4402 procidat;
2251 4325 2297 4382 si
2348 4323 2461 4378 vult
2506 4321 2723 4385 sedere,
2773 4318 2992 4383 sedeat,
3043 4328 3312 4383 nemoque

1718 4424 1847 4481 iilud
1880 4419 2260 4494 reprehendat.
2618 4468 2619 4471 η

2618 4504 2709 4560 alii
2738 4503 2943 4558 habent
2973 4499 3314 4572 pietantiam,

1725 4608 1813 4664 ille
1839 4605 2091 4679 generate
2120 4619 2216 4675 per
2248 4604 2382 4658 duos
2413 4601 2558 4665 dies,
2589 4605 2645 4653 et
2678 4596 2748 4652 ad
2794 4609 3008 4650 coenam
3040 4607 3140 4647 ova
3189 4591 3314 4645 tria.

1726 4681 1794 4755 Si
1815 4708 1994 4753 autem
2036 4706 2122 4752 est
2168 4705 2379 4764 tempus
2426 4688 2712 4763 hyemale,
2748 4686 2955 4742 scilicet
3000 4699 3031 4738 a
3076 4681 3322 4737 calendis

1720 4774 1994 4857 Octobris,
2027 4804 2198 4860 usque
2246 4787 2313 4861 ad
2366 4783 2880 4854 Quadragcsimam,
2927 4787 2978 4833 et
3028 4776 3073 4832 si
3117 4775 3322 4831 fratres

1727 4881 2054 4955 generaliter
2082 4896 2188 4935 non
2232 4877 2335 4933 nisi
2377 4860 2545 4931 sentel
2572 4873 2845 4937 reficiunt,
2873 4880 3001 4925 tunc
3029 4867 3117 4922 ille
3146 4868 3321 4937 primo

1728 4948 1937 5031 tantum
1982 4972 2069 5028 die
2099 4982 2222 5042 post
2270 4985 2548 5040 vesperos,
2580 4968 2706 5023 dum
2749 4965 3023 5034 incipitur,
3053 4948 3318 5024 Placebo,

1721 5077 1857 5145 ante
1884 5076 1939 5123 et
1966 5075 2113 5121 retro
2139 5064 2301 5131 facit,
2331 5073 2389 5118 et
2428 5061 2556 5117 lotis
2589 5060 2837 5115 manibus
2866 5048 2935 5111 ad
2968 5052 3318 5108 refectorinm

1730 5160 1901 5223 vadit,
1931 5159 1950 5180 ‘
1984 5167 2041 5216 et
2068 5158 2186 5213 sine
2210 5172 2371 5212 versu
2396 5150 2854 5216 consuetudinali,
2888 5149 2941 5202 in
2971 5142 3322 5201 extremitate

1727 5254 1965 5309 sinistra:
2012 5250 2208 5305 tabula:
2256 5248 2428 5313 sedet,
2474 5255 2528 5303 et
2554 5252 2754 5309 cmnat,
2793 5237 3077 5296 celterario
3122 5250 3321 5304 procu-

1729 5352 1887 5398 rante
1914 5342 1961 5397 ei
1994 5357 2093 5413 pro
2118 5340 2458 5395 necessitate.-
2492 5321 2716 5404 Quodsi
2748 5334 2894 5404 prius
2923 5346 2953 5384 a
2981 5342 3136 5384 coena
3159 5324 3317 5388 redit,

1729 5417 1892 5503 quam
1926 5442 2226 5487 conventus
2249 5431 2315 5484 ad
2354 5428 2644 5484 bibendum
2676 5424 2880 5486 veniat,
2918 5422 3060 5475 sicut
3097 5431 3239 5487 saepe
3267 5416 3320 5473 iu

1722 5506 2141 5595 'Scptuagesirna
2192 5528 2370 5591 potest
2433 5516 2681 5580 evenire,
2742 5528 2846 5567 non
2905 5509 3137 5574 omittit,
3191 5505 3321 5577 quin

1733 5619 1931 5674 iterum
1962 5632 2084 5671 cum
2131 5620 2401 5669 conventu
2446 5609 2498 5663 in
2540 5605 2884 5661 refectorium
2931 5602 3139 5668 redeat,
3183 5607 3231 5654 et
3278 5597 3321 5652 si

1736 5709 1869 5775 vult,
1916 5708 2086 5763 bibat.
2143 5706 2199 5761 Si
2250 5713 2431 5758 autem
2482 5707 2787 5755 conventus
2825 5696 2973 5752 illum
3011 5700 3324 5749 ccenantcm

1736 5801 2027 5868 invenerit,
2077 5798 2177 5855 illis
2211 5794 2533 5853 exeuntibus
2566 5794 2680 5865 ipse
2723 5790 2881 5845 :l’tius
2906 5782 3035 5845 'stat
3070 5785 3320 5850 inclinis,
