3890 6314
524 389 616 445 991

1554 391 1615 447 S.
1656 390 2029 449 GUILLELMI
2070 387 2368 444 ABBATIS
2398 388 2722 446 lllRSAUG.

3706 398 3811 458 9ῖᾶ

526 520 699 575 usque
745 507 872 561 dum
917 494 1107 563 omnes
1157 523 1263 563 non
1304 507 1638 564 inclinantes
1680 508 2108 581 pertransierint.
2143 515 2186 573 Α
2219 505 2351 560 niat.
2386 505 2505 560 Alio
2530 514 2711 561 autem
2742 506 2902 562 modo
2935 522 3101 577 quam
3131 507 3184 563 in
3229 523 3367 565 vena
3415 510 3466 567 si
3500 511 3730 569 voluerit
3756 519 3803 571 in

525 603 637 668 (cu.
670 600 807 671 var.)
840 597 1090 655 Secundo
1127 609 1183 657 et
1214 600 1376 657 tertio
1403 601 1491 657 die
1533 611 1657 671 post
1696 600 1989 672 capitulum
2018 615 2110 655 vc-

524 690 681 743 niens
729 690 782 744 in
830 691 1176 746 refectorium
1219 692 1352 747 dicit
1397 693 1767 748 matutinalem
1808 706 2026 748 versum
2054 700 2111 747 et

522 780 691 837 sumit
743 783 846 836 tria
882 794 1035 839 cocta
1086 785 1483 854 pulmentaria;
1551 787 1640 841 die
1686 797 1864 843 autem
1914 797 2109 857 quarto

521 885 647 926 cum
700 873 970 929 ministris
1012 891 1341 945 pransurus,
1384 879 1527 932 casei
1575 879 1970 948 quadrantem,
2025 880 2111 936 vel

524 964 667 1030 quod
716 973 921 1020 tantum
958 968 1124 1034 valet,
1154 969 1370 1040 accipit.
1408 973 1425 993 ’
1458 970 1645 1026 Tertio
1693 981 1872 1027 autem
1909 973 1996 1028 die
2024 973 2111 1027 ina

525 1054 671 1109 dutis
704 1055 1044 1114 diurnalibus
1090 1060 1156 1114 ad
1201 1062 1433 1128 primam
1481 1063 1621 1117 redit
1668 1064 1720 1118 in
1771 1065 2021 1130 chorum,
2065 1066 2119 1120 si

525 1157 652 1200 sunt
683 1148 963 1205 duodecim
990 1151 1288 1219 lectiones;
1339 1154 1382 1208 si
1410 1164 1589 1211 autem
1619 1156 1829 1227 privata
1859 1156 1976 1212 dies
2003 1168 2108 1220 est,

526 1237 592 1290 ad
627 1240 862 1294 tertiam.
894 1242 1044 1308 Quod
1081 1244 1124 1299 si
1155 1259 1252 1299 nec
1279 1245 1486 1301 viribus
1521 1247 1635 1302 suis
1670 1247 1911 1314 conﬁdit,
1942 1248 2110 1317 priori

525 1327 632 1383 hoc
656 1329 968 1388 innotescit.
998 1336 1078 1390 Ad
1109 1346 1405 1393 nocturnos
1436 1338 1652 1394 interim
1684 1340 1729 1395 si
1764 1340 2108 1406 obdormivit,

525 1437 687 1478 nemo
712 1439 833 1478 eum
863 1442 985 1482 cum
1022 1429 1285 1485 absconsa
1330 1432 1688 1501 inquietabit:
1724 1433 1817 1488 sed
1859 1434 2024 1489 etiam
2064 1432 2109 1488 si

524 1514 592 1568 ad
625 1515 969 1573 intervallum
1004 1520 1055 1573 in
1084 1520 1221 1575 lecto
1249 1523 1516 1591 pausavit,
1546 1523 1618 1577 ita
1651 1524 1878 1578 vestitus
1904 1524 1971 1578 ad
2009 1524 2112 1579 hoc

526 1605 592 1660 de
621 1608 875 1675 capitulo,
904 1612 917 1631 “
948 1610 1074 1664 dum
1106 1612 1247 1666 Deus
1269 1614 1507 1680 auribus,
1537 1614 1621 1669 vel
1646 1615 1690 1669 si
1719 1615 1819 1669 hoc
1850 1630 1955 1669 non
1986 1625 2113 1670 tunc

526 1700 762 1766 canitur,
790 1702 915 1755 dum
952 1703 1276 1758 Exultabunt
1318 1704 1635 1773 inchoatur,
1664 1708 1796 1762 exit.
1830 1707 1938 1762 Nec
1983 1724 2112 1777 per-

526 1794 728 1848 missns
754 1803 840 1849 est
876 1796 1089 1850 interim
1118 1798 1332 1851 veniam
1364 1808 1547 1867 petere
1574 1799 1627 1852 in
1659 1799 1915 1868 capitulo,
1946 1815 2034 1855 uo.
2065 1800 2109 1854 si

2210 605 2398 652 aestate
2434 596 2486 650 in
2512 596 2793 652 duodecim
2820 596 3149 655 lectionibus
3188 603 3513 675 sanguinem
3540 605 3801 673 minuere,

2211 698 2427 760 accepta
2460 689 2675 744 licentia
2706 691 3011 747 eamerario
3039 693 3373 752 voluntatem
3400 710 3558 751 suam
3586 698 3799 761 indicat,

2210 791 2271 835 ut
2330 782 2611 851 provideat
2653 798 2773 851 qua:
2819 784 2887 838 ad
2938 783 3245 856 hujusmodi
3293 790 3605 844 necessaria
3652 804 3803 855 sunt;

2210 871 2305 926 sed
2337 881 2513 926 tamen
2550 888 2743 943 usque,
2772 873 2897 929 dum
2932 891 3071 930 nona
3107 877 3180 932 sit
3220 887 3441 933 cantata
3462 920 3478 945 ,
3509 894 3801 951 exspectat,

2210 973 2266 1020 et
2296 977 2425 1021 tunc
2470 967 2652 1022 statim
2690 967 2840 1024 vadit
2888 971 2954 1024 ad
3002 970 3151 1026 illaut
3199 973 3480 1028 minuendi
3533 976 3803 1041 sanguinis

2212 1057 2501 1124 oﬁicinam,
2530 1067 2583 1115 et
2608 1061 2889 1131 przemisso
2914 1078 3099 1130 versu,
3129 1078 3346 1122 servato
3376 1077 3565 1123 tamen
3601 1070 3802 1123 silentio

2214 1149 2341 1222 (nisi
2374 1152 2444 1205 sit
2486 1152 2877 1223 necessarium)
2926 1156 3210 1227 sanguinis
3240 1159 3475 1213 minutio
3503 1158 3795 1213 inchoatur.

2210 1242 2255 1297 A
2284 1242 2541 1300 Kalendis
2559 1254 2739 1300 autem
2763 1245 3015 1303 Octobris
3038 1264 3209 1319 usque
3231 1252 3298 1305 ad
3324 1250 3797 1322 Quadragesinan

2212 1333 2392 1386 statim
2423 1343 2543 1402 post
2573 1334 2868 1404 capitulum
2905 1351 3030 1392 cum
3076 1339 3301 1395 minutis
3339 1341 3615 1411 sanguine
3656 1357 3799 1408 pran-

2212 1421 2331 1487 det,
2384 1434 2438 1476 et
2485 1434 2605 1492 post
2653 1424 2993 1496 evangelium
3041 1428 3222 1483 missae
3269 1428 3535 1497 majoris,
3586 1430 3799 1497 vclpast

2211 1513 2498 1582 prandimn
2553 1524 2796 1585 tempore
2850 1526 3157 1587 opportuno
3203 1527 3258 1574 et
3317 1520 3437 1590 ipse
3489 1523 3797 1591 sanguinea
3888 1570 3890 1575 .

2213 1604 2441 1660 minuet.
2469 1604 2599 1661 Post
2625 1607 2981 1665 minutionem
3009 1624 3141 1667 vero
3163 1612 3392 1666 chorum
3422 1628 3533 1667 non
3560 1612 3796 1673 intrabit.
3888 1592 3890 1613 ¹

2213 1695 2309 1749 scd
2335 1704 2488 1750 extra
2521 1698 2611 1752 ubi
2640 1708 2695 1755 et
2724 1701 2814 1754 alii
2848 1703 3063 1768 minuti,
3096 1704 3213 1759 sive
3239 1704 3285 1761 si
3323 1713 3545 1776 tempus
3582 1705 3783 1776 liventis

2213 1785 2328 1840 sive
2362 1787 2566 1840 :estatis
2592 1802 2700 1842 non
2737 1793 3120 1859 procumbens,
3154 1808 3331 1863 neque
3356 1795 3578 1848 veniam
3613 1795 3801 1848 faciens

526 1886 656 1952 quid
707 1886 1059 1942 reclamatum
1110 1897 1194 1943 est
1241 1889 1308 1943 ab
1340 1888 1453 1954 illo,
1493 1890 1587 1943 sed
1634 1890 1986 1960 starejussus
2013 1905 2111 1959 pro
2144 1879 2186 1937 Β
2218 1886 2500 1946 remusal;
2529 1888 2585 1933 θι
2610 1880 2655 1934 εί
2686 1882 2961 1951 curulium
2998 1883 3197 1950 Ῐηάυίιν
3231 1901 3391 1941 nemo
3437 1886 3803 1958 reprehendi"

527 1982 682 2035 venia
712 1981 963 2049 inclinat;
996 1986 1012 2002 ‘
1039 1985 1179 2053 quod
1214 1992 1394 2039 tamen
1428 1986 1727 2040 cavendum
1759 1994 1869 2048 est,
1902 1986 1945 2038 si
1971 1983 2114 2039 scire

529 2082 727 2139 potest,
771 2076 914 2142 quod
958 2077 1219 2143 sanguine
1264 2076 1503 2130 minutus
1553 2076 1644 2130 sit.
1677 2075 1778 2142 Qui
1824 2084 2007 2129 tamen
2055 2077 2111 2130 in

528 2163 839 2235 refectorio,
870 2168 915 2222 si
956 2169 1192 2223 sonitum
1238 2170 1321 2223 vel
1358 2170 1558 2239 aliquid
1604 2169 1760 2223 venia
1807 2168 2026 2238 dig‘nnm
2057 2168 2111 2222 in

530 2255 841 2321 lioebiduo,
868 2273 977 2327 quo
1006 2260 1218 2323 minuit,
1251 2259 1459 2325 fecerit,
1489 2260 1572 2315 vel
1600 2261 1714 2330 ipse
1740 2260 1831 2313 vel
1854 2259 2116 2314 alteruter

524 2347 696 2416 ipsius
740 2349 1065 2405 collateralis
1112 2353 1327 2406 veniam
1373 2354 1524 2422 petit.
1579 2351 1711 2405 Nam
1752 2352 1796 2405 si
1847 2351 1982 2405 alias
2010 2351 2117 2407 tale

523 2441 653 2508 quid
679 2443 1037 2510 commiserit,
1070 2444 1212 2512 quod
1243 2460 1348 2498 non
1396 2445 1466 2498 sit
1510 2444 1563 2497 in
1608 2443 1847 2514 capitulo
1878 2443 2113 2497 reticen-

523 2528 676 2595 dum,
708 2547 876 2600 usque
900 2533 952 2587 in
983 2534 1123 2588 diem
1153 2535 1373 2590 tertium
1398 2542 1480 2589 cst
1503 2534 1881 2589 diﬁ‘erendum.

596 2621 767 2679 Cavet
795 2632 974 2679 autem
1008 2625 1061 2679 in
1100 2625 1307 2681 l'ascha
1343 2635 1397 2681 et
1427 2626 1746 2681 Pentecoste
1771 2635 1900 2681 ante
1924 2625 2117 2681 feriam

527 2726 778 2785 quartam
809 2720 1131 2788 sanguinem
1165 2721 1435 2784 minuere,
1457 2722 1561 2776 nisi
1594 2721 1665 2777 sit
1694 2721 1819 2776 talis
1854 2721 2114 2777 obedien-

529 2809 741 2874 tiarius,
775 2810 865 2880 qui
901 2810 1032 2865 foris
1058 2822 1302 2867 moratur
1332 2813 1571 2881 assidue,
1602 2814 1865 2890 acquisita
1897 2814 2118 2869 licentia

527 2914 558 2952 a
605 2901 811 2968 priore.
843 2902 997 2969 Quod
1043 2903 1086 2957 si
1122 2904 1245 2972 quis
1288 2903 1426 2958 alius
1471 2905 1523 2958 in
1573 2905 1848 2974 przediclis
1896 2907 2116 2973 diebus,

525 2991 609 3044 vel
635 2994 1068 3063 quandocunque
1100 3004 1210 3048 tam
1248 2997 1631 3051 inconveniens
1660 3006 1772 3060 est,
1807 3013 1911 3051 non
1942 3006 2120 3067 potest

526 3096 639 3150 pra:
684 3083 1001 3139 inﬁrmitate
1045 3101 1344 3154 congruum
1398 3096 1609 3157 tempus
1647 3100 1992 3157 exspectare,
2028 3105 2116 3143 eo.

484 3166 487 3167 ⁷
528 3172 619 3227 hic
649 3174 700 3227 in
728 3175 964 3242 capitulo
988 3192 1109 3232 cum
1136 3180 1289 3234 venia
1314 3179 1589 3235 licentiam
1616 3181 1776 3248 debet
1806 3183 2115 3254 impetrare.

2214 1964 2390 2022 Habet
2413 1968 2478 2021 ad
2501 1983 2713 2024 etenam
2740 1987 2772 2026 a
2794 1970 3076 2030 ecllerario
3103 1975 3446 2044 pictantiam,
3471 1975 3555 2030 vel
3584 1977 3630 2030 si
3656 1991 3804 2029 cana

2215 2070 2323 2111 non
2391 2058 2659 2129 sequitur,
2712 2060 2973 2118 fratribus
3043 2065 3412 2121 communiter
3470 2066 3805 2127 bibentibus.
3888 2134 3890 2149 Ι

2215 2146 2378 2201 datur
2408 2149 2457 2203 ei
2489 2149 2682 2204 melior
2715 2162 2896 2221 potus.
2943 2153 3040 2209 Dic
3083 2170 3215 2212 vero
3261 2157 3504 2211 secunda
3558 2158 3629 2212 ad
3673 2158 3809 2210 banc
3888 2146 3890 2191 ἶ

2215 2240 2404 2295 horam
2444 2242 2611 2297 intrat
2634 2228 2885 2313 chorum,
2918 2246 2982 2300 ad
3012 2262 3178 2318 quam
3212 2248 3440 2318 quilibet
3466 2264 3609 2303 vena
3637 2249 3807 2302 minu-

2219 2338 2305 2384 tus
2345 2331 2515 2385 intrat
2549 2333 2636 2387 die
2668 2336 2857 2403 tertia,
2890 2345 2944 2389 et
2974 2352 3037 2391 ea
3067 2338 3154 2393 die
3199 2347 3321 2407 post
3364 2338 3701 2408 capitulum,
3734 2340 3807 2389 vel

2216 2420 2262 2474 si
2318 2431 2402 2475 cst
2446 2423 2552 2477 alio
2605 2434 2845 2494 tempore
2900 2437 3026 2497 post.
3084 2429 3431 2499 evangelium
3482 2445 3601 2485 non
3651 2429 3809 2485 dcezit

2216 2514 2443 2583 prandio
2478 2516 2835 2575 minutorum.

2790 2658 3020 2716 CAPUT
3061 2660 3246 2716 LXIII.

2214 2798 2427 2866 Quanto
2451 2796 2516 2869 fe,
2562 2798 2608 2851 si
2645 2797 2785 2852 inter
2830 2795 3147 2869 loquendum
3189 2798 3260 2851 ad
3297 2798 3483 2853 horam
3523 2798 3810 2867 regularem

2431 2866 2639 2938 signum
2664 2866 2909 2933 audierit,
2935 2870 3004 2922 ad
3029 2870 3319 2922 orationem
3346 2866 3615 2923 occat-rari.

2293 2977 2385 3049 (un
2413 2976 2432 3051 )
2465 2980 2572 3035 Sed
2598 2988 2658 3036 ut
2692 2983 2906 3037 redeam
2935 2983 3001 3036 ad
3047 2981 3223 3036 locum
3257 2982 3403 3036 unde
3434 2982 3719 3053 paululum
3744 2984 3809 3037 di-
3888 3030 3890 3035 .

2218 3072 2378 3125 verti.
2409 3073 2554 3129 Inter
2576 3072 2927 3144 loquendum,
2959 3075 3004 3128 si
3051 3075 3118 3130 ad
3170 3076 3362 3129 horam
3398 3076 3710 3147 regularem
3745 3078 3813 3130 si‘

2221 3178 2386 3233 gnum
2432 3165 2684 3231 audierit,
2714 3166 2767 3221 in
2793 3166 3032 3221 claustro
3063 3166 3238 3236 ipsum
3266 3166 3523 3237 verbum,
3560 3170 3707 3239 quod
3734 3170 3815 3223 ιω.
3888 3165 3890 3237 !

529 3262 697 3318 (lavet
724 3273 905 3319 autem
930 3282 994 3321 eo
1024 3268 1110 3323 die
1139 3270 1510 3341 unusquisque
1542 3273 1857 3342 sanguinem
1884 3250 2117 3327 ’minue-
2145 3250 2193 3313 (ἶ
2227 3255 2314 3309 bet
2343 3255 2397 3310 Ῐη
2421 3270 2517 3310 ονε
2537 3271 2644 3311 ηοη
2678 3256 2911 3325 Deme".
2940 3256 3033 3312 Sed
3062 3256 3321 3312 εοηίίηυο
3347 3267 3513 3321 me“:
3548 3267 3608 3312 εί
3638 3274 3815 3313 οεδυτ⁶

528 3368 611 3417 re,
641 3354 794 3423 cujus
832 3368 1091 3427 sequente
1136 3370 1296 3416 nocte
1325 3361 1607 3417 duodecim
1657 3363 1792 3417 ﬁunt
1832 3362 2117 3429 lectiones,

530 3447 633 3502 nisi
664 3448 716 3502 in
748 3448 1171 3521 Quadragesima
1199 3472 1211 3504 :
1241 3461 1373 3508 tunc
1406 3471 1620 3527 semper
1646 3456 1700 3512 in
1735 3450 1972 3513 sabbato
2000 3466 2121 3528 post

527 3554 808 3609 vesperos,
831 3541 974 3597 dicto
996 3542 1375 3602 Benedic-amur
1399 3546 1645 3613 Domino,
1670 3548 1889 3613 minuit;
1914 3564 2011 3618 pro
2032 3563 2120 3614 co,

528 3636 670 3700 quod
701 3635 754 3688 in
786 3635 872 3688 die
898 3636 1175 3693 Dominica
1207 3655 1315 3695 non
1358 3639 1599 3710 iejunat,
1632 3642 1708 3711 iu_‘
1735 3658 1841 3712 qua
1874 3658 1941 3697 ex
1990 3659 2123 3699 con-

529 3726 822 3781 suetudine
867 3737 989 3797 post
1024 3731 1363 3801 evangelium
1405 3734 1650 3789 aestivale
1688 3735 1976 3803 prandium
2024 3735 2125 3789 lia-

529 3818 663 3877 bere
690 3822 870 3890 debet,
898 3832 953 3878 et
977 3825 1063 3881 die
1086 3826 1243 3881 tertia
1265 3842 1522 3897 vesperos
1546 3843 1668 3882 cum
1696 3828 1926 3885 inﬁrmis
1952 3830 2118 3886 audit.

533 3911 592 3968 Si
626 3914 739 3968 vult
778 3922 1039 3970 statutum
1072 3919 1354 3989 prandium
1388 3920 1617 3975 fratrum
1643 3922 1932 3994 anticipat,
1964 3924 2037 3978 ita
2065 3932 2124 3979 ιιι

532 4013 718 4075 postea
766 4020 871 4061 non
921 4006 1164 4077 reﬁciat,
1215 4017 1271 4064 et
1317 4008 1458 4065 infra
1497 4025 1842 4068 communem
1893 4012 2123 4069 fratrum

533 4097 885 4153 refectionem
937 4110 1184 4156 moratur
1230 4101 1298 4156 ad
1331 4101 1389 4158 S.
1423 4102 1668 4158 Mariam.
1696 4110 1715 4124 '
1753 4104 1809 4159 lu
1841 4104 2124 4161 Dominieo

534 4204 661 4244 vero
692 4192 797 4254 die,
833 4208 939 4262 quo
992 4193 1232 4250 facturus
1270 4205 1354 4249 est
1392 4194 1527 4250 foris
1574 4194 1865 4252 claustrum
1908 4214 2126 4269 proces-

531 4282 758 4349 sioncm,
792 4283 963 4339 induit
990 4286 1270 4341 diurnales
1305 4304 1318 4342 :
1349 4295 1576 4342 caeteras
1603 4300 1807 4354 autem,
1840 4305 1958 4358 qua:
1992 4290 2127 4343 ﬁunt

532 4375 690 4429 nudis
720 4378 983 4443 pedibus,
1016 4388 1240 4449 accepta
1282 4379 1500 4435 licentia
1547 4382 1754 4437 evitare
1801 4391 2000 4452 potest.
2034 4399 2123 4437 nu.

535 4466 661 4522 Post
712 4470 1123 4538 completorium
1156 4474 1222 4527 de
1275 4472 1447 4527 tribus
1481 4474 1817 4528 orationibus
1867 4488 1971 4529 non
2024 4474 2124 4528 nisi

535 4575 720 4622 uuam,
756 4569 809 4614 et
837 4561 979 4616 hanc
1005 4561 1243 4616 sedendo
1269 4562 1421 4629 facit,
1447 4571 1502 4617 et
1528 4565 1714 4618 statim
1758 4565 1891 4619 exit.
1919 4564 2125 4631 Quibus

535 4658 715 4702 autem
750 4666 849 4720 pro
880 4652 1255 4708 misericordia
1292 4669 1612 4710 concessum
1654 4663 1759 4720 est,
1788 4657 1804 4677 ⁶
1839 4656 2000 4711 horas
2036 4669 2126 4709 re-

532 4740 749 4809 gulares
799 4744 864 4797 ad
913 4744 975 4798 S.
1016 4743 1242 4799 Mariam
1291 4744 1629 4812 auscultare,
1674 4747 1893 4801 interim
1939 4746 2125 4814 etiam,

534 4834 661 4888 dum
689 4844 814 4891 sunt
842 4853 894 4892 tu
926 4837 1044 4909 lege
1065 4838 1418 4905 minutorum,
1445 4840 1643 4895 ibidem
1669 4849 1973 4907 morantur,
2000 4841 2127 4895 dum

532 4936 590 4985 et
640 4929 762 4986 aliis
807 4931 1131 5002 quibusdam
1186 4934 1411 4988 minutis
1469 4934 1739 4989 interdum
1789 4935 2126 5003 conceditur,

533 5024 758 5094 insuper
776 5026 961 5094 etiam,
992 5036 1045 5081 ut
1078 5026 1245 5082 ﬁnitis
1269 5028 1466 5084 ibidem
1494 5027 1775 5084 matutinis
1806 5043 1865 5084 se
1896 5028 1948 5083 in
1974 5028 2130 5084 lectis

532 5116 859 5173 recolloccnt
891 5133 1060 5188 usque
1097 5121 1222 5173 dum
1254 5119 1340 5175 die
1372 5120 1535 5175 tertio
1564 5122 1630 5174 ad
1673 5120 1925 5189 primum,
1955 5120 2036 5174 vel
2073 5119 2126 5174 in

533 5210 729 5282 hyeme
773 5211 838 5267 ad
873 5213 1088 5269 tertiam
1136 5213 1190 5268 in
1230 5214 1400 5269 choro
1449 5227 1509 5267 se
1560 5225 1972 5283 repraesentem.
2018 5212 2130 5269 Nec

534 5303 663 5360 illud
686 5314 767 5360 est
791 5305 1247 5375 praetereundum,
1271 5306 1415 5376 quod
1440 5304 1569 5361 nulli
1593 5322 1691 5378 pro
1713 5308 1826 5363 sola
1850 5307 2128 5378 sanguinis

535 5399 837 5455 minutione
859 5400 1177 5456 conceditur
1205 5399 1272 5455 ad
1302 5399 1655 5455 inﬁrmariam
1692 5402 1901 5461 venire,
1931 5399 2033 5455 nisi
2073 5399 2127 5453 in

532 5492 689 5561 pedis
718 5507 853 5547 vena
882 5492 1012 5547 velit
1055 5492 1334 5559 minuere,
1375 5500 1431 5547 et
1459 5492 1729 5547 interdum
1758 5492 1916 5547 alicui
1951 5492 2131 5547 senio-

532 5597 681 5649 rum,
714 5584 805 5654 qui
841 5593 1004 5641 tantae
1049 5584 1347 5642 debilitatis
1378 5584 1470 5650 sit,
1517 5594 1576 5639 ut
1606 5586 1750 5640 lumc
1793 5584 2041 5639 ordinem
2075 5583 2128 5639 in

534 5686 806 5733 conventu
840 5677 1151 5733 nullatenus
1186 5680 1482 5734 observare
1526 5678 1719 5749 possit.
1750 5676 1902 5744 Quod
1950 5686 2127 5733 tamen

538 5769 760 5824 omnino
786 5768 948 5835 vitat',
981 5771 1025 5827 si
1057 5773 1110 5828 in
1144 5773 1392 5842 proxima
1423 5780 1581 5829 nocte
1618 5771 1813 5833 festum
1844 5770 2127 5827 duodecim

540 5864 837 5920 lectionum
870 5864 1065 5933 instat;
1105 5863 1229 5933 nisi,
1268 5865 1409 5923 sicut
1449 5864 1683 5936 dictum,
1728 5862 1882 5923 venia
1928 5877 2128 5936 przcvc-

2223 3346 2292 3399 rit
2349 3346 2417 3399 ad
2462 3348 2789 3403 orationem.
2843 3348 2959 3415 Qua
3001 3347 3175 3413 ﬁnita,
3223 3349 3375 3403 sedet
3426 3349 3481 3403 in
3525 3352 3722 3414 choro,
3768 3360 3816 3403 et
3888 3346 3890 3405 !

2223 3452 2507 3508 quousque
2554 3440 2811 3496 sacerdos
2840 3440 3034 3495 missas
3082 3448 3403 3495 cantaturos
3449 3442 3523 3495 sit
3574 3446 3811 3501 vestitus,

2225 3528 2455 3584 intendit
2484 3529 2724 3586 lectioni.
2761 3532 2806 3585 Α
2837 3546 2945 3602 qua
2982 3539 3162 3586 tamen
3191 3548 3315 3586 cum
3359 3531 3606 3602 primum
3638 3548 3811 3587 secun-
3888 3534 3890 3545 '

2225 3623 2352 3676 dum
2389 3623 2625 3678 audierit
2674 3623 2909 3695 signum,
2936 3624 3078 3680 illico
3122 3634 3304 3680 cessat
3351 3634 3409 3678 et
3438 3626 3639 3694 surgit,
3686 3626 3815 3680 sicut
3888 3636 3890 3677 τ

2223 3714 2390 3769 etiam
2413 3716 2480 3769 ad
2509 3714 2617 3770 duo
2656 3716 2835 3788 signa,
2859 3732 2981 3788 qua:
3011 3717 3301 3788 pulsantur
3320 3719 3390 3773 ad
3415 3733 3695 3789 vesperas,
3744 3716 3815 3770 td
3888 3716 3890 3775 ἰ

2222 3808 2657 3881 quotiescunque
2718 3810 2903 3866 omnia
2961 3809 3288 3882 pulsantur,
3345 3810 3609 3872 veniam,
3659 3825 3811 3883 quam
3888 3846 3890 3883 ε

2222 3901 2383 3973 petit,
2411 3900 2702 3972 diligenter
2731 3903 3011 3970 observat,
3053 3917 3121 3958 ne
3162 3916 3408 3971 unquam
3462 3903 3676 3957 tardius
3734 3910 3813 3955 aut
3888 3920 3890 3973 ί

2225 3992 2459 4049 celerius
2488 4008 2653 4065 quam
2687 3994 2780 4049 alii
2832 4001 3003 4066 petat.
3050 3993 3182 4051 Cum
3212 3993 3335 4049 aliis
3375 3994 3811 4050 submittentibus
3888 3992 3890 4066 ᾗ

2226 4099 2287 4140 se
2314 4084 2613 4153 submittit;
2659 4100 2783 4142 cum
2833 4085 2954 4141 aliis
2994 4101 3054 4143 se
3084 4086 3418 4153 levantibus,
3461 4101 3521 4141 se
3566 4086 3813 4152 κακή
3888 4106 3890 4161 ε

2228 4178 2435 4243 venias,
2461 4180 2527 4233 ad
2553 4194 2763 4248 preces,
2796 4179 2861 4232 ad
2885 4178 3162 4235 orationes
3186 4192 3202 4231 :
3235 4177 3357 4232 aliis
3378 4193 3490 4232 non
3520 4176 3811 4248 lege-utilia
3888 4172 3890 4248 ᾗ

2228 4281 2329 4322 nec
2358 4269 2502 4322 aliud
2539 4285 2702 4339 quam
2735 4269 2907 4325 solttm
2938 4270 3179 4323 divinum
3210 4267 3451 4325 cilicium
3499 4270 3809 4324 attendend-

2230 4362 2349 4428 bus,
2393 4363 2510 4432 ipse
2536 4378 2753 4435 quoque
2784 4380 3060 4435 nunquam
3091 4363 3287 4420 librum
3325 4368 3507 4436 aperit
3541 4367 3612 4421 ad
3648 4366 3809 4436 legen-

2230 4454 2380 4520 dum,
2427 4457 2664 4512 maxime
2701 4458 2754 4511 in
2801 4459 2999 4522 choro;
3042 4457 3146 4512 nisi
3187 4457 3489 4527 aliquando
3517 4457 3807 4530 gradaalem

2231 4546 2429 4603 librum
2467 4550 2533 4604 ad
2574 4550 2833 4621 majorem
2883 4552 3128 4616 missam,
3166 4561 3392 4621 propter
3434 4550 3673 4620 aliquem
3700 4564 3809 4604 can-

2234 4649 2369 4706 tum,
2407 4641 2497 4711 qni
2540 4644 2606 4697 ad
2643 4657 2883 4713 prmsens
2922 4652 3196 4709 cantatur,
3249 4643 3335 4697 vel
3371 4644 3415 4697 si
3470 4656 3557 4699 est
3610 4644 3809 4698 illitera-

2233 4743 2338 4800 tus,
2369 4735 2532 4808 (var.)
2579 4735 2646 4790 ad
2694 4750 2950 4805 vesperos
3000 4735 3199 4791 librum
3250 4736 3587 4807 hymnorum
3614 4742 3809 4807 praptar

2232 4829 2466 4897 aliquem
2495 4829 2754 4899 hymnum
2785 4846 2847 4885 ea
2872 4831 2989 4900 ipsa
3029 4829 3145 4884 vice
3166 4831 3502 4886 canendum.

2302 4921 2482 4976 "Item
2539 4922 2605 4975 ad
2634 4932 2877 4988 cautum,
2911 4930 2967 4974 et
2995 4921 3256 4990 hymnum
3313 4921 3707 4975 tuatutinorurn
3732 4932 3811 4986 po-

2233 5024 2341 5070 test
2383 5015 2650 5086 inspicere
2681 5015 2877 5071 librum
2918 5028 3019 5069 nec
3048 5024 3229 5068 tamen
3261 5014 3547 5084 pmprium
3594 5015 3813 5067 Δίειιῑιιδι

2230 5109 2428 5171 locum,
2464 5122 2565 5163 nec
2616 5107 2723 5163 alio
2787 5107 3004 5161 interim
3068 5113 3253 5160 utatur
3284 5106 3518 5171 lumine,
3566 5106 3669 5159 nisi
3712 5104 3809 5161 illo,

2232 5205 2374 5274 quod
2424 5202 2566 5257 lucet
2614 5203 2669 5256 in
2717 5214 3024 5257 commune.
3059 5204 3173 5271 (eo.
3211 5198 3350 5267 var.)
3384 5198 3453 5251 Et
3500 5197 3545 5251 si
3577 5196 3809 5251 ςιςεινὼς

2234 5294 2698 5352 hebdomadarius
2735 5303 2841 5358 est,
2872 5292 2923 5346 in
2948 5291 3265 5347 collectario
3294 5289 3424 5343 licet
3444 5290 3494 5343 ei
3519 5289 3665 5359 quod
3691 5299 3811 5353 opus

2232 5396 2315 5443 est
2348 5385 2677 5457 praevidere,
2725 5384 2933 5440 scilicet
2979 5382 3273 5453 capitulum
3320 5381 3609 5451 praesentis
3658 5381 3807 5433 hort.

2232 5477 2437 5548 Signa,
2480 5493 2598 5548 quae
2654 5491 2779 5532 cum
2821 5489 2983 5529 manu
3026 5475 3164 5527 ﬁunt
3202 5486 3302 5543 pro
3358 5471 3668 5535 locutione,
3716 5480 3809 5521 ne:

2233 5582 2381 5626 amat
2402 5570 2719 5641 frequenter
2740 5566 2945 5631 facere,
2991 5574 3261 5620 conventu
3286 5565 3523 5617 maxime
3544 5568 3805 5616 cernenti:

2232 5673 2290 5722 et
2318 5664 2569 5735 quatiens
2595 5661 2743 5726 facit,
2774 5660 3234 5716 facitrcvcrenter
3264 5665 3316 5710 et
3350 5672 3449 5737 pro
3476 5654 3807 5710 necessitate.

2232 5759 2303 5815 Ut
2333 5771 2529 5814 Cretera
2562 5756 2805 5813 membra
2839 5756 2911 5808 ita
2938 5754 3113 5823 ipsum
3138 5764 3356 5821 quoque
3401 5746 3617 5804 cohibet
3646 5748 3805 5798 visum

2237 5870 2267 5911 a
2294 5853 2610 5925 vagaeitatc.
2639 5830 2816 5906 Finita
2841 5847 3005 5903 missa
3038 5859 3157 5901 cum
3191 5855 3403 5899 summo
3432 5838 3647 5897 silentio
3671 5836 3809 5893 se-Jct
