  <div class='ocr_page' id='page_1' title='image "/cluster/home/n/w/nwhite01/storage/ocr_20150623/150/hvd.32044015473788/500.png"; bbox 0 0 3890 6314; ppageno 0'>
   <div class='ocr_carea' id='block_1_1' title="bbox 89 331 167 390">
    <p class='ocr_par' dir='ltr' id='par_1_1' title="bbox 89 331 167 390">
     <span class='ocr_line' id='line_1_1' title="bbox 89 331 167 390; baseline 0 0"><span class='ocrx_word' id='word_1_1' title='bbox 89 331 167 390; x_wconf 71' lang='lat'><strong>993</strong></span> 
     </span>
    </p>
   </div>
   <div class='ocr_carea' id='block_1_2' title="bbox 1117 317 2231 387">
    <p class='ocr_par' dir='ltr' id='par_1_2' title="bbox 1117 317 2231 387">
     <span class='ocr_line' id='line_1_2' title="bbox 1117 317 2231 387; baseline 0.012 -18"><span class='ocrx_word' id='word_1_2' title='bbox 1117 317 1529 387; x_wconf 74' lang='lat' dir='ltr'><strong>consrtrur.</strong></span> <span class='ocrx_word' id='word_1_3' title='bbox 1565 317 1895 379; x_wconf 78' lang='lat' dir='ltr'><strong>HIRSAUG.</strong></span> <span class='ocrx_word' id='word_1_4' title='bbox 1926 353 1994 365; x_wconf 84' lang='lat'><strong>-—</strong></span> <span class='ocrx_word' id='word_1_5' title='bbox 2034 324 2166 382; x_wconf 81' lang='lat' dir='ltr'><strong>un.</strong></span> <span class='ocrx_word' id='word_1_6' title='bbox 2192 327 2231 383; x_wconf 78' lang='grc' dir='ltr'><strong>ι.</strong></span> 
     </span>
    </p>
   </div>
   <div class='ocr_carea' id='block_1_3' title="bbox 3200 346 3305 403">
    <p class='ocr_par' dir='ltr' id='par_1_3' title="bbox 3200 346 3305 403">
     <span class='ocr_line' id='line_1_3' title="bbox 3200 346 3305 403; baseline 0 -1"><span class='ocrx_word' id='word_1_7' title='bbox 3200 346 3305 403; x_wconf 67' lang='grc'><strong>994</strong></span> 
     </span>
    </p>
   </div>
   <div class='ocr_carea' id='block_1_4' title="bbox 89 431 3363 528">
    <p class='ocr_par' dir='ltr' id='par_1_4' title="bbox 89 431 3363 528">
     <span class='ocr_line' id='line_1_4' title="bbox 89 431 3363 528; baseline 0.005 -31"><span class='ocrx_word' id='word_1_8' title='bbox 89 444 138 497; x_wconf 84' lang='lat' dir='ltr'><strong>ad</strong></span> <span class='ocrx_word' id='word_1_9' title='bbox 162 437 419 495; x_wconf 72' lang='lat' dir='ltr'><strong>lectionem</strong></span> <span class='ocrx_word' id='word_1_10' title='bbox 442 448 720 506; x_wconf 85' lang='lat' dir='ltr'><strong>quousque</strong></span> <span class='ocrx_word' id='word_1_11' title='bbox 747 434 985 493; x_wconf 77' lang='lat' dir='ltr'><strong>ministri</strong></span> <span class='ocrx_word' id='word_1_12' title='bbox 1027 440 1081 489; x_wconf 87' lang='lat' dir='ltr'><strong>et</strong></span> <span class='ocrx_word' id='word_1_13' title='bbox 1111 435 1286 505; x_wconf 84' lang='lat' dir='ltr'><strong>pueri,</strong></span> <span class='ocrx_word' id='word_1_14' title='bbox 1318 433 1363 489; x_wconf 86' lang='lat' dir='ltr'><strong>si</strong></span> <span class='ocrx_word' id='word_1_15' title='bbox 1409 433 1461 488; x_wconf 82' lang='lat' dir='ltr'><strong>in</strong></span> <span class='ocrx_word' id='word_1_16' title='bbox 1491 431 1611 489; x_wconf 81' lang='lat' dir='ltr'><strong>loco</strong></span> <span class='ocrx_word' id='word_1_17' title='bbox 1638 434 1687 497; x_wconf 81' lang='grc' dir='ltr'><strong>Α</strong></span> <span class='ocrx_word' id='word_1_18' title='bbox 1718 433 1853 489; x_wconf 80' lang='lat' dir='ltr'><strong>cella</strong></span> <span class='ocrx_word' id='word_1_19' title='bbox 1883 437 2038 506; x_wconf 83' lang='lat' dir='ltr'><strong>panis</strong></span> <span class='ocrx_word' id='word_1_20' title='bbox 2058 440 2262 510; x_wconf 88' lang='lat' dir='ltr'><strong>operiri</strong></span> <span class='ocrx_word' id='word_1_21' title='bbox 2292 457 2396 498; x_wconf 84' lang='lat' dir='ltr'><strong>nun</strong></span> <span class='ocrx_word' id='word_1_22' title='bbox 2420 446 2613 517; x_wconf 89' lang='lat' dir='ltr'><strong>possit,</strong></span> <span class='ocrx_word' id='word_1_23' title='bbox 2636 448 2752 506; x_wconf 88' lang='lat' dir='ltr'><strong>sive</strong></span> <span class='ocrx_word' id='word_1_24' title='bbox 2780 450 3009 524; x_wconf 89' lang='lat' dir='ltr'><strong>legatur,</strong></span> <span class='ocrx_word' id='word_1_25' title='bbox 3035 472 3150 516; x_wconf 80' lang='lat' dir='ltr'><strong>srve</strong></span> <span class='ocrx_word' id='word_1_26' title='bbox 3171 476 3303 528; x_wconf 90' lang='lat' dir='ltr'><strong>non,</strong></span> <span class='ocrx_word' id='word_1_27' title='bbox 3358 452 3363 455; x_wconf 69' lang='grc'>’</span> 
     </span>
    </p>
   </div>
   <div class='ocr_carea' id='block_1_5' title="bbox 85 527 943 600">
    <p class='ocr_par' dir='ltr' id='par_1_5' title="bbox 85 527 943 600">
     <span class='ocr_line' id='line_1_5' title="bbox 85 527 943 600; baseline -0.008 -10"><span class='ocrx_word' id='word_1_28' title='bbox 85 543 197 600; x_wconf 85' lang='lat' dir='ltr'><strong>sunt,</strong></span> <span class='ocrx_word' id='word_1_29' title='bbox 227 529 439 586; x_wconf 81' lang='lat' dir='ltr'><strong>redeant</strong></span> <span class='ocrx_word' id='word_1_30' title='bbox 475 527 745 584; x_wconf 74' lang='lat' dir='ltr'><strong>de&#39;misto</strong></span> <span class='ocrx_word' id='word_1_31' title='bbox 772 528 943 593; x_wconf 76' lang='lat'><strong>(103).</strong></span> 
     </span>
    </p>
   </div>
   <div class='ocr_carea' id='block_1_6' title="bbox 594 657 1043 715">
    <p class='ocr_par' dir='ltr' id='par_1_6' title="bbox 594 657 1043 715">
     <span class='ocr_line' id='line_1_6' title="bbox 594 657 1043 715; baseline 0.002 -1"><span class='ocrx_word' id='word_1_32' title='bbox 594 657 822 715; x_wconf 77' lang='lat' dir='ltr'><strong>CAPUT</strong></span> <span class='ocrx_word' id='word_1_33' title='bbox 861 657 1043 715; x_wconf 80' lang='lat' dir='ltr'><strong>Lle.</strong></span> 
     </span>
    </p>
   </div>
   <div class='ocr_carea' id='block_1_7' title="bbox 85 750 1612 831">
    <p class='ocr_par' dir='ltr' id='par_1_7' title="bbox 85 750 1612 831">
     <span class='ocr_line' id='line_1_7' title="bbox 85 750 1612 831; baseline -0.005 -20"><span class='ocrx_word' id='word_1_34' title='bbox 85 757 172 823; x_wconf 82' lang='lat' dir='ltr'><strong>Quo</strong></span> <span class='ocrx_word' id='word_1_35' title='bbox 191 752 459 831; x_wconf 54' lang='lat' dir='ltr'><strong>discipline</strong></span> <span class='ocrx_word' id='word_1_36' title='bbox 476 752 542 807; x_wconf 81' lang='lat' dir='ltr'><strong>sit</strong></span> <span class='ocrx_word' id='word_1_37' title='bbox 567 751 617 831; x_wconf 67' lang='lat' dir='ltr'><strong>in</strong></span> <span class='ocrx_word' id='word_1_38' title='bbox 642 750 914 831; x_wconf 72' lang='lat' dir='ltr'><strong>refectorio</strong></span> <span class='ocrx_word' id='word_1_39' title='bbox 931 753 1035 806; x_wconf 76' lang='lat' dir='ltr'><strong>sive</strong></span> <span class='ocrx_word' id='word_1_40' title='bbox 1058 761 1171 831; x_wconf 73' lang='lat' dir='ltr'><strong>post</strong></span> <span class='ocrx_word' id='word_1_41' title='bbox 1187 766 1325 831; x_wconf 61' lang='lat' dir='ltr'><strong>uno:</strong></span> <span class='ocrx_word' id='word_1_42' title='bbox 1344 750 1612 831; x_wconf 55' lang='lat' dir='ltr'><strong>ueniens;</strong></span> 
     </span>
    </p>
   </div>
   <div class='ocr_carea' id='block_1_8' title="bbox 134 823 1613 894">
    <p class='ocr_par' dir='ltr' id='par_1_8' title="bbox 134 823 1613 894">
     <span class='ocr_line' id='line_1_8' title="bbox 134 823 1613 894; baseline -0.005 -14"><span class='ocrx_word' id='word_1_43' title='bbox 134 829 216 881; x_wconf 77' lang='lat' dir='ltr'><strong>sire</strong></span> <span class='ocrx_word' id='word_1_44' title='bbox 243 836 353 879; x_wconf 79' lang='lat' dir='ltr'><strong>ante</strong></span> <span class='ocrx_word' id='word_1_45' title='bbox 386 823 521 877; x_wconf 82' lang='lat' dir='ltr'><strong>alios</strong></span> <span class='ocrx_word' id='word_1_46' title='bbox 560 823 849 889; x_wconf 75' lang='lat' dir='ltr'><strong>discedens,</strong></span> <span class='ocrx_word' id='word_1_47' title='bbox 873 824 1133 894; x_wconf 82' lang='lat' dir='ltr'><strong>quomodo</strong></span> <span class='ocrx_word' id='word_1_48' title='bbox 1178 823 1443 877; x_wconf 80' lang='lat' dir='ltr'><strong>licentiam</strong></span> <span class='ocrx_word' id='word_1_49' title='bbox 1466 823 1613 875; x_wconf 85' lang='lat' dir='ltr'><strong>acci-</strong></span> 
     </span>
    </p>
   </div>
   <div class='ocr_carea' id='block_1_9' title="bbox 128 909 235 967">
    <p class='ocr_par' dir='ltr' id='par_1_9' title="bbox 128 909 235 967">
     <span class='ocr_line' id='line_1_9' title="bbox 128 909 235 967; baseline -0.019 -17"><span class='ocrx_word' id='word_1_50' title='bbox 128 909 235 967; x_wconf 80' lang='lat' dir='ltr'><strong>piat.</strong></span> 
     </span>
    </p>
   </div>
   <div class='ocr_carea' id='block_1_10' title="bbox 130 986 1608 1061">
    <p class='ocr_par' dir='ltr' id='par_1_10' title="bbox 130 986 1608 1061">
     <span class='ocr_line' id='line_1_10' title="bbox 130 986 1608 1061; baseline -0.005 -15"><span class='ocrx_word' id='word_1_51' title='bbox 130 991 241 1061; x_wconf 77' lang='grc' dir='ltr'><strong>(συ.)</strong></span> <span class='ocrx_word' id='word_1_52' title='bbox 260 989 335 1045; x_wconf 77' lang='lat' dir='ltr'><strong>Ad</strong></span> <span class='ocrx_word' id='word_1_53' title='bbox 348 989 535 1043; x_wconf 87' lang='lat' dir='ltr'><strong>horam</strong></span> <span class='ocrx_word' id='word_1_54' title='bbox 548 987 758 1057; x_wconf 80' lang='lat' dir='ltr'><strong>prandii</strong></span> <span class='ocrx_word' id='word_1_55' title='bbox 784 988 865 1043; x_wconf 89' lang='lat' dir='ltr'><strong>vel</strong></span> <span class='ocrx_word' id='word_1_56' title='bbox 887 1003 1058 1044; x_wconf 63' lang='lat' dir='ltr'><strong>eaeam</strong></span> <span class='ocrx_word' id='word_1_57' title='bbox 1079 987 1123 1043; x_wconf 85' lang='lat' dir='ltr'><strong>si</strong></span> <span class='ocrx_word' id='word_1_58' title='bbox 1154 987 1207 1042; x_wconf 93' lang='lat' dir='ltr'><strong>in</strong></span> <span class='ocrx_word' id='word_1_59' title='bbox 1230 986 1608 1041; x_wconf 81' lang='lat' dir='ltr'><strong>dormitorium</strong></span> 
     </span>
    </p>
   </div>
   <div class='ocr_carea' id='block_1_11' title="bbox 78 1077 1603 1149">
    <p class='ocr_par' dir='ltr' id='par_1_11' title="bbox 78 1077 1603 1149">
     <span class='ocr_line' id='line_1_11' title="bbox 78 1077 1603 1149; baseline -0.003 -13"><span class='ocrx_word' id='word_1_60' title='bbox 78 1096 157 1136; x_wconf 89' lang='lat' dir='ltr'><strong>non</strong></span> <span class='ocrx_word' id='word_1_61' title='bbox 176 1079 417 1143; x_wconf 82' lang='lat' dir='ltr'><strong>ascendit,</strong></span> <span class='ocrx_word' id='word_1_62' title='bbox 433 1077 627 1133; x_wconf 87' lang='lat' dir='ltr'><strong>lavatis</strong></span> <span class='ocrx_word' id='word_1_63' title='bbox 651 1078 901 1134; x_wconf 89' lang='lat' dir='ltr'><strong>manibus</strong></span> <span class='ocrx_word' id='word_1_64' title='bbox 928 1080 1111 1135; x_wconf 84' lang='lat' dir='ltr'><strong>statim</strong></span> <span class='ocrx_word' id='word_1_65' title='bbox 1135 1078 1203 1134; x_wconf 89' lang='lat' dir='ltr'><strong>ad</strong></span> <span class='ocrx_word' id='word_1_66' title='bbox 1257 1077 1603 1149; x_wconf 79' lang='lat' dir='ltr'><strong>refectorium</strong></span> 
     </span>
    </p>
   </div>
   <div class='ocr_carea' id='block_1_12' title="bbox 78 1168 1605 1226">
    <p class='ocr_par' dir='ltr' id='par_1_12' title="bbox 78 1168 1605 1226">
     <span class='ocr_line' id='line_1_12' title="bbox 78 1168 1605 1226; baseline 0.003 -5"><span class='ocrx_word' id='word_1_67' title='bbox 78 1170 204 1226; x_wconf 83' lang='lat' dir='ltr'><strong>venit.</strong></span> <span class='ocrx_word' id='word_1_68' title='bbox 229 1170 245 1190; x_wconf 82' lang='grc'>⁶</span> <span class='ocrx_word' id='word_1_69' title='bbox 281 1169 356 1223; x_wconf 84' lang='lat' dir='ltr'><strong>Ad</strong></span> <span class='ocrx_word' id='word_1_70' title='bbox 386 1168 573 1224; x_wconf 84' lang='lat' dir='ltr'><strong>sedem</strong></span> <span class='ocrx_word' id='word_1_71' title='bbox 602 1184 755 1224; x_wconf 90' lang='lat' dir='ltr'><strong>suam</strong></span> <span class='ocrx_word' id='word_1_72' title='bbox 809 1170 956 1226; x_wconf 90' lang='lat' dir='ltr'><strong>facto</strong></span> <span class='ocrx_word' id='word_1_73' title='bbox 988 1179 1117 1225; x_wconf 87' lang='lat' dir='ltr'><strong>ante</strong></span> <span class='ocrx_word' id='word_1_74' title='bbox 1145 1178 1197 1226; x_wconf 90' lang='lat' dir='ltr'><strong>et</strong></span> <span class='ocrx_word' id='word_1_75' title='bbox 1246 1178 1395 1225; x_wconf 90' lang='lat' dir='ltr'><strong>retro</strong></span> <span class='ocrx_word' id='word_1_76' title='bbox 1424 1170 1478 1224; x_wconf 91' lang='lat' dir='ltr'><strong>in</strong></span> <span class='ocrx_word' id='word_1_77' title='bbox 1517 1184 1605 1225; x_wconf 90' lang='lat' dir='ltr'><strong>re-</strong></span> 
     </span>
    </p>
   </div>
   <div class='ocr_carea' id='block_1_13' title="bbox 77 1261 1602 1333">
    <p class='ocr_par' dir='ltr' id='par_1_13' title="bbox 77 1261 1602 1333">
     <span class='ocr_line' id='line_1_13' title="bbox 77 1261 1602 1333; baseline 0.001 -19"><span class='ocrx_word' id='word_1_78' title='bbox 77 1261 264 1333; x_wconf 76' lang='lat' dir='ltr'><strong>gularem</strong></span> <span class='ocrx_word' id='word_1_79' title='bbox 289 1262 603 1331; x_wconf 87' lang='lat' dir='ltr'><strong>coquinam,</strong></span> <span class='ocrx_word' id='word_1_80' title='bbox 654 1261 740 1317; x_wconf 86' lang='lat' dir='ltr'><strong>vel</strong></span> <span class='ocrx_word' id='word_1_81' title='bbox 788 1274 915 1318; x_wconf 89' lang='lat' dir='ltr'><strong>ante</strong></span> <span class='ocrx_word' id='word_1_82' title='bbox 969 1262 1270 1328; x_wconf 83' lang='lat' dir='ltr'><strong>cellarium,</strong></span> <span class='ocrx_word' id='word_1_83' title='bbox 1303 1262 1347 1317; x_wconf 76' lang='lat' dir='ltr'><strong>Si</strong></span> <span class='ocrx_word' id='word_1_84' title='bbox 1386 1261 1602 1331; x_wconf 77' lang='lat' dir='ltr'><strong>juvenis</strong></span> 
     </span>
    </p>
   </div>
   <div class='ocr_carea' id='block_1_14' title="bbox 75 1352 1597 1425">
    <p class='ocr_par' dir='ltr' id='par_1_14' title="bbox 75 1352 1597 1425">
     <span class='ocr_line' id='line_1_14' title="bbox 75 1352 1597 1425; baseline -0.001 -15"><span class='ocrx_word' id='word_1_85' title='bbox 75 1370 153 1410; x_wconf 90' lang='lat' dir='ltr'><strong>non</strong></span> <span class='ocrx_word' id='word_1_86' title='bbox 171 1362 259 1419; x_wconf 86' lang='lat' dir='ltr'><strong>est,</strong></span> <span class='ocrx_word' id='word_1_87' title='bbox 284 1353 559 1424; x_wconf 82' lang='lat' dir='ltr'><strong>aliquanto</strong></span> <span class='ocrx_word' id='word_1_88' title='bbox 580 1352 661 1409; x_wconf 90' lang='lat' dir='ltr'><strong>ire</strong></span> <span class='ocrx_word' id='word_1_89' title='bbox 686 1362 900 1425; x_wconf 84' lang='lat' dir='ltr'><strong>potest;</strong></span> <span class='ocrx_word' id='word_1_90' title='bbox 935 1364 996 1410; x_wconf 90' lang='lat' dir='ltr'><strong>ut</strong></span> <span class='ocrx_word' id='word_1_91' title='bbox 1014 1354 1058 1410; x_wconf 89' lang='lat' dir='ltr'><strong>si</strong></span> <span class='ocrx_word' id='word_1_92' title='bbox 1081 1354 1259 1424; x_wconf 89' lang='lat' dir='ltr'><strong>aliqua</strong></span> <span class='ocrx_word' id='word_1_93' title='bbox 1281 1369 1341 1409; x_wconf 89' lang='lat' dir='ltr'><strong>re</strong></span> <span class='ocrx_word' id='word_1_94' title='bbox 1371 1353 1597 1424; x_wconf 89' lang='lat' dir='ltr'><strong>indiget,</strong></span> 
     </span>
    </p>
   </div>
   <div class='ocr_carea' id='block_1_15' title="bbox 75 1444 1597 1517">
    <p class='ocr_par' dir='ltr' id='par_1_15' title="bbox 75 1444 1597 1517">
     <span class='ocr_line' id='line_1_15' title="bbox 75 1444 1597 1517; baseline -0.001 -18"><span class='ocrx_word' id='word_1_95' title='bbox 75 1461 194 1516; x_wconf 87' lang='lat' dir='ltr'><strong>quam</strong></span> <span class='ocrx_word' id='word_1_96' title='bbox 217 1456 359 1502; x_wconf 81' lang='lat' dir='ltr'><strong>antea</strong></span> <span class='ocrx_word' id='word_1_97' title='bbox 389 1447 562 1505; x_wconf 89' lang='lat' dir='ltr'><strong>verbo</strong></span> <span class='ocrx_word' id='word_1_98' title='bbox 589 1460 839 1515; x_wconf 73' lang='lat' dir='ltr'><strong>quaerere</strong></span> <span class='ocrx_word' id='word_1_99' title='bbox 889 1463 996 1503; x_wconf 87' lang='lat' dir='ltr'><strong>non</strong></span> <span class='ocrx_word' id='word_1_100' title='bbox 1037 1445 1234 1517; x_wconf 90' lang='lat' dir='ltr'><strong>potuit,</strong></span> <span class='ocrx_word' id='word_1_101' title='bbox 1256 1444 1597 1500; x_wconf 89' lang='lat' dir='ltr'><strong>eellerarium</strong></span> 
     </span>
    </p>
   </div>
   <div class='ocr_carea' id='block_1_16' title="bbox 74 1536 1598 1613">
    <p class='ocr_par' dir='ltr' id='par_1_16' title="bbox 74 1536 1598 1613">
     <span class='ocr_line' id='line_1_16' title="bbox 74 1536 1598 1613; baseline -0.001 -18"><span class='ocrx_word' id='word_1_102' title='bbox 74 1556 143 1610; x_wconf 83' lang='lat' dir='ltr'><strong>pro</strong></span> <span class='ocrx_word' id='word_1_103' title='bbox 165 1542 250 1597; x_wconf 81' lang='lat' dir='ltr'><strong>hac</strong></span> <span class='ocrx_word' id='word_1_104' title='bbox 274 1540 436 1612; x_wconf 79' lang='lat' dir='ltr'><strong>signis</strong></span> <span class='ocrx_word' id='word_1_105' title='bbox 482 1541 814 1613; x_wconf 86' lang='lat' dir='ltr'><strong>interpellet.</strong></span> <span class='ocrx_word' id='word_1_106' title='bbox 856 1555 949 1597; x_wconf 85' lang='lat' dir='ltr'><strong>uo.</strong></span> <span class='ocrx_word' id='word_1_107' title='bbox 989 1538 1119 1596; x_wconf 81' lang='lat' dir='ltr'><strong>inde</strong></span> <span class='ocrx_word' id='word_1_108' title='bbox 1149 1536 1364 1594; x_wconf 88' lang='lat' dir='ltr'><strong>rediens</strong></span> <span class='ocrx_word' id='word_1_109' title='bbox 1402 1538 1598 1593; x_wconf 88' lang='lat' dir='ltr'><strong>stando</strong></span> 
     </span>
    </p>
   </div>
   <div class='ocr_carea' id='block_1_17' title="bbox 75 1629 1596 1706">
    <p class='ocr_par' dir='ltr' id='par_1_17' title="bbox 75 1629 1596 1706">
     <span class='ocr_line' id='line_1_17' title="bbox 75 1629 1596 1706; baseline -0.001 -17"><span class='ocrx_word' id='word_1_110' title='bbox 75 1642 322 1690; x_wconf 81' lang='lat' dir='ltr'><strong>reverenter</strong></span> <span class='ocrx_word' id='word_1_111' title='bbox 362 1643 647 1706; x_wconf 79' lang='lat' dir='ltr'><strong>exspectat</strong></span> <span class='ocrx_word' id='word_1_112' title='bbox 682 1634 940 1691; x_wconf 90' lang='lat' dir='ltr'><strong>domnum</strong></span> <span class='ocrx_word' id='word_1_113' title='bbox 975 1631 1248 1698; x_wconf 80' lang='lat' dir='ltr'><strong>abbatem,</strong></span> <span class='ocrx_word' id='word_1_114' title='bbox 1280 1629 1365 1685; x_wconf 88' lang='lat' dir='ltr'><strong>vel</strong></span> <span class='ocrx_word' id='word_1_115' title='bbox 1405 1631 1449 1686; x_wconf 93' lang='lat' dir='ltr'><strong>si</strong></span> <span class='ocrx_word' id='word_1_116' title='bbox 1487 1646 1596 1687; x_wconf 91' lang='lat' dir='ltr'><strong>non</strong></span> 
     </span>
    </p>
   </div>
   <div class='ocr_carea' id='block_1_18' title="bbox 71 1724 1595 1797">
    <p class='ocr_par' dir='ltr' id='par_1_18' title="bbox 71 1724 1595 1797">
     <span class='ocr_line' id='line_1_18' title="bbox 71 1724 1595 1797; baseline -0.001 -14"><span class='ocrx_word' id='word_1_117' title='bbox 71 1737 204 1797; x_wconf 81' lang='lat' dir='ltr'><strong>potest</strong></span> <span class='ocrx_word' id='word_1_118' title='bbox 223 1737 375 1793; x_wconf 85' lang='lat' dir='ltr'><strong>stare,</strong></span> <span class='ocrx_word' id='word_1_119' title='bbox 420 1727 684 1785; x_wconf 86' lang='lat' dir='ltr'><strong>sedendo.</strong></span> <span class='ocrx_word' id='word_1_120' title='bbox 712 1728 731 1750; x_wconf 82' lang='lat'><strong><em>&#39;</em></strong></span> <span class='ocrx_word' id='word_1_121' title='bbox 758 1726 817 1783; x_wconf 88' lang='lat' dir='ltr'><strong>Si</strong></span> <span class='ocrx_word' id='word_1_122' title='bbox 841 1724 1063 1796; x_wconf 79' lang='lat' dir='ltr'><strong>juvenis</strong></span> <span class='ocrx_word' id='word_1_123' title='bbox 1087 1732 1194 1791; x_wconf 84' lang='lat' dir='ltr'><strong>est,</strong></span> <span class='ocrx_word' id='word_1_124' title='bbox 1243 1737 1409 1796; x_wconf 84' lang='lat' dir='ltr'><strong>super</strong></span> <span class='ocrx_word' id='word_1_125' title='bbox 1453 1724 1595 1782; x_wconf 81' lang='lat' dir='ltr'><strong>infe-</strong></span> 
     </span>
    </p>
   </div>
   <div class='ocr_carea' id='block_1_19' title="bbox 72 1816 1593 1891">
    <p class='ocr_par' dir='ltr' id='par_1_19' title="bbox 72 1816 1593 1891">
     <span class='ocr_line' id='line_1_19' title="bbox 72 1816 1593 1891; baseline -0.001 -17"><span class='ocrx_word' id='word_1_126' title='bbox 72 1822 167 1885; x_wconf 86' lang='lat' dir='ltr'><strong>rius,</strong></span> <span class='ocrx_word' id='word_1_127' title='bbox 191 1820 229 1875; x_wconf 88' lang='lat' dir='ltr'><strong>si</strong></span> <span class='ocrx_word' id='word_1_128' title='bbox 270 1819 627 1891; x_wconf 83' lang='lat' dir='ltr'><strong>provectioris</strong></span> <span class='ocrx_word' id='word_1_129' title='bbox 659 1818 861 1885; x_wconf 72' lang='lat' dir='ltr'><strong>aetatis,</strong></span> <span class='ocrx_word' id='word_1_130' title='bbox 909 1818 1066 1874; x_wconf 85' lang='lat' dir='ltr'><strong>sedet</strong></span> <span class='ocrx_word' id='word_1_131' title='bbox 1113 1832 1278 1888; x_wconf 87' lang='lat' dir='ltr'><strong>super</strong></span> <span class='ocrx_word' id='word_1_132' title='bbox 1305 1816 1475 1873; x_wconf 85' lang='lat' dir='ltr'><strong>sedile</strong></span> <span class='ocrx_word' id='word_1_133' title='bbox 1501 1832 1593 1872; x_wconf 87' lang='lat' dir='ltr'><strong>su-</strong></span> 
     </span>
    </p>
   </div>
   <div class='ocr_carea' id='block_1_20' title="bbox 71 1904 1589 1983">
    <p class='ocr_par' dir='ltr' id='par_1_20' title="bbox 71 1904 1589 1983">
     <span class='ocr_line' id='line_1_20' title="bbox 71 1904 1589 1983; baseline -0.001 -16"><span class='ocrx_word' id='word_1_134' title='bbox 71 1915 220 1983; x_wconf 83' lang='lat' dir='ltr'><strong>perius.</strong></span> <span class='ocrx_word' id='word_1_135' title='bbox 248 1913 479 1971; x_wconf 81' lang='lat' dir='ltr'><strong>latrante</strong></span> <span class='ocrx_word' id='word_1_136' title='bbox 521 1929 654 1970; x_wconf 88' lang='lat' dir='ltr'><strong>vero</strong></span> <span class='ocrx_word' id='word_1_137' title='bbox 698 1914 897 1970; x_wconf 88' lang='lat' dir='ltr'><strong>domno</strong></span> <span class='ocrx_word' id='word_1_138' title='bbox 939 1912 1156 1978; x_wconf 81' lang='lat' dir='ltr'><strong>abbate,</strong></span> <span class='ocrx_word' id='word_1_139' title='bbox 1209 1904 1397 1968; x_wconf 87' lang='lat' dir='ltr'><strong>contra</strong></span> <span class='ocrx_word' id='word_1_140' title='bbox 1442 1912 1589 1966; x_wconf 92' lang='lat' dir='ltr'><strong>illum</strong></span> 
     </span>
    </p>
   </div>
   <div class='ocr_carea' id='block_1_21' title="bbox 70 2004 1590 2076">
    <p class='ocr_par' dir='ltr' id='par_1_21' title="bbox 70 2004 1590 2076">
     <span class='ocr_line' id='line_1_21' title="bbox 70 2004 1590 2076; baseline 0.001 -19"><span class='ocrx_word' id='word_1_141' title='bbox 70 2004 259 2071; x_wconf 83' lang='lat' dir='ltr'><strong>inclinat,</strong></span> <span class='ocrx_word' id='word_1_142' title='bbox 307 2008 601 2076; x_wconf 86' lang='lat' dir='ltr'><strong>statimque</strong></span> <span class='ocrx_word' id='word_1_143' title='bbox 651 2021 711 2062; x_wconf 90' lang='lat' dir='ltr'><strong>se</strong></span> <span class='ocrx_word' id='word_1_144' title='bbox 739 2006 955 2075; x_wconf 79' lang='lat' dir='ltr'><strong>erigens</strong></span> <span class='ocrx_word' id='word_1_145' title='bbox 999 2013 1215 2061; x_wconf 90' lang='lat' dir='ltr'><strong>erectus</strong></span> <span class='ocrx_word' id='word_1_146' title='bbox 1255 2013 1385 2068; x_wconf 89' lang='lat' dir='ltr'><strong>stat,</strong></span> <span class='ocrx_word' id='word_1_147' title='bbox 1418 2019 1590 2073; x_wconf 88' lang='lat' dir='ltr'><strong>usque</strong></span> 
     </span>
    </p>
   </div>
   <div class='ocr_carea' id='block_1_22' title="bbox 72 2095 1587 2168">
    <p class='ocr_par' dir='ltr' id='par_1_22' title="bbox 72 2095 1587 2168">
     <span class='ocr_line' id='line_1_22' title="bbox 72 2095 1587 2168; baseline 0.001 -19"><span class='ocrx_word' id='word_1_148' title='bbox 72 2095 163 2149; x_wconf 87' lang='lat' dir='ltr'><strong>dum</strong></span> <span class='ocrx_word' id='word_1_149' title='bbox 189 2098 541 2168; x_wconf 85' lang='lat' dir='ltr'><strong>pertransiens</strong></span> <span class='ocrx_word' id='word_1_150' title='bbox 596 2097 648 2151; x_wconf 93' lang='lat' dir='ltr'><strong>in</strong></span> <span class='ocrx_word' id='word_1_151' title='bbox 703 2096 878 2152; x_wconf 90' lang='lat' dir='ltr'><strong>locum</strong></span> <span class='ocrx_word' id='word_1_152' title='bbox 935 2111 1091 2151; x_wconf 90' lang='lat' dir='ltr'><strong>suum</strong></span> <span class='ocrx_word' id='word_1_153' title='bbox 1143 2096 1210 2150; x_wconf 92' lang='lat' dir='ltr'><strong>ad</strong></span> <span class='ocrx_word' id='word_1_154' title='bbox 1270 2095 1587 2166; x_wconf 84' lang='lat' dir='ltr'><strong>pulsnndam</strong></span> 
     </span>
    </p>
   </div>
   <div class='ocr_carea' id='block_1_23' title="bbox 70 2186 1583 2260">
    <p class='ocr_par' dir='ltr' id='par_1_23' title="bbox 70 2186 1583 2260">
     <span class='ocr_line' id='line_1_23' title="bbox 70 2186 1583 2260; baseline 0 -19"><span class='ocrx_word' id='word_1_155' title='bbox 70 2190 224 2243; x_wconf 80' lang='lat' dir='ltr'><strong>scillam</strong></span> <span class='ocrx_word' id='word_1_156' title='bbox 255 2191 547 2258; x_wconf 87' lang='lat' dir='ltr'><strong>perveniat.</strong></span> <span class='ocrx_word' id='word_1_157' title='bbox 584 2188 721 2259; x_wconf 77' lang='grc' dir='ltr'><strong>(υυ.)</strong></span> <span class='ocrx_word' id='word_1_158' title='bbox 755 2188 927 2255; x_wconf 87' lang='lat' dir='ltr'><strong>Quam</strong></span> <span class='ocrx_word' id='word_1_159' title='bbox 954 2196 1238 2260; x_wconf 89' lang='lat' dir='ltr'><strong>postquam</strong></span> <span class='ocrx_word' id='word_1_160' title='bbox 1270 2186 1583 2256; x_wconf 83' lang='lat' dir='ltr'><strong>pulsaverit,</strong></span> 
     </span>
    </p>
   </div>
   <div class='ocr_carea' id='block_1_24' title="bbox 69 2277 1585 2349">
    <p class='ocr_par' dir='ltr' id='par_1_24' title="bbox 69 2277 1585 2349">
     <span class='ocr_line' id='line_1_24' title="bbox 69 2277 1585 2349; baseline -0.001 -16"><span class='ocrx_word' id='word_1_161' title='bbox 69 2290 105 2333; x_wconf 82' lang='lat' dir='ltr'><strong>et</strong></span> <span class='ocrx_word' id='word_1_162' title='bbox 132 2294 303 2345; x_wconf 88' lang='lat' dir='ltr'><strong>versus,</strong></span> <span class='ocrx_word' id='word_1_163' title='bbox 333 2281 507 2335; x_wconf 80' lang='lat' dir='ltr'><strong>oratio</strong></span> <span class='ocrx_word' id='word_1_164' title='bbox 549 2279 967 2349; x_wconf 89' lang='lat' dir='ltr'><strong>benedictioque</strong></span> <span class='ocrx_word' id='word_1_165' title='bbox 1004 2279 1130 2333; x_wconf 89' lang='lat' dir='ltr'><strong>data</strong></span> <span class='ocrx_word' id='word_1_166' title='bbox 1170 2278 1350 2342; x_wconf 88' lang='lat' dir='ltr'><strong>fuerit,</strong></span> <span class='ocrx_word' id='word_1_167' title='bbox 1385 2279 1499 2347; x_wconf 90' lang='lat' dir='ltr'><strong>ipse</strong></span> <span class='ocrx_word' id='word_1_168' title='bbox 1531 2277 1585 2332; x_wconf 91' lang='lat' dir='ltr'><strong>in</strong></span> 
     </span>
    </p>
   </div>
   <div class='ocr_carea' id='block_1_25' title="bbox 68 2368 1587 2441">
    <p class='ocr_par' dir='ltr' id='par_1_25' title="bbox 68 2368 1587 2441">
     <span class='ocr_line' id='line_1_25' title="bbox 68 2368 1587 2441; baseline -0.001 -19"><span class='ocrx_word' id='word_1_169' title='bbox 68 2370 150 2426; x_wconf 87' lang='lat' dir='ltr'><strong>loco</strong></span> <span class='ocrx_word' id='word_1_170' title='bbox 173 2386 252 2427; x_wconf 89' lang='lat' dir='ltr'><strong>suo</strong></span> <span class='ocrx_word' id='word_1_171' title='bbox 271 2371 476 2437; x_wconf 90' lang='lat' dir='ltr'><strong>sedens,</strong></span> <span class='ocrx_word' id='word_1_172' title='bbox 513 2369 756 2425; x_wconf 90' lang='lat' dir='ltr'><strong>mensale</strong></span> <span class='ocrx_word' id='word_1_173' title='bbox 802 2370 1060 2441; x_wconf 87' lang='lat' dir='ltr'><strong>applicat,</strong></span> <span class='ocrx_word' id='word_1_174' title='bbox 1098 2368 1230 2423; x_wconf 85' lang='lat' dir='ltr'><strong>nihil</strong></span> <span class='ocrx_word' id='word_1_175' title='bbox 1262 2378 1441 2422; x_wconf 91' lang='lat' dir='ltr'><strong>tamen</strong></span> <span class='ocrx_word' id='word_1_176' title='bbox 1468 2382 1587 2422; x_wconf 88' lang='lat' dir='ltr'><strong>om-</strong></span> 
     </span>
    </p>
   </div>
   <div class='ocr_carea' id='block_1_26' title="bbox 68 2461 1582 2532">
    <p class='ocr_par' dir='ltr' id='par_1_26' title="bbox 68 2461 1582 2532">
     <span class='ocr_line' id='line_1_26' title="bbox 68 2461 1582 2532; baseline -0.001 -17"><span class='ocrx_word' id='word_1_177' title='bbox 68 2464 157 2519; x_wconf 83' lang='lat' dir='ltr'><strong>nino</strong></span> <span class='ocrx_word' id='word_1_178' title='bbox 177 2463 454 2531; x_wconf 86' lang='lat' dir='ltr'><strong>comedens,</strong></span> <span class='ocrx_word' id='word_1_179' title='bbox 482 2473 781 2532; x_wconf 83' lang='lat' dir='ltr'><strong>antequam</strong></span> <span class='ocrx_word' id='word_1_180' title='bbox 811 2463 969 2518; x_wconf 90' lang='lat' dir='ltr'><strong>lectio</strong></span> <span class='ocrx_word' id='word_1_181' title='bbox 991 2461 1301 2531; x_wconf 83' lang='lat' dir='ltr'><strong>incipiatur,</strong></span> <span class='ocrx_word' id='word_1_182' title='bbox 1340 2469 1393 2514; x_wconf 86' lang='lat' dir='ltr'><strong>et</strong></span> <span class='ocrx_word' id='word_1_183' title='bbox 1424 2468 1582 2514; x_wconf 87' lang='lat' dir='ltr'><strong>ante-</strong></span> 
     </span>
    </p>
   </div>
   <div class='ocr_carea' id='block_1_27' title="bbox 65 2550 1582 2624">
    <p class='ocr_par' dir='ltr' id='par_1_27' title="bbox 65 2550 1582 2624">
     <span class='ocr_line' id='line_1_27' title="bbox 65 2550 1582 2624; baseline -0.001 -16"><span class='ocrx_word' id='word_1_184' title='bbox 65 2570 183 2623; x_wconf 81' lang='lat' dir='ltr'><strong>quam</strong></span> <span class='ocrx_word' id='word_1_185' title='bbox 204 2556 259 2611; x_wconf 92' lang='lat' dir='ltr'><strong>de</strong></span> <span class='ocrx_word' id='word_1_186' title='bbox 279 2571 429 2611; x_wconf 87' lang='lat' dir='ltr'><strong>manu</strong></span> <span class='ocrx_word' id='word_1_187' title='bbox 453 2555 762 2611; x_wconf 75' lang='lat' dir='ltr'><strong>sacerdotis</strong></span> <span class='ocrx_word' id='word_1_188' title='bbox 785 2554 1020 2610; x_wconf 87' lang='lat' dir='ltr'><strong>oblatam</strong></span> <span class='ocrx_word' id='word_1_189' title='bbox 1055 2552 1201 2624; x_wconf 69' lang='grc'><strong>(104)</strong></span> <span class='ocrx_word' id='word_1_190' title='bbox 1244 2550 1501 2621; x_wconf 87' lang='lat' dir='ltr'><strong>accipiat;</strong></span> <span class='ocrx_word' id='word_1_191' title='bbox 1535 2550 1582 2606; x_wconf 89' lang='lat' dir='ltr'><strong>si</strong></span> 
     </span>
    </p>
   </div>
   <div class='ocr_carea' id='block_1_28' title="bbox 68 2647 1579 2720">
    <p class='ocr_par' dir='ltr' id='par_1_28' title="bbox 68 2647 1579 2720">
     <span class='ocr_line' id='line_1_28' title="bbox 68 2647 1579 2720; baseline -0.001 -19"><span class='ocrx_word' id='word_1_192' title='bbox 68 2656 196 2704; x_wconf 79' lang='lat' dir='ltr'><strong>tamen</strong></span> <span class='ocrx_word' id='word_1_193' title='bbox 218 2662 291 2706; x_wconf 88' lang='lat' dir='ltr'><strong>est</strong></span> <span class='ocrx_word' id='word_1_194' title='bbox 318 2651 531 2720; x_wconf 88' lang='lat' dir='ltr'><strong>privata</strong></span> <span class='ocrx_word' id='word_1_195' title='bbox 555 2650 696 2715; x_wconf 89' lang='lat' dir='ltr'><strong>dies,</strong></span> <span class='ocrx_word' id='word_1_196' title='bbox 722 2658 778 2705; x_wconf 91' lang='lat' dir='ltr'><strong>et</strong></span> <span class='ocrx_word' id='word_1_197' title='bbox 805 2649 849 2705; x_wconf 90' lang='lat' dir='ltr'><strong>si</strong></span> <span class='ocrx_word' id='word_1_198' title='bbox 875 2650 927 2703; x_wconf 93' lang='lat' dir='ltr'><strong>in</strong></span> <span class='ocrx_word' id='word_1_199' title='bbox 952 2649 1066 2719; x_wconf 86' lang='lat' dir='ltr'><strong>ipso</strong></span> <span class='ocrx_word' id='word_1_200' title='bbox 1094 2647 1180 2704; x_wconf 87' lang='lat' dir='ltr'><strong>die</strong></span> <span class='ocrx_word' id='word_1_201' title='bbox 1203 2663 1308 2703; x_wconf 91' lang='lat' dir='ltr'><strong>non</strong></span> <span class='ocrx_word' id='word_1_202' title='bbox 1332 2662 1579 2702; x_wconf 77' lang='lat' dir='ltr'><strong>conmu-</strong></span> 
     </span>
    </p>
   </div>
   <div class='ocr_carea' id='block_1_29' title="bbox 66 2740 1579 2812">
    <p class='ocr_par' dir='ltr' id='par_1_29' title="bbox 66 2740 1579 2812">
     <span class='ocr_line' id='line_1_29' title="bbox 66 2740 1579 2812; baseline 0.001 -20"><span class='ocrx_word' id='word_1_203' title='bbox 66 2740 281 2797; x_wconf 76' lang='lat' dir='ltr'><strong>nicaverit.</strong></span> <span class='ocrx_word' id='word_1_204' title='bbox 311 2742 364 2797; x_wconf 92' lang='lat' dir='ltr'><strong>Si</strong></span> <span class='ocrx_word' id='word_1_205' title='bbox 385 2757 521 2798; x_wconf 88' lang='lat' dir='ltr'><strong>vero</strong></span> <span class='ocrx_word' id='word_1_206' title='bbox 551 2758 650 2812; x_wconf 85' lang='lat' dir='ltr'><strong>pro</strong></span> <span class='ocrx_word' id='word_1_207' title='bbox 678 2757 821 2811; x_wconf 88' lang='lat' dir='ltr'><strong>aqua</strong></span> <span class='ocrx_word' id='word_1_208' title='bbox 852 2740 1185 2812; x_wconf 87' lang='lat' dir='ltr'><strong>apportanda</strong></span> <span class='ocrx_word' id='word_1_209' title='bbox 1232 2740 1315 2795; x_wconf 91' lang='lat' dir='ltr'><strong>vel</strong></span> <span class='ocrx_word' id='word_1_210' title='bbox 1341 2740 1443 2795; x_wconf 88' lang='lat' dir='ltr'><strong>alia</strong></span> <span class='ocrx_word' id='word_1_211' title='bbox 1477 2740 1579 2795; x_wconf 84' lang='lat' dir='ltr'><strong>hu-</strong></span> 
     </span>
    </p>
   </div>
   <div class='ocr_carea' id='block_1_30' title="bbox 61 2828 1575 2898">
    <p class='ocr_par' dir='ltr' id='par_1_30' title="bbox 61 2828 1575 2898">
     <span class='ocr_line' id='line_1_30' title="bbox 61 2828 1575 2898; baseline 0.004 -15"><span class='ocrx_word' id='word_1_212' title='bbox 61 2828 231 2896; x_wconf 78' lang='lat' dir='ltr'><strong>iusmodi</strong></span> <span class='ocrx_word' id='word_1_213' title='bbox 255 2849 404 2889; x_wconf 90' lang='lat' dir='ltr'><strong>causa</strong></span> <span class='ocrx_word' id='word_1_214' title='bbox 442 2834 596 2888; x_wconf 90' lang='lat' dir='ltr'><strong>dicto</strong></span> <span class='ocrx_word' id='word_1_215' title='bbox 638 2849 801 2888; x_wconf 90' lang='lat' dir='ltr'><strong>versu</strong></span> <span class='ocrx_word' id='word_1_216' title='bbox 827 2833 940 2887; x_wconf 84' lang='lat' dir='ltr'><strong>vult</strong></span> <span class='ocrx_word' id='word_1_217' title='bbox 983 2833 1134 2888; x_wconf 73' lang='lat' dir='ltr'><strong>exire</strong></span> <span class='ocrx_word' id='word_1_218' title='bbox 1170 2834 1239 2889; x_wconf 90' lang='lat' dir='ltr'><strong>de</strong></span> <span class='ocrx_word' id='word_1_219' title='bbox 1267 2833 1575 2898; x_wconf 90' lang='lat' dir='ltr'><strong>refectorio,</strong></span> 
     </span>
    </p>
   </div>
   <div class='ocr_carea' id='block_1_31' title="bbox 63 2922 1576 2996">
    <p class='ocr_par' dir='ltr' id='par_1_31' title="bbox 63 2922 1576 2996">
     <span class='ocr_line' id='line_1_31' title="bbox 63 2922 1576 2996; baseline 0.004 -21"><span class='ocrx_word' id='word_1_220' title='bbox 63 2922 75 2938; x_wconf 91' lang='lat'><strong>&#39;</strong></span> <span class='ocrx_word' id='word_1_221' title='bbox 96 2938 175 2977; x_wconf 82' lang='lat' dir='ltr'><strong>non</strong></span> <span class='ocrx_word' id='word_1_222' title='bbox 196 2925 290 2979; x_wconf 81' lang='lat' dir='ltr'><strong>exit</strong></span> <span class='ocrx_word' id='word_1_223' title='bbox 315 2926 636 2996; x_wconf 89' lang='lat' dir='ltr'><strong>priusquam</strong></span> <span class='ocrx_word' id='word_1_224' title='bbox 683 2925 801 2996; x_wconf 84' lang='lat' dir='ltr'><strong>ipsa</strong></span> <span class='ocrx_word' id='word_1_225' title='bbox 834 2925 1127 2996; x_wconf 87' lang='lat' dir='ltr'><strong>incipiatur</strong></span> <span class='ocrx_word' id='word_1_226' title='bbox 1173 2925 1353 2982; x_wconf 88' lang='lat' dir='ltr'><strong>lectio.</strong></span> <span class='ocrx_word' id='word_1_227' title='bbox 1385 2943 1471 2981; x_wconf 85' lang='lat' dir='ltr'><strong>un.</strong></span> <span class='ocrx_word' id='word_1_228' title='bbox 1502 2926 1576 2981; x_wconf 90' lang='lat' dir='ltr'><strong>De</strong></span> 
     </span>
    </p>
   </div>
   <div class='ocr_carea' id='block_1_32' title="bbox 61 3014 1575 3090">
    <p class='ocr_par' dir='ltr' id='par_1_32' title="bbox 61 3014 1575 3090">
     <span class='ocr_line' id='line_1_32' title="bbox 61 3014 1575 3090; baseline -0.002 -15"><span class='ocrx_word' id='word_1_229' title='bbox 61 3014 164 3075; x_wconf 81' lang='lat' dir='ltr'><strong>nullo</strong></span> <span class='ocrx_word' id='word_1_230' title='bbox 185 3026 342 3087; x_wconf 82' lang='lat' dir='ltr'><strong>gustat</strong></span> <span class='ocrx_word' id='word_1_231' title='bbox 385 3019 634 3088; x_wconf 80' lang='lat' dir='ltr'><strong>generali</strong></span> <span class='ocrx_word' id='word_1_232' title='bbox 681 3019 994 3090; x_wconf 89' lang='lat' dir='ltr'><strong>priusquam</strong></span> <span class='ocrx_word' id='word_1_233' title='bbox 1027 3017 1398 3074; x_wconf 84' lang='lat' dir='ltr'><strong>benedicatur.</strong></span> <span class='ocrx_word' id='word_1_234' title='bbox 1431 3018 1575 3072; x_wconf 84' lang='lat' dir='ltr'><strong>Sibi-</strong></span> 
     </span>
    </p>
   </div>
   <div class='ocr_carea' id='block_1_33' title="bbox 1723 527 3300 622">
    <p class='ocr_par' dir='ltr' id='par_1_33' title="bbox 1723 527 3300 622">
     <span class='ocr_line' id='line_1_33' title="bbox 1723 527 3300 622; baseline 0.02 -44"><span class='ocrx_word' id='word_1_235' title='bbox 1723 527 1936 582; x_wconf 90' lang='lat' dir='ltr'><strong>veniam</strong></span> <span class='ocrx_word' id='word_1_236' title='bbox 1982 531 2136 598; x_wconf 85' lang='lat' dir='ltr'><strong>petit.</strong></span> <span class='ocrx_word' id='word_1_237' title='bbox 2194 531 2251 588; x_wconf 92' lang='lat' dir='ltr'><strong>Si</strong></span> <span class='ocrx_word' id='word_1_238' title='bbox 2309 536 2561 594; x_wconf 89' lang='lat' dir='ltr'><strong>cocblear</strong></span> <span class='ocrx_word' id='word_1_239' title='bbox 2614 541 2665 596; x_wconf 92' lang='lat' dir='ltr'><strong>in</strong></span> <span class='ocrx_word' id='word_1_240' title='bbox 2699 554 2880 613; x_wconf 88' lang='lat' dir='ltr'><strong>partes</strong></span> <span class='ocrx_word' id='word_1_241' title='bbox 2910 547 3155 620; x_wconf 78' lang='lat' dir='ltr'><strong>fregerit,</strong></span> <span class='ocrx_word' id='word_1_242' title='bbox 3184 527 3300 622; x_wconf 79' lang='lat' dir='ltr'><strong>ipsa</strong></span> 
     </span>
    </p>
   </div>
   <div class='ocr_carea' id='block_1_34' title="bbox 1718 616 3296 711">
    <p class='ocr_par' dir='ltr' id='par_1_34' title="bbox 1718 616 3296 711">
     <span class='ocr_line' id='line_1_34' title="bbox 1718 616 3296 711; baseline 0.019 -41"><span class='ocrx_word' id='word_1_243' title='bbox 1718 616 1984 711; x_wconf 73' lang='lat' dir='ltr'><strong>fragmina</strong></span> <span class='ocrx_word' id='word_1_244' title='bbox 2016 621 2209 678; x_wconf 87' lang='lat' dir='ltr'><strong>tollens</strong></span> <span class='ocrx_word' id='word_1_245' title='bbox 2243 625 2312 680; x_wconf 88' lang='lat' dir='ltr'><strong>ad</strong></span> <span class='ocrx_word' id='word_1_246' title='bbox 2349 628 2573 698; x_wconf 86' lang='lat' dir='ltr'><strong>gradum</strong></span> <span class='ocrx_word' id='word_1_247' title='bbox 2609 635 2782 702; x_wconf 89' lang='lat' dir='ltr'><strong>ponit,</strong></span> <span class='ocrx_word' id='word_1_248' title='bbox 2812 646 2870 691; x_wconf 91' lang='lat' dir='ltr'><strong>et</strong></span> <span class='ocrx_word' id='word_1_249' title='bbox 2897 616 3107 694; x_wconf 78' lang='lat' dir='ltr'><strong>veniam</strong></span> <span class='ocrx_word' id='word_1_250' title='bbox 3139 616 3296 711; x_wconf 77' lang='lat' dir='ltr'><strong>petit.</strong></span> 
     </span>
    </p>
   </div>
   <div class='ocr_carea' id='block_1_35' title="bbox 1715 706 3298 798">
    <p class='ocr_par' dir='ltr' id='par_1_35' title="bbox 1715 706 3298 798">
     <span class='ocr_line' id='line_1_35' title="bbox 1715 706 3298 798; baseline 0.018 -36"><span class='ocrx_word' id='word_1_251' title='bbox 1715 706 1794 764; x_wconf 90' lang='lat' dir='ltr'><strong>De</strong></span> <span class='ocrx_word' id='word_1_252' title='bbox 1841 725 1948 779; x_wconf 90' lang='lat' dir='ltr'><strong>qua</strong></span> <span class='ocrx_word' id='word_1_253' title='bbox 2001 729 2231 784; x_wconf 80' lang='lat' dir='ltr'><strong>surgens</strong></span> <span class='ocrx_word' id='word_1_254' title='bbox 2267 730 2331 770; x_wconf 85' lang='lat' dir='ltr'><strong>ea</strong></span> <span class='ocrx_word' id='word_1_255' title='bbox 2381 719 2590 789; x_wconf 85' lang='lat' dir='ltr'><strong>recipit,</strong></span> <span class='ocrx_word' id='word_1_256' title='bbox 2636 732 2691 777; x_wconf 89' lang='lat' dir='ltr'><strong>et</strong></span> <span class='ocrx_word' id='word_1_257' title='bbox 2720 724 2773 779; x_wconf 93' lang='lat' dir='ltr'><strong>in</strong></span> <span class='ocrx_word' id='word_1_258' title='bbox 2812 706 3179 798; x_wconf 74' lang='lat' dir='ltr'><strong>extremitate,</strong></span> <span class='ocrx_word' id='word_1_259' title='bbox 3206 732 3298 790; x_wconf 86' lang='lat' dir='ltr'><strong>ubi</strong></span> 
     </span>
    </p>
   </div>
   <div class='ocr_carea' id='block_1_36' title="bbox 1716 800 3294 891">
    <p class='ocr_par' dir='ltr' id='par_1_36' title="bbox 1716 800 3294 891">
     <span class='ocr_line' id='line_1_36' title="bbox 1716 800 3294 891; baseline 0.017 -38"><span class='ocrx_word' id='word_1_260' title='bbox 1716 800 2022 857; x_wconf 82' lang='lat' dir='ltr'><strong>cochlearia</strong></span> <span class='ocrx_word' id='word_1_261' title='bbox 2044 811 2099 858; x_wconf 89' lang='lat' dir='ltr'><strong>et</strong></span> <span class='ocrx_word' id='word_1_262' title='bbox 2121 816 2319 862; x_wconf 58' lang='lat' dir='ltr'><strong>caetera</strong></span> <span class='ocrx_word' id='word_1_263' title='bbox 2344 808 2616 865; x_wconf 88' lang='lat' dir='ltr'><strong>refectorii</strong></span> <span class='ocrx_word' id='word_1_264' title='bbox 2648 816 2894 870; x_wconf 88' lang='lat' dir='ltr'><strong>utensilia</strong></span> <span class='ocrx_word' id='word_1_265' title='bbox 2923 822 3294 891; x_wconf 87' lang='lat' dir='ltr'><strong>continentur,</strong></span> 
     </span>
    </p>
   </div>
   <div class='ocr_carea' id='block_1_37' title="bbox 1630 893 3297 973">
    <p class='ocr_par' dir='ltr' id='par_1_37' title="bbox 1630 893 3297 973">
     <span class='ocr_line' id='line_1_37' title="bbox 1630 893 3297 973; baseline 0.017 -30"><span class='ocrx_word' id='word_1_266' title='bbox 1630 930 1637 959; x_wconf 80' lang='lat'><strong>,</strong></span> <span class='ocrx_word' id='word_1_267' title='bbox 1712 893 1946 961; x_wconf 85' lang='lat' dir='ltr'><strong>reponit.</strong></span> <span class='ocrx_word' id='word_1_268' title='bbox 1980 894 2036 950; x_wconf 92' lang='lat' dir='ltr'><strong>Si</strong></span> <span class='ocrx_word' id='word_1_269' title='bbox 2066 912 2175 952; x_wconf 91' lang='lat' dir='ltr'><strong>non</strong></span> <span class='ocrx_word' id='word_1_270' title='bbox 2226 908 2312 954; x_wconf 90' lang='lat' dir='ltr'><strong>est</strong></span> <span class='ocrx_word' id='word_1_271' title='bbox 2360 902 2612 971; x_wconf 89' lang='lat' dir='ltr'><strong>divisum,</strong></span> <span class='ocrx_word' id='word_1_272' title='bbox 2664 905 2757 961; x_wconf 89' lang='lat' dir='ltr'><strong>sed</strong></span> <span class='ocrx_word' id='word_1_273' title='bbox 2805 916 2981 963; x_wconf 87' lang='lat' dir='ltr'><strong>tamen</strong></span> <span class='ocrx_word' id='word_1_274' title='bbox 3038 914 3174 970; x_wconf 90' lang='lat' dir='ltr'><strong>adeo</strong></span> <span class='ocrx_word' id='word_1_275' title='bbox 3212 926 3297 973; x_wconf 87' lang='lat' dir='ltr'><strong>est</strong></span> 
     </span>
    </p>
   </div>
   <div class='ocr_carea' id='block_1_38' title="bbox 1713 983 3289 1074">
    <p class='ocr_par' dir='ltr' id='par_1_38' title="bbox 1713 983 3289 1074">
     <span class='ocr_line' id='line_1_38' title="bbox 1713 983 3289 1074; baseline 0.016 -36"><span class='ocrx_word' id='word_1_276' title='bbox 1713 983 1947 1042; x_wconf 88' lang='lat' dir='ltr'><strong>fractum</strong></span> <span class='ocrx_word' id='word_1_277' title='bbox 2009 997 2069 1044; x_wconf 88' lang='lat' dir='ltr'><strong>ut</strong></span> <span class='ocrx_word' id='word_1_278' title='bbox 2117 1006 2225 1046; x_wconf 90' lang='lat' dir='ltr'><strong>non</strong></span> <span class='ocrx_word' id='word_1_279' title='bbox 2275 993 2349 1048; x_wconf 91' lang='lat' dir='ltr'><strong>sit</strong></span> <span class='ocrx_word' id='word_1_280' title='bbox 2392 994 2573 1051; x_wconf 88' lang='lat' dir='ltr'><strong>habile</strong></span> <span class='ocrx_word' id='word_1_281' title='bbox 2617 997 2687 1051; x_wconf 83' lang='lat' dir='ltr'><strong>ad</strong></span> <span class='ocrx_word' id='word_1_282' title='bbox 2740 1001 3053 1056; x_wconf 87' lang='lat' dir='ltr'><strong>comedendi</strong></span> <span class='ocrx_word' id='word_1_283' title='bbox 3108 1021 3289 1074; x_wconf 92' lang='lat' dir='ltr'><strong>usum,</strong></span> 
     </span>
    </p>
   </div>
   <div class='ocr_carea' id='block_1_39' title="bbox 1698 1078 3293 1153">
    <p class='ocr_par' dir='ltr' id='par_1_39' title="bbox 1698 1078 3293 1153">
     <span class='ocr_line' id='line_1_39' title="bbox 1698 1078 3293 1153; baseline 0.015 -25"><span class='ocrx_word' id='word_1_284' title='bbox 1698 1078 1958 1134; x_wconf 84' lang='lat' dir='ltr'><strong>eumdem</strong></span> <span class='ocrx_word' id='word_1_285' title='bbox 1986 1080 2374 1140; x_wconf 89' lang='lat' dir='ltr'><strong>satisfactionis</strong></span> <span class='ocrx_word' id='word_1_286' title='bbox 2423 1095 2608 1141; x_wconf 79' lang='lat' dir='ltr'><strong>servat</strong></span> <span class='ocrx_word' id='word_1_287' title='bbox 2646 1090 2885 1144; x_wconf 85' lang='lat' dir='ltr'><strong>modum.</strong></span> <span class='ocrx_word' id='word_1_288' title='bbox 2925 1090 2980 1147; x_wconf 91' lang='lat' dir='ltr'><strong>Si</strong></span> <span class='ocrx_word' id='word_1_289' title='bbox 3014 1094 3293 1153; x_wconf 89' lang='lat' dir='ltr'><strong>cultellum</strong></span> 
     </span>
    </p>
   </div>
   <div class='ocr_carea' id='block_1_40' title="bbox 1710 1168 3291 1257">
    <p class='ocr_par' dir='ltr' id='par_1_40' title="bbox 1710 1168 3291 1257">
     <span class='ocr_line' id='line_1_40' title="bbox 1710 1168 3291 1257; baseline 0.015 -36"><span class='ocrx_word' id='word_1_290' title='bbox 1710 1168 1949 1239; x_wconf 82' lang='lat' dir='ltr'><strong>fregerit,</strong></span> <span class='ocrx_word' id='word_1_291' title='bbox 1978 1172 2122 1228; x_wconf 83' lang='lat' dir='ltr'><strong>idem</strong></span> <span class='ocrx_word' id='word_1_292' title='bbox 2147 1172 2303 1241; x_wconf 89' lang='lat' dir='ltr'><strong>facit,</strong></span> <span class='ocrx_word' id='word_1_293' title='bbox 2326 1188 2554 1247; x_wconf 78' lang='lat' dir='ltr'><strong>excepto</strong></span> <span class='ocrx_word' id='word_1_294' title='bbox 2567 1180 2710 1249; x_wconf 93' lang='lat' dir='ltr'><strong>quod</strong></span> <span class='ocrx_word' id='word_1_295' title='bbox 2728 1182 2794 1235; x_wconf 89' lang='lat' dir='ltr'><strong>de</strong></span> <span class='ocrx_word' id='word_1_296' title='bbox 2821 1184 2987 1252; x_wconf 87' lang='lat' dir='ltr'><strong>gradu</strong></span> <span class='ocrx_word' id='word_1_297' title='bbox 3011 1198 3291 1257; x_wconf 89' lang='lat' dir='ltr'><strong>receptum</strong></span> 
     </span>
    </p>
   </div>
   <div class='ocr_carea' id='block_1_41' title="bbox 1705 1260 3291 1345">
    <p class='ocr_par' dir='ltr' id='par_1_41' title="bbox 1705 1260 3291 1345">
     <span class='ocr_line' id='line_1_41' title="bbox 1705 1260 3291 1345; baseline 0.013 -34"><span class='ocrx_word' id='word_1_298' title='bbox 1705 1260 1774 1313; x_wconf 91' lang='lat' dir='ltr'><strong>ad</strong></span> <span class='ocrx_word' id='word_1_299' title='bbox 1806 1274 2049 1316; x_wconf 87' lang='lat' dir='ltr'><strong>mensam</strong></span> <span class='ocrx_word' id='word_1_300' title='bbox 2086 1278 2274 1320; x_wconf 89' lang='lat' dir='ltr'><strong>secum</strong></span> <span class='ocrx_word' id='word_1_301' title='bbox 2311 1276 2572 1336; x_wconf 87' lang='lat' dir='ltr'><strong>reportat,</strong></span> <span class='ocrx_word' id='word_1_302' title='bbox 2604 1279 2660 1323; x_wconf 89' lang='lat' dir='ltr'><strong>et</strong></span> <span class='ocrx_word' id='word_1_303' title='bbox 2690 1271 2742 1325; x_wconf 92' lang='lat' dir='ltr'><strong>in</strong></span> <span class='ocrx_word' id='word_1_304' title='bbox 2769 1273 3013 1341; x_wconf 89' lang='lat' dir='ltr'><strong>vaginam</strong></span> <span class='ocrx_word' id='word_1_305' title='bbox 3056 1279 3291 1345; x_wconf 82' lang='lat' dir='ltr'><strong>reponit,</strong></span> 
     </span>
    </p>
   </div>
   <div class='ocr_carea' id='block_1_42' title="bbox 1703 1351 3291 1429">
    <p class='ocr_par' dir='ltr' id='par_1_42' title="bbox 1703 1351 3291 1429">
     <span class='ocr_line' id='line_1_42' title="bbox 1703 1351 3291 1429; baseline 0.011 -24"><span class='ocrx_word' id='word_1_306' title='bbox 1703 1357 1760 1405; x_wconf 91' lang='lat' dir='ltr'><strong>et</strong></span> <span class='ocrx_word' id='word_1_307' title='bbox 1779 1351 2085 1407; x_wconf 84' lang='lat' dir='ltr'><strong>camerario</strong></span> <span class='ocrx_word' id='word_1_308' title='bbox 2115 1362 2361 1424; x_wconf 82' lang='lat' dir='ltr'><strong>tempore</strong></span> <span class='ocrx_word' id='word_1_309' title='bbox 2411 1372 2675 1429; x_wconf 87' lang='lat' dir='ltr'><strong>congruo,</strong></span> <span class='ocrx_word' id='word_1_310' title='bbox 2718 1371 2773 1415; x_wconf 88' lang='lat' dir='ltr'><strong>ut</strong></span> <span class='ocrx_word' id='word_1_311' title='bbox 2829 1363 3057 1418; x_wconf 84' lang='lat' dir='ltr'><strong>eundem</strong></span> <span class='ocrx_word' id='word_1_312' title='bbox 3092 1368 3291 1423; x_wconf 86' lang='lat' dir='ltr'><strong>reinte-</strong></span> 
     </span>
    </p>
   </div>
   <div class='ocr_carea' id='block_1_43' title="bbox 1702 1444 3288 1520">
    <p class='ocr_par' dir='ltr' id='par_1_43' title="bbox 1702 1444 3288 1520">
     <span class='ocr_line' id='line_1_43' title="bbox 1702 1444 3288 1520; baseline 0.015 -26"><span class='ocrx_word' id='word_1_313' title='bbox 1702 1449 1920 1512; x_wconf 89' lang='lat' dir='ltr'><strong>gratum</strong></span> <span class='ocrx_word' id='word_1_314' title='bbox 1964 1453 2060 1499; x_wconf 85' lang='lat' dir='ltr'><strong>aut</strong></span> <span class='ocrx_word' id='word_1_315' title='bbox 2100 1444 2267 1501; x_wconf 90' lang='lat' dir='ltr'><strong>alium</strong></span> <span class='ocrx_word' id='word_1_316' title='bbox 2317 1449 2580 1520; x_wconf 90' lang='lat' dir='ltr'><strong>recipiat,</strong></span> <span class='ocrx_word' id='word_1_317' title='bbox 2645 1452 2789 1509; x_wconf 92' lang='lat' dir='ltr'><strong>hunc</strong></span> <span class='ocrx_word' id='word_1_318' title='bbox 2842 1455 3040 1511; x_wconf 89' lang='lat' dir='ltr'><strong>reddit.</strong></span> <span class='ocrx_word' id='word_1_319' title='bbox 3109 1459 3288 1519; x_wconf 87' lang='lat' dir='ltr'><strong>Simili</strong></span> 
     </span>
    </p>
   </div>
   <div class='ocr_carea' id='block_1_44' title="bbox 1701 1534 3287 1612">
    <p class='ocr_par' dir='ltr' id='par_1_44' title="bbox 1701 1534 3287 1612">
     <span class='ocr_line' id='line_1_44' title="bbox 1701 1534 3287 1612; baseline 0.014 -24"><span class='ocrx_word' id='word_1_320' title='bbox 1701 1534 1864 1592; x_wconf 89' lang='lat' dir='ltr'><strong>modo</strong></span> <span class='ocrx_word' id='word_1_321' title='bbox 1898 1536 2189 1603; x_wconf 87' lang='lat' dir='ltr'><strong>satisfacit,</strong></span> <span class='ocrx_word' id='word_1_322' title='bbox 2218 1539 2553 1612; x_wconf 87' lang='lat' dir='ltr'><strong>quicumque</strong></span> <span class='ocrx_word' id='word_1_323' title='bbox 2581 1543 2721 1599; x_wconf 92' lang='lat' dir='ltr'><strong>inter</strong></span> <span class='ocrx_word' id='word_1_324' title='bbox 2745 1547 3139 1605; x_wconf 87' lang='lat' dir='ltr'><strong>comedendum</strong></span> <span class='ocrx_word' id='word_1_325' title='bbox 3200 1553 3287 1610; x_wconf 91' lang='lat' dir='ltr'><strong>vel</strong></span> 
     </span>
    </p>
   </div>
   <div class='ocr_carea' id='block_1_45' title="bbox 1698 1622 3285 1701">
    <p class='ocr_par' dir='ltr' id='par_1_45' title="bbox 1698 1622 3285 1701">
     <span class='ocr_line' id='line_1_45' title="bbox 1698 1622 3285 1701; baseline 0.014 -23"><span class='ocrx_word' id='word_1_326' title='bbox 1698 1622 1993 1681; x_wconf 88' lang='lat' dir='ltr'><strong>bibendum</strong></span> <span class='ocrx_word' id='word_1_327' title='bbox 2042 1627 2097 1683; x_wconf 92' lang='lat' dir='ltr'><strong>in</strong></span> <span class='ocrx_word' id='word_1_328' title='bbox 2145 1629 2469 1698; x_wconf 90' lang='lat' dir='ltr'><strong>refectorio,</strong></span> <span class='ocrx_word' id='word_1_329' title='bbox 2527 1632 2611 1688; x_wconf 87' lang='lat' dir='ltr'><strong>vel</strong></span> <span class='ocrx_word' id='word_1_330' title='bbox 2646 1643 2773 1691; x_wconf 90' lang='lat' dir='ltr'><strong>ante</strong></span> <span class='ocrx_word' id='word_1_331' title='bbox 2815 1637 3166 1697; x_wconf 90' lang='lat' dir='ltr'><strong>refectorium</strong></span> <span class='ocrx_word' id='word_1_332' title='bbox 3229 1645 3285 1701; x_wconf 89' lang='lat' dir='ltr'><strong>in</strong></span> 
     </span>
    </p>
   </div>
   <div class='ocr_carea' id='block_1_46' title="bbox 1699 1716 3283 1806">
    <p class='ocr_par' dir='ltr' id='par_1_46' title="bbox 1699 1716 3283 1806">
     <span class='ocr_line' id='line_1_46' title="bbox 1699 1716 3283 1806; baseline 0.015 -36"><span class='ocrx_word' id='word_1_333' title='bbox 1699 1716 1922 1803; x_wconf 80' lang='lat' dir='ltr'><strong>cellario</strong></span> <span class='ocrx_word' id='word_1_334' title='bbox 1957 1718 2198 1779; x_wconf 89' lang='lat' dir='ltr'><strong>velante</strong></span> <span class='ocrx_word' id='word_1_335' title='bbox 2247 1724 2531 1782; x_wconf 90' lang='lat' dir='ltr'><strong>cellarium</strong></span> <span class='ocrx_word' id='word_1_336' title='bbox 2574 1738 2669 1784; x_wconf 90' lang='lat' dir='ltr'><strong>aut</strong></span> <span class='ocrx_word' id='word_1_337' title='bbox 2709 1729 2761 1784; x_wconf 90' lang='lat' dir='ltr'><strong>in</strong></span> <span class='ocrx_word' id='word_1_338' title='bbox 2786 1732 3018 1801; x_wconf 82' lang='lat' dir='ltr'><strong>regulari</strong></span> <span class='ocrx_word' id='word_1_339' title='bbox 3055 1738 3283 1806; x_wconf 91' lang='lat' dir='ltr'><strong>coquina</strong></span> 
     </span>
    </p>
   </div>
   <div class='ocr_carea' id='block_1_47' title="bbox 1625 1783 3282 1896">
    <p class='ocr_par' dir='ltr' id='par_1_47' title="bbox 1625 1783 3282 1896">
     <span class='ocr_line' id='line_1_47' title="bbox 1892 1783 3282 1806; baseline 0.015 -32"><span class='ocrx_word' id='word_1_340' title='bbox 1892 1792 1907 1803; x_wconf 81' lang='lat'><strong><em>_</em></strong></span> <span class='ocrx_word' id='word_1_341' title='bbox 2658 1783 2665 1784; x_wconf 61' lang='lat'><strong><em>,</em></strong></span> <span class='ocrx_word' id='word_1_342' title='bbox 2712 1783 2741 1784; x_wconf 39' lang='grc' dir='ltr'><strong><em>η</em></strong></span> <span class='ocrx_word' id='word_1_343' title='bbox 2788 1783 3018 1801; x_wconf 24' lang='lat' dir='ltr'><strong>qr“---</strong></span> <span class='ocrx_word' id='word_1_344' title='bbox 3060 1783 3282 1806; x_wconf 55' lang='grc' dir='ltr'><strong>την...-</strong></span> 
     </span>
     <span class='ocr_line' id='line_1_48' title="bbox 1625 1783 3282 1896; baseline 0.01 -34"><span class='ocrx_word' id='word_1_345' title='bbox 1625 1783 1671 1844; x_wconf 75' lang='grc' dir='ltr'><strong>Β</strong></span> <span class='ocrx_word' id='word_1_346' title='bbox 1698 1808 1935 1879; x_wconf 88' lang='lat' dir='ltr'><strong>aliquem</strong></span> <span class='ocrx_word' id='word_1_347' title='bbox 1962 1813 2344 1881; x_wconf 64' lang='lat' dir='ltr'><strong>praedictorum</strong></span> <span class='ocrx_word' id='word_1_348' title='bbox 2367 1832 2689 1874; x_wconf 76' lang='lat' dir='ltr'><strong>excessuum</strong></span> <span class='ocrx_word' id='word_1_349' title='bbox 2706 1820 3033 1887; x_wconf 88' lang='lat' dir='ltr'><strong>incurrerit;</strong></span> <span class='ocrx_word' id='word_1_350' title='bbox 3059 1832 3282 1896; x_wconf 75' lang='lat' dir='ltr'><strong>excepto</strong></span> 
     </span>
    </p>
   </div>
   <div class='ocr_carea' id='block_1_48' title="bbox 1694 1902 3278 1983">
    <p class='ocr_par' dir='ltr' id='par_1_48' title="bbox 1694 1902 3278 1983">
     <span class='ocr_line' id='line_1_49' title="bbox 1694 1902 3278 1983; baseline 0.01 -27"><span class='ocrx_word' id='word_1_351' title='bbox 1694 1902 1836 1971; x_wconf 89' lang='lat' dir='ltr'><strong>quod</strong></span> <span class='ocrx_word' id='word_1_352' title='bbox 1866 1918 1967 1972; x_wconf 90' lang='lat' dir='ltr'><strong>pro</strong></span> <span class='ocrx_word' id='word_1_353' title='bbox 1988 1906 2168 1960; x_wconf 84' lang='lat' dir='ltr'><strong>sonitu</strong></span> <span class='ocrx_word' id='word_1_354' title='bbox 2199 1922 2308 1962; x_wconf 88' lang='lat' dir='ltr'><strong>non</strong></span> <span class='ocrx_word' id='word_1_355' title='bbox 2349 1908 2502 1977; x_wconf 87' lang='lat' dir='ltr'><strong>alibi,</strong></span> <span class='ocrx_word' id='word_1_356' title='bbox 2532 1911 2638 1968; x_wconf 86' lang='lat' dir='ltr'><strong>nisi</strong></span> <span class='ocrx_word' id='word_1_357' title='bbox 2689 1912 2744 1969; x_wconf 89' lang='lat' dir='ltr'><strong>in</strong></span> <span class='ocrx_word' id='word_1_358' title='bbox 2776 1913 3086 1983; x_wconf 87' lang='lat' dir='ltr'><strong>refcctorio,</strong></span> <span class='ocrx_word' id='word_1_359' title='bbox 3119 1917 3200 1972; x_wconf 92' lang='lat' dir='ltr'><strong>vel</strong></span> <span class='ocrx_word' id='word_1_360' title='bbox 3225 1918 3278 1973; x_wconf 93' lang='lat' dir='ltr'><strong>in</strong></span> 
     </span>
    </p>
   </div>
   <div class='ocr_carea' id='block_1_49' title="bbox 1694 1996 3277 2078">
    <p class='ocr_par' dir='ltr' id='par_1_49' title="bbox 1694 1996 3277 2078">
     <span class='ocr_line' id='line_1_50' title="bbox 1694 1996 3277 2078; baseline 0.009 -27"><span class='ocrx_word' id='word_1_361' title='bbox 1694 1996 1928 2067; x_wconf 87' lang='lat' dir='ltr'><strong>regulari</strong></span> <span class='ocrx_word' id='word_1_362' title='bbox 1955 2000 2185 2068; x_wconf 88' lang='lat' dir='ltr'><strong>coquina</strong></span> <span class='ocrx_word' id='word_1_363' title='bbox 2221 2000 2422 2065; x_wconf 89' lang='lat' dir='ltr'><strong>taliter,</strong></span> <span class='ocrx_word' id='word_1_364' title='bbox 2469 2012 2528 2058; x_wconf 90' lang='lat' dir='ltr'><strong>ut</strong></span> <span class='ocrx_word' id='word_1_365' title='bbox 2579 2008 2951 2078; x_wconf 59' lang='lat' dir='ltr'><strong>praescriptum</strong></span> <span class='ocrx_word' id='word_1_366' title='bbox 2979 2019 3082 2076; x_wconf 86' lang='lat' dir='ltr'><strong>est,</strong></span> <span class='ocrx_word' id='word_1_367' title='bbox 3115 2012 3277 2075; x_wconf 84' lang='lat' dir='ltr'><strong>facto,</strong></span> 
     </span>
    </p>
   </div>
   <div class='ocr_carea' id='block_1_50' title="bbox 1690 2087 3274 2159">
    <p class='ocr_par' dir='ltr' id='par_1_50' title="bbox 1690 2087 3274 2159">
     <span class='ocr_line' id='line_1_51' title="bbox 1690 2087 3274 2159; baseline 0.012 -19"><span class='ocrx_word' id='word_1_368' title='bbox 1690 2087 1903 2143; x_wconf 89' lang='lat' dir='ltr'><strong>veniam</strong></span> <span class='ocrx_word' id='word_1_369' title='bbox 1934 2092 2088 2159; x_wconf 90' lang='lat' dir='ltr'><strong>petit.</strong></span> <span class='ocrx_word' id='word_1_370' title='bbox 2121 2092 2190 2147; x_wconf 87' lang='lat' dir='ltr'><strong>Et</strong></span> <span class='ocrx_word' id='word_1_371' title='bbox 2219 2092 2263 2148; x_wconf 89' lang='lat' dir='ltr'><strong>si</strong></span> <span class='ocrx_word' id='word_1_372' title='bbox 2295 2096 2592 2151; x_wconf 80' lang='lat' dir='ltr'><strong>sextarium</strong></span> <span class='ocrx_word' id='word_1_373' title='bbox 2624 2097 2733 2152; x_wconf 89' lang='lat' dir='ltr'><strong>vini</strong></span> <span class='ocrx_word' id='word_1_374' title='bbox 2769 2100 2854 2154; x_wconf 90' lang='lat' dir='ltr'><strong>vel</strong></span> <span class='ocrx_word' id='word_1_375' title='bbox 2884 2104 3160 2158; x_wconf 71' lang='lat' dir='ltr'><strong>cerevisiw</strong></span> <span class='ocrx_word' id='word_1_376' title='bbox 3186 2104 3274 2158; x_wconf 87' lang='lat' dir='ltr'><strong>vel</strong></span> 
     </span>
    </p>
   </div>
   <div class='ocr_carea' id='block_1_51' title="bbox 1691 2179 3276 2258">
    <p class='ocr_par' dir='ltr' id='par_1_51' title="bbox 1691 2179 3276 2258">
     <span class='ocr_line' id='line_1_52' title="bbox 1691 2179 3276 2258; baseline 0.011 -25"><span class='ocrx_word' id='word_1_377' title='bbox 1691 2179 1971 2237; x_wconf 86' lang='lat' dir='ltr'><strong>dimidium</strong></span> <span class='ocrx_word' id='word_1_378' title='bbox 2019 2182 2293 2252; x_wconf 69' lang='lat' dir='ltr'><strong>effuderit,</strong></span> <span class='ocrx_word' id='word_1_379' title='bbox 2324 2188 2579 2258; x_wconf 89' lang='lat' dir='ltr'><strong>utrinque</strong></span> <span class='ocrx_word' id='word_1_380' title='bbox 2612 2198 2667 2245; x_wconf 89' lang='lat' dir='ltr'><strong>et</strong></span> <span class='ocrx_word' id='word_1_381' title='bbox 2695 2190 2749 2244; x_wconf 93' lang='lat' dir='ltr'><strong>in</strong></span> <span class='ocrx_word' id='word_1_382' title='bbox 2781 2191 3073 2249; x_wconf 89' lang='lat' dir='ltr'><strong>refectorio</strong></span> <span class='ocrx_word' id='word_1_383' title='bbox 3106 2204 3160 2250; x_wconf 90' lang='lat' dir='ltr'><strong>et</strong></span> <span class='ocrx_word' id='word_1_384' title='bbox 3186 2210 3276 2250; x_wconf 89' lang='lat' dir='ltr'><strong>sc-</strong></span> 
     </span>
    </p>
   </div>
   <div class='ocr_carea' id='block_1_52' title="bbox 1688 2273 3272 2359">
    <p class='ocr_par' dir='ltr' id='par_1_52' title="bbox 1688 2273 3272 2359">
     <span class='ocr_line' id='line_1_53' title="bbox 1688 2273 3272 2359; baseline 0.013 -37"><span class='ocrx_word' id='word_1_385' title='bbox 1688 2273 1875 2341; x_wconf 90' lang='lat' dir='ltr'><strong>qnenti</strong></span> <span class='ocrx_word' id='word_1_386' title='bbox 1900 2274 1986 2328; x_wconf 88' lang='lat' dir='ltr'><strong>die</strong></span> <span class='ocrx_word' id='word_1_387' title='bbox 2009 2275 2062 2330; x_wconf 93' lang='lat' dir='ltr'><strong>in</strong></span> <span class='ocrx_word' id='word_1_388' title='bbox 2091 2277 2329 2348; x_wconf 88' lang='lat' dir='ltr'><strong>capitulo</strong></span> <span class='ocrx_word' id='word_1_389' title='bbox 2359 2293 2457 2348; x_wconf 91' lang='lat' dir='ltr'><strong>pro</strong></span> <span class='ocrx_word' id='word_1_390' title='bbox 2485 2280 2590 2336; x_wconf 87' lang='lat' dir='ltr'><strong>hoc</strong></span> <span class='ocrx_word' id='word_1_391' title='bbox 2613 2281 2903 2338; x_wconf 88' lang='lat' dir='ltr'><strong>satisfacit.</strong></span> <span class='ocrx_word' id='word_1_392' title='bbox 2928 2285 2984 2340; x_wconf 89' lang='lat' dir='ltr'><strong>In</strong></span> <span class='ocrx_word' id='word_1_393' title='bbox 3010 2288 3272 2359; x_wconf 81' lang='lat' dir='ltr'><strong>scyphum</strong></span> 
     </span>
    </p>
   </div>
   <div class='ocr_carea' id='block_1_53' title="bbox 1680 2357 3275 2450">
    <p class='ocr_par' dir='ltr' id='par_1_53' title="bbox 1680 2357 3275 2450">
     <span class='ocr_line' id='line_1_54' title="bbox 1680 2357 3275 2450; baseline 0.014 -37"><span class='ocrx_word' id='word_1_394' title='bbox 1680 2357 1906 2429; x_wconf 76' lang='lat' dir='ltr'><strong>justitize</strong></span> <span class='ocrx_word' id='word_1_395' title='bbox 1944 2365 2092 2436; x_wconf 79' lang='lat' dir='ltr'><strong>(l05)</strong></span> <span class='ocrx_word' id='word_1_396' title='bbox 2143 2369 2546 2440; x_wconf 88' lang='lat' dir='ltr'><strong>superpositum</strong></span> <span class='ocrx_word' id='word_1_397' title='bbox 2605 2374 2737 2429; x_wconf 83' lang='lat' dir='ltr'><strong>nihil</strong></span> <span class='ocrx_word' id='word_1_398' title='bbox 2771 2375 3020 2445; x_wconf 87' lang='lat' dir='ltr'><strong>imponit,</strong></span> <span class='ocrx_word' id='word_1_399' title='bbox 3054 2357 3153 2433; x_wconf 80' lang='lat' dir='ltr'><strong>nec</strong></span> <span class='ocrx_word' id='word_1_400' title='bbox 3181 2395 3275 2450; x_wconf 87' lang='lat' dir='ltr'><strong>pa-</strong></span> 
     </span>
    </p>
   </div>
   <div class='ocr_carea' id='block_1_54' title="bbox 1688 2456 3272 2537">
    <p class='ocr_par' dir='ltr' id='par_1_54' title="bbox 1688 2456 3272 2537">
     <span class='ocr_line' id='line_1_55' title="bbox 1688 2456 3272 2537; baseline 0.015 -28"><span class='ocrx_word' id='word_1_401' title='bbox 1688 2470 1811 2509; x_wconf 75' lang='lat' dir='ltr'><strong>nem</strong></span> <span class='ocrx_word' id='word_1_402' title='bbox 1862 2456 2115 2530; x_wconf 87' lang='lat' dir='ltr'><strong>intingit,</strong></span> <span class='ocrx_word' id='word_1_403' title='bbox 2167 2462 2271 2517; x_wconf 89' lang='lat' dir='ltr'><strong>nisi</strong></span> <span class='ocrx_word' id='word_1_404' title='bbox 2329 2464 2480 2534; x_wconf 90' lang='lat' dir='ltr'><strong>prius</strong></span> <span class='ocrx_word' id='word_1_405' title='bbox 2532 2481 2697 2537; x_wconf 89' lang='lat' dir='ltr'><strong>super</strong></span> <span class='ocrx_word' id='word_1_406' title='bbox 2731 2484 2977 2526; x_wconf 90' lang='lat' dir='ltr'><strong>mensam</strong></span> <span class='ocrx_word' id='word_1_407' title='bbox 3029 2482 3156 2528; x_wconf 90' lang='lat' dir='ltr'><strong>ante</strong></span> <span class='ocrx_word' id='word_1_408' title='bbox 3213 2488 3272 2531; x_wconf 87' lang='lat' dir='ltr'><strong>se</strong></span> 
     </span>
    </p>
   </div>
   <div class='ocr_carea' id='block_1_55' title="bbox 1684 2549 3270 2635">
    <p class='ocr_par' dir='ltr' id='par_1_55' title="bbox 1684 2549 3270 2635">
     <span class='ocr_line' id='line_1_56' title="bbox 1684 2549 3270 2635; baseline 0.013 -34"><span class='ocrx_word' id='word_1_409' title='bbox 1684 2549 1951 2617; x_wconf 91' lang='lat' dir='ltr'><strong>posuerit.</strong></span> <span class='ocrx_word' id='word_1_410' title='bbox 1982 2550 2153 2607; x_wconf 91' lang='lat' dir='ltr'><strong>Simul</strong></span> <span class='ocrx_word' id='word_1_411' title='bbox 2181 2571 2303 2610; x_wconf 92' lang='lat' dir='ltr'><strong>cum</strong></span> <span class='ocrx_word' id='word_1_412' title='bbox 2350 2556 2459 2612; x_wconf 90' lang='lat' dir='ltr'><strong>alio</strong></span> <span class='ocrx_word' id='word_1_413' title='bbox 2506 2558 2677 2616; x_wconf 90' lang='lat' dir='ltr'><strong>fratre</strong></span> <span class='ocrx_word' id='word_1_414' title='bbox 2717 2561 2769 2615; x_wconf 90' lang='lat' dir='ltr'><strong>in</strong></span> <span class='ocrx_word' id='word_1_415' title='bbox 2801 2578 2907 2617; x_wconf 89' lang='lat' dir='ltr'><strong>uno</strong></span> <span class='ocrx_word' id='word_1_416' title='bbox 2928 2567 3131 2635; x_wconf 83' lang='lat' dir='ltr'><strong>scypho</strong></span> <span class='ocrx_word' id='word_1_417' title='bbox 3163 2581 3270 2622; x_wconf 87' lang='lat' dir='ltr'><strong>non</strong></span> 
     </span>
    </p>
   </div>
   <div class='ocr_carea' id='block_1_56' title="bbox 1684 2641 3267 2727">
    <p class='ocr_par' dir='ltr' id='par_1_56' title="bbox 1684 2641 3267 2727">
     <span class='ocr_line' id='line_1_57' title="bbox 1684 2641 3267 2727; baseline 0.011 -31"><span class='ocrx_word' id='word_1_418' title='bbox 1684 2641 1843 2697; x_wconf 91' lang='lat' dir='ltr'><strong>debet</strong></span> <span class='ocrx_word' id='word_1_419' title='bbox 1865 2659 2059 2714; x_wconf 88' lang='lat' dir='ltr'><strong>panem</strong></span> <span class='ocrx_word' id='word_1_420' title='bbox 2093 2646 2379 2719; x_wconf 86' lang='lat' dir='ltr'><strong>intingerc.</strong></span> <span class='ocrx_word' id='word_1_421' title='bbox 2412 2649 2569 2708; x_wconf 86' lang='lat' dir='ltr'><strong>Nulla</strong></span> <span class='ocrx_word' id='word_1_422' title='bbox 2601 2668 2680 2719; x_wconf 91' lang='lat' dir='ltr'><strong>re,</strong></span> <span class='ocrx_word' id='word_1_423' title='bbox 2711 2670 2811 2710; x_wconf 90' lang='lat' dir='ltr'><strong>nec</strong></span> <span class='ocrx_word' id='word_1_424' title='bbox 2843 2658 3006 2711; x_wconf 88' lang='lat' dir='ltr'><strong>etiam</strong></span> <span class='ocrx_word' id='word_1_425' title='bbox 3033 2656 3267 2727; x_wconf 81' lang='lat' dir='ltr'><strong>ﬂabello,</strong></span> 
     </span>
    </p>
   </div>
   <div class='ocr_carea' id='block_1_57' title="bbox 1683 2738 3265 2809">
    <p class='ocr_par' dir='ltr' id='par_1_57' title="bbox 1683 2738 3265 2809">
     <span class='ocr_line' id='line_1_58' title="bbox 1683 2738 3265 2809; baseline 0.013 -22"><span class='ocrx_word' id='word_1_426' title='bbox 1683 2750 1790 2804; x_wconf 92' lang='lat' dir='ltr'><strong>quo</strong></span> <span class='ocrx_word' id='word_1_427' title='bbox 1815 2751 2012 2792; x_wconf 75' lang='lat' dir='ltr'><strong>musca:</strong></span> <span class='ocrx_word' id='word_1_428' title='bbox 2033 2738 2346 2809; x_wconf 87' lang='lat' dir='ltr'><strong>abiguntur,</strong></span> <span class='ocrx_word' id='word_1_429' title='bbox 2379 2744 2432 2796; x_wconf 92' lang='lat' dir='ltr'><strong>in</strong></span> <span class='ocrx_word' id='word_1_430' title='bbox 2455 2752 2644 2801; x_wconf 68' lang='lat' dir='ltr'><strong>testate</strong></span> <span class='ocrx_word' id='word_1_431' title='bbox 2673 2747 2890 2803; x_wconf 89' lang='lat' dir='ltr'><strong>interim</strong></span> <span class='ocrx_word' id='word_1_432' title='bbox 2936 2750 3104 2806; x_wconf 90' lang='lat' dir='ltr'><strong>utitur</strong></span> <span class='ocrx_word' id='word_1_433' title='bbox 3134 2753 3265 2808; x_wconf 89' lang='lat' dir='ltr'><strong>dum</strong></span> 
     </span>
    </p>
   </div>
   <div class='ocr_carea' id='block_1_58' title="bbox 1679 2822 3264 2905">
    <p class='ocr_par' dir='ltr' id='par_1_58' title="bbox 1679 2822 3264 2905">
     <span class='ocr_line' id='line_1_59' title="bbox 1679 2822 3264 2905; baseline 0.013 -28"><span class='ocrx_word' id='word_1_434' title='bbox 1679 2822 1979 2882; x_wconf 79' lang='lat' dir='ltr'><strong>Benedicilc</strong></span> <span class='ocrx_word' id='word_1_435' title='bbox 2014 2842 2176 2898; x_wconf 90' lang='lat' dir='ltr'><strong>super</strong></span> <span class='ocrx_word' id='word_1_436' title='bbox 2219 2830 2401 2886; x_wconf 89' lang='lat' dir='ltr'><strong>cibum</strong></span> <span class='ocrx_word' id='word_1_437' title='bbox 2453 2841 2509 2887; x_wconf 90' lang='lat' dir='ltr'><strong>et</strong></span> <span class='ocrx_word' id='word_1_438' title='bbox 2556 2844 2742 2905; x_wconf 90' lang='lat' dir='ltr'><strong>potum</strong></span> <span class='ocrx_word' id='word_1_439' title='bbox 2774 2838 2953 2893; x_wconf 90' lang='lat' dir='ltr'><strong>datur.</strong></span> <span class='ocrx_word' id='word_1_440' title='bbox 2987 2839 3045 2895; x_wconf 92' lang='lat' dir='ltr'><strong>Si</strong></span> <span class='ocrx_word' id='word_1_441' title='bbox 3084 2853 3264 2897; x_wconf 91' lang='lat' dir='ltr'><strong>autem</strong></span> 
     </span>
    </p>
   </div>
   <div class='ocr_carea' id='block_1_59' title="bbox 1679 2916 3262 3003">
    <p class='ocr_par' dir='ltr' id='par_1_59' title="bbox 1679 2916 3262 3003">
     <span class='ocr_line' id='line_1_60' title="bbox 1679 2916 3262 3003; baseline 0.011 -32"><span class='ocrx_word' id='word_1_442' title='bbox 1679 2916 1823 2973; x_wconf 88' lang='lat' dir='ltr'><strong>inter</strong></span> <span class='ocrx_word' id='word_1_443' title='bbox 1852 2920 2243 2976; x_wconf 88' lang='lat' dir='ltr'><strong>comedendum</strong></span> <span class='ocrx_word' id='word_1_444' title='bbox 2268 2938 2367 2993; x_wconf 90' lang='lat' dir='ltr'><strong>pro</strong></span> <span class='ocrx_word' id='word_1_445' title='bbox 2387 2924 2565 2994; x_wconf 86' lang='lat' dir='ltr'><strong>aliqua</strong></span> <span class='ocrx_word' id='word_1_446' title='bbox 2589 2928 2914 2985; x_wconf 88' lang='lat' dir='ltr'><strong>necessitate</strong></span> <span class='ocrx_word' id='word_1_447' title='bbox 2943 2933 3091 2987; x_wconf 83' lang='lat' dir='ltr'><strong>exire</strong></span> <span class='ocrx_word' id='word_1_448' title='bbox 3114 2935 3262 3003; x_wconf 78' lang='lat' dir='ltr'><strong>cogi-</strong></span> 
     </span>
    </p>
   </div>
   <div class='ocr_carea' id='block_1_60' title="bbox 1679 3014 3263 3091">
    <p class='ocr_par' dir='ltr' id='par_1_60' title="bbox 1679 3014 3263 3091">
     <span class='ocr_line' id='line_1_61' title="bbox 1679 3014 3263 3091; baseline 0.012 -30"><span class='ocrx_word' id='word_1_449' title='bbox 1679 3015 1796 3075; x_wconf 93' lang='lat' dir='ltr'><strong>tur,</strong></span> <span class='ocrx_word' id='word_1_450' title='bbox 1840 3019 2147 3080; x_wconf 87' lang='lat' dir='ltr'><strong>propterea,</strong></span> <span class='ocrx_word' id='word_1_451' title='bbox 2207 3014 2250 3068; x_wconf 92' lang='lat' dir='ltr'><strong>si</strong></span> <span class='ocrx_word' id='word_1_452' title='bbox 2302 3016 2605 3071; x_wconf 88' lang='lat' dir='ltr'><strong>rediturum</strong></span> <span class='ocrx_word' id='word_1_453' title='bbox 2657 3033 2715 3074; x_wconf 91' lang='lat' dir='ltr'><strong>se</strong></span> <span class='ocrx_word' id='word_1_454' title='bbox 2760 3033 2969 3091; x_wconf 89' lang='lat' dir='ltr'><strong>sperat,</strong></span> <span class='ocrx_word' id='word_1_455' title='bbox 3028 3026 3129 3079; x_wconf 88' lang='lat' dir='ltr'><strong>nisi</strong></span> <span class='ocrx_word' id='word_1_456' title='bbox 3189 3028 3263 3080; x_wconf 81' lang='lat' dir='ltr'><strong>sit</strong></span> 
     </span>
    </p>
   </div>
   <div class='ocr_carea' id='block_1_61' title="bbox 59 3100 3257 3203">
    <p class='ocr_par' dir='ltr' id='par_1_61' title="bbox 59 3100 3257 3203">
     <span class='ocr_line' id='line_1_62' title="bbox 59 3100 3257 3203; baseline 0.003 -42"><span class='ocrx_word' id='word_1_457' title='bbox 59 3110 216 3180; x_wconf 87' lang='lat' dir='ltr'><strong>metipsi</strong></span> <span class='ocrx_word' id='word_1_458' title='bbox 241 3112 362 3167; x_wconf 87' lang='lat' dir='ltr'><strong>nihil</strong></span> <span class='ocrx_word' id='word_1_459' title='bbox 388 3128 635 3184; x_wconf 89' lang='lat' dir='ltr'><strong>unquam</strong></span> <span class='ocrx_word' id='word_1_460' title='bbox 684 3120 937 3183; x_wconf 87' lang='lat' dir='ltr'><strong>apportat</strong></span> <span class='ocrx_word' id='word_1_461' title='bbox 976 3110 1143 3165; x_wconf 82' lang='lat' dir='ltr'><strong>frater</strong></span> <span class='ocrx_word' id='word_1_462' title='bbox 1163 3118 1357 3179; x_wconf 68' lang='lat' dir='ltr'><strong>praeter</strong></span> <span class='ocrx_word' id='word_1_463' title='bbox 1384 3110 1483 3175; x_wconf 80' lang='lat' dir='ltr'><strong>sal,</strong></span> <span class='ocrx_word' id='word_1_464' title='bbox 1517 3121 1571 3166; x_wconf 76' lang='lat' dir='ltr'><strong>et</strong></span> <span class='ocrx_word' id='word_1_465' title='bbox 1600 3146 1641 3203; x_wconf 80' lang='lat' dir='ltr'>C</span> <span class='ocrx_word' id='word_1_466' title='bbox 1677 3100 1935 3203; x_wconf 74' lang='lat' dir='ltr'><strong>ostiarius</strong></span> <span class='ocrx_word' id='word_1_467' title='bbox 1987 3102 2040 3157; x_wconf 91' lang='lat' dir='ltr'><strong>in</strong></span> <span class='ocrx_word' id='word_1_468' title='bbox 2088 3106 2437 3177; x_wconf 89' lang='lat' dir='ltr'><strong>susceptione</strong></span> <span class='ocrx_word' id='word_1_469' title='bbox 2468 3106 2742 3179; x_wconf 89' lang='lat' dir='ltr'><strong>hospitum</strong></span> <span class='ocrx_word' id='word_1_470' title='bbox 2771 3127 2876 3166; x_wconf 89' lang='lat' dir='ltr'><strong>non</strong></span> <span class='ocrx_word' id='word_1_471' title='bbox 2906 3112 3163 3184; x_wconf 90' lang='lat' dir='ltr'><strong>loquttur.</strong></span> <span class='ocrx_word' id='word_1_472' title='bbox 3200 3117 3257 3171; x_wconf 84' lang='lat' dir='ltr'><strong>Si</strong></span> 
     </span>
    </p>
   </div>
   <div class='ocr_carea' id='block_1_62' title="bbox 56 3200 1568 3266">
    <p class='ocr_par' dir='ltr' id='par_1_62' title="bbox 56 3200 1568 3266">
     <span class='ocr_line' id='line_1_63' title="bbox 56 3200 1568 3266; baseline 0.003 -13"><span class='ocrx_word' id='word_1_473' title='bbox 56 3212 226 3266; x_wconf 77' lang='lat' dir='ltr'><strong>aquam;</strong></span> <span class='ocrx_word' id='word_1_474' title='bbox 255 3204 303 3257; x_wconf 92' lang='lat' dir='ltr'><strong>ni</strong></span> <span class='ocrx_word' id='word_1_475' title='bbox 330 3203 462 3259; x_wconf 85' lang='lat' dir='ltr'><strong>forte</strong></span> <span class='ocrx_word' id='word_1_476' title='bbox 494 3203 783 3259; x_wconf 88' lang='lat' dir='ltr'><strong>serviendo</strong></span> <span class='ocrx_word' id='word_1_477' title='bbox 811 3202 992 3257; x_wconf 89' lang='lat' dir='ltr'><strong>veniat</strong></span> <span class='ocrx_word' id='word_1_478' title='bbox 1011 3200 1078 3256; x_wconf 90' lang='lat' dir='ltr'><strong>ad</strong></span> <span class='ocrx_word' id='word_1_479' title='bbox 1102 3201 1284 3256; x_wconf 84' lang='lat' dir='ltr'><strong>sedem</strong></span> <span class='ocrx_word' id='word_1_480' title='bbox 1309 3216 1481 3254; x_wconf 88' lang='lat' dir='ltr'><strong>suam.</strong></span> <span class='ocrx_word' id='word_1_481' title='bbox 1511 3201 1568 3257; x_wconf 92' lang='lat' dir='ltr'><strong>Si</strong></span> 
     </span>
    </p>
   </div>
   <div class='ocr_carea' id='block_1_63' title="bbox 56 3291 1570 3365">
    <p class='ocr_par' dir='ltr' id='par_1_63' title="bbox 56 3291 1570 3365">
     <span class='ocr_line' id='line_1_64' title="bbox 56 3291 1570 3365; baseline 0.005 -23"><span class='ocrx_word' id='word_1_482' title='bbox 56 3291 142 3356; x_wconf 82' lang='lat' dir='ltr'><strong>quid</strong></span> <span class='ocrx_word' id='word_1_483' title='bbox 160 3295 199 3347; x_wconf 89' lang='lat' dir='ltr'><strong>ei</strong></span> <span class='ocrx_word' id='word_1_484' title='bbox 220 3310 302 3363; x_wconf 89' lang='lat' dir='ltr'><strong>per</strong></span> <span class='ocrx_word' id='word_1_485' title='bbox 328 3297 495 3350; x_wconf 90' lang='lat' dir='ltr'><strong>alium</strong></span> <span class='ocrx_word' id='word_1_486' title='bbox 528 3303 869 3365; x_wconf 88' lang='lat' dir='ltr'><strong>apportatur,</strong></span> <span class='ocrx_word' id='word_1_487' title='bbox 893 3301 1205 3348; x_wconf 88' lang='lat' dir='ltr'><strong>reverenter</strong></span> <span class='ocrx_word' id='word_1_488' title='bbox 1230 3301 1417 3347; x_wconf 91' lang='lat' dir='ltr'><strong>contra</strong></span> <span class='ocrx_word' id='word_1_489' title='bbox 1446 3308 1570 3362; x_wconf 86' lang='lat' dir='ltr'><strong>por-</strong></span> 
     </span>
    </p>
   </div>
   <div class='ocr_carea' id='block_1_64' title="bbox 55 3380 1568 3453">
    <p class='ocr_par' dir='ltr' id='par_1_64' title="bbox 55 3380 1568 3453">
     <span class='ocr_line' id='line_1_65' title="bbox 55 3380 1568 3453; baseline 0.005 -23"><span class='ocrx_word' id='word_1_490' title='bbox 55 3380 140 3449; x_wconf 79' lang='lat' dir='ltr'><strong>rigit</strong></span> <span class='ocrx_word' id='word_1_491' title='bbox 176 3399 406 3449; x_wconf 82' lang='lat' dir='ltr'><strong>manum,</strong></span> <span class='ocrx_word' id='word_1_492' title='bbox 460 3394 526 3441; x_wconf 85' lang='lat' dir='ltr'><strong>et</strong></span> <span class='ocrx_word' id='word_1_493' title='bbox 579 3384 973 3453; x_wconf 90' lang='lat' dir='ltr'><strong>aliquantulum</strong></span> <span class='ocrx_word' id='word_1_494' title='bbox 1024 3381 1267 3437; x_wconf 88' lang='lat' dir='ltr'><strong>inclinat.</strong></span> <span class='ocrx_word' id='word_1_495' title='bbox 1303 3382 1568 3438; x_wconf 88' lang='lat' dir='ltr'><strong>Similiter</strong></span> 
     </span>
    </p>
   </div>
   <div class='ocr_carea' id='block_1_65' title="bbox 52 3472 1567 3546">
    <p class='ocr_par' dir='ltr' id='par_1_65' title="bbox 52 3472 1567 3546">
     <span class='ocr_line' id='line_1_66' title="bbox 52 3472 1567 3546; baseline 0.004 -23"><span class='ocrx_word' id='word_1_496' title='bbox 52 3472 216 3531; x_wconf 78' lang='lat' dir='ltr'><strong>inclinat</strong></span> <span class='ocrx_word' id='word_1_497' title='bbox 237 3479 296 3532; x_wconf 89' lang='lat' dir='ltr'><strong>ad</strong></span> <span class='ocrx_word' id='word_1_498' title='bbox 320 3478 531 3541; x_wconf 86' lang='lat' dir='ltr'><strong>omnia,</strong></span> <span class='ocrx_word' id='word_1_499' title='bbox 561 3489 681 3546; x_wconf 57' lang='lat' dir='ltr'><strong>qua:</strong></span> <span class='ocrx_word' id='word_1_500' title='bbox 713 3476 816 3530; x_wconf 86' lang='lat' dir='ltr'><strong>sibi</strong></span> <span class='ocrx_word' id='word_1_501' title='bbox 846 3484 974 3531; x_wconf 92' lang='lat' dir='ltr'><strong>tunc</strong></span> <span class='ocrx_word' id='word_1_502' title='bbox 1003 3475 1219 3539; x_wconf 88' lang='lat' dir='ltr'><strong>dantur,</strong></span> <span class='ocrx_word' id='word_1_503' title='bbox 1264 3473 1348 3527; x_wconf 85' lang='lat' dir='ltr'><strong>vel</strong></span> <span class='ocrx_word' id='word_1_504' title='bbox 1401 3490 1567 3545; x_wconf 88' lang='lat' dir='ltr'><strong>appo-</strong></span> 
     </span>
    </p>
   </div>
   <div class='ocr_carea' id='block_1_66' title="bbox 51 3566 1561 3643">
    <p class='ocr_par' dir='ltr' id='par_1_66' title="bbox 51 3566 1561 3643">
     <span class='ocr_line' id='line_1_67' title="bbox 51 3566 1561 3643; baseline 0.003 -25"><span class='ocrx_word' id='word_1_505' title='bbox 51 3580 215 3635; x_wconf 87' lang='lat' dir='ltr'><strong>nuntur,</strong></span> <span class='ocrx_word' id='word_1_506' title='bbox 239 3573 316 3627; x_wconf 82' lang='lat' dir='ltr'><strong>vel</strong></span> <span class='ocrx_word' id='word_1_507' title='bbox 338 3588 456 3643; x_wconf 68' lang='lat' dir='ltr'><strong>qua:</strong></span> <span class='ocrx_word' id='word_1_508' title='bbox 487 3572 559 3626; x_wconf 86' lang='lat' dir='ltr'><strong>ab</strong></span> <span class='ocrx_word' id='word_1_509' title='bbox 580 3585 647 3626; x_wconf 90' lang='lat' dir='ltr'><strong>eo</strong></span> <span class='ocrx_word' id='word_1_510' title='bbox 689 3569 1047 3639; x_wconf 86' lang='lat' dir='ltr'><strong>recipiuntur.</strong></span> <span class='ocrx_word' id='word_1_511' title='bbox 1074 3567 1130 3623; x_wconf 92' lang='lat' dir='ltr'><strong>Si</strong></span> <span class='ocrx_word' id='word_1_512' title='bbox 1159 3566 1286 3637; x_wconf 92' lang='lat' dir='ltr'><strong>quid</strong></span> <span class='ocrx_word' id='word_1_513' title='bbox 1312 3568 1361 3623; x_wconf 91' lang='lat' dir='ltr'><strong>ei</strong></span> <span class='ocrx_word' id='word_1_514' title='bbox 1381 3567 1448 3622; x_wconf 90' lang='lat' dir='ltr'><strong>ab</strong></span> <span class='ocrx_word' id='word_1_515' title='bbox 1475 3583 1561 3633; x_wconf 90' lang='lat' dir='ltr'><strong>eo,</strong></span> 
     </span>
    </p>
   </div>
   <div class='ocr_carea' id='block_1_67' title="bbox 47 3659 1563 3732">
    <p class='ocr_par' dir='ltr' id='par_1_67' title="bbox 47 3659 1563 3732">
     <span class='ocr_line' id='line_1_68' title="bbox 47 3659 1563 3732; baseline 0.002 -22"><span class='ocrx_word' id='word_1_516' title='bbox 47 3660 107 3725; x_wconf 85' lang='lat' dir='ltr'><strong>qui</strong></span> <span class='ocrx_word' id='word_1_517' title='bbox 129 3662 182 3715; x_wconf 85' lang='lat' dir='ltr'><strong>ad</strong></span> <span class='ocrx_word' id='word_1_518' title='bbox 211 3665 397 3719; x_wconf 89' lang='lat' dir='ltr'><strong>scillam</strong></span> <span class='ocrx_word' id='word_1_519' title='bbox 429 3663 615 3727; x_wconf 84' lang='lat' dir='ltr'><strong>sedet,</strong></span> <span class='ocrx_word' id='word_1_520' title='bbox 652 3660 929 3732; x_wconf 86' lang='lat' dir='ltr'><strong>dirigitur,</strong></span> <span class='ocrx_word' id='word_1_521' title='bbox 961 3676 1029 3716; x_wconf 84' lang='lat' dir='ltr'><strong>ex</strong></span> <span class='ocrx_word' id='word_1_522' title='bbox 1074 3669 1188 3715; x_wconf 89' lang='lat' dir='ltr'><strong>toto</strong></span> <span class='ocrx_word' id='word_1_523' title='bbox 1231 3674 1462 3727; x_wconf 84' lang='lat' dir='ltr'><strong>surgens</strong></span> <span class='ocrx_word' id='word_1_524' title='bbox 1487 3659 1563 3713; x_wconf 89' lang='lat' dir='ltr'><strong>al-</strong></span> 
     </span>
    </p>
   </div>
   <div class='ocr_carea' id='block_1_68' title="bbox 48 3750 1559 3828">
    <p class='ocr_par' dir='ltr' id='par_1_68' title="bbox 48 3750 1559 3828">
     <span class='ocr_line' id='line_1_69' title="bbox 48 3750 1559 3828; baseline 0.005 -28"><span class='ocrx_word' id='word_1_525' title='bbox 48 3750 120 3805; x_wconf 87' lang='lat' dir='ltr'><strong>tius</strong></span> <span class='ocrx_word' id='word_1_526' title='bbox 139 3767 297 3810; x_wconf 80' lang='lat' dir='ltr'><strong>contra</strong></span> <span class='ocrx_word' id='word_1_527' title='bbox 315 3758 494 3828; x_wconf 89' lang='lat' dir='ltr'><strong>ipsum</strong></span> <span class='ocrx_word' id='word_1_528' title='bbox 535 3771 725 3811; x_wconf 85' lang='lat' dir='ltr'><strong>versus</strong></span> <span class='ocrx_word' id='word_1_529' title='bbox 759 3755 999 3821; x_wconf 88' lang='lat' dir='ltr'><strong>inclinat,</strong></span> <span class='ocrx_word' id='word_1_530' title='bbox 1030 3752 1242 3810; x_wconf 89' lang='lat' dir='ltr'><strong>etiamsi</strong></span> <span class='ocrx_word' id='word_1_531' title='bbox 1272 3752 1336 3807; x_wconf 88' lang='lat' dir='ltr'><strong>ad</strong></span> <span class='ocrx_word' id='word_1_532' title='bbox 1362 3752 1559 3807; x_wconf 88' lang='lat' dir='ltr'><strong>lineam</strong></span> 
     </span>
    </p>
   </div>
   <div class='ocr_carea' id='block_1_69' title="bbox 43 3845 1560 3921">
    <p class='ocr_par' dir='ltr' id='par_1_69' title="bbox 43 3845 1560 3921">
     <span class='ocr_line' id='line_1_70' title="bbox 43 3845 1560 3921; baseline 0.003 -24"><span class='ocrx_word' id='word_1_533' title='bbox 43 3846 207 3913; x_wconf 81' lang='lat' dir='ltr'><strong>sedeat;</strong></span> <span class='ocrx_word' id='word_1_534' title='bbox 240 3860 291 3904; x_wconf 88' lang='lat' dir='ltr'><strong>et</strong></span> <span class='ocrx_word' id='word_1_535' title='bbox 311 3850 718 3921; x_wconf 86' lang='lat' dir='ltr'><strong>quantumlibet</strong></span> <span class='ocrx_word' id='word_1_536' title='bbox 761 3848 901 3904; x_wconf 90' lang='lat' dir='ltr'><strong>forte</strong></span> <span class='ocrx_word' id='word_1_537' title='bbox 945 3847 1126 3916; x_wconf 90' lang='lat' dir='ltr'><strong>cupiat</strong></span> <span class='ocrx_word' id='word_1_538' title='bbox 1173 3845 1463 3911; x_wconf 86' lang='lat' dir='ltr'><strong>abstinere,</strong></span> <span class='ocrx_word' id='word_1_539' title='bbox 1494 3847 1560 3901; x_wconf 89' lang='lat' dir='ltr'><strong>de</strong></span> 
     </span>
    </p>
   </div>
   <div class='ocr_carea' id='block_1_70' title="bbox 44 3934 1557 4010">
    <p class='ocr_par' dir='ltr' id='par_1_70' title="bbox 44 3934 1557 4010">
     <span class='ocr_line' id='line_1_71' title="bbox 44 3934 1557 4010; baseline 0.003 -24"><span class='ocrx_word' id='word_1_540' title='bbox 44 3934 115 3989; x_wconf 86' lang='lat' dir='ltr'><strong>hoc</strong></span> <span class='ocrx_word' id='word_1_541' title='bbox 143 3950 289 3996; x_wconf 80' lang='lat' dir='ltr'><strong>tamen</strong></span> <span class='ocrx_word' id='word_1_542' title='bbox 320 3959 423 3997; x_wconf 87' lang='lat' dir='ltr'><strong>non</strong></span> <span class='ocrx_word' id='word_1_543' title='bbox 449 3940 680 3997; x_wconf 86' lang='lat' dir='ltr'><strong>dimittit</strong></span> <span class='ocrx_word' id='word_1_544' title='bbox 700 3938 1003 4010; x_wconf 59' lang='lat' dir='ltr'><strong>praelibare.</strong></span> <span class='ocrx_word' id='word_1_545' title='bbox 1029 3935 1322 3990; x_wconf 90' lang='lat' dir='ltr'><strong>Scutellam</strong></span> <span class='ocrx_word' id='word_1_546' title='bbox 1342 3950 1557 4005; x_wconf 89' lang='lat' dir='ltr'><strong>quoque</strong></span> 
     </span>
    </p>
   </div>
   <div class='ocr_carea' id='block_1_71' title="bbox 40 4027 1556 4102">
    <p class='ocr_par' dir='ltr' id='par_1_71' title="bbox 40 4027 1556 4102">
     <span class='ocr_line' id='line_1_72' title="bbox 40 4027 1556 4102; baseline 0.001 -22"><span class='ocrx_word' id='word_1_547' title='bbox 40 4027 213 4095; x_wconf 69' lang='lat' dir='ltr'><strong>applicat</strong></span> <span class='ocrx_word' id='word_1_548' title='bbox 237 4035 298 4086; x_wconf 87' lang='lat' dir='ltr'><strong>ad</strong></span> <span class='ocrx_word' id='word_1_549' title='bbox 343 4034 501 4089; x_wconf 90' lang='lat' dir='ltr'><strong>illum</strong></span> <span class='ocrx_word' id='word_1_550' title='bbox 544 4031 884 4102; x_wconf 87' lang='lat' dir='ltr'><strong>potissimum</strong></span> <span class='ocrx_word' id='word_1_551' title='bbox 919 4027 1139 4082; x_wconf 87' lang='lat' dir='ltr'><strong>fratrem</strong></span> <span class='ocrx_word' id='word_1_552' title='bbox 1171 4028 1263 4096; x_wconf 87' lang='lat' dir='ltr'><strong>qui</strong></span> <span class='ocrx_word' id='word_1_553' title='bbox 1300 4027 1452 4097; x_wconf 80' lang='lat' dir='ltr'><strong>juxta</strong></span> <span class='ocrx_word' id='word_1_554' title='bbox 1494 4040 1556 4082; x_wconf 90' lang='lat' dir='ltr'><strong>se</strong></span> 
     </span>
    </p>
   </div>
   <div class='ocr_carea' id='block_1_72' title="bbox 40 4119 1549 4188">
    <p class='ocr_par' dir='ltr' id='par_1_72' title="bbox 40 4119 1549 4188">
     <span class='ocr_line' id='line_1_73' title="bbox 40 4119 1549 4188; baseline 0.003 -18"><span class='ocrx_word' id='word_1_555' title='bbox 40 4120 225 4184; x_wconf 74' lang='lat' dir='ltr'><strong>superius</strong></span> <span class='ocrx_word' id='word_1_556' title='bbox 261 4125 423 4188; x_wconf 87' lang='lat' dir='ltr'><strong>sedet,</strong></span> <span class='ocrx_word' id='word_1_557' title='bbox 450 4132 519 4178; x_wconf 87' lang='lat' dir='ltr'><strong>ut</strong></span> <span class='ocrx_word' id='word_1_558' title='bbox 562 4122 813 4178; x_wconf 88' lang='lat' dir='ltr'><strong>comedat</strong></span> <span class='ocrx_word' id='word_1_559' title='bbox 859 4134 1043 4176; x_wconf 90' lang='lat' dir='ltr'><strong>secum</strong></span> <span class='ocrx_word' id='word_1_560' title='bbox 1075 4135 1087 4172; x_wconf 92' lang='lat'>:</span> <span class='ocrx_word' id='word_1_561' title='bbox 1138 4120 1182 4173; x_wconf 92' lang='lat' dir='ltr'><strong>si</strong></span> <span class='ocrx_word' id='word_1_562' title='bbox 1217 4119 1261 4174; x_wconf 91' lang='lat' dir='ltr'><strong>is</strong></span> <span class='ocrx_word' id='word_1_563' title='bbox 1290 4120 1549 4187; x_wconf 85' lang='lat' dir='ltr'><strong>renuerit,</strong></span> 
     </span>
    </p>
   </div>
   <div class='ocr_carea' id='block_1_73' title="bbox 39 4211 1551 4285">
    <p class='ocr_par' dir='ltr' id='par_1_73' title="bbox 39 4211 1551 4285">
     <span class='ocr_line' id='line_1_74' title="bbox 39 4211 1551 4285; baseline -0.001 -20"><span class='ocrx_word' id='word_1_564' title='bbox 39 4211 211 4278; x_wconf 68' lang='lat' dir='ltr'><strong>applicat</strong></span> <span class='ocrx_word' id='word_1_565' title='bbox 253 4218 314 4272; x_wconf 89' lang='lat' dir='ltr'><strong>ad</strong></span> <span class='ocrx_word' id='word_1_566' title='bbox 367 4217 689 4273; x_wconf 88' lang='lat' dir='ltr'><strong>inferiorem</strong></span> <span class='ocrx_word' id='word_1_567' title='bbox 733 4234 748 4270; x_wconf 91' lang='lat'><strong>:</strong></span> <span class='ocrx_word' id='word_1_568' title='bbox 782 4216 927 4285; x_wconf 90' lang='lat' dir='ltr'><strong>quod</strong></span> <span class='ocrx_word' id='word_1_569' title='bbox 977 4215 1024 4270; x_wconf 88' lang='lat' dir='ltr'><strong>si</strong></span> <span class='ocrx_word' id='word_1_570' title='bbox 1066 4221 1123 4269; x_wconf 90' lang='lat' dir='ltr'><strong>et</strong></span> <span class='ocrx_word' id='word_1_571' title='bbox 1165 4212 1253 4267; x_wconf 91' lang='lat' dir='ltr'><strong>ille</strong></span> <span class='ocrx_word' id='word_1_572' title='bbox 1294 4211 1551 4281; x_wconf 87' lang='lat' dir='ltr'><strong>noluerit,</strong></span> 
     </span>
    </p>
   </div>
   <div class='ocr_carea' id='block_1_74' title="bbox 37 4304 1549 4375">
    <p class='ocr_par' dir='ltr' id='par_1_74' title="bbox 37 4304 1549 4375">
     <span class='ocr_line' id='line_1_75' title="bbox 37 4304 1549 4375; baseline 0.007 -26"><span class='ocrx_word' id='word_1_573' title='bbox 37 4308 311 4364; x_wconf 80' lang='lat' dir='ltr'><strong>quantumvis</strong></span> <span class='ocrx_word' id='word_1_574' title='bbox 360 4315 664 4371; x_wconf 87' lang='lat' dir='ltr'><strong>remaneat,</strong></span> <span class='ocrx_word' id='word_1_575' title='bbox 710 4306 855 4375; x_wconf 88' lang='lat' dir='ltr'><strong>quod</strong></span> <span class='ocrx_word' id='word_1_576' title='bbox 905 4304 1097 4371; x_wconf 90' lang='lat' dir='ltr'><strong>noluit,</strong></span> <span class='ocrx_word' id='word_1_577' title='bbox 1148 4305 1231 4359; x_wconf 91' lang='lat' dir='ltr'><strong>vel</strong></span> <span class='ocrx_word' id='word_1_578' title='bbox 1265 4306 1407 4373; x_wconf 89' lang='lat' dir='ltr'><strong>quod</strong></span> <span class='ocrx_word' id='word_1_579' title='bbox 1441 4320 1549 4360; x_wconf 83' lang='lat' dir='ltr'><strong>non</strong></span> 
     </span>
    </p>
   </div>
   <div class='ocr_carea' id='block_1_75' title="bbox 36 4392 1550 4467">
    <p class='ocr_par' dir='ltr' id='par_1_75' title="bbox 36 4392 1550 4467">
     <span class='ocr_line' id='line_1_76' title="bbox 36 4392 1550 4467; baseline -0.003 -14"><span class='ocrx_word' id='word_1_580' title='bbox 36 4392 157 4453; x_wconf 62' lang='lat' dir='ltr'><strong>Doluit</strong></span> <span class='ocrx_word' id='word_1_581' title='bbox 180 4396 470 4465; x_wconf 86' lang='lat' dir='ltr'><strong>comedere,</strong></span> <span class='ocrx_word' id='word_1_582' title='bbox 500 4412 603 4451; x_wconf 92' lang='lat' dir='ltr'><strong>non</strong></span> <span class='ocrx_word' id='word_1_583' title='bbox 637 4396 803 4451; x_wconf 92' lang='lat' dir='ltr'><strong>mittit</strong></span> <span class='ocrx_word' id='word_1_584' title='bbox 823 4410 1097 4466; x_wconf 90' lang='lat' dir='ltr'><strong>quoquam</strong></span> <span class='ocrx_word' id='word_1_585' title='bbox 1123 4395 1336 4467; x_wconf 85' lang='lat' dir='ltr'><strong>longius</strong></span> <span class='ocrx_word' id='word_1_586' title='bbox 1360 4396 1427 4450; x_wconf 90' lang='lat' dir='ltr'><strong>ad</strong></span> <span class='ocrx_word' id='word_1_587' title='bbox 1452 4394 1550 4449; x_wconf 88' lang='lat' dir='ltr'><strong>ali-</strong></span> 
     </span>
    </p>
   </div>
   <div class='ocr_carea' id='block_1_76' title="bbox 1678 3193 3260 3267">
    <p class='ocr_par' dir='ltr' id='par_1_76' title="bbox 1678 3193 3260 3267">
     <span class='ocr_line' id='line_1_77' title="bbox 1678 3193 3260 3267; baseline 0.013 -25"><span class='ocrx_word' id='word_1_588' title='bbox 1678 3206 1808 3247; x_wconf 90' lang='lat' dir='ltr'><strong>vero</strong></span> <span class='ocrx_word' id='word_1_589' title='bbox 1837 3193 1914 3246; x_wconf 90' lang='lat' dir='ltr'><strong>illi</strong></span> <span class='ocrx_word' id='word_1_590' title='bbox 1955 3210 2100 3257; x_wconf 83' lang='lat' dir='ltr'><strong>mox,</strong></span> <span class='ocrx_word' id='word_1_591' title='bbox 2152 3204 2211 3251; x_wconf 91' lang='lat' dir='ltr'><strong>ut</strong></span> <span class='ocrx_word' id='word_1_592' title='bbox 2261 3212 2553 3267; x_wconf 87' lang='lat' dir='ltr'><strong>parumper</strong></span> <span class='ocrx_word' id='word_1_593' title='bbox 2592 3203 2913 3266; x_wconf 88' lang='lat' dir='ltr'><strong>comederit,</strong></span> <span class='ocrx_word' id='word_1_594' title='bbox 2943 3221 3145 3261; x_wconf 84' lang='lat' dir='ltr'><strong>nausea</strong></span> <span class='ocrx_word' id='word_1_595' title='bbox 3178 3207 3260 3262; x_wconf 87' lang='lat' dir='ltr'><strong>vel</strong></span> 
     </span>
    </p>
   </div>
   <div class='ocr_carea' id='block_1_77' title="bbox 1673 3283 3258 3357">
    <p class='ocr_par' dir='ltr' id='par_1_77' title="bbox 1673 3283 3258 3357">
     <span class='ocr_line' id='line_1_78' title="bbox 1673 3283 3258 3357; baseline 0.012 -20"><span class='ocrx_word' id='word_1_596' title='bbox 1673 3283 1812 3339; x_wconf 75' lang='lat' dir='ltr'><strong>ﬂuor</strong></span> <span class='ocrx_word' id='word_1_597' title='bbox 1836 3287 2118 3356; x_wconf 84' lang='lat' dir='ltr'><strong>sanguinis</strong></span> <span class='ocrx_word' id='word_1_598' title='bbox 2149 3298 2432 3357; x_wconf 79' lang='lat' dir='ltr'><strong>ingruerit,</strong></span> <span class='ocrx_word' id='word_1_599' title='bbox 2466 3294 2567 3356; x_wconf 86' lang='lat' dir='ltr'><strong>ita,</strong></span> <span class='ocrx_word' id='word_1_600' title='bbox 2607 3302 2667 3347; x_wconf 93' lang='lat' dir='ltr'><strong>ut</strong></span> <span class='ocrx_word' id='word_1_601' title='bbox 2718 3293 2784 3347; x_wconf 89' lang='lat' dir='ltr'><strong>ad</strong></span> <span class='ocrx_word' id='word_1_602' title='bbox 2829 3300 3073 3352; x_wconf 88' lang='lat' dir='ltr'><strong>eamdem</strong></span> <span class='ocrx_word' id='word_1_603' title='bbox 3119 3299 3258 3355; x_wconf 85' lang='lat' dir='ltr'><strong>refe-</strong></span> 
     </span>
    </p>
   </div>
   <div class='ocr_carea' id='block_1_78' title="bbox 1670 3376 3255 3453">
    <p class='ocr_par' dir='ltr' id='par_1_78' title="bbox 1670 3376 3255 3453">
     <span class='ocr_line' id='line_1_79' title="bbox 1670 3376 3255 3453; baseline 0.009 -22"><span class='ocrx_word' id='word_1_604' title='bbox 1670 3376 1905 3432; x_wconf 85' lang='lat' dir='ltr'><strong>ctionem</strong></span> <span class='ocrx_word' id='word_1_605' title='bbox 1935 3380 2110 3434; x_wconf 90' lang='lat' dir='ltr'><strong>redire</strong></span> <span class='ocrx_word' id='word_1_606' title='bbox 2133 3396 2239 3435; x_wconf 91' lang='lat' dir='ltr'><strong>non</strong></span> <span class='ocrx_word' id='word_1_607' title='bbox 2265 3383 2459 3451; x_wconf 89' lang='lat' dir='ltr'><strong>possit,</strong></span> <span class='ocrx_word' id='word_1_608' title='bbox 2490 3393 2683 3453; x_wconf 86' lang='lat' dir='ltr'><strong>postea</strong></span> <span class='ocrx_word' id='word_1_609' title='bbox 2699 3402 2822 3442; x_wconf 91' lang='lat' dir='ltr'><strong>cum</strong></span> <span class='ocrx_word' id='word_1_610' title='bbox 2853 3390 3117 3446; x_wconf 89' lang='lat' dir='ltr'><strong>ministris</strong></span> <span class='ocrx_word' id='word_1_611' title='bbox 3138 3392 3255 3446; x_wconf 88' lang='lat' dir='ltr'><strong>sine</strong></span> 
     </span>
    </p>
   </div>
   <div class='ocr_carea' id='block_1_79' title="bbox 1668 3464 2123 3524">
    <p class='ocr_par' dir='ltr' id='par_1_79' title="bbox 1668 3464 2123 3524">
     <span class='ocr_line' id='line_1_80' title="bbox 1668 3464 2123 3524; baseline 0.013 -6"><span class='ocrx_word' id='word_1_612' title='bbox 1668 3464 1889 3522; x_wconf 86' lang='lat' dir='ltr'><strong>licentia</strong></span> <span class='ocrx_word' id='word_1_613' title='bbox 1925 3468 2123 3524; x_wconf 81' lang='lat' dir='ltr'><strong>reficit.</strong></span> 
     </span>
    </p>
   </div>
   <div class='ocr_carea' id='block_1_80' title="bbox 1739 3558 3249 3642">
    <p class='ocr_par' dir='ltr' id='par_1_80' title="bbox 1739 3558 3249 3642">
     <span class='ocr_line' id='line_1_81' title="bbox 1739 3558 3249 3642; baseline 0.01 -29"><span class='ocrx_word' id='word_1_614' title='bbox 1739 3558 1877 3631; x_wconf 74' lang='grc' dir='ltr'><strong>(ω.)</strong></span> <span class='ocrx_word' id='word_1_615' title='bbox 1916 3560 1993 3614; x_wconf 86' lang='lat' dir='ltr'><strong>De</strong></span> <span class='ocrx_word' id='word_1_616' title='bbox 2027 3562 2184 3619; x_wconf 89' lang='lat' dir='ltr'><strong>micis</strong></span> <span class='ocrx_word' id='word_1_617' title='bbox 2229 3565 2643 3637; x_wconf 87' lang='lat' dir='ltr'><strong>diligentissime</strong></span> <span class='ocrx_word' id='word_1_618' title='bbox 2690 3580 2868 3636; x_wconf 89' lang='lat' dir='ltr'><strong>cavet,</strong></span> <span class='ocrx_word' id='word_1_619' title='bbox 2913 3585 2981 3627; x_wconf 91' lang='lat' dir='ltr'><strong>ne</strong></span> <span class='ocrx_word' id='word_1_620' title='bbox 3012 3572 3139 3642; x_wconf 89' lang='lat' dir='ltr'><strong>quid</strong></span> <span class='ocrx_word' id='word_1_621' title='bbox 3168 3574 3249 3628; x_wconf 83' lang='lat' dir='ltr'><strong>vel</strong></span> 
     </span>
    </p>
   </div>
   <div class='ocr_carea' id='block_1_81' title="bbox 1664 3652 3275 3743">
    <p class='ocr_par' dir='ltr' id='par_1_81' title="bbox 1664 3652 3275 3743">
     <span class='ocr_line' id='line_1_82' title="bbox 1664 3652 3275 3743; baseline 0.01 -37"><span class='ocrx_word' id='word_1_622' title='bbox 1664 3652 2089 3709; x_wconf 89' lang='lat' dir='ltr'><strong>minutissimum</strong></span> <span class='ocrx_word' id='word_1_623' title='bbox 2120 3657 2278 3713; x_wconf 80' lang='lat' dir='ltr'><strong>cadat</strong></span> <span class='ocrx_word' id='word_1_624' title='bbox 2309 3670 2363 3714; x_wconf 90' lang='lat' dir='ltr'><strong>et</strong></span> <span class='ocrx_word' id='word_1_625' title='bbox 2392 3672 2599 3731; x_wconf 92' lang='lat' dir='ltr'><strong>pereat.</strong></span> <span class='ocrx_word' id='word_1_626' title='bbox 2630 3663 2763 3718; x_wconf 91' lang='lat' dir='ltr'><strong>Cum</strong></span> <span class='ocrx_word' id='word_1_627' title='bbox 2806 3665 3022 3720; x_wconf 86' lang='lat' dir='ltr'><strong>cultello</strong></span> <span class='ocrx_word' id='word_1_628' title='bbox 3070 3666 3275 3743; x_wconf 62' lang='lat' dir='ltr'><strong>aufert</strong></span> 
     </span>
    </p>
   </div>
   <div class='ocr_carea' id='block_1_82' title="bbox 1661 3751 3246 3820">
    <p class='ocr_par' dir='ltr' id='par_1_82' title="bbox 1661 3751 3246 3820">
     <span class='ocr_line' id='line_1_83' title="bbox 1661 3751 3246 3820; baseline 0.006 -16"><span class='ocrx_word' id='word_1_629' title='bbox 1661 3763 1758 3807; x_wconf 84' lang='lat' dir='ltr'><strong>eas</strong></span> <span class='ocrx_word' id='word_1_630' title='bbox 1787 3751 1854 3804; x_wconf 91' lang='lat' dir='ltr'><strong>de</strong></span> <span class='ocrx_word' id='word_1_631' title='bbox 1886 3752 2135 3820; x_wconf 87' lang='lat' dir='ltr'><strong>tnensali,</strong></span> <span class='ocrx_word' id='word_1_632' title='bbox 2166 3762 2225 3807; x_wconf 92' lang='lat' dir='ltr'><strong>ut</strong></span> <span class='ocrx_word' id='word_1_633' title='bbox 2248 3756 2315 3810; x_wconf 91' lang='lat' dir='ltr'><strong>ad</strong></span> <span class='ocrx_word' id='word_1_634' title='bbox 2343 3754 2592 3812; x_wconf 87' lang='lat' dir='ltr'><strong>ultimum</strong></span> <span class='ocrx_word' id='word_1_635' title='bbox 2617 3772 2739 3812; x_wconf 92' lang='lat' dir='ltr'><strong>cum</strong></span> <span class='ocrx_word' id='word_1_636' title='bbox 2778 3758 2990 3813; x_wconf 86' lang='lat' dir='ltr'><strong>llehello</strong></span> <span class='ocrx_word' id='word_1_637' title='bbox 3033 3760 3098 3814; x_wconf 91' lang='lat' dir='ltr'><strong>ad</strong></span> <span class='ocrx_word' id='word_1_638' title='bbox 3142 3760 3246 3815; x_wconf 90' lang='lat' dir='ltr'><strong>hoc</strong></span> 
     </span>
    </p>
   </div>
   <div class='ocr_carea' id='block_1_83' title="bbox 1662 3844 3243 3923">
    <p class='ocr_par' dir='ltr' id='par_1_83' title="bbox 1662 3844 3243 3923">
     <span class='ocr_line' id='line_1_84' title="bbox 1662 3844 3243 3923; baseline 0.008 -29"><span class='ocrx_word' id='word_1_639' title='bbox 1662 3850 1848 3915; x_wconf 84' lang='lat' dir='ltr'><strong>aptato</strong></span> <span class='ocrx_word' id='word_1_640' title='bbox 1893 3844 1949 3898; x_wconf 89' lang='lat' dir='ltr'><strong>in</strong></span> <span class='ocrx_word' id='word_1_641' title='bbox 1998 3845 2226 3902; x_wconf 90' lang='lat' dir='ltr'><strong>scutella</strong></span> <span class='ocrx_word' id='word_1_642' title='bbox 2279 3847 2606 3917; x_wconf 79' lang='lat' dir='ltr'><strong>colligantur</strong></span> <span class='ocrx_word' id='word_1_643' title='bbox 2647 3858 2702 3904; x_wconf 88' lang='lat' dir='ltr'><strong>et</strong></span> <span class='ocrx_word' id='word_1_644' title='bbox 2753 3850 2820 3905; x_wconf 90' lang='lat' dir='ltr'><strong>ad</strong></span> <span class='ocrx_word' id='word_1_645' title='bbox 2846 3850 3243 3923; x_wconf 84' lang='lat' dir='ltr'><strong>elecmosynam</strong></span> 
     </span>
    </p>
   </div>
   <div class='ocr_carea' id='block_1_84' title="bbox 1659 3931 3245 4007">
    <p class='ocr_par' dir='ltr' id='par_1_84' title="bbox 1659 3931 3245 4007">
     <span class='ocr_line' id='line_1_85' title="bbox 1659 3931 3245 4007; baseline 0.007 -20"><span class='ocrx_word' id='word_1_646' title='bbox 1659 3931 1991 3989; x_wconf 88' lang='lat' dir='ltr'><strong>deferantur.</strong></span> <span class='ocrx_word' id='word_1_647' title='bbox 2008 3936 2169 4007; x_wconf 67' lang='lat' dir='ltr'><strong>(van)</strong></span> <span class='ocrx_word' id='word_1_648' title='bbox 2186 3936 2451 4003; x_wconf 86' lang='lat' dir='ltr'><strong>Quamdiu</strong></span> <span class='ocrx_word' id='word_1_649' title='bbox 2476 3948 2659 3994; x_wconf 87' lang='lat' dir='ltr'><strong>antem</strong></span> <span class='ocrx_word' id='word_1_650' title='bbox 2682 3956 2713 3995; x_wconf 87' lang='lat' dir='ltr'><strong>a</strong></span> <span class='ocrx_word' id='word_1_651' title='bbox 2735 3952 3002 3998; x_wconf 87' lang='lat' dir='ltr'><strong>conventu</strong></span> <span class='ocrx_word' id='word_1_652' title='bbox 3032 3959 3137 4000; x_wconf 89' lang='lat' dir='ltr'><strong>non</strong></span> <span class='ocrx_word' id='word_1_653' title='bbox 3160 3953 3245 3999; x_wconf 88' lang='lat' dir='ltr'><strong>cst</strong></span> 
     </span>
    </p>
   </div>
   <div class='ocr_carea' id='block_1_85' title="bbox 1656 4029 3239 4106">
    <p class='ocr_par' dir='ltr' id='par_1_85' title="bbox 1656 4029 3239 4106">
     <span class='ocr_line' id='line_1_86' title="bbox 1656 4029 3239 4106; baseline 0.007 -26"><span class='ocrx_word' id='word_1_654' title='bbox 1656 4036 1960 4096; x_wconf 83' lang='lat' dir='ltr'><strong>separatus,</strong></span> <span class='ocrx_word' id='word_1_655' title='bbox 2005 4036 2064 4083; x_wconf 90' lang='lat' dir='ltr'><strong>ut</strong></span> <span class='ocrx_word' id='word_1_656' title='bbox 2111 4029 2336 4085; x_wconf 88' lang='lat' dir='ltr'><strong>sitcum</strong></span> <span class='ocrx_word' id='word_1_657' title='bbox 2387 4031 2640 4098; x_wconf 82' lang='lat' dir='ltr'><strong>inﬁrmis,</strong></span> <span class='ocrx_word' id='word_1_658' title='bbox 2685 4048 2786 4088; x_wconf 89' lang='lat' dir='ltr'><strong>nec</strong></span> <span class='ocrx_word' id='word_1_659' title='bbox 2815 4049 2982 4088; x_wconf 89' lang='lat' dir='ltr'><strong>unum</strong></span> <span class='ocrx_word' id='word_1_660' title='bbox 3013 4052 3239 4106; x_wconf 86' lang='lat' dir='ltr'><strong>granum</strong></span> 
     </span>
    </p>
   </div>
   <div class='ocr_carea' id='block_1_86' title="bbox 1655 4116 3240 4194">
    <p class='ocr_par' dir='ltr' id='par_1_86' title="bbox 1655 4116 3240 4194">
     <span class='ocr_line' id='line_1_87' title="bbox 1655 4116 3240 4194; baseline 0.006 -24"><span class='ocrx_word' id='word_1_661' title='bbox 1655 4116 1860 4193; x_wconf 88' lang='lat' dir='ltr'><strong>piperis</strong></span> <span class='ocrx_word' id='word_1_662' title='bbox 1888 4125 2089 4186; x_wconf 83' lang='lat' dir='ltr'><strong>gustat,</strong></span> <span class='ocrx_word' id='word_1_663' title='bbox 2125 4134 2229 4174; x_wconf 90' lang='lat' dir='ltr'><strong>nec</strong></span> <span class='ocrx_word' id='word_1_664' title='bbox 2261 4120 2557 4189; x_wconf 82' lang='lat' dir='ltr'><strong>quidquam</strong></span> <span class='ocrx_word' id='word_1_665' title='bbox 2585 4123 2691 4177; x_wconf 92' lang='lat' dir='ltr'><strong>cibi</strong></span> <span class='ocrx_word' id='word_1_666' title='bbox 2716 4132 2808 4179; x_wconf 88' lang='lat' dir='ltr'><strong>aut</strong></span> <span class='ocrx_word' id='word_1_667' title='bbox 2833 4134 3020 4194; x_wconf 88' lang='lat' dir='ltr'><strong>potus,</strong></span> <span class='ocrx_word' id='word_1_668' title='bbox 3053 4127 3154 4179; x_wconf 86' lang='lat' dir='ltr'><strong>nisi</strong></span> <span class='ocrx_word' id='word_1_669' title='bbox 3184 4125 3240 4180; x_wconf 89' lang='lat' dir='ltr'><strong>in</strong></span> 
     </span>
    </p>
   </div>
   <div class='ocr_carea' id='block_1_87' title="bbox 1655 4207 3236 4283">
    <p class='ocr_par' dir='ltr' id='par_1_87' title="bbox 1655 4207 3236 4283">
     <span class='ocr_line' id='line_1_88' title="bbox 1655 4207 3236 4283; baseline 0.005 -22"><span class='ocrx_word' id='word_1_670' title='bbox 1655 4207 1944 4264; x_wconf 87' lang='lat' dir='ltr'><strong>refectorio</strong></span> <span class='ocrx_word' id='word_1_671' title='bbox 1997 4210 2249 4279; x_wconf 89' lang='lat' dir='ltr'><strong>percipit.</strong></span> <span class='ocrx_word' id='word_1_672' title='bbox 2300 4210 2587 4281; x_wconf 86' lang='lat' dir='ltr'><strong>Nunquam</strong></span> <span class='ocrx_word' id='word_1_673' title='bbox 2635 4214 2795 4277; x_wconf 91' lang='lat' dir='ltr'><strong>bibit,</strong></span> <span class='ocrx_word' id='word_1_674' title='bbox 2850 4215 2950 4269; x_wconf 92' lang='lat' dir='ltr'><strong>nisi</strong></span> <span class='ocrx_word' id='word_1_675' title='bbox 2996 4225 3236 4283; x_wconf 88' lang='lat' dir='ltr'><strong>pateram</strong></span> 
     </span>
    </p>
   </div>
   <div class='ocr_carea' id='block_1_88' title="bbox 1654 4300 3237 4376">
    <p class='ocr_par' dir='ltr' id='par_1_88' title="bbox 1654 4300 3237 4376">
     <span class='ocr_line' id='line_1_89' title="bbox 1654 4300 3237 4376; baseline 0.006 -23"><span class='ocrx_word' id='word_1_676' title='bbox 1654 4314 1776 4353; x_wconf 90' lang='lat' dir='ltr'><strong>cum</strong></span> <span class='ocrx_word' id='word_1_677' title='bbox 1805 4300 2068 4355; x_wconf 86' lang='lat' dir='ltr'><strong>ambabus</strong></span> <span class='ocrx_word' id='word_1_678' title='bbox 2095 4302 2349 4358; x_wconf 89' lang='lat' dir='ltr'><strong>manibus</strong></span> <span class='ocrx_word' id='word_1_679' title='bbox 2372 4305 2602 4357; x_wconf 89' lang='lat' dir='ltr'><strong>tenendo</strong></span> <span class='ocrx_word' id='word_1_680' title='bbox 2626 4305 2878 4376; x_wconf 82' lang='lat' dir='ltr'><strong>(excepto</strong></span> <span class='ocrx_word' id='word_1_681' title='bbox 2918 4306 3149 4375; x_wconf 90' lang='lat' dir='ltr'><strong>minuto)</strong></span> <span class='ocrx_word' id='word_1_682' title='bbox 3178 4317 3237 4363; x_wconf 88' lang='lat' dir='ltr'><strong>et</strong></span> 
     </span>
    </p>
   </div>
   <div class='ocr_carea' id='block_1_89' title="bbox 1652 4391 3230 4462">
    <p class='ocr_par' dir='ltr' id='par_1_89' title="bbox 1652 4391 3230 4462">
     <span class='ocr_line' id='line_1_90' title="bbox 1652 4391 3230 4462; baseline 0.005 -19"><span class='ocrx_word' id='word_1_683' title='bbox 1652 4404 1929 4459; x_wconf 82' lang='lat' dir='ltr'><strong>nunquam</strong></span> <span class='ocrx_word' id='word_1_684' title='bbox 1959 4391 2062 4446; x_wconf 89' lang='lat' dir='ltr'><strong>nisi</strong></span> <span class='ocrx_word' id='word_1_685' title='bbox 2094 4391 2353 4446; x_wconf 87' lang='lat' dir='ltr'><strong>sedendo.</strong></span> <span class='ocrx_word' id='word_1_686' title='bbox 2384 4393 2400 4412; x_wconf 83' lang='grc'>⁶</span> <span class='ocrx_word' id='word_1_687' title='bbox 2436 4391 2490 4446; x_wconf 90' lang='lat' dir='ltr'><strong>Si</strong></span> <span class='ocrx_word' id='word_1_688' title='bbox 2516 4402 2801 4462; x_wconf 86' lang='lat' dir='ltr'><strong>postquam</strong></span> <span class='ocrx_word' id='word_1_689' title='bbox 2834 4395 2981 4450; x_wconf 85' lang='lat' dir='ltr'><strong>scilla</strong></span> <span class='ocrx_word' id='word_1_690' title='bbox 3007 4395 3230 4451; x_wconf 87' lang='lat' dir='ltr'><strong>dimissa</strong></span> 
     </span>
    </p>
   </div>
   <div class='ocr_carea' id='block_1_90' title="bbox 36 4479 3233 4559">
    <p class='ocr_par' dir='ltr' id='par_1_90' title="bbox 36 4479 3233 4559">
     <span class='ocr_line' id='line_1_91' title="bbox 36 4479 3233 4559; baseline 0.004 -26"><span class='ocrx_word' id='word_1_691' title='bbox 36 4494 146 4545; x_wconf 71' lang='lat' dir='ltr'><strong>quem</strong></span> <span class='ocrx_word' id='word_1_692' title='bbox 170 4484 372 4544; x_wconf 87' lang='lat' dir='ltr'><strong>fratrem</strong></span> <span class='ocrx_word' id='word_1_693' title='bbox 396 4503 502 4559; x_wconf 90' lang='lat' dir='ltr'><strong>pro</strong></span> <span class='ocrx_word' id='word_1_694' title='bbox 542 4488 651 4543; x_wconf 90' lang='lat' dir='ltr'><strong>ulla</strong></span> <span class='ocrx_word' id='word_1_695' title='bbox 689 4488 866 4559; x_wconf 87' lang='lat' dir='ltr'><strong>gratia</strong></span> <span class='ocrx_word' id='word_1_696' title='bbox 895 4488 1127 4557; x_wconf 82' lang='lat' dir='ltr'><strong>privata,</strong></span> <span class='ocrx_word' id='word_1_697' title='bbox 1154 4488 1250 4542; x_wconf 88' lang='lat' dir='ltr'><strong>sed</strong></span> <span class='ocrx_word' id='word_1_698' title='bbox 1276 4494 1455 4541; x_wconf 83' lang='lat' dir='ltr'><strong>tamen</strong></span> <span class='ocrx_word' id='word_1_699' title='bbox 1490 4493 1547 4539; x_wconf 92' lang='lat' dir='ltr'><strong>ut</strong></span> <span class='ocrx_word' id='word_1_700' title='bbox 1576 4490 1627 4550; x_wconf 77' lang='grc' dir='ltr'><strong>Ι)</strong></span> <span class='ocrx_word' id='word_1_701' title='bbox 1652 4479 1817 4537; x_wconf 88' lang='lat' dir='ltr'><strong>fuerit</strong></span> <span class='ocrx_word' id='word_1_702' title='bbox 1859 4490 2012 4538; x_wconf 78' lang='lat' dir='ltr'><strong>extra</strong></span> <span class='ocrx_word' id='word_1_703' title='bbox 2063 4484 2263 4539; x_wconf 88' lang='lat' dir='ltr'><strong>ostium</strong></span> <span class='ocrx_word' id='word_1_704' title='bbox 2323 4486 2667 4551; x_wconf 88' lang='lat' dir='ltr'><strong>remanserit,</strong></span> <span class='ocrx_word' id='word_1_705' title='bbox 2721 4486 2867 4543; x_wconf 92' lang='lat' dir='ltr'><strong>nullo</strong></span> <span class='ocrx_word' id='word_1_706' title='bbox 2909 4490 3066 4544; x_wconf 91' lang='lat' dir='ltr'><strong>modo</strong></span> <span class='ocrx_word' id='word_1_707' title='bbox 3107 4498 3233 4548; x_wconf 88' lang='lat' dir='ltr'><strong>tunc</strong></span> 
     </span>
    </p>
   </div>
   <div class='ocr_carea' id='block_1_91' title="bbox 36 4570 1548 4649">
    <p class='ocr_par' dir='ltr' id='par_1_91' title="bbox 36 4570 1548 4649">
     <span class='ocr_line' id='line_1_92' title="bbox 36 4570 1548 4649; baseline 0.009 -29"><span class='ocrx_word' id='word_1_708' title='bbox 36 4570 159 4630; x_wconf 71' lang='lat' dir='ltr'><strong>adhuc</strong></span> <span class='ocrx_word' id='word_1_709' title='bbox 182 4582 412 4647; x_wconf 90' lang='lat' dir='ltr'><strong>superius</strong></span> <span class='ocrx_word' id='word_1_710' title='bbox 434 4580 522 4635; x_wconf 87' lang='lat' dir='ltr'><strong>vel</strong></span> <span class='ocrx_word' id='word_1_711' title='bbox 547 4580 775 4635; x_wconf 89' lang='lat' dir='ltr'><strong>inferius</strong></span> <span class='ocrx_word' id='word_1_712' title='bbox 799 4579 1007 4636; x_wconf 87' lang='lat' dir='ltr'><strong>sedenti</strong></span> <span class='ocrx_word' id='word_1_713' title='bbox 1036 4578 1359 4649; x_wconf 87' lang='lat' dir='ltr'><strong>applicetur,</strong></span> <span class='ocrx_word' id='word_1_714' title='bbox 1384 4578 1548 4633; x_wconf 86' lang='lat' dir='ltr'><strong>alter-</strong></span> 
     </span>
    </p>
   </div>
   <div class='ocr_carea' id='block_1_92' title="bbox 36 4668 1542 4730">
    <p class='ocr_par' dir='ltr' id='par_1_92' title="bbox 36 4668 1542 4730">
     <span class='ocr_line' id='line_1_93' title="bbox 36 4668 1542 4730; baseline 0.009 -16"><span class='ocrx_word' id='word_1_715' title='bbox 36 4668 103 4719; x_wconf 83' lang='lat' dir='ltr'><strong>utri</strong></span> <span class='ocrx_word' id='word_1_716' title='bbox 144 4685 340 4728; x_wconf 88' lang='lat' dir='ltr'><strong>suorum</strong></span> <span class='ocrx_word' id='word_1_717' title='bbox 387 4674 783 4730; x_wconf 84' lang='lat' dir='ltr'><strong>collateralium</strong></span> <span class='ocrx_word' id='word_1_718' title='bbox 827 4673 1049 4728; x_wconf 90' lang='lat' dir='ltr'><strong>innuere</strong></span> <span class='ocrx_word' id='word_1_719' title='bbox 1089 4688 1195 4728; x_wconf 92' lang='lat' dir='ltr'><strong>non</strong></span> <span class='ocrx_word' id='word_1_720' title='bbox 1228 4672 1451 4727; x_wconf 90' lang='lat' dir='ltr'><strong>omittit.</strong></span> <span class='ocrx_word' id='word_1_721' title='bbox 1486 4671 1542 4727; x_wconf 92' lang='lat' dir='ltr'><strong>Si</strong></span> 
     </span>
    </p>
   </div>
   <div class='ocr_carea' id='block_1_93' title="bbox 36 4755 1545 4836">
    <p class='ocr_par' dir='ltr' id='par_1_93' title="bbox 36 4755 1545 4836">
     <span class='ocr_line' id='line_1_94' title="bbox 36 4755 1545 4836; baseline 0.004 -24"><span class='ocrx_word' id='word_1_722' title='bbox 36 4755 183 4817; x_wconf 84' lang='lat' dir='ltr'><strong>luobus</strong></span> <span class='ocrx_word' id='word_1_723' title='bbox 209 4764 462 4821; x_wconf 89' lang='lat' dir='ltr'><strong>fratribus</strong></span> <span class='ocrx_word' id='word_1_724' title='bbox 498 4766 700 4836; x_wconf 89' lang='lat' dir='ltr'><strong>aliquid</strong></span> <span class='ocrx_word' id='word_1_725' title='bbox 734 4765 967 4820; x_wconf 87' lang='lat' dir='ltr'><strong>ntittitur</strong></span> <span class='ocrx_word' id='word_1_726' title='bbox 988 4773 1043 4820; x_wconf 90' lang='lat' dir='ltr'><strong>et</strong></span> <span class='ocrx_word' id='word_1_727' title='bbox 1076 4765 1213 4820; x_wconf 88' lang='lat' dir='ltr'><strong>alter</strong></span> <span class='ocrx_word' id='word_1_728' title='bbox 1238 4780 1427 4821; x_wconf 91' lang='lat' dir='ltr'><strong>eorum</strong></span> <span class='ocrx_word' id='word_1_729' title='bbox 1463 4764 1545 4819; x_wconf 89' lang='lat' dir='ltr'><strong>in-</strong></span> 
     </span>
    </p>
   </div>
   <div class='ocr_carea' id='block_1_94' title="bbox 42 4849 1539 4923">
    <p class='ocr_par' dir='ltr' id='par_1_94' title="bbox 42 4849 1539 4923">
     <span class='ocr_line' id='line_1_95' title="bbox 42 4849 1539 4923; baseline 0.007 -25"><span class='ocrx_word' id='word_1_730' title='bbox 42 4849 141 4903; x_wconf 83' lang='lat' dir='ltr'><strong>crint</strong></span> <span class='ocrx_word' id='word_1_731' title='bbox 172 4852 296 4910; x_wconf 88' lang='lat' dir='ltr'><strong>forte</strong></span> <span class='ocrx_word' id='word_1_732' title='bbox 320 4856 580 4923; x_wconf 89' lang='lat' dir='ltr'><strong>defuerit,</strong></span> <span class='ocrx_word' id='word_1_733' title='bbox 610 4870 864 4911; x_wconf 89' lang='lat' dir='ltr'><strong>reversus</strong></span> <span class='ocrx_word' id='word_1_734' title='bbox 890 4855 1154 4910; x_wconf 89' lang='lat' dir='ltr'><strong>inclinare</strong></span> <span class='ocrx_word' id='word_1_735' title='bbox 1180 4871 1287 4910; x_wconf 88' lang='lat' dir='ltr'><strong>non</strong></span> <span class='ocrx_word' id='word_1_736' title='bbox 1318 4854 1539 4911; x_wconf 86' lang='lat' dir='ltr'><strong>desinit.</strong></span> 
     </span>
    </p>
   </div>
   <div class='ocr_carea' id='block_1_95' title="bbox 36 4937 1540 5019">
    <p class='ocr_par' dir='ltr' id='par_1_95' title="bbox 36 4937 1540 5019">
     <span class='ocr_line' id='line_1_96' title="bbox 36 4937 1540 5019; baseline 0.005 -24"><span class='ocrx_word' id='word_1_737' title='bbox 36 4937 94 4991; x_wconf 64' lang='lat' dir='ltr'><strong>‘Si</strong></span> <span class='ocrx_word' id='word_1_738' title='bbox 132 4953 317 5003; x_wconf 78' lang='lat' dir='ltr'><strong>tantum</strong></span> <span class='ocrx_word' id='word_1_739' title='bbox 363 4949 601 5004; x_wconf 90' lang='lat' dir='ltr'><strong>sonitum</strong></span> <span class='ocrx_word' id='word_1_740' title='bbox 652 4948 865 5014; x_wconf 88' lang='lat' dir='ltr'><strong>fecerit,</strong></span> <span class='ocrx_word' id='word_1_741' title='bbox 900 4948 992 5017; x_wconf 90' lang='lat' dir='ltr'><strong>qui</strong></span> <span class='ocrx_word' id='word_1_742' title='bbox 1046 4962 1430 5019; x_wconf 82' lang='lat' dir='ltr'><strong>usquequaque</strong></span> <span class='ocrx_word' id='word_1_743' title='bbox 1485 4947 1540 5003; x_wconf 90' lang='lat' dir='ltr'><strong>in</strong></span> 
     </span>
    </p>
   </div>
   <div class='ocr_carea' id='block_1_96' title="bbox 36 5031 1539 5110">
    <p class='ocr_par' dir='ltr' id='par_1_96' title="bbox 36 5031 1539 5110">
     <span class='ocr_line' id='line_1_97' title="bbox 36 5031 1539 5110; baseline 0.005 -24"><span class='ocrx_word' id='word_1_744' title='bbox 36 5031 256 5092; x_wconf 70' lang='lat' dir='ltr'><strong>“electorio</strong></span> <span class='ocrx_word' id='word_1_745' title='bbox 298 5040 477 5096; x_wconf 88' lang='lat' dir='ltr'><strong>audiri</strong></span> <span class='ocrx_word' id='word_1_746' title='bbox 528 5040 721 5110; x_wconf 87' lang='lat' dir='ltr'><strong>possit,</strong></span> <span class='ocrx_word' id='word_1_747' title='bbox 780 5039 997 5094; x_wconf 90' lang='lat' dir='ltr'><strong>veniam</strong></span> <span class='ocrx_word' id='word_1_748' title='bbox 1050 5039 1204 5109; x_wconf 89' lang='lat' dir='ltr'><strong>petit,</strong></span> <span class='ocrx_word' id='word_1_749' title='bbox 1248 5039 1393 5108; x_wconf 85' lang='lat' dir='ltr'><strong>quod</strong></span> <span class='ocrx_word' id='word_1_750' title='bbox 1433 5038 1539 5093; x_wconf 90' lang='lat' dir='ltr'><strong>alio</strong></span> 
     </span>
    </p>
   </div>
   <div class='ocr_carea' id='block_1_97' title="bbox 36 5130 1539 5202">
    <p class='ocr_par' dir='ltr' id='par_1_97' title="bbox 36 5130 1539 5202">
     <span class='ocr_line' id='line_1_98' title="bbox 36 5130 1539 5202; baseline 0.005 -21"><span class='ocrx_word' id='word_1_751' title='bbox 36 5136 227 5195; x_wconf 65' lang='lat' dir='ltr'><strong>tmpore,</strong></span> <span class='ocrx_word' id='word_1_752' title='bbox 249 5133 462 5202; x_wconf 88' lang='lat' dir='ltr'><strong>quando</strong></span> <span class='ocrx_word' id='word_1_753' title='bbox 506 5133 710 5188; x_wconf 88' lang='lat' dir='ltr'><strong>bibitur</strong></span> <span class='ocrx_word' id='word_1_754' title='bbox 760 5132 855 5189; x_wconf 90' lang='lat' dir='ltr'><strong>sed</strong></span> <span class='ocrx_word' id='word_1_755' title='bbox 898 5147 1006 5187; x_wconf 91' lang='lat' dir='ltr'><strong>non</strong></span> <span class='ocrx_word' id='word_1_756' title='bbox 1047 5130 1267 5202; x_wconf 85' lang='lat' dir='ltr'><strong>legitur,</strong></span> <span class='ocrx_word' id='word_1_757' title='bbox 1315 5130 1539 5188; x_wconf 86' lang='lat' dir='ltr'><strong>minime</strong></span> 
     </span>
    </p>
   </div>
   <div class='ocr_carea' id='block_1_98' title="bbox 36 5219 113 5273">
    <p class='ocr_par' dir='ltr' id='par_1_98' title="bbox 36 5219 113 5273">
     <span class='ocr_line' id='line_1_99' title="bbox 36 5219 113 5273; baseline 0.065 -5"><span class='ocrx_word' id='word_1_758' title='bbox 36 5219 113 5273; x_wconf 82' lang='lat' dir='ltr'><strong>acit</strong></span> 
     </span>
    </p>
   </div>
   <div class='ocr_carea' id='block_1_99' title="bbox 66 5311 1537 5392">
    <p class='ocr_par' dir='ltr' id='par_1_99' title="bbox 66 5311 1537 5392">
     <span class='ocr_line' id='line_1_100' title="bbox 66 5311 1537 5392; baseline 0.006 -26"><span class='ocrx_word' id='word_1_759' title='bbox 66 5311 111 5367; x_wconf 87' lang='lat' dir='ltr'><strong>Si</strong></span> <span class='ocrx_word' id='word_1_760' title='bbox 130 5315 270 5386; x_wconf 87' lang='lat' dir='ltr'><strong>forte,</strong></span> <span class='ocrx_word' id='word_1_761' title='bbox 294 5336 359 5377; x_wconf 89' lang='lat' dir='ltr'><strong>eo</strong></span> <span class='ocrx_word' id='word_1_762' title='bbox 379 5321 504 5378; x_wconf 90' lang='lat' dir='ltr'><strong>illuc</strong></span> <span class='ocrx_word' id='word_1_763' title='bbox 524 5330 707 5387; x_wconf 88' lang='lat' dir='ltr'><strong>eunte,</strong></span> <span class='ocrx_word' id='word_1_764' title='bbox 739 5321 817 5377; x_wconf 85' lang='lat' dir='ltr'><strong>Tu</strong></span> <span class='ocrx_word' id='word_1_765' title='bbox 845 5331 1020 5377; x_wconf 84' lang='lat' dir='ltr'><strong>autem</strong></span> <span class='ocrx_word' id='word_1_766' title='bbox 1051 5320 1271 5385; x_wconf 90' lang='lat' dir='ltr'><strong>dicitur,</strong></span> <span class='ocrx_word' id='word_1_767' title='bbox 1315 5332 1537 5392; x_wconf 88' lang='lat' dir='ltr'><strong>propter</strong></span> 
     </span>
    </p>
   </div>
   <div class='ocr_carea' id='block_1_100' title="bbox 36 5413 1535 5485">
    <p class='ocr_par' dir='ltr' id='par_1_100' title="bbox 36 5413 1535 5485">
     <span class='ocr_line' id='line_1_101' title="bbox 36 5413 1535 5485; baseline 0.005 -23"><span class='ocrx_word' id='word_1_768' title='bbox 36 5418 90 5458; x_wconf 72' lang='lat' dir='ltr'><strong>loc</strong></span> <span class='ocrx_word' id='word_1_769' title='bbox 147 5424 243 5465; x_wconf 89' lang='lat' dir='ltr'><strong>non</strong></span> <span class='ocrx_word' id='word_1_770' title='bbox 306 5414 466 5479; x_wconf 86' lang='lat' dir='ltr'><strong>redit,</strong></span> <span class='ocrx_word' id='word_1_771' title='bbox 517 5415 830 5485; x_wconf 85' lang='lat' dir='ltr'><strong>priusquam</strong></span> <span class='ocrx_word' id='word_1_772' title='bbox 880 5414 1091 5469; x_wconf 90' lang='lat' dir='ltr'><strong>veniam</strong></span> <span class='ocrx_word' id='word_1_773' title='bbox 1120 5413 1329 5469; x_wconf 89' lang='lat' dir='ltr'><strong>fecerit.</strong></span> <span class='ocrx_word' id='word_1_774' title='bbox 1383 5414 1440 5468; x_wconf 91' lang='lat' dir='ltr'><strong>Si</strong></span> <span class='ocrx_word' id='word_1_775' title='bbox 1468 5413 1535 5469; x_wconf 87' lang='lat' dir='ltr'><strong>de</strong></span> 
     </span>
    </p>
   </div>
   <div class='ocr_carea' id='block_1_101' title="bbox 36 5501 1536 5574">
    <p class='ocr_par' dir='ltr' id='par_1_101' title="bbox 36 5501 1536 5574">
     <span class='ocr_line' id='line_1_102' title="bbox 36 5501 1536 5574; baseline 0.008 -28"><span class='ocrx_word' id='word_1_776' title='bbox 36 5504 110 5549; x_wconf 84' lang='lat' dir='ltr'><strong>ota</strong></span> <span class='ocrx_word' id='word_1_777' title='bbox 135 5501 208 5555; x_wconf 87' lang='lat' dir='ltr'><strong>vel</strong></span> <span class='ocrx_word' id='word_1_778' title='bbox 252 5503 469 5560; x_wconf 89' lang='lat' dir='ltr'><strong>humido</strong></span> <span class='ocrx_word' id='word_1_779' title='bbox 514 5506 637 5561; x_wconf 89' lang='lat' dir='ltr'><strong>cibo</strong></span> <span class='ocrx_word' id='word_1_780' title='bbox 666 5513 874 5560; x_wconf 88' lang='lat' dir='ltr'><strong>tantum</strong></span> <span class='ocrx_word' id='word_1_781' title='bbox 902 5503 1172 5569; x_wconf 79' lang='lat' dir='ltr'><strong>eﬂ’uderit,</strong></span> <span class='ocrx_word' id='word_1_782' title='bbox 1220 5503 1363 5574; x_wconf 89' lang='lat' dir='ltr'><strong>quod</strong></span> <span class='ocrx_word' id='word_1_783' title='bbox 1403 5503 1536 5558; x_wconf 85' lang='lat' dir='ltr'><strong>buc—</strong></span> 
     </span>
    </p>
   </div>
   <div class='ocr_carea' id='block_1_102' title="bbox 62 5596 1508 5693">
    <p class='ocr_par' dir='ltr' id='par_1_102' title="bbox 62 5596 1508 5693">
     <span class='ocr_line' id='line_1_103' title="bbox 62 5596 1508 5693; baseline 0.001 -20"><span class='ocrx_word' id='word_1_784' title='bbox 62 5596 184 5693; x_wconf 56' lang='lat'><strong>(103)</strong></span> <span class='ocrx_word' id='word_1_785' title='bbox 218 5616 433 5693; x_wconf 64' lang='lat' dir='ltr'><strong>Hirrum</strong></span> <span class='ocrx_word' id='word_1_786' title='bbox 463 5622 617 5693; x_wconf 87' lang='lat' dir='ltr'><strong>panis</strong></span> <span class='ocrx_word' id='word_1_787' title='bbox 650 5630 704 5676; x_wconf 87' lang='lat' dir='ltr'><strong>ct</strong></span> <span class='ocrx_word' id='word_1_788' title='bbox 733 5622 916 5677; x_wconf 91' lang='lat' dir='ltr'><strong>vinum</strong></span> <span class='ocrx_word' id='word_1_789' title='bbox 947 5621 1133 5676; x_wconf 87' lang='lat' dir='ltr'><strong>lectori</strong></span> <span class='ocrx_word' id='word_1_790' title='bbox 1169 5620 1237 5676; x_wconf 89' lang='lat' dir='ltr'><strong>ad</strong></span> <span class='ocrx_word' id='word_1_791' title='bbox 1264 5634 1508 5677; x_wconf 89' lang='lat' dir='ltr'><strong>mensam</strong></span> 
     </span>
    </p>
   </div>
   <div class='ocr_carea' id='block_1_103' title="bbox 68 5687 1178 5763">
    <p class='ocr_par' dir='ltr' id='par_1_103' title="bbox 68 5687 1178 5763">
     <span class='ocr_line' id='line_1_104' title="bbox 68 5687 1178 5763; baseline 0.009 -26"><span class='ocrx_word' id='word_1_792' title='bbox 68 5687 389 5763; x_wconf 28' lang='lat' dir='ltr'><strong>scrvlitqrihus</strong></span> <span class='ocrx_word' id='word_1_793' title='bbox 419 5687 476 5752; x_wconf 69' lang='lat' dir='ltr'><strong>in&#39;</strong></span> <span class='ocrx_word' id='word_1_794' title='bbox 497 5693 682 5763; x_wconf 85' lang='lat' dir='ltr'><strong>regula</strong></span> <span class='ocrx_word' id='word_1_795' title='bbox 716 5693 774 5750; x_wconf 88' lang='lat' dir='ltr'><strong>S.</strong></span> <span class='ocrx_word' id='word_1_796' title='bbox 807 5694 865 5747; x_wconf 87' lang='grc' dir='ltr'><strong>Β.</strong></span> <span class='ocrx_word' id='word_1_797' title='bbox 898 5707 1178 5748; x_wconf 90' lang='lat' dir='ltr'><strong>concessa.</strong></span> 
     </span>
    </p>
   </div>
   <div class='ocr_carea' id='block_1_104' title="bbox 60 5752 1525 5834">
    <p class='ocr_par' dir='ltr' id='par_1_104' title="bbox 60 5752 1525 5834">
     <span class='ocr_line' id='line_1_105' title="bbox 60 5752 1525 5834; baseline 0.003 -19"><span class='ocrx_word' id='word_1_798' title='bbox 60 5752 182 5822; x_wconf 60' lang='lat' dir='ltr'><strong>(I04)</strong></span> <span class='ocrx_word' id='word_1_799' title='bbox 219 5756 430 5819; x_wconf 82' lang='lat' dir='ltr'><strong>Oblata.</strong></span> <span class='ocrx_word' id='word_1_800' title='bbox 482 5752 638 5825; x_wconf 69' lang='lat' dir='ltr'><strong>panis</strong></span> <span class='ocrx_word' id='word_1_801' title='bbox 682 5763 734 5819; x_wconf 93' lang='lat' dir='ltr'><strong>in</strong></span> <span class='ocrx_word' id='word_1_802' title='bbox 775 5763 940 5821; x_wconf 90' lang='lat' dir='ltr'><strong>missa</strong></span> <span class='ocrx_word' id='word_1_803' title='bbox 985 5764 1235 5834; x_wconf 88' lang='lat' dir='ltr'><strong>oblatus,</strong></span> <span class='ocrx_word' id='word_1_804' title='bbox 1275 5763 1369 5821; x_wconf 88' lang='lat' dir='ltr'><strong>sed</strong></span> <span class='ocrx_word' id='word_1_805' title='bbox 1420 5780 1525 5820; x_wconf 89' lang='lat' dir='ltr'><strong>non</strong></span> 
     </span>
    </p>
   </div>
   <div class='ocr_carea' id='block_1_105' title="bbox 1650 4574 3234 4652">
    <p class='ocr_par' dir='ltr' id='par_1_105' title="bbox 1650 4574 3234 4652">
     <span class='ocr_line' id='line_1_106' title="bbox 1650 4574 3234 4652; baseline 0.005 -23"><span class='ocrx_word' id='word_1_806' title='bbox 1650 4574 1858 4630; x_wconf 90' lang='lat' dir='ltr'><strong>intrare</strong></span> <span class='ocrx_word' id='word_1_807' title='bbox 1882 4577 2182 4646; x_wconf 68' lang='lat' dir='ltr'><strong>praesumit,</strong></span> <span class='ocrx_word' id='word_1_808' title='bbox 2212 4576 2306 4632; x_wconf 88' lang='lat' dir='ltr'><strong>sed</strong></span> <span class='ocrx_word' id='word_1_809' title='bbox 2333 4577 2534 4632; x_wconf 89' lang='lat' dir='ltr'><strong>tamdiu</strong></span> <span class='ocrx_word' id='word_1_810' title='bbox 2560 4578 2693 4635; x_wconf 91' lang='lat' dir='ltr'><strong>foris</strong></span> <span class='ocrx_word' id='word_1_811' title='bbox 2714 4590 3012 4651; x_wconf 79' lang='lat' dir='ltr'><strong>exspectat.</strong></span> <span class='ocrx_word' id='word_1_812' title='bbox 3034 4598 3234 4652; x_wconf 82' lang='lat' dir='ltr'><strong>quous-</strong></span> 
     </span>
    </p>
   </div>
   <div class='ocr_carea' id='block_1_106' title="bbox 1647 4664 3231 4739">
    <p class='ocr_par' dir='ltr' id='par_1_106' title="bbox 1647 4664 3231 4739">
     <span class='ocr_line' id='line_1_107' title="bbox 1647 4664 3231 4739; baseline 0.004 -19"><span class='ocrx_word' id='word_1_813' title='bbox 1647 4681 1754 4737; x_wconf 91' lang='lat' dir='ltr'><strong>que</strong></span> <span class='ocrx_word' id='word_1_814' title='bbox 1797 4664 2054 4721; x_wconf 91' lang='lat' dir='ltr'><strong>lectorem</strong></span> <span class='ocrx_word' id='word_1_815' title='bbox 2096 4667 2165 4721; x_wconf 91' lang='lat' dir='ltr'><strong>ad</strong></span> <span class='ocrx_word' id='word_1_816' title='bbox 2208 4681 2427 4723; x_wconf 89' lang='lat' dir='ltr'><strong>versum</strong></span> <span class='ocrx_word' id='word_1_817' title='bbox 2475 4666 2670 4739; x_wconf 88' lang='lat' dir='ltr'><strong>legisse</strong></span> <span class='ocrx_word' id='word_1_818' title='bbox 2727 4671 2930 4725; x_wconf 87' lang='lat' dir='ltr'><strong>audiat.</strong></span> <span class='ocrx_word' id='word_1_819' title='bbox 2976 4669 3033 4725; x_wconf 92' lang='lat' dir='ltr'><strong>Si</strong></span> <span class='ocrx_word' id='word_1_820' title='bbox 3101 4689 3231 4726; x_wconf 87' lang='lat' dir='ltr'><strong>vero</strong></span> 
     </span>
    </p>
   </div>
   <div class='ocr_carea' id='block_1_107' title="bbox 1646 4757 3231 4833">
    <p class='ocr_par' dir='ltr' id='par_1_107' title="bbox 1646 4757 3231 4833">
     <span class='ocr_line' id='line_1_108' title="bbox 1646 4757 3231 4833; baseline 0.005 -21"><span class='ocrx_word' id='word_1_821' title='bbox 1646 4757 1877 4813; x_wconf 90' lang='lat' dir='ltr'><strong>necdum</strong></span> <span class='ocrx_word' id='word_1_822' title='bbox 1908 4758 2225 4824; x_wconf 90' lang='lat' dir='ltr'><strong>occurrerit,</strong></span> <span class='ocrx_word' id='word_1_823' title='bbox 2247 4758 2292 4815; x_wconf 86' lang='lat' dir='ltr'><strong>si</strong></span> <span class='ocrx_word' id='word_1_824' title='bbox 2323 4760 2497 4815; x_wconf 91' lang='lat' dir='ltr'><strong>serius</strong></span> <span class='ocrx_word' id='word_1_825' title='bbox 2521 4771 2642 4831; x_wconf 89' lang='lat' dir='ltr'><strong>post</strong></span> <span class='ocrx_word' id='word_1_826' title='bbox 2684 4760 2955 4833; x_wconf 90' lang='lat' dir='ltr'><strong>inceptum</strong></span> <span class='ocrx_word' id='word_1_827' title='bbox 2985 4764 3231 4821; x_wconf 88' lang='lat' dir='ltr'><strong>lectionis</strong></span> 
     </span>
    </p>
   </div>
   <div class='ocr_carea' id='block_1_108' title="bbox 1644 4847 3227 4921">
    <p class='ocr_par' dir='ltr' id='par_1_108' title="bbox 1644 4847 3227 4921">
     <span class='ocr_line' id='line_1_109' title="bbox 1644 4847 3227 4921; baseline 0.004 -19"><span class='ocrx_word' id='word_1_828' title='bbox 1644 4847 1952 4917; x_wconf 89' lang='lat' dir='ltr'><strong>intraverit,</strong></span> <span class='ocrx_word' id='word_1_829' title='bbox 1981 4849 2027 4905; x_wconf 91' lang='lat' dir='ltr'><strong>si</strong></span> <span class='ocrx_word' id='word_1_830' title='bbox 2067 4849 2304 4920; x_wconf 88' lang='lat' dir='ltr'><strong>aliquem</strong></span> <span class='ocrx_word' id='word_1_831' title='bbox 2335 4852 2401 4907; x_wconf 87' lang='lat' dir='ltr'><strong>ad</strong></span> <span class='ocrx_word' id='word_1_832' title='bbox 2431 4852 2656 4921; x_wconf 88' lang='lat' dir='ltr'><strong>gradum</strong></span> <span class='ocrx_word' id='word_1_833' title='bbox 2690 4861 2923 4908; x_wconf 89' lang='lat' dir='ltr'><strong>stantem</strong></span> <span class='ocrx_word' id='word_1_834' title='bbox 2956 4854 3227 4910; x_wconf 88' lang='lat' dir='ltr'><strong>licentiam</strong></span> 
     </span>
    </p>
   </div>
   <div class='ocr_carea' id='block_1_109' title="bbox 1642 4942 3228 5017">
    <p class='ocr_par' dir='ltr' id='par_1_109' title="bbox 1642 4942 3228 5017">
     <span class='ocr_line' id='line_1_110' title="bbox 1642 4942 3228 5017; baseline 0.004 -21"><span class='ocrx_word' id='word_1_835' title='bbox 1642 4942 1960 5003; x_wconf 88' lang='lat' dir='ltr'><strong>comedendi</strong></span> <span class='ocrx_word' id='word_1_836' title='bbox 2001 4942 2279 5013; x_wconf 86' lang='lat' dir='ltr'><strong>accepisse</strong></span> <span class='ocrx_word' id='word_1_837' title='bbox 2300 4944 2658 5014; x_wconf 83' lang='lat' dir='ltr'><strong>perspexerit,</strong></span> <span class='ocrx_word' id='word_1_838' title='bbox 2690 4945 2804 5016; x_wconf 91' lang='lat' dir='ltr'><strong>ipse</strong></span> <span class='ocrx_word' id='word_1_839' title='bbox 2849 4946 3041 5002; x_wconf 88' lang='lat' dir='ltr'><strong>alicubi</strong></span> <span class='ocrx_word' id='word_1_840' title='bbox 3066 4949 3228 5017; x_wconf 70' lang='lat' dir='ltr'><strong>juxta</strong></span> 
     </span>
    </p>
   </div>
   <div class='ocr_carea' id='block_1_110' title="bbox 1644 5035 3225 5109">
    <p class='ocr_par' dir='ltr' id='par_1_110' title="bbox 1644 5035 3225 5109">
     <span class='ocr_line' id='line_1_111' title="bbox 1644 5035 3225 5109; baseline 0.004 -20"><span class='ocrx_word' id='word_1_841' title='bbox 1644 5035 1880 5093; x_wconf 88' lang='lat' dir='ltr'><strong>tabulam</strong></span> <span class='ocrx_word' id='word_1_842' title='bbox 1914 5046 2067 5092; x_wconf 91' lang='lat' dir='ltr'><strong>stans</strong></span> <span class='ocrx_word' id='word_1_843' title='bbox 2114 5037 2387 5103; x_wconf 89' lang='lat' dir='ltr'><strong>observat,</strong></span> <span class='ocrx_word' id='word_1_844' title='bbox 2435 5037 2653 5109; x_wconf 86' lang='lat' dir='ltr'><strong>quando</strong></span> <span class='ocrx_word' id='word_1_845' title='bbox 2700 5038 2787 5095; x_wconf 89' lang='lat' dir='ltr'><strong>ille</strong></span> <span class='ocrx_word' id='word_1_846' title='bbox 2815 5039 3098 5096; x_wconf 87' lang='lat' dir='ltr'><strong>discedens</strong></span> <span class='ocrx_word' id='word_1_847' title='bbox 3122 5041 3225 5097; x_wconf 86' lang='lat' dir='ltr'><strong>sibi</strong></span> 
     </span>
    </p>
   </div>
   <div class='ocr_carea' id='block_1_111' title="bbox 1640 5127 3223 5198">
    <p class='ocr_par' dir='ltr' id='par_1_111' title="bbox 1640 5127 3223 5198">
     <span class='ocr_line' id='line_1_112' title="bbox 1640 5127 3223 5198; baseline 0.003 -14"><span class='ocrx_word' id='word_1_848' title='bbox 1640 5127 1927 5185; x_wconf 85' lang='lat' dir='ltr'><strong>accedendi</strong></span> <span class='ocrx_word' id='word_1_849' title='bbox 1971 5129 2148 5186; x_wconf 92' lang='lat' dir='ltr'><strong>locum</strong></span> <span class='ocrx_word' id='word_1_850' title='bbox 2184 5132 2411 5198; x_wconf 86' lang='lat' dir='ltr'><strong>tribuat;</strong></span> <span class='ocrx_word' id='word_1_851' title='bbox 2445 5133 2537 5187; x_wconf 91' lang='lat' dir='ltr'><strong>ubi</strong></span> <span class='ocrx_word' id='word_1_852' title='bbox 2585 5141 2641 5188; x_wconf 90' lang='lat' dir='ltr'><strong>et</strong></span> <span class='ocrx_word' id='word_1_853' title='bbox 2672 5140 2821 5198; x_wconf 88' lang='lat' dir='ltr'><strong>tunc,</strong></span> <span class='ocrx_word' id='word_1_854' title='bbox 2873 5134 2915 5189; x_wconf 89' lang='lat' dir='ltr'><strong>si</strong></span> <span class='ocrx_word' id='word_1_855' title='bbox 2950 5133 3100 5188; x_wconf 92' lang='lat' dir='ltr'><strong>locus</strong></span> <span class='ocrx_word' id='word_1_856' title='bbox 3151 5134 3223 5189; x_wconf 88' lang='lat' dir='ltr'><strong>sit</strong></span> 
     </span>
    </p>
   </div>
   <div class='ocr_carea' id='block_1_112' title="bbox 1640 5223 3327 5297">
    <p class='ocr_par' dir='ltr' id='par_1_112' title="bbox 1640 5223 3327 5297">
     <span class='ocr_line' id='line_1_113' title="bbox 1640 5223 3327 5297; baseline -0.001 -19"><span class='ocrx_word' id='word_1_857' title='bbox 1640 5232 1749 5278; x_wconf 89' lang='lat' dir='ltr'><strong>tam</strong></span> <span class='ocrx_word' id='word_1_858' title='bbox 1782 5231 2042 5293; x_wconf 87' lang='lat' dir='ltr'><strong>angustus</strong></span> <span class='ocrx_word' id='word_1_859' title='bbox 2068 5232 2150 5278; x_wconf 89' lang='lat' dir='ltr'><strong>est</strong></span> <span class='ocrx_word' id='word_1_860' title='bbox 2172 5225 2446 5280; x_wconf 88' lang='lat' dir='ltr'><strong>standum.</strong></span> <span class='ocrx_word' id='word_1_861' title='bbox 2474 5223 2531 5279; x_wconf 88' lang='lat' dir='ltr'><strong>Si</strong></span> <span class='ocrx_word' id='word_1_862' title='bbox 2560 5224 2755 5280; x_wconf 89' lang='lat' dir='ltr'><strong>viderit</strong></span> <span class='ocrx_word' id='word_1_863' title='bbox 2784 5224 3104 5279; x_wconf 87' lang='lat' dir='ltr'><strong>servitorem</strong></span> <span class='ocrx_word' id='word_1_864' title='bbox 3149 5227 3217 5277; x_wconf 86' lang='lat' dir='ltr'><strong>ad</strong></span> <span class='ocrx_word' id='word_1_865' title='bbox 3312 5289 3327 5297; x_wconf 29' lang='grc' dir='ltr'><strong>ε</strong></span> 
     </span>
    </p>
   </div>
   <div class='ocr_carea' id='block_1_113' title="bbox 1637 5315 3223 5388">
    <p class='ocr_par' dir='ltr' id='par_1_113' title="bbox 1637 5315 3223 5388">
     <span class='ocr_line' id='line_1_114' title="bbox 1637 5315 3223 5388; baseline 0 -17"><span class='ocrx_word' id='word_1_866' title='bbox 1637 5315 1943 5386; x_wconf 87' lang='lat' dir='ltr'><strong>generalem</strong></span> <span class='ocrx_word' id='word_1_867' title='bbox 1991 5315 2202 5371; x_wconf 89' lang='lat' dir='ltr'><strong>scillam</strong></span> <span class='ocrx_word' id='word_1_868' title='bbox 2242 5315 2357 5385; x_wconf 86' lang='lat' dir='ltr'><strong>jam</strong></span> <span class='ocrx_word' id='word_1_869' title='bbox 2414 5317 2784 5387; x_wconf 88' lang='lat' dir='ltr'><strong>pulsaturum,</strong></span> <span class='ocrx_word' id='word_1_870' title='bbox 2839 5317 3021 5388; x_wconf 89' lang='lat' dir='ltr'><strong>ibique</strong></span> <span class='ocrx_word' id='word_1_871' title='bbox 3081 5319 3223 5373; x_wconf 90' lang='lat' dir='ltr'><strong>inter</strong></span> 
     </span>
    </p>
   </div>
   <div class='ocr_carea' id='block_1_114' title="bbox 1636 5408 3211 5481">
    <p class='ocr_par' dir='ltr' id='par_1_114' title="bbox 1636 5408 3211 5481">
     <span class='ocr_line' id='line_1_115' title="bbox 1636 5408 3211 5481; baseline 0.002 -19"><span class='ocrx_word' id='word_1_872' title='bbox 1636 5408 2067 5465; x_wconf 79' lang='lat' dir='ltr'><strong>benedictionem</strong></span> <span class='ocrx_word' id='word_1_873' title='bbox 2122 5418 2272 5465; x_wconf 90' lang='lat' dir='ltr'><strong>stans</strong></span> <span class='ocrx_word' id='word_1_874' title='bbox 2314 5410 2589 5465; x_wconf 88' lang='lat' dir='ltr'><strong>humiliter</strong></span> <span class='ocrx_word' id='word_1_875' title='bbox 2638 5424 2698 5466; x_wconf 90' lang='lat' dir='ltr'><strong>se</strong></span> <span class='ocrx_word' id='word_1_876' title='bbox 2749 5409 3008 5476; x_wconf 87' lang='lat' dir='ltr'><strong>inclinat,</strong></span> <span class='ocrx_word' id='word_1_877' title='bbox 3069 5411 3211 5481; x_wconf 87' lang='lat' dir='ltr'><strong>quod</strong></span> 
     </span>
    </p>
   </div>
   <div class='ocr_carea' id='block_1_115' title="bbox 1635 5498 3218 5573">
    <p class='ocr_par' dir='ltr' id='par_1_115' title="bbox 1635 5498 3218 5573">
     <span class='ocr_line' id='line_1_116' title="bbox 1635 5498 3218 5573; baseline 0.001 -19"><span class='ocrx_word' id='word_1_878' title='bbox 1635 5500 1986 5557; x_wconf 89' lang='lat' dir='ltr'><strong>nihilominus</strong></span> <span class='ocrx_word' id='word_1_879' title='bbox 2017 5500 2250 5572; x_wconf 87' lang='lat' dir='ltr'><strong>quisque</strong></span> <span class='ocrx_word' id='word_1_880' title='bbox 2276 5502 2550 5568; x_wconf 88' lang='lat' dir='ltr'><strong>observat,</strong></span> <span class='ocrx_word' id='word_1_881' title='bbox 2580 5500 2676 5572; x_wconf 91' lang='lat' dir='ltr'><strong>qui</strong></span> <span class='ocrx_word' id='word_1_882' title='bbox 2727 5501 3022 5573; x_wconf 91' lang='lat' dir='ltr'><strong>quidquam</strong></span> <span class='ocrx_word' id='word_1_883' title='bbox 3053 5498 3218 5556; x_wconf 64' lang='lat' dir='ltr'><strong>minio</strong></span> 
     </span>
    </p>
   </div>
   <div class='ocr_carea' id='block_1_116' title="bbox 1633 5614 2430 5687">
    <p class='ocr_par' dir='ltr' id='par_1_116' title="bbox 1633 5614 2430 5687">
     <span class='ocr_line' id='line_1_117' title="bbox 1633 5614 2430 5687; baseline -0.001 -17"><span class='ocrx_word' id='word_1_884' title='bbox 1633 5625 2003 5687; x_wconf 73' lang='lat' dir='ltr'><strong>consecratus,</strong></span> <span class='ocrx_word' id='word_1_885' title='bbox 2034 5617 2100 5670; x_wconf 89' lang='lat' dir='ltr'><strong>de</strong></span> <span class='ocrx_word' id='word_1_886' title='bbox 2130 5631 2239 5687; x_wconf 87' lang='lat' dir='ltr'><strong>quo</strong></span> <span class='ocrx_word' id='word_1_887' title='bbox 2270 5614 2430 5687; x_wconf 85' lang='lat' dir='ltr'><strong>infra.</strong></span> 
     </span>
    </p>
   </div>
   <div class='ocr_carea' id='block_1_117' title="bbox 1704 5683 3213 5758">
    <p class='ocr_par' dir='ltr' id='par_1_117' title="bbox 1704 5683 3213 5758">
     <span class='ocr_line' id='line_1_118' title="bbox 1704 5683 3213 5758; baseline 0.001 -17"><span class='ocrx_word' id='word_1_888' title='bbox 1704 5685 1852 5758; x_wconf 77' lang='grc'><strong>(105)</strong></span> <span class='ocrx_word' id='word_1_889' title='bbox 1881 5683 2371 5758; x_wconf 63' lang='grc' dir='ltr'><strong>δτωιιηιεὶωιίιίαι,</strong></span> <span class='ocrx_word' id='word_1_890' title='bbox 2423 5683 2563 5758; x_wconf 78' lang='lat' dir='ltr'><strong>idem</strong></span> <span class='ocrx_word' id='word_1_891' title='bbox 2605 5688 2748 5756; x_wconf 89' lang='lat' dir='ltr'><strong>quod</strong></span> <span class='ocrx_word' id='word_1_892' title='bbox 2783 5704 2877 5747; x_wconf 90' lang='lat' dir='ltr'><strong>vas</strong></span> <span class='ocrx_word' id='word_1_893' title='bbox 2921 5686 3213 5757; x_wconf 74' lang='lat' dir='ltr'><strong>vinarium,</strong></span> 
     </span>
    </p>
   </div>
   <div class='ocr_carea' id='block_1_118' title="bbox 1630 5754 2692 5830">
    <p class='ocr_par' dir='ltr' id='par_1_118' title="bbox 1630 5754 2692 5830">
     <span class='ocr_line' id='line_1_119' title="bbox 1630 5754 2692 5830; baseline -0.003 -15"><span class='ocrx_word' id='word_1_894' title='bbox 1630 5754 2034 5830; x_wconf 54' lang='lat' dir='ltr'><strong>quo&#39;ljnstitiw,</strong></span> <span class='ocrx_word' id='word_1_895' title='bbox 2057 5754 2149 5815; x_wconf 85' lang='lat' dir='ltr'><strong>seu</strong></span> <span class='ocrx_word' id='word_1_896' title='bbox 2170 5757 2318 5826; x_wconf 80' lang='lat' dir='ltr'><strong>jnsta</strong></span> <span class='ocrx_word' id='word_1_897' title='bbox 2346 5754 2692 5827; x_wconf 82' lang='lat' dir='ltr'><strong>appellatum.</strong></span> 
     </span>
    </p>
   </div>
  </div>
