3890 6314
518 332 657 401 995'

1589 318 1663 393 s.'
1690 332 2064 394 GUlLl.EL.'tll
2100 328 2393 387 annvus
2422 327 2750 387 musaeo.

3704 337 3794 391 99f:

517 452 666 512 8terii
701 456 750 510 in
777 452 1063 511 refectorio
1094 466 1260 524 agens
1314 451 1530 507 interim
1579 450 1912 517 obambulat,
1960 460 2012 505 et
2052 447 2096 503 si
2129 454 2176 513 Α
2204 446 2359 518 signo
2388 444 2661 501 licentiam
2691 444 2921 500 abeundi
2950 444 3161 515 qttmrit.
3183 444 3301 513 Qua
3334 456 3567 516 accepta
3590 447 3791 506 int'linat

518 549 645 617 quid
676 548 728 602 in
764 546 1013 601 manibus
1063 552 1262 614 portat,
1296 543 1399 598 hoc
1428 557 1590 613 Super
1640 557 1879 597 mensam
1906 555 2106 612 ponere

515 647 797 708 procurat.
840 636 897 691 In
968 635 1277 691 accedendo
1337 635 1518 706 itaque
1569 635 1822 705 cuiquam
1867 634 2106 690 obvianti

518 731 820 798 humiliter,
854 730 994 785 sicut
1036 738 1089 784 et
1126 728 1244 794 ille,
1296 743 1353 783 se
1382 728 1640 794 inclinat,
1687 729 1794 783 nisi
1828 728 1932 782 tale
1978 726 2107 796 quid

519 823 572 877 in
602 822 852 877 manibus
882 820 1042 886 ferat,
1074 820 1215 890 quod
1252 820 1401 874 illtttn
1432 821 1499 875 ad
1534 821 1670 876 hanc
1697 820 2104 875 inclinationem

517 913 797 983 impediat.
852 912 920 967 Et
969 912 1014 966 si
1064 916 1204 966 forte
1252 911 1484 982 aliquem
1526 906 1791 967 sonitttm‘
1834 911 1914 968 vel
1961 912 2107 967 aliud

517 1005 674 1059 venia
710 1006 929 1075 dignttm
961 1004 1013 1058 in
1052 1003 1168 1072 ipso
1199 1018 1419 1059 accessu
1452 1002 1666 1069 fecerit,
1722 1013 1848 1058 ante
1890 1018 2105 1059 versum

518 1097 733 1150 veniam
773 1096 929 1165 petit,
965 1094 1105 1150 sicut
1132 1106 1185 1150 et
1215 1106 1339 1165 post
1376 1111 1617 1152 versum.
1650 1096 1706 1152 Si
1748 1098 1877 1168 qttid
1905 1097 2010 1152 tale
2041 1099 2107 1153 de

518 1188 686 1257 gradu
715 1187 998 1243 discedens
1027 1188 1388 1254 commiserit,
1418 1188 1755 1259 veniensque
1785 1190 1850 1243 ad
1876 1189 2102 1266 gradum

519 1296 641 1336 cum
666 1280 872 1335 duobus
904 1282 1095 1349 primis
1148 1280 1334 1352 digitis
1379 1283 1707 1338 combinatis
1756 1282 1921 1337 semel
1951 1284 2015 1337 ad
2046 1299 2108 1339 os

520 1372 743 1427 directis
774 1372 908 1441 petit
936 1372 1003 1426 ab
1033 1387 1117 1436 eo,
1147 1387 1236 1427 un.
1272 1373 1362 1441 qui
1401 1374 1466 1427 ad
1490 1373 1696 1429 scillam
1728 1375 1880 1429 sedet
1935 1374 2106 1430 lieen-

521 1465 649 1518 tiam
702 1464 1041 1519 comedendi.
1098 1464 1216 1531 Quo
1274 1475 1579 1532 annuente,
1628 1466 1782 1537 quasi
1838 1482 1959 1521 cum
1988 1467 2108 1522 aliis

522 1555 738 1611 fecisset
766 1565 821 1610 et
846 1556 1097 1621 dixisset,
1138 1557 1325 1611 eadem
1359 1572 1454 1626 per
1484 1572 1542 1611 se
1597 1557 1725 1611 facit
1754 1567 1807 1611 et
1834 1558 1965 1612 dicit
1999 1576 2012 1612 :
2056 1559 2108 1614 id

519 1656 621 1712 est,
650 1648 825 1719 primo
860 1657 985 1701 ante
1016 1661 1070 1702 et
1101 1655 1267 1714 retro,
1300 1659 1354 1703 et
1379 1664 1589 1715 versus,
1619 1650 1660 1705 si
1696 1659 1779 1704 est
1798 1650 2106 1719 prandium,

522 1740 678 1794 Oculi
725 1742 957 1794 omnium
987 1755 1001 1793 :
1032 1740 1073 1795 si
1108 1754 1263 1795 omna
1300 1756 1314 1805 ;
1352 1739 1520 1795 Edent
1552 1758 1825 1811 pauperes,
1855 1751 1959 1796 etc.
2020 1741 2105 1796 ln-

520 1831 676 1885 clinis
702 1829 884 1884 Gloria
919 1828 1096 1894 Patri,
1129 1839 1185 1883 et
1208 1830 1383 1884 oratio
1410 1830 1685 1901 Dotnittica
1718 1832 1733 1850 ‘
1764 1847 1777 1883 :

521 1932 640 1977 ctus
668 1938 830 1977 mantt
861 1931 911 1977 et
951 1937 1045 1977 ore
1079 1923 1153 1975 ita
1176 1922 1504 1976 benedicens
1530 1922 1800 1996 :VOremns
1830 1937 1847 1975 :
1882 1923 2108 1978 Benedic

522 2015 759 2081 Domine,
795 2026 929 2082 etc,
981 2026 1034 2070 et
1062 2017 1328 2072 inclinans
1361 2016 1498 2071 redit
1526 2026 1584 2069 ιιι
1612 2016 1817 2071 sedeat.
1849 2017 1916 2071 Et
1947 2019 1992 2072 si
2028 2029 2112 2074 est

520 2114 670 2162 incus
721 2106 841 2175 ejus
868 2106 1023 2175 juxta
1058 2108 1217 2163 linem
1247 2107 1442 2163 tabula:
1477 2108 1619 2162 infra
1657 2125 1820 2163 unum
1859 2109 2108 2175 fratrem,
2146 2112 2147 2115 “

520 2197 608 2252 tlle
634 2212 863 2269 surgens
894 2199 943 2253 ei
981 2198 1155 2253 locum
1184 2199 1478 2255 accedendi
1511 2200 1623 2266 dat,
1658 2201 1797 2255 sicut
1824 2210 1877 2256 et
1898 2210 2105 2271 postea,

519 2290 563 2345 si
620 2291 921 2346 surrexerit
988 2291 1450 2361 Opportunitatetn
1508 2292 1840 2347 discedendi.
1900 2291 2109 2349 Sedens

522 2397 669 2447 vero,
729 2382 773 2438 si
821 2391 947 2437 ante
992 2399 1071 2451 se,
1128 2383 1502 2455 cujuscunque
1549 2386 1762 2455 generis
1804 2386 1897 2451 sit,
1928 2385 2107 2440 cibum

521 2475 785 2532 fratribus
804 2474 916 2544 jam
950 2477 1254 2547 appositum
1277 2491 1382 2531 non
1417 2476 1704 2543 invenerit,
1737 2486 1794 2532 et
1844 2478 1944 2533 hoc
1994 2494 2110 2533 ser-

523 2570 725 2625 vitorcs
784 2570 1064 2642 ignorant,
1112 2570 1376 2625 alteruter
1423 2570 1749 2625 collateralis
1772 2570 1889 2640 ejus
1947 2572 2108 2628 alicui

521 2666 707 2715 eorum
742 2662 936 2727 innuit,
965 2672 1025 2717 ιιι
1053 2661 1266 2728 oﬂ'crat,
1291 2670 1383 2716 aut
1409 2662 1453 2716 si
1482 2660 1585 2718 hoc
1615 2677 1719 2716 non
1770 2672 1967 2733 potest,
1996 2663 2109 2734 ipse

520 2769 749 2823 surgens
779 2754 827 2808 ei
858 2763 1129 2824 apportat.
1246 2744 1249 2747 ⁷
1508 2772 1509 2775 ‘

588 2843 859 2899 Cteterttm
907 2845 952 2900 si
994 2845 1101 2900 duo
1152 2846 1234 2901 vel
1285 2846 1463 2917 plures
1510 2845 1718 2901 tardius
1747 2845 1813 2900 ad
1862 2862 2105 2901 mensam

518 2946 866 2994 occurrentes
900 2953 1000 3007 pro
1033 2939 1346 3009 accipienda
1386 2939 1705 2995 comedendi
1758 2937 1975 2993 licentia
2028 2939 2106 2992 si-

520 3031 633 3087 mul
664 3032 1008 3096 intraverint,
1042 3042 1309 3104 quotquot
1342 3034 1396 3087 in
1420 3032 1579 3088 simul
1613 3040 1856 3103 possunt,
1890 3030 2107 3085 caeteris

520 3123 899 3179 ordinahiliter
932 3126 1304 3195 sequentibus.
1341 3125 1617 3195 praecedit,
1649 3132 1703 3179 et
1726 3124 1815 3193 qui
1852 3124 1991 3178 inter
2014 3137 2109 3177 eos
2135 3159 2181 3221 Ο

520 3218 840 3287 prmeminet
871 3217 923 3272 in
961 3233 1121 3274 sacro
1177 3218 1388 3283 ordine,
1438 3217 1551 3287 ipse
1586 3216 1749 3271 etiam
1802 3215 2109 3286 praeceden-

523 3313 655 3365 tium
686 3310 917 3376 medius,
947 3311 1060 3366 sive
1082 3311 1151 3365 sit
1182 3309 1455 3374 literatus,
1502 3310 1615 3364 sive
1643 3325 1772 3373 non,
1800 3309 1916 3363 sive
1944 3306 2112 3377 ipsius

520 3399 730 3454 ordinis
780 3400 1019 3455 celebret
1067 3400 1322 3463 cilicium,
1370 3400 1483 3455 sive
1508 3415 1645 3466 non;
1677 3398 1811 3468 ipse,
1867 3397 2107 3468 inquam,

518 3491 805 3561 praefertur
829 3491 881 3545 in
914 3491 1088 3544 danda
1118 3490 1515 3546 benedictione.
1565 3490 1634 3543 At
1672 3489 1715 3544 si
1745 3503 1935 3543 onmes
1964 3490 2112 3555 ejus-

523 3587 646 3641 dem
682 3594 810 3641 sunt
863 3586 1095 3652 ordinis,
1129 3595 1256 3640 tunc
1306 3584 1395 3655 qni
1451 3584 1602 3655 prior
1645 3590 1751 3649 est,
1789 3581 1893 3637 nisi
1924 3580 2012 3636 ille
2040 3581 2113 3635 sit

521 3694 837 3746 conversus,
894 3679 1078 3733 cteteri
1112 3677 1332 3732 iiterati.
1385 3675 1549 3731 Facta
1597 3674 1978 3729 bencdimione
2026 3687 2115 3742 po-

524 3772 782 3825 steriores
808 3770 1081 3839 paulisper
1106 3770 1361 3823 cedentes
1391 3774 1733 3837 eXSpcctant,
1758 3774 1817 3818 ut
1842 3764 1933 3834 qui
1964 3778 2115 3819 acce-

525 3859 701 3915 tlendo
756 3868 1170 3929 praecesserant,
1219 3858 1545 3913 discedendo
1591 3856 1754 3912 etiam
1787 3856 2111 3925 praecedant.

527 3956 587 4010 Si
655 3955 779 4027 quis
841 3953 1260 4025 praecedentium
1311 3951 1515 4021 aliquid
1566 3950 1740 4004 venite
1780 3948 2003 4018 dignum
2060 3949 2113 4003 in

525 4047 831 4111 accedendo
871 4044 1078 4107 fecerit,
1121 4041 1339 4097 interim
1396 4041 1619 4111 reliquis
1673 4038 2115 4110 eXSpectantibus

526 4140 740 4194 veniam
800 4145 931 4191 ante
983 4149 1198 4189 versum
1255 4134 1444 4203 petit:
1504 4133 1549 4188 si
1604 4146 1734 4186 vero
1773 4138 2112 4200 sequuntur,

525 4232 705 4288 dill‘ert
739 4244 911 4301 usque
940 4238 1063 4300 post
1083 4241 1325 4283 versum.
1352 4224 1771 4280 Prtrcavendum
1799 4232 1883 4278 est
1910 4231 2114 4285 autem,

525 4342 596 4381 ne
655 4333 942 4396 postquam
995 4318 1150 4376 scilla
1202 4316 1271 4373 ad
1321 4316 1572 4389 generale
1617 4314 1879 4386 pulsatur,
1939 4311 2118 4368 nullus

527 4416 846 4472 comedendi
886 4413 1163 4470 licentiam
1200 4411 1450 4482 accipiat,
1483 4424 1581 4465 nec
1602 4406 1937 4471 discedendi,
1965 4413 2119 4477 post-

1812 1831 1942 1885 tlicit
1985 1847 2105 1887 cre-
2143 1810 2183 1867 Β

2210 537 2264 591 in
2293 536 2488 591 faciem
2525 544 2580 591 et
2611 550 2828 591 versum
2864 536 3013 605 dicit,
3049 536 3094 591 si
3124 547 3207 593 est
3233 539 3557 609 prandium,
3584 540 3795 609 Conﬁte-

2209 639 2386 683 antur.
2421 628 2640 684 lnclinis
2672 627 2856 705 Gloria
2909 626 3085 683 Patri.
3130 631 3396 687 Erectus:
3448 633 3674 703 Agimus
3714 638 3791 690 ιίἑὶ

2207 724 2430 793 gratias.
2477 722 2536 777 Si
2598 736 2778 790 caena,
2834 721 3152 778 Memoriam
3207 725 3352 793 fecit,
3410 725 3791 783 etBenedicm

2212 813 2483 877 Dominus,
2514 822 2621 870 etc.
2658 815 2841 869 Amen.
2874 814 3042 870 Facto
3068 824 3250 871 autem
3278 826 3409 871 ante
3453 826 3512 872 et
3544 828 3688 874 retro
3716 821 3791 874 in-

2209 908 2349 963 cedit
2368 907 2698 977 pedetentim
2724 909 2992 963 cantando
3008 908 3275 978 psalmum
3292 909 3788 981 quinquagesimum

2208 1016 2378 1071 usque
2409 1001 2474 1055 ad
2501 1000 2699 1056 ostium
2735 1000 3031 1056 refectorii.
3064 1000 3140 1072 ibi
3190 1016 3248 1057 se
3296 1002 3574 1058 inclinans
3624 1016 3785 1058 contra

2210 1108 2481 1149 mensam.
2512 1091 2868 1165 principalem
2924 1092 3054 1148 dicit
3109 1094 3293 1148 omnia
3326 1109 3449 1164 quae
3500 1095 3558 1149 in
3585 1096 3785 1151 ecclesia

2209 1189 2463 1244 dicuntur
2492 1202 2520 1240 a
2553 1186 2833 1241 sacerdote
2856 1185 2938 1241 vel
2969 1201 2999 1239 a
3031 1196 3324 1252 conventu,
3349 1189 3403 1241 id
3426 1196 3512 1243 est
3540 1207 3554 1241 :
3596 1189 3782 1257 Disper-

2208 1278 2296 1331 sit.
2328 1275 2642 1331 Benedicam
2690 1277 2997 1330 hominum.
3046 1276 3113 1331 In
3162 1276 3410 1332 Domino.
3462 1279 3780 1349 Jlngniﬁrate

2208 1369 2514 1424 Dominum.
2546 1368 2627 1424 Sit
2658 1384 2845 1421 nomen
2875 1368 3111 1421 Domini.
3152 1367 3479 1423 Retribuere.
3514 1372 3783 1425 Benedic:-

2210 1476 2326 1513 mns
2361 1458 2607 1512 Domino.
2637 1457 2823 1512 Amen.
2850 1457 3155 1514 Novissime
3186 1459 3331 1515 facto
3368 1470 3522 1515 retro
3552 1473 3609 1516 et
3661 1474 3781 1525 ante,

2211 1552 2254 1607 si
2284 1550 2411 1621 quid
2436 1551 2561 1606 fecit
2585 1550 2690 1605 tale
2720 1551 2861 1604 inter
2893 1549 3145 1615 Versum,
3171 1550 3239 1606 de
3277 1552 3451 1622 gradu
3508 1554 3783 1609 recedentia

2209 1642 2423 1696 veniam
2456 1640 2593 1711 petit
2620 1650 2676 1695 et
2706 1641 2789 1696 sic
2815 1640 2948 1695 exit.
2979 1638 3214 1707 Quodsi
3246 1657 3353 1697 non
3384 1644 3623 1713 amplius
3648 1662 3784 1715 quam

2210 1733 2380 1789 semel
2409 1748 2474 1789 eo
2503 1733 2590 1789 die
2625 1731 2826 1789 fratres
2849 1732 3165 1799 comedunt,
3200 1742 3331 1790 tunc
3376 1750 3486 1789 non
3531 1737 3667 1792 alios
3686 1753 3787 1792 vet--

2212 1843 2305 1882 sus
2338 1827 2488 1893 dicit,
2518 1842 2679 1897 quam
2715 1826 2834 1882 illos
2864 1827 2932 1880 ad
2965 1820 3179 1881 cautam
3212 1826 3577 1896 pertinentes,
3600 1840 3653 1885 et
3673 1831 3787 1901 Agi-

2211 1937 2326 1974 mus
2366 1920 2588 1989 gratias.
2629 1917 2828 1973 Verum
2859 1918 2925 1973 ad
2960 1934 3122 1972 unatn
3155 1919 3329 1974 vicem
3370 1936 3641 1992 nunquam
3671 1922 3791 1977 facit

2212 2020 2529 2081 utrumque;
2580 2019 2638 2066 ut
2677 2022 2731 2068 et
2764 2010 2967 2065 tardius
2994 2026 3155 2080 quam
3193 2012 3244 2065 al
3272 2013 3287 2066 i
3319 2012 3513 2078 veniat,
3550 2023 3602 2069 et
3628 2014 3791 2069 citius

2211 2113 2419 2175 surgat.
2700 2132 2703 2135 -
2788 2164 2789 2167 η

2780 2196 3011 2253 CAPUT
3072 2196 3237 2252 LXV.

2631 2286 2708 2342 De
2739 2288 3018 2357 refectione
3045 2290 3382 2343 servitorum.

2282 2380 2303 2404 ⁶
2333 2380 2513 2435 Finita
2547 2378 2843 2435 refectione
2869 2380 3113 2451 generali
3146 2395 3271 2435 mox
3303 2382 3636 2437 conveniunt
3676 2397 3786 2438 sero

2210 2474 2437 2539 vitores,
2471 2473 2764 2545 creterique
2797 2474 3122 2529 comessuri.
3155 2473 3364 2541 Quibus
3390 2475 3582 2541 etiam,
3608 2491 3785 2546 quant-

2209 2566 2292 2619 vis
2319 2565 2427 2619 sint
2454 2565 2634 2635 pauci,
2666 2563 2856 2620 eodem
2886 2565 3079 2620 ordine
3114 2580 3179 2621 ac
3217 2567 3528 2621 reverentia
3574 2568 3792 2622 servitur

2210 2674 2315 2728 qua
2349 2667 2404 2714 et
2434 2657 2743 2713 conventui.
2777 2656 2856 2712 Ex
2878 2658 3273 2714 consuetudine
3310 2659 3499 2728 plures
3525 2674 3629 2714 non
3653 2670 3788 2723 sunt,

2212 2766 2374 2821 quam
2412 2751 2479 2804 ad
2507 2750 2715 2805 scillam
2739 2749 2936 2806 sedens
2965 2765 3274 2820 mensaeque
3304 2750 3497 2814 lector,
3543 2749 3793 2818 adiunctis

2210 2843 2491 2906 ministris,
2525 2843 2629 2898 nisi
2663 2843 2803 2899 forte
2847 2844 3147 2915 contingat,
3193 2854 3253 2898 ut
3298 2846 3476 2916 major
3517 2845 3597 2900 vel
3647 2845 3790 2899 clau-

2210 2935 2391 3005 stralis
2418 2936 2588 3006 prior,
2616 2935 2701 2991 vel
2730 2935 2848 3003 ejus
2879 2937 3113 3006 adjutor,
3148 2947 3238 2992 aut
3289 2938 3460 2992 etiam
3504 2938 3697 3007 aliquis
3737 2938 3795 2992 de

2211 3031 2295 3084 via
2332 3030 2554 3084 veniens
2576 3045 2697 3084 cum
2724 3029 2827 3083 illis
2852 3030 3079 3085 reficiat.
3109 3030 3383 3085 interdum
3433 3031 3591 3084 etiam
3623 3032 3795 3084 evenit

2212 3131 2272 3177 ut
2298 3122 2420 3193 quis
2446 3122 3060 3192 obedientiariusaliquo
3090 3124 3239 3194 gravi
3271 3122 3457 3178 labore
3481 3122 3795 3194 pra-peditus

2212 3217 2479 3288 permissu
2534 3217 2733 3286 prioris
2759 3217 2826 3271 ad
2862 3216 3098 3286 priorem
3129 3230 3375 3271 mensam
3407 3216 3591 3271 desit:
3618 3217 3795 3285 isergo

2213 3328 2321 3366 non
2361 3310 2684 3381 prohibetur
2735 3324 2858 3365 cum
2898 3308 3258 3387 servitutibus
3287 3309 3533 3363 reﬁcere.
3570 3308 3794 3376 Itemque

2213 3401 2462 3472 quamvis
2516 3401 2647 3454 ttulli
2704 3400 2820 3455 sine
2873 3413 3068 3471 magna
3097 3399 3424 3455 necessitate
3448 3401 3791 3463 concedatur,

2214 3500 2394 3544 tamen
2425 3498 2646 3559 accepta
2677 3488 2894 3543 licentia
2927 3498 3055 3543 ante
3096 3487 3308 3543 finitam
3331 3492 3649 3543 eorumdem
3672 3488 3793 3542 τοῖς·
3888 3487 3890 3559 ᾗ

2215 3580 2450 3635 ctionctn
2500 3579 2628 3634 inde
2674 3578 2951 3634 discedere
3002 3588 3200 3650 potest.
3236 3578 3293 3633 ιτ.
3351 3581 3643 3651 praecipuis
3680 3592 3793 3632 rem
3888 3580 3890 3651 ξ

2214 3670 2600 3726 festivitatibus
2667 3670 2895 3727 ostiario
2962 3671 3287 3742 ueterisque
3360 3673 3567 3742 majora
3631 3671 3790 3725 ofﬁcia

2170 3768 2171 3773 ‘
2214 3752 2749 3825 administrantibus,
2786 3762 2832 3816 si
2870 3764 3109 3818 necesse
3161 3769 3267 3825 est,
3310 3772 3436 3832 post
3466 3760 3791 3831 evangelium

2215 3855 2440 3926 majoris
2464 3855 2666 3921 missae,
2696 3869 2821 3909 cum
2856 3853 3074 3909 licentia
3106 3853 3311 3923 prioris
3363 3854 3491 3909 licet
3538 3854 3791 3924 prandere

2217 3947 2308 4001 tali
2340 3946 2547 4001 scilicet
2570 3945 2780 4012 ordine,
2813 3953 2872 3999 ut
2898 3953 3088 4015 postea
3116 3959 3217 3999 nec
3243 3960 3372 4000 eum
3409 3944 3679 4014 prioribus
3701 3957 3789 3995 nec

2217 4042 2340 4093 cu‘m
2370 4036 2725 4093 servitoribus
2753 4036 2891 4091 idem
2909 4035 3207 4107 prandium
3233 4035 3314 4092 eis
3342 4045 3594 4107 repetere
3626 4036 3782 4089 liceat.

2170 4125 2174 4131 ’
2218 4128 2477 4185 Ministris
2496 4136 2681 4183 autem
2708 4127 2776 4182 de
2823 4126 3113 4182 refectorio
3145 4126 3501 4193 exeuntibus,
3534 4125 3720 4180 fratres
3742 4122 3787 4176 lu'

2222 4231 2453 4284 tantum,
2505 4235 2604 4291 per
2642 4233 2779 4290 quos
2830 4218 2903 4274 illi
2959 4226 3266 4285 transeunt,
3300 4219 3384 4274 vel
3418 4220 3465 4274 si
3500 4220 3551 4273 in
3580 4214 3785 4287 capitulo

2218 4315 2461 4381 sedeant,
2488 4328 2681 4369 omnes
2711 4310 3023 4367 inclinando
3048 4322 3363 4382 assurgunt.
3391 4310 3463 4365 Et
3486 4322 3565 4365 est
3589 4322 3787 4365 consue-

2219 4408 2350 4463 tudo
2386 4415 2445 4460 ttt
2485 4421 2625 4461 unus
2663 4394 2873 4469 eorum,
2905 4405 2951 4459 si
2998 4419 3103 4459 nox
3148 4412 3252 4464 est.
3289 4414 3425 4459 ante
3464 4405 3601 4460 alios
3638 4394 3785 4470 usqu

527 4524 691 4578 quam
751 4508 920 4562 micas
982 4506 1195 4561 ablatas
1245 4518 1365 4560 esse
1415 4501 1646 4558 noverit.
1705 4500 1762 4556 Si
1794 4500 1938 4555 enim
1976 4513 2111 4570 opus
2139 4510 2189 4569 ι)
2215 4500 2283 4555 ad
2312 4498 2594 4555 ecclesiam
2618 4498 2897 4553 ardentem
2921 4495 3200 4551 candelam
3231 4494 3396 4551 ferat.

526 4600 781 4655 habuerit
832 4598 1151 4669 aliquando,
1194 4606 1255 4650 ut
1286 4596 1598 4666 priusquam
1629 4593 1833 4659 caeteri,
1865 4601 2051 4662 surgat
2080 4606 2111 4645 a

528 4707 714 4747 mensa
740 4691 904 4762 (quod
940 4700 1140 4755 tamen,
1189 4689 1291 4743 nisi
1339 4686 1763 4742 obedientiarius
1789 4686 1879 4751 sit,
1921 4698 2114 4740 cavere

528 4799 598 4839 ne
634 4783 795 4839 faciat
843 4782 1021 4851 debet)
1079 4780 1164 4837 vel
1222 4780 1327 4835 tale
1373 4794 1510 4848 opus
1538 4778 1641 4834 sibi
1673 4777 1743 4832 sit
1792 4774 2111 4845 injunctnm,

526 4877 671 4947 quod
706 4886 881 4929 tamen
911 4873 1070 4928 citius
1099 4872 1169 4927 sit
1198 4869 1617 4943 perliciendum;
1650 4883 1842 4939 panem
1874 4875 1929 4921 et
1949 4867 2114 4937 justi-

529 4971 660 5023 tiam
712 4967 785 5021 ita
810 4963 1189 5023 ordinabiliter
1216 4962 1397 5033 ponit,
1421 4960 1709 5031 sicut‘poni
1754 4958 2038 5024 deberent,
2069 4957 2115 5013 si

527 5076 648 5115 cum
677 5059 889 5119 caeteris
920 5040 1187 5127 surgeret.
1230 5053 1443 5108 Rursus
1469 5053 1513 5107 si
1547 5053 1674 5122 quid
1705 5040 1926 5123 dignum
1958 5050 2115 5105 venia

524 5168 753 5225 surgens
781 5152 860 5208 vel
889 5150 1153 5207 accedens
1178 5148 1325 5212 facit,
1354 5148 1505 5217 prius
1529 5146 1740 5202 veniam
1775 5146 1906 5215 petit
1953 5159 2115 5215 quam

525 5245 759 5301 abeundi
808 5244 1084 5300 licentiam
1124 5248 1357 5312 quaerat.
1393 5238 1502 5295 Sed
1538 5239 1678 5294 hanc
1704 5238 1919 5293 veniam
1944 5249 2117 5308 usque

525 5348 648 5410 post
681 5353 899 5394 versum
927 5335 1126 5402 differt,
1153 5334 1197 5389 si
1240 5334 1381 5388 inter
1404 5332 1608 5402 plures,
1639 5346 1731 5386 eos
1762 5340 1941 5386 tamen
1986 5344 2116 5399 pro-

526 5443 649 5502 pter
703 5442 914 5488 arctum
950 5430 1053 5485 loci
1095 5442 1329 5499 sequens
1380 5426 1692 5481 accesserit.
1740 5424 1872 5478 Nam
1920 5424 1963 5478 si
1992 5438 2117 5478 cum

527 5524 679 5592 ipsis,
730 5534 785 5578 et
817 5523 918 5593 ipsi
959 5521 1003 5577 si
1039 5520 1274 5576 viderint
1306 5518 1390 5573 vel
1431 5518 1710 5583 seiverint,
1762 5516 2008 5585 deliquit,
2057 5523 2118 5570 ut

528 5617 678 5685 prius
701 5615 911 5670 veniam
942 5623 1107 5685 petat,
1139 5620 1478 5683 exspectant.

601 5708 713 5779 (uo.
736 5709 871 5780 var.)
891 5710 965 5763 De
980 5724 1085 5777 qua
1105 5722 1332 5777 surgens
1356 5704 1577 5761 venitatl
1595 5703 1817 5776 gradum
1833 5713 1883 5759 et
1899 5719 2116 5759 manum

532 5816 826 5873 expausam
856 5802 1072 5857 tractim
1095 5817 1124 5856 a
1147 5802 1629 5873 pectoretrahens,
1657 5814 1777 5855 cum
1805 5799 2117 5872 hujusmodi

2782 4608 3011 4665 CAPUT
3051 4608 3235 4665 LXVI.

2290 4701 2364 4757 De
2408 4701 2715 4757 habitudine
2760 4718 2889 4764 sua,
2940 4711 2988 4753 et
3030 4711 3145 4770 post
3179 4700 3477 4770 prandium
3556 4708 3728 4755 etuas!

2866 4787 2875 4801 '
2901 4787 3125 4825 ca'nant.

2290 4865 2427 4939 (ου.)
2448 4862 2939 4919 Postrel'ectionem
2962 4864 3030 4918 ad
3044 4863 3185 4918 hanc
3208 4863 3403 4919 horam
3419 4879 3610 4935 majort
3632 4861 3787 4919 studio

2217 4973 2379 5030 quam
2426 4956 2490 5016 ad
2523 4957 2683 5011 aliam
2713 4956 2989 5013 silentium
3023 4966 3108 5012 est
3138 4955 3241 5011 sibi
3275 4957 3547 5013 indictum
3568 5001 3584 5025 ,
3623 4968 3677 5014 et
3716 4970 3785 5009 se

2218 5050 2454 5106 cundum
2482 5050 2624 5119 quod
2657 5050 2885 5121 tempori
2932 5048 3017 5105 vel
3038 5048 3224 5104 ordini
3250 5057 3335 5104 est
3364 5060 3785 5107 consertum.

2218 5154 2279 5201 ut
2309 5145 2363 5199 in
2403 5143 2643 5199 claustro
2673 5143 2862 5199 sedeat
2888 5143 3114 5213 legendo
3145 5140 3231 5195 vel
3280 5142 3575 5209 cantando,
3626 5150 3712 5196 aut
3748 5140 3787 5193 si

2218 5240 2393 5313 pergit
2422 5238 2716 5295 dormitum
2750 5248 2805 5293 et
2828 5238 3007 5309 legere
3031 5236 3281 5303 voluerit,
3306 5236 3546 5307 jacendo
3586 5236 3726 5305 legit,
3744 5244 3789 5287 et

2220 5337 2293 5393 ita
2321 5337 2674 5409 compositus,
2703 5349 2767 5389 ac
2801 5333 2845 5389 si
2876 5324 3083 5388 statim
3107 5330 3292 5399 cupiat
3321 5330 3657 5385 obdormire.
3682 5325 3785 5380 Ἐι

2219 5430 2352 5485 hora
2383 5444 2490 5498 qua
2517 5427 2667 5482 vadit
2705 5425 2997 5481 dormitum
3020 5436 3128 5476 non
3169 5434 3358 5475 secum
3386 5418 3783 5477 defertiibrtm.

2220 5523 2312 5577 sed
2347 5522 2516 5592 prius,
2554 5536 2660 5574 non
2695 5527 2873 5572 tamen
2921 5516 2975 5569 in
3017 5521 3206 5584 aperto
3255 5512 3415 5566 debet
3453 5527 3576 5566 eum
3608 5520 3789 5580 ponere

2180 5616 2284 5669 ‘ad
2312 5614 2531 5681 lectum,
2581 5613 2722 5667 sicut
2769 5619 2825 5666 et
2870 5618 2994 5679 post
3037 5621 3144 5660 non
3186 5604 3238 5658 in
3266 5601 3685 5673 apertorefcrre
3730 5596 3787 5652 ad

2221 5709 2537 5763 armarium.
2571 5705 2626 5762 Si
2654 5718 2948 5765 conversus
2984 5700 3297 5771 psalterium
3319 5713 3478 5754 suum
3508 5699 3575 5750 ad
3602 5694 3785 5749 tectum

2223 5816 2378 5860 suum
2408 5801 2589 5867 habet,
2633 5808 2820 5869 postea
2854 5809 3107 5867 surgens,
3136 5793 3181 5850 si
3230 5782 3363 5861 vult,
3395 5805 3501 5845 non
3539 5792 3785 5858 reportat.
