3890 6314
48 330 108 386 m
1075 305 1494 365 CONSTITUT.
1545 302 1876 361 HIRSAUG.
1900 333 1968 344 —
2005 303 2113 359 ιλιι

3152 280 3261 365 me

47 406 163 508 jnod'
201 435 264 490 de
312 431 556 488 omnibus
602 425 862 505 intelligc,
915 432 969 478 et
1022 436 1067 477 st
1121 430 1269 476 tanta
1298 420 1560 474 librorum
1590 419 1639 478 Α
1669 415 1805 508 alias
1831 431 1937 469 non
1969 424 2052 469 est
2084 415 2253 469 lectus
2286 430 2460 485 neque
2508 415 2790 488 legendus,
2817 416 2908 484 qui
2932 432 2976 471 st
3003 426 3179 495 potest
3201 417 3266 473 iu'

48 534 149 601 npia
179 535 334 592 esset,
383 533 441 579 ut
487 522 588 577 illis
627 519 832 590 jugiter
874 518 939 571 ad
1002 517 1195 571 lectum
1233 512 1560 585 jacentibus,

47 627 99 679 llll
128 625 172 678 in
193 622 422 678 claustro
444 618 693 673 sedentes
732 614 931 669 habere
956 619 1199 683 possent.
1234 624 1324 665 uo.
1362 607 1563 664 Jaccns

48 729 132 768 ἵετο
156 714 201 767 ἰη
227 710 361 765 lecto
386 724 491 763 non
522 706 680 760 modo
727 719 789 759 ea
836 702 987 773 signa
1010 742 1026 767 ,
1082 716 1201 770 quae
1231 715 1352 755 cum
1400 713 1562 753 manu

48 804 373 866 lunt,devitat,
402 800 495 855 sed
526 799 688 854 etiam
719 797 883 852 ictum
912 794 1192 849 oculorum
1222 806 1562 862 nequaquam

48 900 179 969 lirigit
207 894 267 949 ad
299 893 459 949 ullius
484 892 669 947 fratris
698 891 917 955 lectum,
950 898 1008 944 ut
1035 888 1162 943 illuc
1184 888 1438 958 rc5piciat
1485 886 1566 941 vel

48 992 84 1046 ltI
107 998 432 1045 momentum.
463 987 590 1042 Post
614 1000 836 1050 nouam,
867 984 982 1040 sive
1014 983 1159 1039 sitim
1213 982 1435 1048 habent,
1482 983 1567 1037 vel

48 1102 135 1148 ton,
162 1093 325 1137 tamen
356 1098 461 1136 non
492 1079 695 1137 omittit
723 1094 844 1134 cum
873 1077 993 1132 aliis
1024 1076 1076 1131 in
1106 1074 1453 1131 refectorium
1490 1074 1569 1131 ire

48 1176 272 1239 )llllllll’IlS,
320 1171 422 1227 uisi
455 1172 528 1247 sit
551 1169 998 1234 obedientiarius,
1041 1171 1059 1189 θ
1087 1179 1141 1224 et
1180 1184 1242 1225 ea
1274 1170 1406 1224 hora
1434 1167 1570 1223 foris

48 1268 215 1321 nntium
245 1276 557 1335 occupatus.
596 1281 684 1320 un.
717 1263 937 1331 Quoties
960 1273 1086 1333 post
1111 1278 1366 1335 vesperos
1388 1278 1573 1319 caena-

48 1372 121 1423 ntr,
148 1373 282 1414 cinna
312 1356 455 1411 facta
487 1354 866 1412 dormitorium
890 1356 1155 1423 ascendit,
1184 1357 1203 1375 ⁶
1233 1354 1466 1411 cultrum
1504 1357 1571 1410 ad

47 1457 161 1517 rapat
194 1448 425 1518 deponit,
485 1446 837 1502 nocturnales
886 1446 1099 1502 calceos
1148 1445 1356 1512 induit,
1412 1456 1467 1501 et
1516 1447 1571 1500 in

48 1540 277 1593 claustrum
300 1540 491 1594 sedere
523 1539 689 1592 venit.
718 1536 817 1593 Ubi
836 1538 900 1592 ad
929 1537 1072 1592 illam
1106 1538 1295 1592 horam
1330 1537 1571 1608 quandiu

48 1631 170 1697 sedet,
202 1641 473 1701 tantopere
501 1630 720 1686 silentio
756 1631 959 1696 studet,
989 1640 1049 1685 ut
1096 1630 1141 1685 si
1194 1630 1396 1685 sciolus
1441 1628 1577 1685 scri-

48 1720 161 1774 bendi
184 1720 305 1777 forte
326 1722 452 1790 quid
479 1721 779 1792 scripserit,
810 1737 907 1775 ncc
934 1737 1281 1792 perganteno,
1313 1737 1410 1776 nec
1437 1737 1573 1790 pen-

1640 556 1641 559 η
1667 503 1875 560 duabus
1905 506 2155 561 noctibus
2180 505 2403 576 perlegi,
2433 508 2614 581 taudiu
2641 507 2856 579 legitur,
2877 507 3052 578 quoad
3081 521 3257 579 usque

1672 597 1919 651 finiatur.

1738 687 1845 744 Sed
1872 698 1925 744 et
1953 690 2057 744 hoc
2085 689 2345 745 lectorem
2378 699 2593 760 oportet
2622 690 2786 757 scire,
2816 691 2957 760 quod
2982 705 3267 760 nunquam

1620 802 1621 805 η
1668 780 1829 835 debet
1879 780 2163 835 lectionem
2224 781 2498 851 incipere,
2554 780 2656 837 nisi
2717 793 2843 837 ante
2894 780 2992 838 sibi
3042 768 3269 861 signum:

1668 872 1853 939 faciat,
1880 884 2106 942 excepto
2128 874 2195 927 ad
2222 874 2535 928 mandatum
2564 875 2615 928 in
2649 875 2873 929 sabbato
2898 894 2911 929 :
2944 884 3068 929 tunc
3089 870 3268 941 cnim,’
3294 944 3297 945 ν

1670 973 1728 1019 ιιι
1761 965 2033 1020 armarius
2086 974 2305 1019 cautum
2368 965 2643 1033 terminat,
2694 966 2871 1037 legere
2903 982 3008 1020 nou
3062 963 3268 1021 tardat.

1672 1058 1773 1126 Qui
1816 1057 1909 1112 tali
1944 1058 2073 1112 hora
2110 1058 2176 1112 ad
2209 1057 2553 1114 collationem
2600 1059 2768 1122 venit,
2793 1059 2937 1128 quod
2984 1058 3067 1113 vel
3100 1059 3269 1135 dimi:

1672 1148 1817 1201 dittm
1846 1163 2059 1213 versus,
2103 1147 2352 1204 lectionis
2402 1150 2554 1204 audit
2586 1149 2847 1215 sedendo,
2897 1159 3115 1220 propter
3160 1142 3271 1204 hoe

1670 1238 1884 1292 veniam
1922 1240 1987 1292 ad
2041 1239 2340 1295 crastinum
2395 1240 2689 1310 capitulum
2743 1256 2848 1294 non
2883 1240 3036 1310 petit.
3084 1238 3264 1293 Finita

1675 1330 1856 1385 autem
1887 1330 2141 1399 lectione,
2176 1331 2347 1388 lector
2376 1332 2447 1387 ihi
2473 1331 2626 1398 juxta
2657 1331 2966 1402 analogiam
2997 1332 3266 1386 facitante

1673 1432 1730 1479 et
1779 1432 2031 1503 retro'et
2060 1425 2243 1478 statim
2270 1424 2412 1491 exit,
2445 1426 2547 1480 nisi
2596 1424 2670 1480 sit
2718 1425 2770 1478 in
2804 1422 3081 1488 custodia;
3137 1432 3266 1476 tunc

1675 1532 1969 1588 parumper
2018 1517 2334 1583 divertens,
2406 1516 2689 1572 custodem
2750 1532 2905 1570 suum
2960 1522 3266 1583 exspectat.

1676 1610 1897 1673 Omnes,
1930 1609 2020 1678 qui
2073 1617 2358 1664 remanent
2390 1610 2455 1662 de
2480 1609 2741 1679 capitulo,
2774 1607 2921 1661 ﬁnita
2956 1604 3268 1673 collatione,

1679 1700 1883 1769 egressi
1933 1700 2001 1754 de
2038 1698 2275 1769 capitulo
2316 1698 2384 1753 ad
2411 1699 2690 1753 sinistram
2720 1708 2925 1769 partem
2972 1698 3271 1762 divertuut,

48 1828 93 1867 na
117 1814 205 1883 ipsa
235 1789 489 1884 quidquid
522 1789 736 1868 sonitus
762 1812 869 1867 ullo
901 1789 1061 1868 modo
1089 1789 1449 1876 committata
1480 1822 1574 1867 aut

1698 1792 1867 1856 lonec,
1898 1800 2009 1846 toto
2035 1800 2303 1848 conventu
2350 1806 2591 1862 egresso,
2620 1792 2686 1846 de
2735 1791 2933 1846 abbate
2976 1789 3057 1845 vel
3092 1791 3272 1861 priore

50 1903 80 1956 si
104 1905 272 1960 tardius
298 1920 458 1975 quam
489 1903 672 1958 caeteri
702 1904 767 1958 de
790 1902 1109 1959 dormitorio
1135 1902 1434 1968 descendit,
1466 1913 1574 1958 tam

52 1995 154 2049 lente
176 1996 344 2065 pedem
369 2004 557 2064 ponat,
610 2003 671 2049 ut
718 1994 835 2064 ejus
889 1994 1154 2056 incessus.
1186 1994 1229 2049 si
1261 1994 1471 2049 videtur
1511 1992 1579 2048 ab

54 2084 153 2152 aliis,
178 2087 380 2140 minime
411 2096 596 2140 tamen
626 2085 695 2141 ab
724 2084 814 2139 illo
839 2085 1008 2155 possit
1031 2085 1228 2139 audiri.
1259 2084 1578 2153 llujusmodi

56 2186 191 2229 autem
216 2169 475 2231 silentium
509 2175 619 2229 alio
661 2185 904 2245 tempore
939 2191 1045 2230 non
1079 2185 1189 2230 tam
1240 2175 1468 2231 sollicite
1497 2184 1583 2231 est

56 2266 403 2319 observandum.
431 2267 447 2285 ⁶
474 2263 788 2320 Cavendum
815 2273 898 2320 est
926 2274 1105 2320 autem
1133 2274 1241 2320 tam
1268 2276 1390 2336 post
1417 2282 1583 2336 prauo

58 2356 164 2411 dium
194 2373 334 2427 quam
362 2364 484 2428 post
527 2372 763 2423 creuam,
800 2371 867 2412 ne
895 2357 1019 2427 quis
1042 2367 1336 2428 praesumat
1391 2373 1585 2423 manus

60 2447 462 2519 lavare,cxceptis
498 2449 883 2519 scriptoribus,
934 2460 988 2505 et
1039 2451 1085 2505 si
1142 2451 1266 2521 quis
1329 2451 1585 2505 sacerdos

63 2540 138 2594 tale
168 2542 275 2610 quid
316 2542 474 2597 habet
522 2541 579 2595 in
632 2541 837 2597 missali
891 2542 1029 2597 libro
1052 2542 1389 2614 praevidere:
1425 2559 1585 2612 quem

63 2640 158 2685 tunc
182 2632 431 2701 temporis,
466 2634 577 2689 nisi
607 2647 789 2704 panno
817 2633 1116 2691 involutum
1165 2651 1432 2706 nusquam
1460 2651 1585 2705 por-

67 2728 178 2782 tabit.
206 2728 338 2797 Quod
366 2731 622 2796 sacrista,
658 2746 725 2787 ne
772 2727 1078 2801 hujusmudi
1105 2728 1267 2800 panni
1292 2728 1587 2800 aliquando

70 2817 214 2872 ibidem
235 2819 414 2888 desint,
439 2820 779 2891 providebit.

550 2928 782 2987 CAPUT
819 2928 1028 2985 LXVII.

124 3018 180 3072 De
214 3037 294 3091 eo,
340 3023 477 3095 quod
525 3023 703 3078 lumen
753 3024 819 3095 in,
854 3023 1088 3076 claustro
1136 3038 1234 3076 suo
1291 3029 1520 3092 tempore

628 3094 970 3148 accendatur.

1682 1882 1957 1938 licentiam
2015 1882 2247 1936 abeundi
2301 1882 2589 1952 accipiant.
2636 1881 2788 1938 Tuuc
2832 1882 2973 1937 enim
3006 1883 3050 1936 si
3099 1880 3268 1950 aliqui

1680 1972 1879 2027 fratres
1913 1971 2173 2037 sitierint,
2208 1970 2350 2027 facto
2390 1972 2543 2042 signo
2572 1971 2845 2027 licentiam
2876 1972 3091 2027 bibendi
3118 1969 3267 2025 acci-

1680 2065 1855 2135 piunt.
1906 2063 2096 2119 Serius
2144 2078 2273 2118 vero
2313 2079 2658 2133 nequaquam
2709 2062 3013 2132 lmjusmodi
3050 2061 3269 2117 licentia

1682 2162 1767 2209 est
1794 2153 2048 2222 petenda,
2077 2167 2177 2207 nec
2204 2152 2368 2207 etiam
2403 2152 2649 2221 posthac,
2699 2153 2801 2207 nisi
2833 2168 2955 2208 raro
2982 2170 2995 2218 ;
3040 2160 3271 2221 excepto

1684 2246 1729 2301 si
1760 2245 2057 2316 quemlibet
2087 2245 2383 2301 vehemens
2426 2244 2547 2300 sitis
2589 2244 2873 2310 invaserit,
2908 2261 3026 2316 qum
3051 2244 3275 2299 omnino

1683 2338 1755 2393 sit
1820 2336 2175 2393 intolerabilis
2223 2354 2238 2392 :
2288 2335 2551 2406 ejusmodi
2612 2349 2844 2406 namque
2910 2335 3265 2391 vehementia:

1685 2442 1792 2482 non
1843 2437 1928 2483 est
1969 2426 2053 2481 lex
2105 2430 2282 2497 posita
2323 2446 2335 2481 :
2371 2441 2709 2498 quacumque
2744 2426 2888 2480 enim
2922 2426 3054 2480 hora
3086 2441 3278 2496 quem-

1686 2536 1849 2590 quam
1892 2528 2040 2573 tauta
2096 2518 2442 2574 intolerantia
2498 2519 2732 2586 vexarit,
2764 2519 2928 2574 etiam
2982 2518 3034 2573 in
3084 2517 3277 2572 mediis

1687 2612 2006 2677 matutinis,
2058 2620 2207 2682 petet
2255 2612 2535 2667 licentiam
2592 2612 2833 2667 bibendi.
2883 2612 2999 2679 Qua
3056 2620 3276 2681 accepta

1689 2702 1845 2773 jussu
1877 2703 2077 2773 prioris
2109 2702 2290 2773 aliquo
2335 2720 2458 2759 eum
2505 2706 2801 2759 comitante
2831 2704 2928 2759 ibit
2958 2704 3007 2759 in
3037 2703 3277 2758 inﬁrma-

1689 2793 1849 2859 riam,
1884 2801 1938 2848 et
1990 2808 2090 2847 nec
2144 2794 2440 2847 revertitur
2468 2802 2656 2865 postea
2703 2794 2754 2848 iu
2790 2803 3140 2863 conventum,
3172 2794 3279 2850 nisi

1691 2900 1756 2941 eo
1791 2894 2054 2954 tempore,
2086 2900 2194 2955 quo
2221 2894 2276 2939 et
2299 2885 2527 2954 quilibet
2554 2885 2820 2949 inﬁrmus,
2849 2902 2947 2940 nec
2969 2886 3083 2939 sine
3112 2884 3281 2940 licen-

1693 2977 1788 3032 tia.
1835 2976 1899 3031 Et
1943 2975 2251 3040 sciendum,
2285 2978 2428 3046 quod
2468 2975 2561 3045 qui
2595 2976 2661 3030 de
2712 2975 3062 3046 completorio
3110 2991 3286 3030 rema-

1700 3077 1864 3130 nent,
1930 3084 2055 3124 cum
2127 3067 2331 3123 faciunt
2387 3069 2702 3139 praedictum
2754 3068 2967 3138 signum
3008 3068 3283 3133 abeundi,

153 3178 534 3240 Procurandum
565 3194 646 3239 cst
671 3184 860 3249 etiam,
889 3192 946 3238 ut
975 3184 1027 3238 in
1063 3191 1306 3254 tempore
1329 3182 1591 3254 hyemali,
1621 3157 1665 3219 (ἶ
1696 3170 1925 3233 Possm“
1969 3177 2207 3232 (ιιιοειιιον
2255 3162 2298 3216 εἷ
2341 3161 2580 3254 blblmrl
2607 3168 2777 3254 Slmlor
2819 3162 2933 3230 ipsa
2974 3172 3132 3215 ηοείο
3173 3177 3284 3213 ³⁸η·

69 3272 97 3325 si
122 3289 299 3345 vespera
324 3280 508 3334 serius
539 3278 745 3344 ﬁnitur,
768 3277 949 3331 lumen
985 3292 1109 3331 mox
1150 3292 1247 3346 per
1294 3275 1593 3331 claustrum

70 3368 341 3434 accendatur,
390 3372 530 3441 quia
584 3378 885 3425 conventus
936 3368 1594 3434 nocturnalibusimlntis,

69 3456 236 3523 jurenes
274 3476 480 3532 quoque
547 3461 775 3517 latcrnis
824 3461 1073 3515 accensis
1117 3458 1353 3515 sedendo
1393 3460 1599 3528 absque

73 3544 193 3609 libris,
212 3558 368 3606 tamen
394 3560 745 3623 CXSpCClalll,
786 3551 956 3605 donec
980 3549 1282 3621 cymbalum
1313 3549 1378 3603 ad
1410 3548 1597 3603 biben-

73 3640 161 3692 dum
192 3646 534 3709 percutiatur.
569 3643 721 3698 'I‘unc
756 3644 901 3699 enim
930 3644 1050 3698 sine
1078 3658 1227 3696 mora
1281 3641 1430 3712 prior
1474 3656 1600 3695 con-

71 3739 185 3805 cutit,
211 3751 255 3795 et
279 3755 452 3800 custos
479 3743 950 3800 ltebtlomadarius
982 3750 1108 3799 ante
1143 3741 1350 3796 ﬁnitam
1382 3740 1601 3795 bihitio—

73 3839 163 3881 nem
188 3841 289 3888 ante
315 3846 365 3889 et
403 3845 561 3891 retro
591 3835 816 3899 faciens,
850 3834 1065 3889 nonnisi
1094 3834 1279 3904 jussus
1320 3833 1386 3888 ad
1436 3831 1605 3887 colla-

74 3920 226 3977 tionem
267 3928 465 3997 pulsat,
543 3936 601 3982 ut
652 3936 922 3982 conventu
977 3926 1043 3982 de
1094 3925 1382 3981 refectorio
1441 3933 1605 3979 eunte

73 4025 399 4087 consequenter
419 4028 625 4093 agatur
652 4019 890 4075 collatio.
920 4018 999 4073 Ad
1029 4019 1258 4073 eandem
1289 4017 1605 4074 bibitionem

76 4104 263 4175 qtlisquis
294 4111 724 4168 obedientiarius
750 4122 971 4183 propter
1002 4112 1295 4167 instantem
1344 4128 1457 4167 suae
1479 4112 1609 4166 obe—
1654 4104 1655 4107 “

81 4194 245 4255 dienlite
287 4205 667 4261 necessitatem
717 4213 847 4259 ante
903 4204 1037 4259 alios
1082 4205 1201 4259 sine
1230 4203 1447 4259 licentia
1472 4203 1605 4270 exit,

81 4301 157 4343 non
177 4294 495 4363 reclamatur,
530 4297 636 4352 nisi
664 4297 861 4367 sacpius
884 4296 934 4350 id
972 4299 1040 4352 ab
1072 4313 1137 4353 eo
1166 4307 1463 4368 repetatur.

548 4388 779 4445 CAPUT
842 4387 1073 4443 LXVIII.

442 4482 521 4536 De
573 4479 763 4535 lectore
815 4480 1176 4535 collationum.

128 4566 402 4634 'Quoniam
455 4590 567 4628 non
623 4581 706 4627 cst
753 4582 951 4627 nostrm
978 4572 1411 4640 consuettulinis,
1446 4583 1507 4627 ut
1554 4572 1608 4627 in

81 4653 217 4712 tabula
245 4673 450 4719 notetur
475 4663 652 4720 lector
679 4662 1013 4730 collationis,
1045 4664 1165 4717 ideo
1211 4662 1383 4729 major
1429 4662 1612 4718 solici-

81 4748 176 4801 tudo
198 4751 337 4809 debet
362 4771 482 4812 esse
530 4756 791 4820 armario,
842 4765 902 4809 ut
947 4755 1265 4825 tempestive
1306 4756 1607 4826 provideat,

80 4848 130 4890 tte
157 4843 448 4914 negligentia
481 4847 534 4901 in
571 4846 797 4916 legendo
840 4846 905 4901 ad
941 4845 1286 4901 collationem
1311 4848 1609 4918 contingat.

81 4924 364 5006 QuaprOpter
389 4939 440 4993 in
468 4939 557 4994 die
592 4938 871 4994 Dominica
926 4937 1019 4993 dat
1057 4938 1253 4994 librum
1286 4956 1382 5011 per
1412 4940 1614 4996 hebdo-

81 5023 249 5081 madam
279 5030 504 5096 lecturo,
534 5031 693 5102 eique
716 5031 979 5095 ostendit,
1013 5032 1100 5086 ubi
1132 5032 1370 5102 incipere
1396 5032 1611 5090 debeat.

82 5104 184 5167 Nam
227 5123 507 5187 pmterita:
566 5123 920 5178 hebdomadas
980 5121 1153 5177 lector
1212 5122 1309 5193 ipsi
1376 5124 1615 5180 armario

84 5210 291 5278 ostendit,
316 5215 406 5271 ubi
455 5216 667 5289 legendi
710 5214 870 5270 ﬁnem
925 5214 1135 5270 fecerit.
1178 5215 1488 5271 Cavendum
1532 5224 1619 5273 est

84 5304 296 5368 armario,
341 5323 408 5363 ne
459 5325 696 5378 unquam
746 5309 927 5364 minus
976 5308 1144 5364 sciolo
1174 5308 1223 5364 iJ
1260 5309 1524 5381 injungat,
1557 5318 1616 5364 ut

86 5388 136 5443 Id
160 5395 473 5456 collationem
503 5401 678 5470 legat;
725 5401 819 5457 sed
866 5394 975 5456 tam
1008 5400 1352 5457 convenieuti
1385 5412 1438 5457 et
1467 5402 1617 5457 intel-

88 5474 231 5551 ligenti
258 5504 491 5558 personae
514 5510 633 5564 qua:
663 5494 733 5549 ita
768 5493 931 5565 legat,
963 5502 1021 5549 ut
1050 5493 1335 5550 audientes
1363 5495 1611 5556 :edilicet.

90 5574 135 5633 In
160 5589 412 5660 praecipuis
444 5591 849 5658 festivitatibus,
891 5593 1088 5662 quibus
1116 5607 1145 5646 a
1176 5599 1407 5660 quatuor
1434 5590 1615 5646 Venite

92 5682 317 5746 cantatur,
343 5685 423 5738 vel
453 5686 612 5741 etiam
664 5687 716 5740 in
767 5688 974 5757 ccppis,
1005 5685 1050 5741 si
1098 5686 1378 5763 proprium
1410 5700 1619 5742 sermo-

92 5774 193 5823 Iem
213 5771 411 5846 habent,
446 5779 567 5838 inde
596 5781 792 5853 legitur
837 5782 901 5837 ad
946 5780 1313 5850 collat?ouem,
1350 5783 1395 5838 si
1430 5782 1613 5837 statim

1698 3255 1836 3325 plius
1868 3261 2055 3324 petere
2083 3253 2357 3307 licentiam
2390 3252 2623 3308 bibendi.
2676 3253 2781 3307 Alii
2823 3268 2970 3316 vero,
3011 3254 3101 3322 qui
3126 3269 3286 3308 occu.

1698 3345 1808 3417 pati
1841 3344 1952 3399 suis
1987 3342 2179 3398 ofﬁciis
2217 3344 2432 3413 aliquau
2457 3345 2506 3397 ὀ
2549 3359 2646 3413 per
2693 3343 2965 3397 licentiam
2998 3344 3188 3397 desunt
3221 3342 3289 3397 ad

1699 3437 2065 3499 collationem,
2093 3437 2235 3491 sicut
2272 3445 2355 3491 est
2403 3436 2756 3504 lrospitarius,
2805 3434 3286 3506 elcemosynarius,

1701 3536 1757 3583 et
1789 3528 1974 3583 czeteri
2005 3528 2333 3598 hujusmodi,
2367 3536 2555 3596 petunt
2587 3528 2726 3582 hanc
2752 3527 3026 3582 licentiam
3072 3542 3100 3579 a
3124 3525 3288 3579 celleo

1704 3624 1869 3686 rario,
1920 3622 1966 3677 si
1998 3620 2137 3677 forte
2167 3635 2271 3675 non
2305 3620 2517 3688 possint
2561 3636 2589 3674 a
2623 3621 2804 3688 priore
2837 3616 3135 3683 claustrali,
3164 3617 3290 3671 dum

1704 3714 1834 3770 facit
1859 3714 2061 3769 circam
2091 3720 2211 3783 post
2238 3711 2654 3783 complctorium
2687 3710 2908 3766 habere.

2267 3847 2495 3903 CAPUT
2534 3846 2725 3902 LXIX.

1994 3939 2071 3993 De
2095 3938 2261 4007 fratre
2289 3938 2654 3992 dormitorium
2686 3948 3008 4008 aspergente.

1772 4033 1797 4095 ,⁸
1828 4031 1960 4088 Post
1998 4030 2413 4100 complctorium
2442 4030 2611 4094 frater
2648 4031 2715 4084 ad
2747 4031 3139 4104 aspergendum
3173 4032 3291 4087 dor.
3346 4090 3353 4095 ,

1709 4124 1987 4179 mitorium
2032 4112 2318 4193 deputatus
2343 4122 2457 4193 (qui
2508 4122 2674 4177 etiam
2715 4137 3011 4177 conversus
3042 4138 3161 4177 esse
3200 4139 3293 4192 po-

1684 4191 1837 4284 .test)
1872 4212 2172 4266 moxﬁnito
2202 4211 2558 4280 eompletorio
2583 4219 2710 4264 ante
2732 4212 2956 4266 chorum
2983 4191 3210 4272 secedit.
3241 4223 3298 4267 et

1705 4307 1860 4377 juxta
1903 4305 2256 4371 altarc,pquo
2304 4303 2503 4357 inﬁrmi
2549 4302 2769 4363 sedent,
2812 4303 3040 4372 primam
3087 4312 3298 4357 tantum

1712 4398 2014 4452 orationem
2047 4394 2197 4449 facit.
2227 4394 2341 4459 Qua
2372 4391 2532 4461 facta
2575 4392 2923 4462 semetipsum
2959 4408 3099 4462 aqua
3131 4395 3298 4448 hcue-

1636 4504 1689 4565 ι)
1716 4488 1863 4544 dicta
1898 4486 2125 4557 spargit,
2150 4484 2341 4554 sicque
2368 4483 2616 4538 ascendit
2658 4483 3062 4547 dormitorium,
3087 4494 3146 4539 ut
3168 4484 3299 4540 illud

1714 4589 1984 4653 aspergat.
2016 4578 2168 4645 Quod
2198 4578 2416 4647 quidem
2449 4591 2724 4646 nunquam
2772 4578 2992 4642 omittit,
3032 4578 3135 4633 nisi
3184 4578 3295 4633 dies

1718 4675 2002 4732 Dominica
2034 4673 2123 4728 sit.
2176 4672 2379 4738 Finito,
2420 4678 2482 4726 ut
2532 4672 2735 4726 dictum
2766 4680 2871 4736 est,
2922 4673 3296 4743 completorio.

1716 4783 1840 4823 cum
1883 4767 2077 4821 iterum
2132 4763 2335 4819 faciant
2381 4773 2491 4818 tres
2539 4762 2836 4829 orationes,
2865 4764 2933 4819 ad
2980 4764 3080 4821 has
3122 4765 3300 4820 locum

1717 4868 1867 4917 tenet
1896 4869 2223 4925 extremum,
2247 4867 2302 4912 et
2330 4856 2541 4927 priores
2570 4857 2918 4912 anteriorem.
2944 4857 3153 4925 Quibus
3177 4873 3302 4926 per-

1717 4956 1880 5020 actis,
1911 4969 1942 5010 e
1970 4953 2141 5008 choro
2182 4951 2476 5005 novissime
2503 4965 2756 5021 egressus
2783 4950 3047 5005 altaribus
3084 4950 3191 5004 illic
3221 4967 3309 5005 re-

1715 5052 1972 5100 verenter
2001 5034 2244 5097 inclinat.
2276 5039 2433 5106 Quod
2462 5040 2628 5095 etiam
2670 5055 2924 5107 aspersus
2954 5056 3090 5109 aqua
3141 5040 3294 5096 bene-

1717 5136 1858 5191 dicta
1889 5150 1919 5189 a
1944 5134 2224 5190 sacerdote
2247 5132 2599 5188 nihilominus
2638 5134 2912 5188 observat.
2952 5132 3088 5203 (un.)
3120 5133 3184 5186 Et
3217 5149 3308 5190 ve-

1718 5228 1876 5284 niens
1911 5226 1977 5281 ad
2012 5226 2210 5282 ostium
2250 5225 2493 5280 ecclesiae
2531 5234 2692 5294 caput
2722 5226 2898 5294 cperit
2926 5240 3047 5278 cum
3081 5224 3303 5293 capt-llo.
3370 5256 3371 5259 η

1718 5334 1820 5375 nec
1857 5317 2091 5389 amplius
2118 5317 2358 5373 denudat
2388 5332 2559 5387 usque
2587 5318 2714 5372 dum
2764 5330 2825 5373 se
2876 5315 3223 5372 coltocaverit
3253 5317 3303 5371 iu

1718 5410 1877 5466 lecto.

2301 5499 2525 5556 CAPUT
2563 5500 2725 5555 LXX.

2202 5576 2477 5659 Quomodo
2508 5610 2562 5647 se
2596 5596 2829 5650 collocet.

1791 5687 1929 5761 (υο.)
1960 5687 2121 5757 Ergo,
2148 5702 2272 5741 cum
2309 5688 2374 5740 ad
2393 5687 2587 5743 lectum
2613 5689 2840 5754 venerit,
2868 5688 2915 5745 si
2942 5697 3025 5745 est
3048 5688 3229 5747 frocco
3259 5696 3310 5743 et

1722 5780 1933 5859 cuculla
1988 5779 2232 5847 indutus,
2271 5778 2511 5836 froecum
2553 5781 2719 5852 plicat
2761 5792 2812 5838 et
2858 5797 3020 5854 super
3049 5782 3311 5846 tabulam,
