3890 6314
504 350 609 409 999

1538 348 1595 406 s.
1638 342 2009 404 enumerem
2053 330 2345 401 ABBATIS
2390 347 2715 403 lllRSAlIG.

3645 358 3764 415 l000

505 467 590 523 vel
642 466 688 521 si
736 478 871 535 opus
919 464 1107 530 habet,
1140 462 1242 519 sub
1292 434 1524 533 capitale
1553 461 1724 532 ponit.
1765 459 1968 515 Deinde
1996 434 2092 513 cov-
2122 458 2169 519 A
2200 469 2389 515 ventus
2427 461 2493 515 ad
2544 470 2838 517 nocturnos
2879 473 3081 535 surgit,
3116 464 3298 538 jungit
3347 482 3409 523 se
3457 466 3542 522 his
3586 473 3668 541 qui
3716 475 3762 530 in

504 558 780 631 opertorio
797 557 864 613 ad
882 555 1191 612 inferiorem
1214 564 1421 626 partem
1440 554 1563 609 lecti
1587 552 1789 621 rejecto
1807 566 2088 607 scamnum

504 646 770 716 ascendit,
794 661 848 705 et
871 649 1178 715 introlatus,
1204 658 1263 703 ut
1283 648 1670 704 convenienter
1698 646 1835 700 lecto
1858 644 2093 699 insidere

503 740 695 813 possit,
734 756 794 795 se
827 750 1118 811 praeparat,
1152 748 1206 795 et
1236 750 1361 794 tunc
1392 754 1582 793 manus
1608 739 1675 793 ad
1725 738 1931 805 latera,
1982 753 2089 792 non

502 848 698 889 versus
728 833 893 903 pedes
924 832 1220 887 extrahens
1250 848 1308 887 se
1338 831 1619 887 discalciat
1647 850 1659 885 :
1694 830 1767 885 ita
1798 842 2000 894 tamen,
2035 837 2094 883 ut

504 930 630 979 crus
673 924 819 980 cruri
852 940 955 978 non
986 933 1333 994 superponat.
1372 922 1565 978 Postea
1615 922 1843 991 pedibus
1871 920 2094 991 aequali-

506 1020 590 1069 te‘r
629 1013 850 1080 levatis,
905 1022 958 1069 et
1004 1015 1057 1069 in
1111 1014 1304 1069 lectum
1335 1013 1632 1076 collocatis,
1664 1012 1929 1067 cucullam
1986 1028 2091 1066 non

505 1105 661 1174 prius
696 1105 867 1170 exuit,
894 1121 1055 1175 quam
1089 1105 1488 1176 c00pertorium
1522 1103 1622 1159 sub
1644 1103 1855 1159 cubitos
1887 1104 2090 1158 trahat.

504 1194 659 1249 Tunc
690 1195 908 1266 quidem
961 1202 1078 1249 eam
1134 1206 1383 1263 exutam,
1435 1211 1548 1250 sive
1579 1194 1649 1249 sit
1692 1210 1813 1249 cum
1854 1194 2091 1264 pellicio,

505 1287 623 1343 sive
654 1303 782 1352 non,
822 1286 1133 1357 complicat,
1163 1297 1218 1343 et
1254 1287 1321 1341 ad
1356 1296 1520 1357 caput
1562 1286 1755 1357 ponit;
1801 1285 1883 1339 vel
1915 1285 1958 1341 si
1990 1285 2094 1340 tale

505 1379 678 1449 frigus
726 1381 916 1446 habet,
951 1396 1111 1450 super
1140 1396 1198 1435 se
1241 1380 1511 1445 extendit,
1558 1379 1757 1449 capitio
1813 1388 1992 1434 tamen
2025 1379 2093 1434 ad

504 1481 665 1543 caput
697 1488 873 1527 verso.
920 1473 1154 1542 ldipsum
1191 1473 1428 1526 novitius
1471 1472 1649 1526 adhuc
1673 1487 1775 1527 non
1800 1487 2094 1527 consecra-

507 1568 594 1618 tu's
623 1580 744 1618 cunt
774 1564 956 1619 frocco
987 1564 1141 1617 facit.
1180 1562 1355 1634 Super
1394 1573 1587 1619 cariora
1616 1565 1952 1633 cperimenta
1980 1564 2095 1635 pel-

506 1655 690 1711 licium
738 1655 911 1726 ponit,
937 1655 983 1711 si
1028 1640 1162 1721 vult,
1217 1657 1311 1711 sed
1356 1672 1462 1711 non
1510 1657 1805 1712 inversum.
1874 1657 2094 1723 Quoties

504 1747 640 1812 vult,
673 1748 799 1803 dum
829 1756 1008 1802 tamen
1060 1747 1337 1803 moderate
1385 1748 1474 1814 sit,
1507 1757 1710 1803 sancta:
1737 1748 1914 1802 crucis
1938 1748 2094 1818 signo

504 1854 566 1895 se
616 1839 824 1905 munit,
871 1840 1122 1909 idemque
1174 1849 1354 1909 potest
1406 1839 1585 1895 facere
1628 1840 1845 1910 quando
1899 1840 2091 1911 surgit.

505 1932 780 2000 Quantum
815 1931 946 1987 libet
975 1932 1267 2001 aliquando
1294 1932 1533 1988 calorem
1566 1933 1788 1997 sentiat,
1821 1948 2095 2002 nunquam

507 2012 689 2081 tamen
721 2022 839 2095 plus
867 2024 1113 2094 corporis
1147 2024 1230 2079 sui
1275 2024 1500 2096 detegit,
1527 2014 1687 2093 quam
1714 2024 1876 2093 pedes
1899 2033 1953 2077 et
1975 2024 2093 2079 bra-

504 2114 627 2171 chia
675 2125 730 2169 et
772 2122 983 2186 pectus.
1025 2114 1084 2170 Si
1130 2131 1357 2171 necesse
1399 2125 1483 2171 est
1524 2124 1766 2185 tempore
1795 2124 2097 2184 opportuno

504 2206 742 2262 tabulam
774 2206 1103 2262 mediocrem
1134 2207 1201 2261 ad
1232 2216 1424 2278 caput,
1474 2206 1529 2262 in
1573 2206 1768 2261 faciem
1820 2204 1941 2261 lecti
1975 2206 2097 2261 infi-

505 2314 632 2368 gere
663 2306 860 2367 potest,
894 2298 1008 2354 sive
1047 2297 1112 2352 ad
1143 2298 1558 2353 sustentandum
1586 2297 1838 2369 capitale,
1870 2298 1984 2352 sive
2029 2298 2098 2353 ad

506 2387 998 2449 arcendumlumen
1028 2386 1281 2443 lucernte.
1312 2387 1442 2443 Item
1471 2388 1704 2442 tabulam
1737 2387 1877 2444 inter
1897 2388 2096 2443 lectum

507 2486 563 2532 ct
593 2479 856 2550 parietem
906 2496 1011 2534 non
1051 2479 1371 2550 prohibetur
1421 2495 1660 2549 congrue
1709 2480 1990 2550 adaptare,
2028 2468 2097 2535 ad

504 2570 982 2639 superponeudum
1007 2569 1055 2624 ei
1103 2568 1313 2624 froccos
1338 2567 1418 2644 vel
1445 2570 1574 2639 quid
1609 2568 1732 2625 tale.
1767 2570 2099 2641 Quocunque

507 2663 667 2717 modo
697 2662 1016 2717 recumbens
1041 2659 1243 2732 jaceat,
1278 2662 1523 2717 videlicet
1565 2662 1649 2717 vel
1690 2678 1979 2732 supernus,
2012 2663 2099 2719 vel

507 2744 804 2821 Iatcratim,
835 2754 950 2810 sive
997 2754 1293 2810 contractis
1321 2754 1578 2824 genibus,
1611 2768 1771 2808 nemo
1804 2755 2094 2825 vituperat.

506 2846 589 2904 Ad
619 2847 956 2903 necessarias
986 2847 1038 2902 in
1092 2846 1301 2903 cuculla
1361 2855 1416 2900 et
1456 2846 1509 2901 in
1559 2847 1770 2917 pellicio
1820 2864 2097 2917 nunquam

506 2924 674 3021 vadit,
702 2939 1123 3012 nisi'postquam
1152 2942 1455 2996 conventus
1483 2956 1542 2995 se
1588 2941 1641 2994 in
1681 2940 1838 2995 lectis
1866 2924 2097 3011 colloca-

509 3033 683 3101 verit,
733 3043 788 3088 et
816 3042 939 3088 ttmc
971 3036 1374 3104 coopertorium
1425 3030 1833 3110 superiectum
1865 3051 1971 3091 non
2007 3052 2100 3093 ex-

509 3119 727 3205 pandit;
759 3124 811 3178 in
844 3124 960 3180 sola
987 3135 1167 3181 autem
1192 3125 1401 3181 cuculla
1446 3134 1627 3196 potest
1666 3126 1792 3181 illuc
1823 3128 1901 3183 ire
1926 3143 2098 3199 quan-
2123 3157 2166 3215 ο

507 3216 793 3287 docunque
844 3217 1098 3272 voluerit.
1156 3216 1214 3272 Si
1264 3218 1484 3289 sanguis
1528 3233 1559 3272 e
1589 3218 1813 3275 naribus
1856 3230 2095 3287 emanat,

508 3316 661 3361 extra
694 3305 893 3362 lectum
930 3315 1122 3363 contra
1149 3307 1417 3377 parietem
1456 3322 1515 3362 se
1549 3307 1816 3375 inclinat;
1846 3309 2095 3365 siautem

502 3397 654 3470 juxta
684 3400 946 3470 parietem
979 3415 1086 3455 non
1126 3399 1346 3466 dormit,
1400 3409 1589 3456 contra
1622 3401 1817 3457 faciem
1865 3401 1991 3457 lecti
2039 3417 2098 3458 se

509 3491 691 3547 vertit.
738 3490 795 3547 Si
828 3508 1087 3547 nauseam
1138 3491 1241 3547 sibi
1271 3491 1650 3562 ingravescere
1679 3491 1866 3557 sentit,
1907 3493 1960 3547 in
2003 3508 2098 3548 an-

508 3580 691 3652 gulum
724 3582 1153 3637 necessariarum
1187 3582 1433 3644 tendens,
1464 3593 1707 3653 egestum
1735 3582 1881 3638 foeno
1900 3584 2094 3653 operit.

509 3670 575 3727 Si
599 3673 763 3728 alium
782 3672 940 3742 juxta
976 3690 1035 3729 se
1066 3676 1301 3746 positum
1332 3675 1515 3745 aliquo
1538 3676 1699 3730 modo
1723 3692 1820 3746 per
1846 3691 2097 3732 somnum

509 3762 733 3819 fratrem
760 3764 1003 3818 excitare
1028 3764 1281 3830 audierit,
1315 3780 1441 3819 mox
1466 3765 1615 3818 illum
1646 3780 1750 3819 non
1775 3766 1956 3836 aliquo
2006 3781 2097 3821 so-

508 3854 647 3920 nitu,
710 3855 805 3909 sed
852 3854 1055 3925 aliquid
1110 3856 1176 3910 de
1230 3858 1583 3925 operimentis
1612 3856 1698 3910 vel
1751 3856 2099 3913 lectisterniis

509 3943 656 4000 illius
690 3944 954 4000 trahendo
1005 3945 1393 4017 expergefacit.
1440 3947 1496 4001 lu
1539 3948 1956 4003 soccis-etcum
2007 3964 2098 4004 ca-

508 4037 671 4107 pelle,
702 4037 747 4092 si
777 4050 999 4093 necesse
1021 4047 1124 4104 est,
1155 4049 1335 4108 potest
1356 4038 1614 4106 dormire,
1643 4039 1694 4094 in
1720 4040 1933 4111 pellicio
1958 4055 2099 4094 nun-

507 4146 692 4200 quam.
720 4130 775 4185 In
804 4131 964 4195 lecto,
997 4133 1110 4186 sive
1135 4141 1293 4187 extra
1326 4130 1545 4196 lectum,
1571 4148 1845 4202 nunquam
1873 4132 2095 4188 alterius

507 4222 701 4277 facient
730 4222 844 4277 suis
866 4222 1043 4278 oculis
1092 4222 1144 4277 in
1191 4222 1508 4277 dormitorio
1536 4223 1772 4294 inspicit.
1800 4223 1882 4278 Ad
1909 4222 2098 4279 Cruci-

504 4313 671 4369 ﬁxum
701 4314 774 4369 ibi
806 4314 1052 4380 inclinat,
1086 4314 1339 4383 quotiens
1368 4314 1491 4368 illac
1516 4316 1777 4385 praeterit.

1070 4406 1299 4463 CAPUT
1336 4406 1523 4463 LXXI.

825 4499 903 4554 De
937 4516 998 4554 eo
1034 4500 1127 4570 qui
1156 4509 1263 4553 tam
1294 4502 1525 4570 graviter
1559 4500 1768 4555 sitierit.

576 4590 710 4661 μω.)
745 4590 803 4645 Si
830 4602 936 4645 tam
964 4591 1204 4661 graviter
1227 4591 1318 4647 siti
1348 4591 1583 4655 laborat,
1621 4592 1764 4662 quod
1793 4606 1851 4647 se
1874 4599 2093 4647 nocturo

506 4697 698 4737 norum
742 4683 1099 4752 pulsationem
1147 4696 1271 4738 cum
1319 4683 1578 4753 patientia
1626 4683 1775 4739 nullo
1805 4683 1965 4738 modo
1994 4699 2094 4738 cx-

504 4785 725 4845 pectare
753 4784 960 4847 sperat,
991 4776 1229 4844 priorem
1256 4777 1497 4832 modeste
1520 4777 1767 4832 excitans
1788 4791 1911 4829 eum
1941 4776 2094 4847 signo

504 4869 577 4934 ei,
607 4872 751 4940 quod
776 4870 914 4932 vult,
939 4870 1196 4936 insinuat,
1226 4871 1317 4940 qui
1342 4887 1465 4925 mox
1491 4885 1614 4925 eum
1643 4873 1710 4925 ad
1735 4869 2092 4924 infirmariam

505 4964 730 5031 ducens,
764 4965 1070 5021 infirmario
1108 4979 1328 5020 causam
1364 4963 1630 5031 designat,
1654 4977 1752 5034 pro
1790 4978 1897 5032 qua
1924 4963 2091 5028 venit,

501 5065 559 5112 et
586 5058 775 5114 eodem
813 5058 983 5115 fratre
1031 5058 1103 5114 ibi
1156 5057 1401 5123 dimisso,
1436 5058 1552 5127 ipse
1588 5056 1655 5112 ad
1700 5056 1899 5111 lectum
1931 5056 2090 5110 redit.

500 5150 595 5208 Ille
620 5161 801 5207 autem
834 5153 886 5208 in
917 5152 1077 5217 lecto,
1102 5167 1263 5222 quem
1288 5149 1618 5205 inflrmarius
1644 5147 1694 5203 ei
1732 5148 2090 5215 demonstrat,

499 5258 563 5299 se
591 5244 897 5310 collocans,
954 5258 1079 5299 cum
1127 5241 1360 5298 infirmis
1408 5241 1473 5295 ad
1507 5248 1804 5295 nocturnos
1838 5238 2009 5305 venit,
2038 5247 2095 5295 et

502 5337 739 5393 diluculo
765 5352 861 5408 per
910 5336 1271 5392 infirmarium
1304 5333 1520 5389 licentia
1566 5330 1817 5386 abeundi
1853 5345 1881 5384 a
1911 5330 2095 5399 priore

499 5431 600 5487 sibi
634 5433 945 5503 impetrata,
981 5440 1036 5485 et
1058 5428 1399 5485 diurnalibus
1426 5428 1492 5481 de
1534 5423 1864 5480 dormitorio
1892 5421 2090 5489 allatis,

502 5532 745 5594 tempore
791 5539 899 5594 quo
929 5532 982 5578 et
1015 5524 1246 5595 quilibet
1285 5521 1555 5586 infirmus,
1588 5521 1656 5574 de
1705 5504 2007 5571 infirmaria
2036 5516 2092 5570 in

500 5626 831 5671 conventum
857 5616 998 5672 redit

571 5706 641 5761 Et
678 5715 737 5760 ut
787 5706 1006 5763 redeam
1054 5707 1121 5761 ad
1154 5705 1474 5762 nocturnale
1531 5715 1743 5775 tempus
1771 5718 1878 5775 quo
1926 5700 2095 5757 frater

501 5799 655 5857 sitire
679 5801 927 5871 coeperit,
966 5800 1010 5855 si
1058 5808 1235 5870 potest
1263 5799 1558 5870 perdurare
1587 5814 1763 5870 usque
1792 5797 1917 5854 dum
1962 5809 2093 5852 con-

2124 1806 2171 1865 B

2196 554 2390 610 minori
2422 557 2589 611 choro
2615 567 2798 624 orant,
2831 567 2885 612 ct
2911 559 3130 628 prioris,
3157 563 3249 632 qui
3284 563 3337 616 iu
3365 562 3619 633 majorem
3655 568 3766 622 cho-

2197 660 2314 699 rum
2348 647 2419 702 ibi
2470 648 2813 720 ingressurns
2860 659 2972 713 est,
3028 652 3323 707 adventum
3359 666 3667 724 exspectat,
3718 670 3763 714 et

2197 734 2367 801 donec
2424 749 2533 793 tres
2573 740 2849 795 orationes
2904 740 3198 808 finiantur,
3239 752 3296 797 et
3354 751 3487 821 tunc
3532 759 3561 798 a
3608 747 3761 814 priore

2196 828 2413 885 licentia
2440 843 2684 901 accepta,
2715 841 3001 903 postquam
3038 834 3123 901 (ut
3157 835 3364 890 dictum
3405 838 3516 905 est)
3547 837 3597 891 in
3632 839 3761 894 infir-

2196 927 2366 979 maria
2396 925 2618 992 biberit,
2642 928 2708 981 de
2734 937 2929 983 caetero
2957 943 3127 998 usque
3168 944 3327 983 mane
3364 928 3439 983 ibi
3470 933 3755 987 remanebit.

2197 1017 2254 1073 Si
2289 1035 2417 1074 vero
2443 1035 2614 1089 usque
2646 1029 2767 1089 post
2814 1030 3110 1075 nocturnos
3141 1036 3200 1077 se
3248 1037 3276 1074 a
3328 1031 3461 1090 potu
3515 1026 3757 1080 continere

2127 1163 2135 1170 _
2196 1107 2359 1173 valet,
2396 1118 2522 1165 tunc
2550 1125 2671 1164 cum
2701 1110 2938 1179 licentia,
2976 1111 3175 1167 ardore
3216 1112 3338 1167 sitis
3362 1112 3755 1178 exstincto,m

2198 1188 2430 1254 tutinum
2456 1216 2578 1255 cum
2626 1202 2731 1264 his,
2762 1203 2851 1271 qui
2880 1204 2933 1256 in
2978 1218 3041 1257 ea
3074 1202 3210 1257 hora
3243 1202 3294 1255 in
3327 1201 3475 1256 lecto
3490 1201 3758 1269 jacentilms

2199 1289 2430 1345 infirmis
2474 1301 2723 1356 cantant,
2756 1291 2837 1347 vel
2864 1292 2908 1346 si
2944 1291 3077 1346 tales
3114 1308 3222 1347 non
3275 1291 3500 1357 adsunt,
3533 1302 3586 1347 et
3621 1294 3661 1347 si
3698 1306 3759 1348 est

2200 1381 2478 1445 liberatus,
2526 1392 2851 1453 percantare
2891 1383 3080 1447 debet;
3116 1384 3161 1438 si
3196 1383 3494 1437 illiteratus
3528 1384 3757 1437 neminem

2201 1485 2375 1544 rogat,
2411 1484 2466 1528 ut
2500 1475 2602 1529 hoc
2633 1475 2735 1529 sibi
2765 1483 2966 1530 cantet.
3000 1474 3240 1542 Quilibet
3264 1484 3450 1529 autem
3485 1475 3575 1543 qui
3606 1473 3759 1544 hujus-

2199 1566 2341 1620 modi
2391 1567 2727 1638 disciplinac,
2782 1576 2837 1621 et
2884 1567 3324 1622 conversationis
3370 1568 3459 1619 vir
3511 1581 3629 1621 esse
3656 1568 3759 1626 vult,

2198 1664 2461 1723 quantum
2509 1656 2562 1709 in
2607 1671 2665 1711 se
2699 1668 2781 1709 est
2808 1670 3151 1725 summopere
3181 1670 3497 1725 pnecavere
3523 1657 3686 1717 debet,
3710 1672 3760 1710 ue

2199 1746 2323 1800 talis
2351 1746 2647 1801 necessitas
2690 1744 2838 1800 illum
2875 1746 3168 1814 aliquando
3197 1755 3527 1817 prregravet.
3554 1763 3617 1801 un
3664 1745 3762 1799 lla

2200 1852 2406 1911 pauca,
2458 1846 2516 1890 ut
2576 1837 2855 1891 memoria:
2902 1845 3279 1899 occurrerunt,
3324 1824 3394 1890 de
3443 1836 3760 1891 multisdicta

2198 1936 2355 1995 sunt,
2384 1929 2583 1996 quibus
2610 1929 2833 1994 novitii,
2881 1929 2924 1983 si
2960 1928 3078 1984 fieri
3114 1936 3327 1999 potest,
3357 1930 3515 1999 prius
3559 1939 3671 1985 sunt
3692 1927 3759 1982 in-

2199 2022 2443 2098 strucndi
2476 2037 2636 2092 quam
2666 2020 2893 2091 collegio
2923 2021 3448 2077 nostro‘socientur.

2757 2131 2986 2189 CAPUT
3019 2131 3229 2186 LXXII.

2236 2225 2357 2291 Qua
2404 2224 2515 2298 lege
2564 2242 2621 2280 se
2669 2226 3028 2348 novitiilagte
3070 2225 3527 2279 consecrationem
3579 2239 3732 2278 em

2883 2314 2933 2348 ta
2972 2309 3112 2348 eant.

2883 2309 3112 2349 taoeant.

2272 2390 2291 2410 “
2314 2386 2540 2455 Quando
2576 2388 2775 2444 domno
2817 2385 3003 2441 abbati
3044 2385 3281 2440 novitios
3310 2386 3380 2439 ad
3420 2384 3763 2439 monachicum

2199 2478 2445 2534 ordinem
2497 2494 2819 2550 promovere
2865 2478 3190 2549 jplacuerit,
3244 2477 3403 2547 prius
3454 2494 3487 2531 a
3537 2478 3766 2547 magistro

2199 2587 2386 2627 eorum
2418 2572 2749 2638 admonitus,
2775 2571 2909 2626 facit
2931 2571 3055 2626 inde
3076 2570 3419 2626 mentionem
3451 2571 3505 2625 in
3527 2570 3762 2639 capitulo:

2200 2648 2337 2718 etsi
2381 2666 2435 2720 in
2466 2666 2655 2721 eodem
2687 2665 2773 2719 die
2803 2664 3235 2720 benedictionem
3287 2664 3490 2717 fratres
3522 2673 3766 2729 acceptor:

2200 2765 2346 2823 sunt,
2382 2767 2511 2812 tunc
2540 2756 2800 2826 magister
2837 2753 3023 2823 jussus
3069 2769 3163 2811 eos
3192 2755 3494 2821 adducere,
3525 2752 3681 2809 aufert
3704 2752 3769 2805 ab

2200 2850 2281 2906 eis
2309 2848 2527 2919 capitia.
2566 2847 2859 2917 Postquam
2910 2832 3090 2901 autem
3121 2844 3425 2900 introducti
3456 2844 3645 2899 veniant
3681 2858 3769 2910 pe-

2203 2942 2411 3006 tierint,
2464 2940 2711 2996 eamdem
2743 2939 3058 3008 petitionem
3106 2947 3368 3007 repetunt
3408 2952 3563 3006 quam
3590 2936 3643 2989 in
3668 2933 3769 3003 pri-

2201 3026 2413 3087 mordio
2462 3030 2825 3100 susceptionis
2878 3045 2993 3085 suae
3052 3028 3323 3085 fecerunt.
3382 3028 3582 3084 Eodem
3630 3028 3770 3081 modo

2203 3124 2398 3195 agitur,
2449 3125 2493 3178 si
2521 3120 2838 3193 aliquandiu
2884 3108 3086 3176 ablatis
3140 3121 3360 3191 capitiis
3408 3121 3462 3175 in
3505 3120 3635 3175 cella
3685 3134 3767 3174 sua

2198 3223 2327 3272 sunt
2349 3212 2691 3279 commorati,
2723 3227 2789 3266 ac
2823 3211 3077 3281 deinceps
3123 3211 3441 3281 quindecim
3488 3208 3673 3264 diebus
3700 3207 3769 3261 vel

2199 3308 2398 3372 minus,
2422 3306 2466 3361 si
2498 3304 2681 3359 abbati
2712 3303 2948 3371 videtur,
2996 3319 3025 3358 a
3073 3311 3347 3359 conventu
3390 3303 3653 3370 separati.
3686 3300 3769 3355 ibi-

2198 3400 2319 3454 dem
2361 3405 2610 3461 manent;
2644 3404 2872 3464 excepto
2900 3395 3043 3464 quod
3090 3394 3142 3448 in
3185 3394 3355 3448 choro
3378 3390 3579 3446 minori
3608 3392 3769 3446 divino

2197 3490 2347 3560 operi
2380 3489 2669 3543 intersunt.
2702 3487 2839 3541 Nam
2878 3487 2930 3540 in
2966 3486 3050 3540 bis
3091 3484 3285 3539 diebus
3328 3499 3432 3539 non
3458 3486 3634 3541 soluat
3663 3484 3767 3538 dor-

2198 3564 2373 3636 miunt
2401 3581 2453 3634 in
2487 3580 2747 3649 praedicta
2775 3593 2873 3633 sua
2904 3576 3074 3641 cella,
3104 3576 3199 3630 sed
3231 3575 3302 3630 ibi
3344 3575 3562 3630 lectioni
3595 3582 3768 3627 vacant

2196 3684 2251 3729 et
2279 3672 2588 3728 comedunt.
2634 3671 2690 3725 In
2734 3670 2938 3725 eisdem
2966 3683 3183 3747 quoque
3229 3668 3422 3722 diebus
3468 3669 3535 3721 ad
3572 3681 3766 3737 pacem,

2196 3775 2250 3819 et
2279 3765 2347 3819 ad
2379 3764 2817 3819 communionem
2866 3777 2971 3815 non
3004 3760 3294 3825 accedunt,
3326 3775 3501 3828 neque
3524 3758 3765 3811 offerunt.

2198 3848 2448 3923 Qtiotidie
2466 3853 2770 3909 matutinali
2794 3852 2956 3906 missa
2973 3851 3155 3905 audita
3177 3851 3228 3906 in
3248 3850 3543 3920 capitulum
3558 3851 3769 3901 fratrum

2195 3949 2457 4015 veniunt,
2488 3949 2672 4018 ibique
2702 3960 2865 4016 super
2908 3959 3192 3999 scamnum
3222 3954 3279 3997 et
3308 3942 3629 4004 scabellum,
3666 3953 3769 4009 qua:

2202 4050 2330 4096 sunt
2368 4042 2420 4095 in
2453 4042 2645 4096 dextra
2688 4050 2843 4109 parte
2883 4051 3051 4106 prope
3079 4036 3280 4089 ostium
3311 4034 3527 4101 sedent,
3557 4033 3697 4086 nullo
3720 4044 3769 4084 se

2166 4178 2171 4185 .
2199 4133 2627 4197 intermisccnte,
2655 4130 2757 4185 nisi
2781 4129 2898 4185 solo
2922 4128 3134 4183 illarum
3169 4127 3449 4196 magistro.
3478 4126 3555 4179 lbi
3576 4137 3767 4195 quoque

2199 4226 2411 4291 sedent,
2453 4240 2626 4295 usque
2673 4222 2800 4276 dum
2854 4220 3122 4276 sententia
3174 4219 3373 4288 regulae
3423 4218 3564 4272 lecta
3617 4217 3682 4271 sit
3723 4224 3769 4266 et

2200 4319 2471 4390 exposita,
2513 4318 2629 4372 sive
2658 4327 2717 4370 ut
2748 4316 2800 4370 in
2848 4313 3002 4369 festis
3030 4312 3221 4367 diebus
3251 4313 3407 4378 solet,
3439 4310 3607 4365 lectio
3631 4322 3767 4363 evan-

2196 4411 2390 4483 gelica.
2448 4409 2519 4466 Ut
2572 4417 2752 4463 autem
2805 4415 2928 4477 post
2986 4420 3294 4460 sermonem
3344 4404 3577 4458 domnus
3628 4400 3767 4453 abbas

2118 4519 2171 4581 ῃ
2198 4501 2437 4569 dixerit,
2489 4497 2765 4570 loquimini
2803 4497 2867 4550 de
2918 4497 3124 4560 ordine,
3174 4495 3361 4549 statim
3406 4506 3530 4548 ante
3570 4504 3619 4548 et
3656 4502 3767 4544 rem

2200 4595 2480 4659 facientes,
2520 4591 2916 4663 prmcedentctn
2949 4589 3271 4659 magistrum
3303 4604 3462 4641 suum
3491 4592 3767 4655 sequuntur

2199 4687 2252 4740 in
2286 4684 2475 4741 cellam
2520 4699 2695 4747 suam,
2748 4689 2807 4734 ut
2836 4679 2907 4733 ibi
2939 4676 3155 4733 solitum
3206 4677 3353 4730 inter
3385 4690 3485 4730 eos
3529 4676 3765 4729 habeatur

2199 4774 2518 4845 capitulum,
2554 4771 2607 4826 in
2636 4786 2744 4841 quo
2789 4769 2976 4831 etiam,
3012 4768 3057 4821 si
3088 4766 3218 4836 quid
3252 4760 3358 4819 tale
3386 4760 3763 4820 commiserint.

2198 4884 2227 4922 a
2266 4865 2509 4937 judiciali
2539 4864 2813 4919 sententia
2842 4865 3111 4918 immunes
3141 4874 3247 4913 non
3278 4868 3465 4925 erunt,
3496 4867 3549 4913 et
3575 4862 3768 4928 propter

2199 4962 2301 5015 hoc
2354 4958 2619 5028 magister
2667 4972 2855 5011 eorum
2908 4954 3145 5024 aliquem
3200 4953 3567 5022 provectioris
3614 4944 3764 5000 matis

2196 5051 2421 5105 fratrem
2452 5049 2525 5103 ibi
2560 5047 2725 5102 habet
2756 5061 2960 5109 secum,
2992 5044 3084 5113 qui
3117 5043 3169 5097 in
3196 5042 3279 5096 eis
3301 5040 3573 5111 judicium
3604 5038 3765 5095 faciat.

2196 5141 2300 5196 nisi
2330 5139 2489 5195 alicui
2516 5138 2722 5193 novitio
2754 5140 2857 5191 hoc
2880 5135 3145 5205 injungat.

2268 5231 2497 5300 Quando
2536 5236 2837 5285 conventus
2891 5237 3015 5298 post
3052 5222 3380 5278 matutinum
3427 5231 3485 5276 et
3528 5232 3765 5289 \‘(SpCI’OS

2195 5325 2597 5398 proccssionem
2641 5321 2772 5376 facit
2816 5320 2884 5374 ad
2932 5319 2993 5374 S.
3030 5315 3280 5381 Mariam,
3322 5314 3428 5384 ipsi
3482 5312 3653 5366 ultimi
3694 5324 3765 5362 5::-

2197 5431 2458 5489 quuntur,
2511 5424 2566 5471 et
2608 5413 2895 5469 ecclesiam
2940 5425 3046 5467 non
3097 5410 3326 5472 intrant,
3359 5406 3454 5461 sed
3501 5414 3767 5460 exeuntem

2196 5514 2341 5569 foras
2397 5513 2450 5565 in
2502 5509 2739 5579 capitulo
2784 5516 3109 5563 conventum
3156 5510 3511 5574 exspectant,
3562 5512 3617 5553 et
3662 5509 3768 5551 tunc

2195 5606 2418 5677 propius
2443 5603 2786 5668 accedentes,
2812 5609 2960 5655 stant
2988 5612 3085 5668 per
3113 5596 3361 5652 ordinent
3402 5591 3647 5648 inclinati
3687 5591 3769 5641 ad-

2187 5698 2377 5769 juncto
2430 5697 2726 5767 magistro,
2783 5707 2955 5764 usque
3008 5690 3133 5746 dum
3196 5702 3389 5743 omnes
3441 5683 3770 5739 transien’nt.

2194 5788 2423 5856 Quando
2452 5795 2633 5841 autem
2666 5784 2791 5840 sullt
2846 5780 3124 5853 pransuri,
3169 5787 3295 5833 ante
3325 5782 3655 5833 conventum
3689 5784 3771 5824 ea-
