3890 6314
152 408 266 467 IOOI

1273 399 1683 461 CONSTITUT.
1714 398 2047 458 lllRSAUG.
2087 430 2154 441 --
2179 398 2307 457 LIB.
2339 401 2381 457 I.

3245 404 3386 464 1002

146 537 259 587 eunt
304 527 367 582 de
396 520 645 592 ecclesia,
692 532 747 581 et
785 522 912 583 lotis
954 524 1201 581 manibus
1249 542 1279 581 a
1311 526 1572 581 lavatorio
1601 540 1699 582 suo
1732 528 1776 589 Λ
1803 523 1907 579 rim
1940 531 2277 594 exSpectant,
2322 522 2495 580 donec
2533 524 2723 581 eodem
2755 524 3018 597 magistro
3058 523 3109 578 in
3145 534 3387 579 conven-

146 628 353 694 pergunt
379 619 446 674 ad
478 616 787 687 coquinam,
820 626 879 672 ut
923 617 1119 690 singuli
1154 616 1309 673 fabas
1348 631 1475 673 suas
1505 633 1698 689 appor-

147 714 261 770 te'nt.
290 711 369 766 Ad
406 709 657 783 generale
696 725 911 782 quoque
946 710 1340 781 apportaudum
1375 720 1429 766 et
1457 710 1702 781 pulmen-

147 817 262 870 tum,
291 812 367 859 tot
397 811 626 873 surgunt
654 811 786 872 quot
813 817 948 873 opus
994 803 1180 867 fuerit,
1214 810 1269 858 et
1324 801 1415 857 ille
1461 803 1697 857 voluerit

144 897 220 968 qui
261 896 311 950 in
357 894 478 951 loco
518 894 599 950 eis
627 894 896 950 cellerarii
939 893 1126 951 servit.
1171 893 1284 949 Iloc
1314 902 1391 949 est
1424 895 1588 950 etiam
1618 894 1699 951 eis

143 985 533 1052 observandum,
580 992 637 1039 ut
668 984 1028 1055 pulsationem
1076 982 1243 1040 scillae
1287 1000 1398 1039 suae
1442 984 1517 1039 ita
1552 999 1698 1040 com-

143 1078 272 1134 muni
318 1077 547 1132 fratrum
590 1084 893 1147 corequent,
941 1084 1000 1131 ut
1050 1093 1156 1132 non
1206 1077 1358 1148 prius
1413 1078 1694 1149 incipiant,

143 1170 221 1225 sed
264 1176 432 1223 tamen
477 1167 638 1223 citius
679 1166 891 1222 finiant.
942 1167 1079 1224 Ante
1111 1167 1463 1225 refectionem
1514 1177 1715 1224 autem"

141 1274 262 1315 unus
283 1270 466 1313 eorum
494 1257 689 1313 librum
720 1258 940 1329 accipit,
964 1267 1020 1313 et
1042 1259 1229 1315 tandiu
1254 1259 1382 1332 legit
1412 1273 1697 1330 quousque

141 1368 244 1407 eum
271 1350 522 1422 magister
551 1365 739 1406 eorum
780 1351 1076 1419 praesidens
1123 1350 1189 1405 ad
1219 1351 1426 1406 scillam
1476 1364 1698 1406 cessare

140 1442 284 1512 jubet.
310 1442 560 1509 Quicum
594 1442 808 1497 cmteris
838 1442 1169 1497 manducant
1211 1441 1366 1511 juxta
1414 1443 1573 1497 linem
1611 1458 1697 1498 rc-

142 1534 382 1604 fectionis,
426 1537 621 1592 iterum
654 1534 832 1605 surgit
874 1546 930 1590 et
976 1548 1169 1606 parum
1201 1534 1349 1606 legit,
1386 1544 1439 1590 et
1478 1552 1599 1591 cum
1641 1546 1698 1589 tu

142 1638 289 1681 autem
337 1626 581 1695 Domine,
616 1626 904 1682 lectionem
936 1626 1075 1681 linit.
1107 1626 1204 1681 His
1255 1639 1436 1681 autem
1469 1626 1699 1697 aliisque

142 1715 308 1784 modis,
355 1725 514 1787 prout
566 1723 813 1787 possunt,
841 1729 961 1770 eam
1000 1715 1289 1771 imitantur
1336 1714 1697 1786 disciplinam,

141 1818 278 1878 quam
319 1821 416 1863 nos
459 1807 514 1862 in
560 1806 853 1863 refectorio
899 1806 1184 1863 habemus.
1232 1807 1340 1863 Sed
1386 1817 1441 1863 et
1486 1807 1588 1863 hoc
1620 1808 1699 1863 cis

1808 628 1918 674 tum
1950 619 2233 683 redeunte,
2276 626 2331 673 et
2378 619 2617 690 capitqu
2662 619 3059 691 aliquantulum
3084 625 3385 689 protracto,

1802 712 2032 768 domnus
2063 710 2230 766 abbas
2271 711 2427 780 jubet
2481 727 2576 767 eos
2626 713 2692 766 ad
2751 714 2891 767 idem
2944 709 3240 779 capitulum
3281 707 3386 765 sibi

1807 800 2211 874 reprzesentari.
2258 799 2397 873 (συ.)
2425 800 2715 857 Venientes
2753 809 2928 855 autem
2959 809 3016 854 et
3048 799 3263 853 veniam
3297 812 3393 867 pe-

1803 904 1980 953 tentes
2010 896 2205 951 iterum
2241 894 2592 967 interrogati,
2622 893 2751 964 quid
2776 890 2984 946 velint?
3026 890 3099 945 ita
3129 888 3391 961 prostrati

1804 987 2148 1058 respondent,
2184 986 2324 1042 sicut
2354 984 2509 1041 initio
2556 980 2919 1053 suseeptionis
2967 994 3079 1033 sua:
3121 978 3389 1034 fecerunt.

1800 1080 1872 1136 At
1928 1094 2060 1135 vero
2126 1087 2409 1150 postquam
2468 1076 2836 1141 surrexerint,
2903 1075 3100 1131 iterum
3163 1073 3395 1128 domnus

1801 1172 1990 1238 abbas,
2039 1180 2099 1226 ttt
2134 1173 2306 1242 prius,
2353 1170 2629 1241 aliquanta
2664 1168 2904 1224 insinuat
2954 1168 3023 1223 de
3072 1165 3394 1220 austeritate

1802 1264 2064 1335 regularis
2107 1264 2428 1333 disciplinae,
2480 1271 2535 1317 ct
2583 1262 2727 1317 inter
2768 1269 2965 1316 caetera
3015 1274 3122 1314 non
3161 1258 3389 1319 reticet;

1803 1356 1995 1411 melius
2057 1371 2197 1422 esse,
2261 1364 2318 1410 ut
2377 1354 2496 1410 sine
2555 1352 2932 1408 benedictione
2999 1351 3066 1405 ad
3132 1348 3390 1404 szecnlum

1802 1450 2051 1515 redeant,
2079 1464 2243 1519 quam
2274 1455 2494 1517 accepta
2522 1444 2901 1502 benedictione
2930 1458 3035 1498 non
3067 1442 3391 1512 perdurare.

1801 1539 1985 1597 ‘Tunc
2014 1540 2058 1596 si
2087 1524 2179 1611 qui
2212 1540 2353 1594 inter
2381 1553 2475 1594 eos
2499 1544 2626 1592 sunt
2648 1536 2812 1607 (quod
2837 1533 3001 1605 absit)
3028 1533 3117 1604 qui
3148 1543 3395 1602 perstare

1803 1636 2014 1699 nolunt,
2048 1634 2310 1704 magister
2335 1644 2522 1686 eorum
2556 1629 2609 1683 in
2642 1626 2777 1682 cella
2808 1625 3047 1694 ipsorum
3076 1631 3240 1678 exuet
3274 1637 3391 1687 eos,

1800 1735 1855 1781 et
1878 1725 1957 1780 sic
1985 1724 2211 1780 redditis
2242 1721 2490 1793 pristinis
2520 1718 2860 1775 vestimentis
2890 1716 3002 1771 suis
3031 1713 3225 1771 illmsos
3251 1715 3396 1769 sinet

1804 1817 1991 1874 abire:
2026 1817 2120 1888 qui
2153 1816 2337 1871 statim
2390 1813 2456 1868 ad
2504 1813 2669 1884 pedes
2713 1810 2830 1879 ejus
2866 1808 3148 1865 venientes
3194 1806 3306 1861 bini
3340 1816 3397 1860 et

142 1897 414 1965 sciendum,
440 1897 586 1969 quod
618 1906 743 1970 post
770 1898 1119 1955 refectorium
1152 1899 1228 1955 ibi
1256 1900 1308 1954 in
1333 1900 1468 1955 cella
1498 1900 1697 1957 debent

1807 1909 1936 1975 bini,
1966 1909 2092 1963 etsi
2126 1916 2237 1964 tres
2264 1906 2653 1968 remanserint,
2699 1902 2753 1957 hi
2799 1900 2959 1957 simul
3003 1900 3069 1955 ad
3094 1897 3261 1970 pedes
3303 1912 3397 1952 ve-

141 1987 272 2044 tiuire
293 1991 495 2062 absque
538 1992 750 2058 psalmo
778 2005 996 2049 versum
1029 1992 1131 2059 sic,
1158 2002 1219 2048 ut
1244 1993 1395 2063 prius
1421 1993 1487 2048 ad
1521 1993 1697 2049 locum

142 2077 490 2146 inclinatiouis,
527 2083 769 2152 veniant,
824 2100 989 2157 quam
1028 2095 1328 2142 conventus
1359 2086 1427 2140 de
1472 2085 1699 2143 refecto-

142 2172 208 2229 rio
236 2181 482 2231 transeat.
511 2174 617 2244 Qui
648 2177 898 2233 videlicet
922 2176 1135 2234 locutus
1178 2188 1263 2234 est
1291 2187 1420 2234 ante
1449 2178 1692 2235 refecto-

141 2263 286 2334 rium,
317 2268 402 2323 ubi
433 2278 563 2340 post
593 2270 836 2342 singulas
868 2271 1194 2329 refectiones
1223 2271 1421 2328 debent
1452 2272 1697 2329 inclinati

140 2365 279 2424 stare,
306 2368 357 2413 et
392 2360 632 2415 ordinati
662 2362 730 2416 ab
763 2363 906 2420 ostio
935 2363 1211 2419 refectorii
1232 2377 1427 2433 .usque
1468 2364 1536 2419 ad
1577 2378 1699 2432 gra-

142 2448 245 2504 dum
290 2451 592 2507 dormitorii
647 2465 919 2511 conventu
981 2457 1046 2512 de
1097 2454 1389 2512 refcctorio
1439 2469 1695 2520 exeunte,

141 2541 376 2614 similique
404 2552 533 2599 ante
566 2559 661 2601 eos
710 2547 1081 2612 inclinatione,
1136 2557 1477 2605 transeunte.
1522 2550 1695 2618 Quem

140 2642 183 2687 et
202 2632 288 2704 ipsi
306 2636 714 2708 subsequuntur
730 2640 891 2695 simul
912 2650 1193 2697 cantantes
1222 2641 1509 2713 psalmum,
1532 2658 1694 2713 quem

141 2724 261 2793 prius
286 2727 775 2796 prmtcrmisernnt.

195 2814 507 2889 Quocunqtte
555 2832 737 2877 autem
780 2822 981 2881 habent
1022 2825 1227 2895 pariter
1274 2825 1385 2892 ire,
1438 2826 1697 2899 magister

142 2917 215 2961 eos
237 2909 382 2966 debet
411 2916 747 2984 praecedere,
793 2926 851 2973 et
898 2933 1021 2973 cum
1067 2918 1455 2975 inclinantibus
1498 2921 1699 2991 ubique

143 2996 312 3063 pariter
358 3002 647 3061 inclinare.
701 3006 758 3061 Si
812 3007 935 3077 quis
987 3023 1176 3063 eorum
1231 3009 1296 3064 de
1349 3010 1581 3067 ecclesia
1629 3012 1696 3067 ad

141 3085 296 3144 cellam
325 3091 567 3162 ipsarum
602 3096 680 3152 ire
710 3096 962 3161 voluerit,
996 3114 1101 3155 non
1130 3102 1433 3171 prscsutnit,
1468 3102 1572 3159 nisi
1610 3103 1696 3160 vel

142 3194 226 3235 uno
247 3186 383 3241 socio
410 3204 601 3244 secum
627 3199 926 3261 assumpto,
955 3199 1041 3255 et,
1086 3192 1133 3247 si
1168 3208 1273 3247 nox
1303 3204 1406 3260 est,
1439 3210 1543 3251 non
1578 3195 1697 3251 sine

140 3272 327 3329 limine.
373 3278 452 3335 Ad
494 3280 849 3336 collationem
891 3281 1121 3337 fratrum
1159 3285 1528 3339 conveniunt:
1572 3286 1696 3342 inde

140 3377 355 3439 tergente
408 3383 682 3428 conventu
712 3416 727 3441 ,
786 3375 884 3445 ipsi
933 3375 1162 3433 inclines
1208 3386 1355 3432 stant
1404 3378 1457 3432 in
1506 3380 1695 3435 eodem

141 3455 237 3515 loco
260 3466 336 3520 ubi
365 3466 663 3532 sederunt,
700 3483 871 3540 usque
907 3469 1032 3525 dum
1077 3485 1267 3527 omnes
1297 3481 1693 3541 pertranseant.

140 3550 331 3616 Quando
377 3559 464 3615 alii
516 3560 587 3615 ad
638 3562 973 3629 mandatum,
1022 3562 1106 3618 vel
1163 3562 1303 3619 infra
1351 3564 1695 3622 collationem

142 3642 318 3713 bibunt,
345 3651 439 3720 ipsi
468 3653 524 3707 in
550 3652 741 3708 cellam
766 3670 918 3709 suam
944 3655 1279 3713 divertentes
1304 3657 1444 3713 idem
1470 3656 1693 3713 faciunt.

144 3731 258 3791 Sane
290 3740 425 3798 sicut
462 3754 596 3801 sunt
638 3745 933 3802 novissime
981 3744 1267 3803 ecclesiam
1311 3748 1585 3817 intraturi,
1620 3751 1697 3806 sie

142 3837 320 3897 quoque
342 3844 456 3902 post
490 3836 865 3905 aspersionem
897 3852 1053 3909 aqua:
1089 3840 1387 3897 benedicta:
1417 3843 1694 3899 novissimi

144 3927 244 3972 sunt
270 3922 479 3978 exituri.
526 3925 746 3993 Quanto
780 3936 1025 3998 tempore
1056 3940 1181 3987 sunt
1213 3930 1430 4001 spoliati
1482 3934 1697 4004 capitiis

143 4018 230 4061 non
266 4015 475 4082 ponitur
522 4018 792 4074 absconsa
827 4035 1012 4075 coram
1056 4023 1156 4090 eis,
1206 4023 1348 4080 sicut
1376 4040 1476 4082 nec
1508 4026 1559 4081 in
1593 4026 1697 4083 illis

143 4094 319 4157 duabus
365 4107 618 4163 noctibus
667 4118 791 4179 post
839 4119 1164 4180 nocturnos,
1206 4123 1328 4183 post
1365 4115 1693 4171 novitiorum

144 4200 382 4262 acceptam
420 4199 882 4256 benedictionem.
915 4201 1203 4273 Nunquam
1233 4214 1357 4277 post
1400 4216 1696 4263 nocturnos

147 4295 297 4353 neque
336 4289 400 4345 de
439 4291 699 4362 capitulo.
742 4294 787 4349 si
822 4310 958 4366 opus
988 4296 1153 4352 fuerit
1189 4298 1306 4353 sine
1334 4299 1536 4355 lumine
1569 4300 1697 4356 licet

143 4370 209 4428 eis
233 4378 401 4447 exire;
434 4386 530 4440 sed
566 4399 705 4441 unus
734 4386 824 4456 qui
854 4387 999 4443 inter
1026 4403 1120 4444 eos
1143 4390 1292 4459 prior
1311 4404 1432 4446 esse
1462 4391 1694 4461 videtur,

143 4483 243 4526 cum
271 4472 470 4533 lalerna
521 4489 751 4537 caeteros
798 4483 1091 4539 antecedit.
1144 4485 1442 4542 Dominicis
1483 4486 1691 4549 diebus,

144 4558 245 4656 aliis
266 4567 325 4621 ad
352 4572 753 4640 processionem
779 4577 1123 4640 exeuntibus,
1146 4577 1243 4647 ipsi
1270 4578 1325 4631 in
1348 4579 1495 4632 exitu
1524 4578 1693 4635 eccle—
1728 4602 1773 4656 ι)

144 4651 219 4709 site
242 4658 371 4717 intra
420 4660 599 4736 ipsam
640 4667 927 4723 ecclesiam
972 4678 1120 4724 stant
1165 4671 1400 4726 ordinati
1445 4672 1696 4739 inclines,

144 4740 289 4803 donec
326 4765 706 4822 pertranseant
736 4755 957 4815 fratres.
990 4760 1209 4816 Interim
1241 4762 1368 4818 dum
1419 4773 1545 4819 sunt
1582 4765 1700 4821 sine

144 4837 350 4908 caDitiis,
377 4855 604 4913 possunt
632 4847 771 4904 albis
798 4857 855 4905 et
883 4852 1071 4922 cappis
1104 4851 1528 4924 licenterjndui,
1559 4855 1700 4911 sicut

144 4933 187 4978 et
209 4929 287 4985 alii
317 4935 537 4994 cuilibet
565 4941 922 5010 processioni,
955 4958 1075 5013 quae
1111 4953 1265 5000 extra
1310 4947 1698 5003 monasterium

145 5032 229 5119 non
270 5026 462 5097 agitur,
499 5032 791 5097 intersunt,
823 5034 919 5090 sed
980 5035 1152 5090 ultimi
1197 5038 1537 5107 praecedente
1581 5054 1697 5093 ma-

144 5120 288 5175 Btstro
330 5132 548 5189 eorum;
607 5134 663 5180 et
710 5126 778 5182 ad
827 5127 1117 5184 stationem
1165 5143 1286 5199 qua:
1337 5128 1389 5184 in
1433 5129 1701 5188 vestibulo

145 5205 325 5294 fﬁenda
373 5221 476 5281 est,
522 5215 619 5286 ipsi
668 5227 812 5273 retro
857 5228 978 5289 post
1023 5220 1269 5279 seniores
1310 5222 1464 5294 quasi
1500 5221 1698 5279 lineam

144 5286 395 5369 facientes,
425 5314 571 5363 stare
600 5309 818 5365 debent.

652 5398 882 5457 CAPUT
922 5400 1152 5458 LXXIII.

432 5482 509 5539 De
532 5487 723 5542 iterata
768 5491 1081 5547 novitiorum
1111 5494 1377 5564 petitione.

206 5562 223 5581 '
251 5565 432 5658 Finitis
468 5586 644 5632 autem
691 5581 969 5648 praedictis
1012 5562 1225 5652 diebus,
1273 5601 1396 5641 cum
1436 5586 1550 5658 jam
1583 5605 1701 5646 mo-

146 5656 344 5754 nasticae
387 5666 509 5721 vitae
551 5669 987 5729 benedictionem
1037 5688 1164 5732 sunt
1209 5656 1525 5750 accepturi,
1578 5695 1701 5754 post

146 5746 357 5842 priorem
390 5758 603 5817 missam
656 5778 763 5819 non
812 5766 879 5821 ad
909 5770 1204 5839 capitulum
1238 5746 1616 5842 fratrum,lse-d
1647 5777 1698 5830 iu

150 5839 316 5899 cellam
343 5865 491 5905 suam
518 5870 640 5911 cum
669 5861 929 5929 magistro
958 5868 1310 5937 conveniunt,
1346 5869 1531 5941 ibique
1561 5872 1700 5928 intc-

440 5965 707 6032 Ρηιιοι..
747 5970 845 6034 CL

1802 2000 1977 2066 uiuat,
2022 2002 2209 2071 sicque
2259 2006 2522 2054 exeuntes
2566 1995 2633 2051 de
2680 1992 2917 2064 capitqu
2971 1992 3262 2063 diligenter
3305 1989 3394 2044 in-

1801 2105 2086 2150 struuntur
2148 2094 2278 2165 quid
2335 2094 2389 2148 in
2451 2093 2567 2163 ipsa
2629 2086 3022 2145 benedictionis
3077 2082 3395 2154 acceptione

1801 2189 2033 2245 debeant
2068 2200 2252 2258 agere.
2299 2185 2377 2239 Eo
2422 2184 2511 2238 die
2538 2196 2647 2254 quo
2680 2178 3020 2242 ordinantur,
3056 2175 3122 2230 ad
3154 2171 3393 2243 singulas

1804 2281 1967 2334 horas
1998 2277 2237 2350 psalmus
2273 2273 2482 2342 Levavi,
2521 2274 2565 2328 si
2601 2272 2833 2328 donmus
2859 2268 3027 2324 abbas
3053 2264 3121 2321 ad
3155 2278 3393 2334 przesens

1795 2371 2041 2443 jusserit,
2084 2386 2182 2441 pro
2231 2369 2312 2424 eis
2340 2375 2620 2435 cantatur,
2652 2373 2708 2421 et
2758 2362 2860 2434 ipsi
2912 2368 3134 2432 prepter
3179 2358 3281 2413 hoc
3324 2356 3392 2411 ad

1802 2465 1967 2534 pedes
2001 2460 2119 2531 ejus
2150 2461 2458 2517 volvuntur.

2332 2548 2563 2606 CAPUT
2603 2547 2839 2604 LXXIV.

2182 2643 2259 2698 De
2290 2641 2645 2698 benedictione
2676 2640 3009 2694 noritiorum.

1874 2738 2011 2807 tuo.)
2041 2737 2170 2793 Post
2198 2734 2537 2805 evangelium
2588 2730 2810 2802 majoris
2871 2731 3050 2786 missa:
3110 2742 3234 2784 mox
3289 2725 3393 2781 rite

1804 2830 2115 2887 benedictio
2148 2838 2233 2885 est
2258 2810 2491 2899 agenda,
2522 2834 2579 2881 et
2598 2826 2703 2879 hoc
2733 2822 2893 2878 modo
2918 2820 3243 2877 inchoanda.
3268 2818 3395 2873 Sin-

1799 2925 1939 2997 gulis
1984 2923 2249 2993 scriptum
2280 2928 2382 2985 est,
2418 2917 2691 2989 quomodo
2730 2915 3093 2987 profiteantur
3140 2914 3282 2983 quod
3310 2921 3397 2967 est

1801 3015 2133 3088 Itujusntodi.
2168 3012 2280 3085 Ego
2320 3013 2488 3083 frater
2529 3009 2621 3064 Ill.
2670 3009 2916 3080 promitto
2956 3006 3298 3061 stabilitatem
3344 3015 3393 3059 et

1801 3107 2191 3161 conversionem
2220 3119 2426 3157 morum
2450 3117 2708 3164 meorum,
2735 3109 2782 3153 et
2824 3098 3172 3152 obedientiam
3201 3112 3394 3151 secun-

1800 3194 1927 3246 dum
1961 3190 2196 3261 regulam
2231 3186 2402 3243 sancti
2434 3184 2699 3240 Benedicti
2740 3200 2916 3239 coram
2960 3183 3067 3239 Deo
3097 3193 3146 3238 et
3189 3185 3393 3239 sanctis

1800 3284 1914 3353 ejus
1965 3284 2021 3336 in
2071 3282 2169 3336 Itoc
2220 3278 2575 3342 monasterio,
2628 3277 2769 3346 quod
2818 3284 2895 3329 est
2941 3285 3294 3329 constructum
3338 3275 3394 3329 in

1802 3383 1997 3431 honore
2053 3376 2217 3429 beata:
2266 3372 2457 3427 Maria:
2500 3387 2701 3441 semper
2735 3369 2965 3440 Virginis
3016 3370 3069 3423 in
3112 3369 3394 3438 pra’sentia

1802 3470 1980 3521 domm
2004 3465 2230 3519 abbatis.
2253 3462 2411 3532 (ean)
2431 3461 2544 3517 lloc
2570 3462 2962 3532 unusquisque,
2985 3468 3043 3514 ut
3074 3461 3137 3515 ad
3162 3460 3389 3529 gradum

1803 3560 2094 3631 perlegerit
2126 3557 2180 3612 in
2207 3555 2355 3612 brevi
2392 3571 2512 3622 sua,
2550 3556 2734 3611 statim
2773 3556 2945 3627 ipsam
2979 3555 3201 3610 brevem
3243 3553 3395 3623 ponit

1801 3666 1967 3719 super
2012 3651 2203 3716 altare,
2250 3646 2451 3719 iugiter
2499 3648 2572 3703 ibi
2623 3646 3031 3703 reservandam.
3066 3647 3124 3703 Si
3180 3647 3393 3701 litteras

1802 3747 1995 3810 nescit,
2044 3742 2310 3814 magister
2338 3756 2437 3810 pro
2476 3755 2541 3797 eo
2577 3741 2742 3813 legat,
2797 3742 2913 3813 ipse
2956 3750 3135 3797 tamen
3177 3740 3391 3812 signum

1800 3835 1983 3891 crucis
2022 3836 2073 3890 in
2110 3835 2218 3890 fine
2250 3832 2492 3902 ejusdem
2520 3834 2784 3890 chartula:
2812 3834 3029 3905 prepria
3061 3850 3221 3889 manu
3253 3833 3386 3888 scri-

1802 3929 1914 3996 bit;
1959 3930 2053 3984 sed
2104 3931 2206 3985 hoc
2240 3927 2514 3984 litteratus
2560 3943 2664 3983 non
2698 3927 2847 3985 facit.
2885 3927 3021 3983 Cum
3055 3936 3233 3983 autem
3265 3941 3393 3998 per-

1802 4020 1940 4077 lecta
1992 4020 2176 4087 fuerit,
2224 4021 2339 4091 ipse
2387 4022 2623 4078 novitius
2656 4020 2721 4076 de
2769 4037 2929 4075 manu
2980 4020 3221 4091 magistri
3271 4034 3391 4073 eam

1801 4113 2018 4185 accipit,
2050 4124 2104 4169 et
2136 4129 2299 4183 super
2326 4115 2495 4167 altare
2524 4108 2704 4184 'ponit.
2755 4112 2870 4178 Qua
2919 4112 3089 4181 posita
3134 4120 3191 4166 et
3230 4109 3391 4165 altari

1800 4203 2047 4259 osculato
2110 4220 2405 4273 parumper
2464 4205 2785 4268 retrocedit,
2842 4211 2898 4257 et
2956 4203 3166 4256 veniam
3232 4216 3391 4271 snper

1800 4308 1974 4364 genua
2006 4294 2170 4365 petit,
2203 4294 2494 4365 statimque
2532 4295 2582 4347 in
2613 4294 2786 4347 locum
2822 4308 2977 4347 suum
3007 4301 3131 4346 ante
3160 4294 3394 4362 gradum

1802 4385 1962 4442 redit.
1982 4386 2121 4458 (uo.)
2140 4386 2383 4456 Cumque
2404 4386 2697 4441 ordinatim
2722 4395 2850 4442 ante
2866 4385 3093 4456 gradum
3117 4386 3392 4447 steterint,

1800 4487 1991 4550 petunt
2026 4487 2108 4533 ter
2134 4478 2342 4533 veniam
2376 4494 2538 4549 super
2570 4493 2758 4533 manus
2791 4487 2846 4533 et
2876 4492 3079 4548 genua,
3113 4488 3197 4533 ter
3224 4477 3389 4532 etiam

1800 4572 1943 4627 hunc
1960 4585 2176 4627 versum
2195 4570 2444 4627 dicendo.
2470 4570 2688 4641 Suscipe
2716 4587 2816 4635 mc,
2838 4571 3079 4637 Domine,
3101 4573 3391 4626 secundum

1802 4664 2068 4735 eloquium
2108 4675 2328 4720 tuamet
2357 4666 2545 4720 vivant.
2588 4664 2654 4720 Iit
2687 4665 2847 4720 toties
2887 4681 2917 4720 a
2963 4675 3075 4720 toto
3116 4674 3387 4721 conventu

1803 4756 2055 4811 similiter
2095 4756 2175 4813 eis
2213 4758 2590 4828 respondetur,
2637 4757 2796 4812 tertia
2838 4758 2975 4825 vice,
3008 4756 3192 4813 Gloria
3237 4755 3394 4811 Patri

1803 4845 2059 4915 adjuncto
2105 4864 2297 4920 gyrum
2344 4848 2550 4905 faciunt
2577 4851 2873 4922 poplitibus
2919 4850 3072 4906 flexis
3115 4860 3168 4908 et
3203 4861 3389 4922 postea

1801 4949 2158 5012 prosternunt
2183 4955 2242 4997 se
2270 4940 2339 4996 ad
2366 4942 2690 5000 orationem.

1876 5036 2117 5091 Domnus
2154 5034 2345 5102 abbas,
2378 5037 2494 5091 sive
2533 5037 2680 5092 illam
2733 5037 2953 5095 missam
2995 5035 3233 5092 celebret
3279 5035 3395 5089 sive

1804 5141 1932 5195 non,
1962 5125 2189 5197 imponit
2219 5142 2233 5181 :
2263 5124 2453 5199 Kyrie,
2494 5128 2709 5184 eleison.
2740 5127 2898 5184 Pater
2921 5137 3096 5182 noster
3124 5140 3142 5178 :
3169 5135 3221 5182 et
3268 5136 3395 5197 post.

1804 5216 2076 5284 Miserere,
2106 5227 2161 5273 et
2183 5218 2484 5288 praemissis
2513 5219 2598 5275 Itis
2626 5218 2904 5275 versiculis
2931 5233 2944 5272 :
2975 5216 3162 5273 Salvos
3185 5216 3269 5285 [ac
3286 5232 3396 5270 ser-

1806 5328 1915 5380 vos,
1942 5321 2047 5370 etc.
2074 5313 2225 5369 Mitte
2250 5315 2346 5382 eis,
2377 5315 2622 5384 Domine,
2645 5324 2750 5370 etc.
2796 5312 2949 5367 Nihil
2987 5311 3249 5384 proficiat.
3283 5320 3392 5367 etc.

1808 5404 1934 5461 Esto
1956 5408 2055 5475 eis,
2082 5406 2331 5477 Domine,
2363 5408 2525 5462 turris
2565 5407 2913 5478 fortitudinis.
2959 5404 3273 5475 Sequuntur
3312 5404 3397 5459 ha:

1805 5499 2043 5557 collecta:
2060 5519 2072 5556 :
2087 5499 2230 5556 Deus
2251 5500 2591 5571 indulgemus
2610 5498 2790 5554 Pater.
2805 5500 2941 5555 Deus
2963 5498 3053 5570 qui
3072 5513 3164 5569 per
3186 5505 3400 5551 cowter-

1804 5611 1928 5649 num
1944 5592 2141 5649 Filium
2164 5605 2333 5659 tuum,
2352 5593 2686 5648 etc.Domine
2705 5593 2833 5647 Iesu
2853 5589 3179 5661 Cltrisle,qu'i
3202 5606 3277 5657 es,
3291 5598 3400 5644 etc.

1818 5682 1967 5753 Veni,
2000 5696 2176 5740 sancte
2207 5684 2461 5755 Spiritus,
2484 5686 2572 5755 qui
2597 5694 2645 5738 te
2665 5684 2835 5739 Deum
2857 5702 2919 5739 ac
2948 5684 3253 5748 Dominum,
3290 5690 3399 5737 etc.

1802 5774 2057 5832 Cucullas
2088 5780 2159 5832 ita
2184 5778 2453 5832 benedicit
2481 5793 2495 5831 :
2530 5776 2753 5834 Domine
2772 5779 2901 5834 Jesu
2928 5776 3133 5832 Christe
3152 5820 3165 5843 ,
3200 5776 3290 5847 qui
3321 5787 3399 5829 te-

1804 5877 2131 5938 gumentum,
2164 5878 2269 5924 etc.
2302 5867 2357 5923 Si
2404 5869 2626 5938 novitii,
2665 5885 2761 5927 sua
2793 5868 3172 5925 benedictione
3204 5865 3354 5921 Iinita
3376 5905 3393 5932 ,

2984 5982 3063 6043 32
