3872 6306
488 309 629 366 toos
1565 306 1650 380 .s.
1683 303 2017 363 GUILLELM

2177 302 2250 358 BA
2267 303 2740 393 TlS_lllRS.\UG.
3595 319 3706 382 .llttlt

478 428 828 493 consurgunt
855 420 922 476 ab
948 421 1217 498 oratione,
1251 428 1304 476 et
1329 420 1372 476 si
1403 419 1586 491 plures
1611 431 1760 488 sunt,
1795 423 1846 476 in
1885 419 2076 475 eodem
2109 427 2152 482 Α
2183 418 2522 489 suppleatur.
2557 416 2867 488 Hujusmodi
2912 425 3092 474 autem
3123 415 3705 497 adjutusbenedictione,

481 514 603 570 loco
633 523 875 580 stantes,
907 529 1044 584 aqua
1077 514 1362 570 benedicta
1399 522 1787 586 asperguntur;
1823 515 1867 569 si
1897 523 2076 569 autem
2183 507 2416 578 capitulo
2439 516 2617 574 caret,
2647 508 2692 564 si
2724 507 2952 564 domnus
2990 509 3156 567 abbas
3187 526 3311 566 eum
3353 527 3457 567 non
3482 529 3710 576 consecta-

479 604 670 674 pauci,
711 603 764 658 in
813 605 1185 660 sanctuarium
1235 604 1492 670 veniunt,
1545 617 1604 659 ιιι
1658 606 1731 662 ibi
1762 605 1831 662 ab
1885 607 2080 662 abbate
2173 588 2285 667 ’νῖιὲ
2313 609 2368 656 ει
2396 600 2645 671 quamvis
2675 600 2726 654 Ῐη
2752 600 2941 656 ordine
2970 611 3244 657 “iremus
3274 603 3373 670 Sil.
3405 613 3566 661 tamen
3606 616 3710 668 nori-

478 707 853 768 aspcrgantur.
887 698 1102 753 Exuunl
1154 698 1366 756 froecos
1395 707 1451 753 et
1499 699 1726 756 induunt
1773 699 2015 754 cucullas
2061 719 2076 755 :
2185 691 2272 746 liis
2297 691 2548 747 omnibus
2578 692 2827 760 superior
2863 693 2987 747 erit.
3021 691 3317 764 Postquam
3349 703 3522 750 autem
3561 707 3609 752 et
3642 700 3709 772 ipsi

477 796 536 842 et
565 786 706 841 inter
734 788 1040 842 exuendam
1075 789 1318 844 dicturus
1347 797 1430 845 est
1467 789 1532 843 ad
1575 789 1819 858 singulos
1848 789 2080 845 domnus
2182 781 2487 836 consecrati
2538 779 2770 848 fuerint.
2823 781 2874 836 in
2923 783 3167 839 ordinem
3217 799 3373 839 suum
3407 784 3614 856 priorem
3646 793 3711 848 de-

479 877 650 934 abbas
691 895 706 932 :
756 878 937 932 Exurit
971 889 1018 933 te
1072 879 1327 934 Dominus
1377 891 1592 934 veterem
1645 879 1907 934 hominem
1959 896 2076 934 cum
2188 874 2419 929 scendit.

479 970 682 1024 actibus
703 972 834 1037 suis,
871 981 924 1026 et
961 973 1104 1026 inter
1133 957 1484 1038 induendum,
1510 969 1708 1025 Induat
1731 980 1779 1024 te
1799 969 2076 1036 Dominus,
2732 989 2962 1048 CAPUT
3002 992 3240 1049 Lxxﬂ,

480 1072 590 1118 etc.
614 1062 768 1117 Tunc
795 1063 1013 1128 fratres,
1048 1064 1138 1133 qui
1165 1063 1216 1117 in
1246 1063 1558 1118 sanctuario
1587 1071 1712 1117 sunt
1738 1064 1884 1118 circa
1911 1063 2077 1132 ipsos,
2186 1077 2262 1134 οε
2296 1080 2545 1136 mcum-5
2579 1082 2668 1152 qu,-
2715 1083 2783 1135 αα
2827 1067 3062 1140 cape-nm
3094 1086 3304 1140 veniens
3334 1072 3644 1143 mo,m,i‘.m~
3676 1107 3711 1145 κ

486 1153 556 1208 ab
587 1154 704 1224 ipso
729 1155 926 1209 domno
959 1155 1156 1210 abbate
1181 1154 1500 1223 incipientes
1525 1153 1861 1221 osculantur,
1886 1154 2080 1209 deinde
2173 1155 2176 1158 ’
2315 1225 2318 1228 _
2867 1155 3092 1222 petierit.

479 1245 824 1302 circumeunt
850 1261 946 1316 per
969 1247 1223 1310 chorum,
1247 1254 1522 1317 prmeunte
1553 1246 1811 1317 magistro
1843 1250 2076 1312 eorum,‘
2256 1241 2274 1261 '
2306 1241 2366 1297 Si
2397 1243 2614 1312 quando
2642 1243 2923 1300 szeeularis
2959 1247 3154 1317 aliquis
3194 1247 3261 1302 ad
3303 1259 3532 1306 extrema
3573 1267 3713 1322 perte-

468 1346 532 1408 .et
574 1336 772 1393 fratres
815 1347 1081 1409 quotquot
1113 1348 1337 1409 possunt
1368 1330 1555 1410 usque
1587 1340 1653 1393 ad
1694 1347 1902 1410 tempus
1942 1339 2078 1395 offe-
2187 1332 2342 1389 niens
2372 1334 2662 1390 monast-ici
2695 1335 2912 1394 habitus
2946 1339 3363 1395 consecratione
3401 1355 3456 1396 se
3484 1340 3715 1415 juvaripe.

480 1430 633 1485 rendi
695 1431 1014 1486 osculantur
1042 1472 1056 1496 ,
1108 1431 1428 1502 incipientes
1475 1433 1543 1486 ab
1592 1431 1677 1488 his
1717 1432 1812 1504 qui
1851 1433 2076 1490 chorum
2189 1425 2636 1492 ῑῖεΐὶινδάοηιηο
2665 1429 2884 1498 abhinc.
2915 1433 2998 1486 ναι
3049 1432 3090 1488 Si
3139 1431 3256 1502 ἱνεε
3303 1449 3408 1488 ηθη
3458 1437 3630 1504 ﬁdem.
3659 1441 3714 1494 τρι

480 1530 698 1585 tenent,
731 1521 853 1588 vel,
885 1526 930 1577 si
965 1521 1038 1577 illi
1070 1523 1286 1588 desunt,
1317 1524 1383 1578 ad
1417 1521 1621 1578 formas
1658 1525 1724 1579 de
1751 1524 2076 1580 senioribus.
2181 1517 2343 1572 etiam
2370 1519 2550 1589 aliqua
2590 1523 2911 1578 necessitate
2958 1525 3287 1596 pra-peditus
3317 1528 3399 1594 ad
3430 1542 3540 1582 eum
3580 1531 3716 1588 venire

477 1611 614 1668 Nam
647 1613 748 1684 ipsi
785 1614 884 1670 soli
929 1629 994 1671 eo
1043 1615 1129 1670 die
1175 1614 1438 1681 otl‘erunt;
1496 1615 1541 1670 si
1582 1613 1760 1672 tamen
1795 1617 2000 1673 duodec

2185 1625 2289 1666 non
2322 1614 2579 1681 potuerit,
2614 1607 2658 1669 a'
2679 1616 2862 1684 priore
2891 1616 3096 1688 (tamen
3129 1619 3247 1673 vice
3275 1619 3411 1689 ejus)
3457 1603 3714 1677 monachico

479 1704 748 1761 lectiones
777 1713 922 1760 sunt.
962 1703 1066 1760 Sed
1113 1705 1179 1760 ad
1230 1705 1582 1762 osculandum
1625 1716 1809 1778 postea
1847 1723 1953 1763 non
1993 1723 2078 1763 re-
2184 1701 2368 1758 habitu
2403 1704 2643 1760 induitur
2679 1717 2734 1761 et
2774 1718 3150 1772 consecratur,
3183 1711 3328 1768 sicut
3356 1720 3408 1764 et
3435 1711 3634 1782 quilibet
3650 1730 3717 1766 no-

479 1797 844 1874 deunt,etiam
872 1797 916 1854 si
947 1797 1097 1868 prius
1117 1798 1369 1853 omnibus
1394 1799 1638 1853 osculum
1665 1814 1772 1854 non
1800 1799 2072 1857 dederint.
2113 1778 2151 1835 Β
2181 1793 2344 1851 Vilius
2373 1795 2425 1850 in
2455 1795 2750 1852 claustrum
2783 1809 3035 1869 reet-plus
3055 1841 3072 1866 ,
3097 1799 3142 1854 si
3171 1800 3244 1854 ita
3277 1778 3716 1858 fuerit‘int‘trma‘tus

461 1887 562 1948 “Ad
594 1903 784 1957 pacem
815 1889 1010 1953 ultimi,
1037 1889 1103 1944 ad
1127 1890 1564 1945 communionem
1597 1891 1862 1947 accedunt
1891 1891 2072 1962 primi,
2157 1883 2261 1966 ‘(ut
2309 1885 2481 1955 aiunt)
2514 1887 2582 1940 ad
2624 1887 3034 1942 succurrendum
3085 1889 3391 1944 ordinatur.
3437 1889 3558 1943 Nam
3596 1893 3718 1947 verto

463 1977 585 2052 [Tot
613 1993 736 2034 esse
766 1988 1023 2049 possunt,
1056 1987 1115 2033 ut
1151 1980 1203 2034 in
1252 1979 1334 2034 his
1363 1981 1533 2034 tribus
1569 1980 1793 2048 diebus,
1833 1982 1999 2037 etiam
2030 1983 2072 2038 si
2181 1983 2384 2030 tantum
2415 1986 2574 2047 prout
2605 1986 2798 2049 potest,
2827 1977 2953 2033 facit
2984 1976 3397 2049 professionem,
3429 1987 3481 2036 et
3502 1979 3717 2036 consuete:

477 2070 678 2140 privati
728 2071 871 2137 sint,
926 2087 1120 2139 nemo,
1162 2071 1266 2126 nisi
1320 2070 1415 2126 soli
1465 2072 1652 2126 novitii
1699 2071 1767 2126 ad
1815 2072 2074 2143 majorem
2153 2057 2462 2122 “orationes
2492 2085 2658 2141 super
2685 2084 2807 2123 eum
2851 2069 3128 2125 dicuntur.
3161 2069 3315 2138 Quod
3357 2071 3401 2125 si
3446 2072 3601 2127 obitus
3629 2074 3718 2144 ejus

457 2161 707 2232 .missam
735 2160 946 2226 offerat,
981 2171 1073 2217 aut
1097 2163 1162 2217 ad
1193 2177 1381 2234 pacem
1413 2171 1467 2218 et,
1509 2162 1945 2219 communionem
1979 2179 2072 2220 ac-
2178 2157 2313 2213 adeo
2341 2172 2507 2229 prope
2546 2175 2668 2215 esse
2711 2160 2975 2227 cernitur,
3023 2167 3081 2215 ιιι
3129 2161 3388 2216 credatur
3435 2162 3612 2216 tamdiu
3639 2167 3716 2216 nen

478 2257 659 2312 οειιειι,
1594 2322 1596 2325 ι
2178 2262 2337 2316 posse
2363 2249 2552 2304 vivere
2579 2265 2858 2320 quousque
2888 2249 3322 2307 benedictionem
3355 2251 3440 2307 tali
3471 2255 3610 2307 modo
3628 2267 3716 2322 per-

551 2349 661 2405 Sed
716 2347 1012 2404 notandum
1057 2350 1201 2420 quod
1254 2351 1588 2416 monachus,
1639 2350 1731 2421 qui
1777 2350 1842 2406 de
1893 2349 2075 2405 alieno
2176 2337 2359 2410 eipere
2387 2341 2576 2410 possit,
2601 2342 2810 2397 cuculla
2838 2343 3209 2398 tantummodo
3238 2343 3512 2398 benedicta
3540 2344 3718 2398 induen-

478 2443 808 2498 monasterio
846 2444 1028 2508 venit,
1063 2452 1112 2498 et
1161 2443 1279 2514 ipso
1317 2431 1404 2498 die
1451 2443 1752 2499 chartulam
1792 2459 1902 2498 sum
1948 2458 2007 2514 pr

2185 2431 2275 2486 dus
2299 2440 2421 2498 est,
2453 2441 2506 2487 et
2549 2434 2731 2488 statim
2752 2475 2766 2500 ,
2798 2434 2840 2489 si
2878 2433 2989 2506 pati
3019 2443 3223 2503 potest,
3251 2434 3319 2488 ad
3349 2434 3714 2500 monasterium;

477 2533 732 2589 fessionis
767 2534 942 2606 legere
975 2534 1165 2601 debet,
1199 2535 1405 2605 primus
1444 2536 1684 2590 omnium
1726 2535 1884 2606 legit,
1925 2545 1979 2589 et

2187 2523 2220 2576 si
2271 2530 2450 2578 autem
2507 2523 2559 2579 in
2603 2525 2791 2581 eodem
2823 2526 2941 2581 loco
2980 2527 3171 2582 mortis
3200 2525 3438 2581 debitum
3489 2527 3650 2594 solvit,
3679 2527 3716 2581 in

451 2623 631 2692 .prius
655 2625 708 2678 in
732 2634 1000 2679 conventu
1033 2623 1265 2693 aliquem
1297 2626 1631 2695 superiorem
1657 2625 1832 2680 locum
1862 2623 2069 2688 habuit,
2175 2615 2470 2670 (τιτιυείΐυῐη
2497 2623 2676 2671 lumen
2708 2616 2992 2687 νεοίβίίυτν
3017 2626 3071 2671 ει
3100 2617 3245 2671 inter
3273 2614 3467 2672 Ῑΐπῑνεε
3495 2611 3717 2686 se[Elim-

453 2730 603 2778 _mox
639 2725 819 2771 tamen
863 2731 962 2772 sua
1008 2725 1235 2785 sponte,
1265 2717 1656 2788 qualiscunque
1691 2731 1920 2787 persona
1968 2716 2068 2782 sit,
2175 2702 2232 2759 Si
2263 2720 2394 2761 vero
2426 2706 2494 2760 ad
2517 2708 2908 2762 monasterium
2940 2707 3135 2761 allatus
3181 2707 3248 2762 de
3298 2699 3718 2762 infirmitatecon-

476 2805 555 2860 ibi
589 2805 642 2860 in
688 2809 856 2860 choro
908 2806 961 2860 in
1003 2806 1250 2861 ultimum
1297 2807 1472 2862 locum
1526 2807 1885 2862 litteratorum
1913 2807 1996 2862 del

2186 2797 2430 2866 raluerit,
2462 2810 2586 2870 post
2608 2799 2838 2869 primam
2868 2799 2953 2854 vel
2981 2797 3089 2854 alio
3125 2788 3370 2868 tempore
3405 2809 3522 2868 post
3547 2799 3715 2854 teriam

475 2895 580 2962 ire,
609 2895 654 2948 si
686 2896 800 2966 ipse
827 2905 911 2951 est
940 2896 1248 2952 litteratus:
1280 2898 1331 2951 in
1361 2896 1597 2967 capitulo
1624 2911 1750 2952 vero
1775 2896 1896 2951 etin
1931 2895 2072 2952 refe.
2175 2891 2227 2944 in
2259 2891 2451 2947 cellam
2483 2892 2809 2947 novitiorum
2839 2906 2938 2962 per
2966 2891 3330 2946 inlirtnarium
3387 2893 3438 2946 in
3477 2890 3717 2962 capitulum

479 2987 651 3043 ctorio
681 2989 841 3043 etiam
869 3003 1254 3044 conversorum
1280 2990 1385 3043 erit
1407 2988 1654 3043 ultimus.
2173 2995 2271 3051 pro
2315 2981 2577 3050 petitione
2626 2981 2870 3039 facienda
2900 2998 3002 3053 per
3029 2984 3348 3054 magistrum
3367 2985 3602 3062 ducitur;
3625 2981 3716 3048 sed,

1031 3099 1257 3156 CAPUT
1300 3099 1509 3156 Lxxv.
2095 3129 2134 3156 β
2172 3072 2420 3139 quamvis
2459 3073 2756 3128 monastica
2789 3073 3165 3129 benedictione
3203 3061 3422 3142 adjutus
3453 3071 3550 3140 sit,
3578 3083 3717 3128 tamen

471 3188 554 3247 De
595 3191 899 3247 Imm-tudine
943 3129 1255 3247 ηουῖῖοῖῖηέ
1291 3129 1695 3246 ίῑΛῶἴωαηο
1745 3201 1858 3261 ροδι
1911 3190 2063 3247 bene.
2095 3129 2136 3188 Ε
2172 3165 2412 3236 capitulo
2451 3167 2681 3233 carebit,
2709 3166 2922 3221 etiamsi
2951 3183 2978 3219 a
3013 3167 3214 3221 domno
3245 3167 3443 3222 abbate
3479 3180 3717 3220 consecta-

1113 3261 1411 3316 dictionem.
2173 3269 2260 3316 tus
2288 3261 2386 3328 sit,
2413 3262 2517 3316 nisi
2550 3262 2664 3332 ipse
2691 3278 2930 3332 praesens
2973 3263 3056 3320 vel
3085 3278 3150 3319 eo
3183 3263 3413 3319 absente
3439 3265 3574 3335 prior
3595 3263 3716 3334 jussu

541 3355 598 3410 In
637 3355 722 3410 his
750 3356 924 3412 tribus
959 3353 1148 3410 diebus
1189 3364 1354 3424 caput
1395 3368 1500 3407 non
1546 3351 1821 3407 denudant
1865 3350 2067 3424 jugiter
2169 3353 2346 3424 ipsius
2375 3355 2479 3410 hoc
2505 3357 2860 3422 concesserit,
2894 3373 3173 3429 quousque
3202 3374 3327 3413 cum
3364 3359 3512 3424 aliis,
3539 3357 3617 3429 qui
3648 3357 3716 3412 le-

467 3446 675 3516 capello
705 3456 1050 3517 coopertum;
1085 3444 1137 3498 in
1168 3445 1396 3500 cucullis
1423 3443 1732 3500 dormiunt:
1755 3446 1848 3500 sed
1884 3455 2063 3502 tamen
2168 3448 2448 3502 nediccndi
2480 3459 2628 3515 sunt,
2656 3449 3049 3520 professionem
3084 3451 3280 3514 faciat,
3311 3462 3365 3507 et
3392 3461 3598 3518 cretera,
3622 3466 3716 3520 qua:

468 3539 682 3596 froccos
708 3548 914 3596 exuunt
967 3556 980 3594 :
1034 3538 1247 3594 calceos
1276 3553 1491 3609 quoque
1530 3546 1586 3593 et
1615 3538 1860 3594 cultellos
1897 3541 2067 3611 depo-
2167 3537 2219 3592 itt
2252 3539 2425 3596 tribus
2451 3541 2640 3597 diebus
2668 3543 2876 3611 agenda
2905 3559 3033 3598 usus
3064 3543 3321 3614 postulat.
3355 3545 3445 3612 (un
3471 3543 3489 3616 )
3518 3545 3553 3598 A
3588 3541 3711 3597 tertii

466 3639 642 3685 nunt:
673 3631 1024 3702 coopertoriis
1051 3646 1110 3686 se
1140 3631 1392 3702 operiunt
1422 3644 1436 3682 :
1475 3630 1704 3700 pellicos-
1743 3630 1810 3685 de
1839 3631 2062 3687 cucullis
2147 3639 2350 3686 autem
2385 3632 2495 3698 die,
2517 3647 2623 3702 qua
2649 3648 2745 3704 per
2772 3634 3111 3689 sacerdotem
3145 3635 3310 3706 (sicut
3334 3635 3526 3691 dictum
3555 3635 3640 3700 est)
3659 3635 3714 3686 de

466 3719 797 3787 attrahunt,
844 3721 888 3775 si
932 3720 1156 3790 placet:
1203 3719 1337 3774 nihil
1377 3719 1598 3775 omnino
1642 3719 1964 3790 loquuntur,
2008 3732 2064 3778 et
2165 3721 2430 3790 capitibus
2459 3738 2647 3779 eorum
2677 3725 2902 3781 cucullze
2954 3727 3370 3790 abstrahuntur,
3424 3739 3712 3798 nequaquam

465 3820 690 3882 propter
734 3812 838 3866 hec
867 3827 988 3866 eum
1020 3813 1201 3865 s‘ermo
1227 3810 1414 3865 finitur
1461 3811 1512 3864 in
1542 3810 1779 3881 capitulo
1817 3812 1940 3867 inde
1967 3827 2062 3868 ex-
2165 3811 2392 3869 ulterius
2420 3829 2450 3868 a
2477 3815 2711 3886 capitulo
2747 3827 3086 3889 separantur,
3114 3825 3168 3871 et
3213 3817 3449 3873 domnus
3493 3817 3608 3871 abba
3638 3831 3711 3870 se-

466 3915 661 3962 cuntes
693 3907 744 3958 in
776 3905 1062 3961 ecclesiam
1089 3906 1313 3970 vadunt,
1341 3914 1394 3960 et
1423 3919 1520 3976 per
1550 3912 1760 3975 tempus
1805 3904 2057 3975 loquendi
2162 3905 2394 3960 cundum
2425 3907 2681 3977 gratiam,
2704 3925 2824 3978 qua:
2853 3909 3081 3981 singulis
3105 3918 3188 3965 est
3219 3913 3372 3977 data,
3397 3927 3486 3966 eos
3509 3908 3640 3978 jubet
3659 3909 3712 3961 de

463 3999 690 4054 omnino
724 3997 796 4052 ibi
843 3999 1164 4070 persistunt.
1214 3997 1269 4052 ln
1325 3999 1518 4054 minori
1561 3996 1731 4052 choro
1772 3999 1924 4070 operi
1963 3999 2055 4054 Dei
2164 4003 2364 4050 cmtero
2400 3996 2450 4050 in
2483 3999 2713 4053 ecclesia
2745 3997 2981 4067 Servire,
3009 4001 3221 4058 scilicet
3249 4012 3310 4058 ut
3346 4002 3711 4074 lcgantetcan-

461 4091 769 4156 intersunt,
802 4091 984 4161 ibique
1019 4092 1138 4147 illas
1185 4101 1295 4148 tres
1333 4092 1609 4147 orationes
1653 4099 1780 4147 ante
1825 4091 2056 4162 primam
2165 4095 2294 4150 teut,
2323 4088 2416 4158 qui
2456 4091 2558 4146 hoc
2585 4093 2788 4146 sciunt.

461 4183 689 4239 faciunt.
732 4184 787 4240 In
821 4185 1026 4239 eisdem
1064 4184 1251 4239 diebus
1277 4200 1491 4256 quoque
1544 4185 1672 4240 nulli
1723 4185 2054 4256 pt‘oecssioni
2681 4207 2909 4264 CAPUT
2955 4191 3195 4265 LXXV“

460 4283 753 4385 ξδ’ξΫ-Γδιξξδ
918 4277 1134 4385 qui?“
1178 4287 1423 4385 ⁵³¹¹Ῡί³¹ξ¹
1445 4384 1448 4385 ν
1467 4277 1703 4381 Marum.
1726 4288 1923 4350 "3mm
1952 4278 2056 4332 (⁸0·
2159 4311 2615 4385 Quoddiligmler
2641 4320 2982 4373 examinandi
3011 4322 3114 4374 sint
3155 4323 3338 4377 novitii
3373 4324 3636 4378 sacerdotes
3663 4329 3706 4374 et

457 4367 591 4422 tidie
617 4367 909 4424 offerentes
941 4369 1008 4422 ad
1032 4383 1220 4437 pacem
1250 4378 1304 4424 et
1338 4371 1404 4422 ad
1432 4371 1868 4426 connnttnionem
1897 4385 2053 4425 acce-
2114 4388 2131 4392 ··
2164 4367 2199 4377 “
2227 4381 2391 4438 [ευὶιω
2417 4367 3705 4465 ,"a’nieqitibi""o}1i2i£u}i"'al'Jiiimagéié'

461 4459 628 4526 dunt,
657 4461 800 4530 quod
855 4475 961 4514 non
1017 4460 1276 4514 omittunt
1320 4460 1484 4515 etiam
1541 4462 1588 4516 si
1639 4461 1785 4516 aliud
1813 4461 1943 4532 quid
1974 4462 2053 4516 eis
2087 4493 2130 4547 υ
2229 4461 2428 4509 lantur.
2741 4473 2746 4476 ‘

458 4552 725 4621 contingit
772 4550 1109 4605 dormiendo.
1155 4550 1212 4606 Si
1255 4552 1307 4606 in
1342 4551 1630 4609 refectorio
1680 4554 1917 4608 sonitum
1967 4553 2049 4608 vel
2087 4544 2117 4547 ⁷
2228 4544 2366 4617 (om)
2395 4546 2466 4600 De
2490 4547 2574 4602 his
2606 4557 2783 4604 tamen
2808 4592 2822 4616 ,
2852 4551 2940 4621 qui
2969 4551 3054 4608 vel
3084 4554 3396 4612 sacerdotes
3422 4553 3621 4626 suntﬁel
3643 4552 3705 4607 leo

458 4642 616 4697 aliud
655 4643 784 4714 quid
815 4641 1122 4711 hujusmodi
1163 4641 1419 4711 fecerint,
1453 4645 1524 4700 ita
1557 4645 1810 4700 cucullati
1841 4645 2048 4700 veniam
2157 4636 2300 4704 νῖίω,
2338 4636 2628 4708 diligenter
2657 4641 3003 4698 examinator
3043 4635 3318 4714 quomodo
3359 4647 3464 4701 sint
3488 4645 3702 4702 ordinati.

452 4745 664 4809 petunt.
702 4736 842 4810 (ιω.)
870 4737 1053 4794 Tertio
1079 4737 1290 4792 tandem
1320 4737 1502 4802 dieqad
1527 4737 1783 4804 majorem
1807 4739 2047 4800 missam,
2153 4726 2328 4796 qualis
2354 4729 2424 4784 sit
2448 4745 2636 4786 eorum
2663 4735 3019 4799 conscientia.
3051 4745 3105 4791 et
3153 4752 3250 4807 per
3290 4737 3493 4810 aliquot
3535 4747 3704 4804 ιειιριιδ

451 4829 542 4884 vel
587 4830 632 4884 si
673 4831 874 4886 domno
903 4830 1082 4886 abbati
1117 4831 1356 4896 videtur,
1391 4830 1456 4884 ad
1495 4831 1714 4885 missam
1750 4847 1870 4902 qum.
1898 4831 1980 4883 inii

2174 4821 2414 4878 irubatur
2443 4838 2632 4879 eorum
2676 4828 3038 4893 conversatio,
3071 4844 3236 4899 quam
3269 4832 3337 4886 ad
3389 4832 3540 4904 hujus
3577 4827 3703 4882 mini-

451 4923 558 4977 mis
582 4922 796 4978 canilur
825 4924 891 4978 ad
917 4924 971 4978 S.
1007 4914 1259 4988 Mariam,
1291 4938 1413 4978 cum
1460 4918 1716 4977 sacerdos
1756 4937 1849 4978 eos
1889 4919 2050 4977 fuerit
2151 4915 2302 4972 sterii
2327 4916 3030 4988 licentiam'permittantur.
3054 4921 3338 4993 Praecipue
3369 4927 3457 4995 qui
3484 4925 3702 4982 sacerdos

449 5014 745 5079 osculatus,
773 5015 838 5069 de
864 5015 1130 5084 capitibus
1159 5029 1350 5069 eorum
1378 5013 1642 5068 abstrahit
1667 5011 1952 5083 capellutn,
1992 5021 2047 5068 et
2148 5019 2265 5062 erat
2294 5015 2586 5080 antequam
2625 5011 2832 5065 veniret
2852 5012 3073 5068 omnino
3110 5014 3180 5068 ab
3215 5016 3316 5072 hoc
3347 5016 3517 5072 ollicio
3551 5014 3702 5087 prohi-

449 5103 518 5162 de
547 5117 744 5162 caetero
771 5106 898 5164 licet
917 5107 996 5163 eis
1023 5107 1164 5162 sicut
1187 5106 1306 5162 aliis
1328 5105 1587 5160 fratribus
1608 5105 1750 5176 loqui
1778 5114 2046 5162 etcxttcre
2147 5100 2323 5164 betur,
2349 5115 2518 5170 usque
2545 5102 2670 5157 dum
2702 5103 2900 5172 sacpius
2925 5105 3259 5174 perspiciens
3288 5108 3523 5164 addiscat
3565 5119 3700 5179 quam

447 5197 713 5254 cucuuas,
2146 5191 2433 5262 multiplici
2466 5194 2646 5250 studio
2676 5195 3201 5253 talesacramentum
3230 5210 3532 5258 traetetura
3551 5197 3696 5254 nobis.

519 5291 575 5347 Si
607 5293 727 5364 quis
757 5293 1004 5349 infirmus
1027 5295 1108 5366 (ut
1136 5292 1307 5364 aiunt)
1335 5292 1416 5346 Ad
1438 5292 1848 5348 succurrendum
1881 5291 2041 5346 bene-

2166 5291 2167 5294 ‘
2193 5283 2417 5350 Quando
2446 5296 2627 5342 autem
2663 5288 2895 5345 domnus
2932 5289 3099 5346 abbas
3127 5292 3433 5360 hujusmodi
3465 5277 3695 5349 licentiam

445 5382 736 5440 dictionem
767 5386 986 5456 accipit,
1008 5395 1062 5440 et
1085 5401 1196 5457 pra:
1217 5385 1532 5441 infirmitate
1562 5383 1834 5440 silentium
1860 5391 2044 5436 tenere
2149 5375 2365 5430 novitiis
2395 5391 2494 5444 per
2519 5393 2578 5431 se
2607 5377 2688 5432 vel
2724 5394 2822 5448 per
2847 5381 3096 5436 nuntium
3145 5382 3388 5451 dederit,
3416 5385 3698 5439 admonente

443 5491 548 5530 non
575 5478 772 5547 potuit,
795 5485 922 5531 ante
949 5477 1082 5534 alios
1115 5477 1503 5548 professionem
1535 5477 1602 5531 ad
1631 5473 1858 5546 gradum
1894 5473 2039 5536 facit,
2149 5467 2409 5536 magistro
2431 5483 2649 5536 eorum,
2681 5487 2786 5525 non
2819 5473 2886 5527 ad
2917 5475 3080 5544 pedes
3103 5475 3271 5545 ipsius
3298 5478 3429 5532 sicut
3459 5493 3546 5533 nec
3565 5476 3696 5546 pric-

441 5577 494 5620 ειι
523 5583 644 5622 cum
672 5567 812 5632 aliis,
840 5569 929 5638 qui
960 5569 1370 5634 benedicuntur,
1396 5571 1573 5639 capita
1599 5567 2039 5638 contegentibus,
2150 5557 2222 5611 ris
2255 5558 2306 5611 in
2347 5559 2466 5613 loco
2491 5563 2606 5627 ejus
2650 5563 2888 5616 sedentis
2914 5565 3174 5631 veniunt;
3206 5568 3301 5623 sed
3336 5577 3526 5622 tantum
3557 5564 3697 5620 incli-

443 5657 557 5726 ipse
589 5673 803 5728 quoque
827 5659 1098 5728 contegit;
1134 5659 1314 5712 omnia
1351 5675 1471 5730 qua:
1503 5658 1574 5710 illi
1623 5657 1828 5712 faciunt
1852 5673 1916 5713 eo
1948 5661 2040 5711 tri-
2147 5659 2278 5704 nant
2313 5650 2365 5704 itt
2398 5653 2612 5707 sedibus
2637 5654 2767 5708 suis.
2801 5655 2951 5723 Quod
2998 5669 3051 5712 et
3101 5671 3227 5716 tunc
3268 5662 3480 5725 faciunt,
3510 5658 3694 5727 sijus-i

440 5753 547 5807 duo
601 5751 850 5806 similiter
895 5751 1052 5812 facit.
1087 5762 1139 5807 et
1185 5752 1327 5820 quod
1379 5751 1528 5821 prius
1579 5751 1838 5806 omissum
1898 5762 2036 5816 erat,
2147 5757 2328 5798 coram
2355 5743 2633 5814 assistunt,
2654 5755 2706 5799 et
2729 5749 3098 5806 sacerdotibus
3119 5750 3555 5838 quidemiiovitiis
3579 5763 3695 5805 uiex
