3872 6306
151 395 276 456 1005

1256 382 1668 443 CONSTITCT.
1713 383 2142 443 IllRSAUGX—
2173 385 2301 442 LIB.
2341 387 2380 441 l.

3259 394 3402 450 1006

158 499 525 582 deputabuntur
573 503 771 559 fratres
822 501 985 572 hujus
1041 498 1196 555 ollicii
1255 502 1448 570 periti,
1486 499 1712 573 singulis
1741 506 1786 564 Λ
1818 502 1988 554 mai-io
2015 499 2226 570 signum
2260 501 2406 555 facit.
2438 500 2589 568 Quod
2631 505 2677 562 si
2723 507 3014 578 aliquando
3053 507 3104 562 in
3157 497 3402 580 sequenti

158 598 343 669 singuli,
371 597 457 667 qui
484 611 578 651 eos
623 595 866 650 studiose
898 596 1190 656 instruant,
1221 607 1382 661 quam
1413 608 1603 664 magna
1633 592 1713 648 di-

159 688 344 762 ﬁgentia
368 686 504 756 apud
537 700 634 740 nos
679 671 795 740 haec
824 694 1128 740 tractentur
1173 693 1536 740 sacramenta.
1569 684 1708 738 Nulli

156 794 306 838 tamen
337 777 534 833 novitio
567 779 917 846 quantumvis
953 778 1128 848 perito
1159 775 1301 830 infra
1331 775 1539 831 dimidii
1584 777 1709 830 anni

145 868 372 940 spatium,
405 867 610 934 absque
644 881 838 937 magna
871 867 1214 932 necessitate,
1256 865 1382 920 licet
1426 866 1567 936 apud
1616 881 1712 920 nos

158 959 380 1028 majorem
405 957 622 1012 missam
653 957 948 1013 celebrare.
971 955 1110 1028 (ιιο.)
1129 956 1234 1013 Sed
1259 967 1316 1011 ut
1344 957 1430 1012 hic
1455 959 1714 1012 memine-

159 1052 241 1106 rim
269 1059 366 1102 tam
396 1047 485 1116 qui
515 1047 918 1114 examinantur,
943 1063 1103 1116 quam
1143 1047 1234 1118 qui
1266 1046 1377 1116 jam
1419 1049 1710 1104 examinati

157 1141 465 1212 atiqnomodo
516 1140 722 1196 servire
765 1139 1056 1210 iubentur,
1105 1143 1476 1213 unusquisque
1522 1157 1708 1197 eorum

158 1230 317 1287 sedens
345 1229 398 1283 in
426 1229 662 1300 capitulo
689 1230 977 1304 diligenter
1004 1234 1255 1302 attendit,
1282 1242 1340 1288 ut
1365 1234 1712 1288 animadver-

122 1331 124 1333 ’
160 1333 237 1390 tat,
259 1324 298 1379 si
327 1333 406 1379 est
435 1324 503 1378 ad
535 1325 702 1380 ullum
730 1326 966 1396 scriptus
996 1327 1338 1398 obsequium,
1375 1327 1518 1397 quod
1544 1327 1625 1381 vel
1658 1327 1710 1381 in

155 1415 348 1474 ecclesia
371 1416 449 1472 vel
481 1426 638 1474 extra
669 1417 739 1472 sit
769 1419 1061 1487 agendum.

645 1511 874 1568 CAPUT
913 1508 1195 1564 LXXVIII.

539 1602 616 1658 De
637 1603 971 1658 hebdomade
981 1602 1057 1655 rio
1078 1613 1313 1657 cantare.

213 1697 335 1770 tuo.)
367 1694 422 1752 Si
467 1703 552 1750 est
600 1696 670 1750 ad
719 1695 1090 1750 invitatoriam
1144 1703 1382 1760 notatus,
1421 1701 1713 1766 antequam

154 1793 300 1862 ipsum
317 1790 550 1855 inchoet,
581 1798 734 1844 stans
761 1789 828 1842 ad
853 1787 1081 1859 gradum
1107 1802 1228 1843 cum
1259 1802 1358 1843 suo
1380 1785 1602 1858 collega,
1631 1802 1712 1857 νει

1817 591 2154 646 hebdomada
2211 591 2380 647 missa
2427 595 2764 654 matutinalis
2803 597 2992 654 festive
3020 600 3259 656 canenda
3287 610 3404 663 est.

1813 681 2046 737 oilicium
2100 683 2169 738 ad
2234 683 2378 741 hanc
2431 701 2648 756 quoque
2721 689 2996 760 imponere
3049 693 3284 763 pertinet
3336 693 3405 748 ad

1819 775 2016 844 ipsum,
2045 774 2208 831 etiam
2235 777 2277 831 si
2309 792 2408 847 pro
2448 779 2740 846 defunctis,
2782 784 2848 837 ad
2895 799 3055 854 quam
3088 785 3250 840 etiam
3284 785 3406 840 ulti-

1815 885 1936 924 mus
1965 872 2072 928 erit
2098 872 2463 928 offerentium.
2500 875 2634 945 (uo.)
2663 875 2796 930 Cum
2821 876 2872 932 in
2903 878 2988 932 die
3010 878 3291 936 Dominica
3319 877 3405 934 vel

1816 961 1867 1016 in
1893 966 2130 1034 qualibet
2150 967 2197 1022 ei
2223 966 2383 1022 simili
2410 969 2590 1021 omnia
2620 968 2770 1039 signa
2793 972 2860 1025 ad
2894 972 3150 1040 majorem
3181 974 3401 1028 missam

1816 1067 1938 1112 sunt
1972 1060 2261 1129 pulsanda,
2309 1061 2375 1115 ad
2403 1076 2529 1116 eum
2561 1063 2826 1132 pertinet,
2855 1073 2912 1116 ut
2957 1063 3162 1132 primus
3198 1065 3403 1120 scillam

1815 1145 2039 1220 incipiat
2057 1150 2296 1220 pulsare,
2324 1161 2374 1207 et
2403 1162 2459 1208 ut
2482 1154 2681 1209 chorus
2708 1165 2954 1210 teneatur
2975 1156 3042 1211 ab
3066 1156 3201 1227 ipso.
3223 1156 3405 1227 Cappa

1815 1254 1874 1296 se
1922 1241 2118 1309 induit,
2147 1259 2309 1314 quam
2358 1246 2470 1316 ipse
2516 1247 2617 1302 sibi
2656 1247 2800 1304 inter
2823 1263 3013 1304 sonum
3045 1249 3131 1302 vel
3170 1248 3409 1319 psalmos

1814 1333 2140 1401 apportavit.
2175 1335 2192 1354 '
2222 1333 2278 1389 Si
2306 1338 2678 1406 sacerdosest,
2710 1349 2831 1409 post
2865 1341 3200 1413 evangelium
3230 1342 3406 1413 impo-

1817 1422 1921 1478 sita
1947 1423 2222 1484 oblatione
2241 1436 2419 1499 potest
2449 1444 2546 1498 pro
2574 1431 2840 1486 cantanda
2874 1432 3037 1487 missa
3062 1432 3146 1488 vei
3169 1433 3274 1488 alia
3307 1434 3410 1488 hli-

1818 1511 2045 1600 iusmodi
2092 1520 2415 1576 necessitate
2461 1520 2742 1575 licentiam»
2766 1523 3033 1593 accipere,
3063 1535 3122 1580 et
3149 1525 3271 1580 data
3311 1526 3411 1580 ali-

1818 1603 1906 1659 cui
1943 1604 2092 1678 (106)
2123 1609 2190 1664 de
2226 1609 2423 1664 oblatis
2463 1625 2652 1680 cappa,
2708 1610 2960 1682 factoque
2997 1623 3123 1668 ante
3161 1624 3217 1669 et
3262 1627 3411 1671 retro

1818 1693 2117 1752 discedere.
2167 1714 2259 1754 uo.
2308 1698 2409 1766 Qui
2443 1707 2497 1753 et
2543 1699 2824 1769 incensum
2870 1700 2972 1756 sibi
3017 1687 3272 1768 allatum,
3303 1718 3413 1773 quo

1819 1800 2018 1858 corpus
2062 1790 2276 1846 Domini
2325 1801 2451 1848 ante
2501 1792 2964 1848 consecrationem
2998 1803 3081 1848 est
3123 1795 3411 1848 incensan-

154 1858 340 1954 quando
368 1880 502 1948 linit,
533 1889 766 1952 utraque
790 1858 910 1933 viee
947 1877 1079 1933 facit
1107 1888 1232 1934 ante
1251 1886 1308 1934 et
1339 1887 1504 1934 retro.
1532 1884 1546 1896 ‘
1582 1877 1712 1944 Sed,
1749 1858 1791 1912 Β
1819 1878 1966 1945 dum,
1996 1882 2148 1951 ponit
2176 1883 2228 1938 in
2280 1883 2636 1950 thurihulum,
2670 1885 2812 1954 quod
2843 1885 3006 1939 etiam
3037 1884 3170 1939 facit
3206 1885 3257 1939 in
3289 1883 3410 1938 Vir-

157 1977 432 2046 priusquam
478 1975 654 2046 ipsum
681 1972 1051 2028 invitatorium
1081 1969 1322 2042 incipiat,
1350 1979 1405 2024 et
1426 1977 1711 2040 postquam

156 2066 413 2136 inceperit,
457 2067 622 2120 etiam
650 2073 706 2119 et
749 2071 1041 2134 antequam
1087 2069 1209 2132 post
1244 2060 1483 2116 Gloriam
1515 2059 1709 2116 iterum

155 2156 366 2226 incipiat,
394 2171 558 2210 unum
593 2163 776 2210 servat
807 2154 1025 2208 modum
1064 2151 1384 2215 inclinandi,
1438 2151 1489 2205 id
1531 2158 1614 2206 est
1657 2151 1709 2204 in

151 2248 394 2303 anteriora
419 2256 648 2302 tantum.
668 2248 866 2302 Verum
890 2253 1012 2317 post
1031 2245 1278 2300 ultimum
1304 2244 1494 2315 psalmi
1538 2242 1713 2298 Venite

153 2357 340 2398 versum
363 2341 692 2413 aliquamdiu
726 2350 833 2396 stat
850 2341 1164 2406 inclinatus,
1186 2339 1312 2394 dum
1339 2337 1710 2393 invitatorium

151 2439 314 2487 cantat
340 2439 654 2488 conventus.
701 2431 770 2486 Et
823 2430 937 2487 sive
959 2431 1064 2486 duo
1112 2428 1196 2484 vel
1248 2437 1482 2499 quatuor
1527 2425 1711 2480 Venite

149 2525 444 2594 pnecinant,
480 2525 621 2580 hanc
654 2524 1019 2579 inclinationis
1036 2521 1206 2593 legem
1223 2522 1531 2577 observant.
1573 2518 1710 2591 (ιω.)

151 2615 200 2671 Si
227 2632 288 2672 ex
323 2616 523 2672 duobus
569 2616 941 2671 invitator-ium
989 2614 1292 2670 eantaturis
1323 2612 1470 2682 prior
1499 2619 1582 2666 est
1611 2625 1707 2664 no-

149 2714 305 2775 tatus,
334 2693 641 2763 tuneietiam
671 2709 776 2763 erit
801 2705 1285 2770 hebdomadarius,
1321 2713 1376 2758 et
1419 2717 1516 2774 per
1545 2712 1708 2758 totam

150 2798 513 2852 hebdomadam
560 2805 669 2851 tam
715 2797 768 2851 in
819 2794 1012 2862 tribus,
1037 2808 1200 2865 quam
1232 2794 1285 2848 in
1315 2792 1598 2848 duodecim
1631 2791 1708 2847 le-

151 2891 392 2948 ctionibus
425 2891 607 2947 Venite
630 2890 904 2956 cantabit;
937 2904 1037 2945 nec
1061 2899 1240 2943 tamen
1280 2886 1534 2957 amplius,
1562 2887 1582 2907 ⁶
1606 2887 1709 2942 nisi

155 2986 199 3039 in
221 2977 428 3058 sabbato
451 2986 650 3055 prioris
690 2982 1045 3040 hebdomadze
1075 2982 1142 3036 ad
1169 2981 1272 3037 hoc
1297 2989 1382 3036 est
1411 2981 1709 3047 notandus;

149 3085 352 3149 excepto
380 3077 421 3133 si
451 3078 575 3133 talis
601 3075 865 3132 festivitas
895 3073 1287 3145 supervenerit,
1315 3073 1369 3127 in
1394 3088 1497 3143 qua
1527 3087 1555 3126 a
1578 3087 1710 3142 qua-

150 3175 254 3222 tuor
275 3151 569 3224 canendum
597 3176 712 3232 est;
743 3177 872 3221 tunc
915 3165 1044 3219 item
1101 3164 1216 3235 ipse
1260 3163 1412 3232 prior
1443 3162 1496 3216 in
1529 3161 1706 3216 tabula

148 3271 212 3313 es:
237 3260 523 3326 notandus;
554 3275 677 3315 eum
708 3273 816 3328 quo
845 3266 1024 3311 tamen
1069 3256 1122 3310 in
1151 3255 1434 3310 duodecim
1470 3253 1716 3310 lectioni-

148 3347 233 3405 bus
257 3367 353 3407 non
386 3360 670 3407 transacta:
695 3349 1045 3405 hebdomadae
1074 3357 1298 3414 cantor,
1325 3347 1416 3402 sed
1447 3347 1624 3416 potius
1646 3346 1712 3410 is,

149 3444 218 3496 cui
245 3443 504 3500 armat-ius
552 3457 875 3513 unaquaque
920 3441 1037 3496 vire
1083 3441 1132 3494 id
1173 3440 1486 3510 iujunxerit,
1531 3437 1710 3493 Venite

149 3535 379 3590 cantabit.
421 3535 646 3602 Quoties
686 3543 864 3588 autem
917 3542 1152 3603 quatuor
1189 3530 1558 3586 invitatorium
1583 3545 1718 3586 eaa-

149 3633 246 3680 tare
274 3626 485 3693 debent,
515 3627 567 3681 hi
597 3637 829 3696 quatuor
873 3625 939 3680 ad
979 3625 1192 3679 tertiam
1249 3622 1558 3693 quindecim
1589 3638 1711 3693 gra-

148 3717 287 3774 duum
334 3719 652 3776 ineisionem
697 3719 762 3774 de
809 3718 978 3774 choro
1022 3726 1244 3781 exeunt,
1286 3726 1342 3770 et
1383 3715 1533 3785 prius
1589 3714 1714 3768 lotis

147 3810 368 3867 manibus
397 3814 702 3868 sacristiam
743 3814 992 3879 intrant,
1048 3828 1112 3868 ac
1160 3811 1298 3867 albis
1325 3810 1628 3866 vestiuntur
1657 3817 1712 3864 et

142 3901 329 3970 cappis,
361 3913 415 3958 et
443 3903 536 3959 illo
578 3904 849 3960 versiculo
896 3903 1104 3957 Domini
1142 3911 1216 3957 est
1258 3901 1401 3957 salus
1426 3902 1710 3972 imposito,

141 3989 340 4048 chorum
373 3995 600 4061 intrant,
621 4012 687 4052 eo
718 3996 898 4064 modo,
929 4005 988 4050 ut
1009 3995 1229 4050 altiores
1257 3995 1308 4048 in
1337 4009 1496 4048 sacro
1522 3993 1712 4048 ordine

147 4085 308 4150 medii,
341 4087 631 4144 inferiores
681 4089 747 4143 ad
795 4089 1017 4160 gradum
1072 4087 1374 4142 consistant
1429 4085 1619 4151 ultimi,
1657 4094 1712 4139 et

141 4182 512 4257 unusquisque,
545 4181 590 4237 si
625 4181 738 4236 fieri
770 4191 969 4251 potest,
1009 4181 1061 4235 in
1084 4189 1237 4250 parte
1260 4179 1343 4234 sui
1372 4179 1546 4234 ehori.
1571 4177 1706 4232 Nam

129 4270 228 4344 etsi
248 4287 430 4330 omnes
455 4275 523 4331 de
559 4291 668 4330 uno
693 4275 859 4330 choro
887 4275 1018 4339 sint,
1049 4274 1192 4329 hunc
1234 4281 1416 4328 tamen
1463 4275 1706 4328 ordinem

141 4360 368 4422 intrando
407 4367 793 4424 observabuut.
835 4367 1038 4423 Deinde
1077 4365 1538 4430 eonsuetudinali,
1567 4365 1709 4420 sicut

139 4456 454 4539 prtemissnm
482 4467 589 4524 est,
638 4457 990 4512 inclinatione
1017 4453 1308 4526 completa,
1337 4453 1705 4509 invitatorium

1819 1971 2006 2041 ginum
2065 1974 2444 2045 principalium
2520 1976 2832 2032 festivitate.
2887 1980 2906 1997 ‘
2955 1976 3415 2048 Quotiescumque

1821 2068 2030 2130 tempus
2061 2073 2116 2117 et
2143 2062 2317 2118 locum
2353 2073 2526 2133 potest
2557 2065 2788 2130 habere,
2823 2066 2947 2122 licet
2969 2067 3017 2120 ei
3047 2068 3256 2122 sedere.
3291 2069 3411 2125 Cte-

1817 2153 1952 2207 teris
1979 2153 2122 2210 inter
2143 2155 2472 2210 cantandu-m
2519 2172 2577 2212 se
2607 2157 3020 2223 inclinantibus,
3055 2159 3170 2229 ipse
3195 2175 3413 2231 quoque

1817 2243 2072 2312 inclinat;
2122 2256 2350 2314 excepto
2393 2246 2608 2317 quando
2663 2233 2892 2302 Simonis
2941 2259 3229 2316 cantatur,
3282 2258 3412 2306 tunc

1814 2335 1959 2389 enim
1989 2346 2097 2392 stat
2138 2348 2375 2394 erectus.
2404 2337 2697 2409 Postquam
2729 2340 2894 2395 etiam
2926 2340 3206 2398 Dominica
3231 2344 3410 2397 oratio

1816 2424 1964 2480 ﬁnita
1995 2426 2196 2493 fuerit,
2234 2429 2420 2484 statim
2449 2443 2506 2484 se
2530 2429 2708 2500 erigit.
2746 2429 2828 2484 Ad
2860 2429 3114 2486 collectas
3143 2446 3268 2486 vero
3292 2432 3375 2502 pri
3397 2462 3410 2475 -

1816 2533 1933 2574 mas
1961 2527 2016 2574 et
2045 2519 2262 2576 ultimas
2281 2528 2336 2576 et
2357 2522 2422 2575 ad
2447 2505 2688 2576 secretas
2717 2536 2812 2591 per
2845 2529 3014 2576 totum
3045 2521 3257 2577 inclinis
3283 2524 3406 2577 erit.

1814 2607 1991 2664 Finita
2041 2611 2231 2678 missa,
2265 2629 2296 2668 a
2335 2613 2453 2669 loco
2499 2629 2596 2668 suo
2640 2628 2746 2668 non
2794 2614 3042 2680 discedit,
3093 2615 3407 2686 priusquam

1816 2716 2017 2757 mensae
2042 2702 2210 2759 lector
2231 2704 2662 2761 benedictionem
2705 2706 2995 2776 acceperit.
3032 2707 3143 2776 (eo.
3185 2706 3323 2779 var.)
3351 2707 3406 2762 In

1815 2793 2099 2851 du'odecim
2136 2796 2461 2854 lectionibus
2501 2799 2567 2852 ad
2599 2806 2924 2853 nocturnum
2954 2807 3009 2854 et
3047 2799 3404 2861 matutinum.

1814 2887 2139 2958 antiphonas
2169 2891 2237 2944 ad
2272 2906 2408 2960 quas
2456 2899 2670 2965 optatus
2710 2898 2813 2958 est,
2870 2878 3128 2960 imponit;
3180 2891 3231 2945 in
3285 2891 3406 2946 aliis

1816 2981 2063 3037 noctibus
2107 2997 2333 3053 qumque
2395 2983 2446 3038 in
2503 2999 2602 3039 suo
2649 2983 2816 3040 choro
2863 2983 3200 3054 imponenda:
3248 2991 3402 3048 sunt,

1815 3071 1882 3126 ab
1932 3072 2047 3142 ipso
2102 3074 2468 3146 imponuntur,
2500 3084 2608 3129 tam
2663 3075 2716 3130 in
2762 3074 3010 3144 sequenti
3068 3073 3407 3130 hebdomada

1813 3179 1974 3235 quam
2009 3165 2060 3220 in
2093 3169 2366 3236 prtesenti.
2397 3168 2757 3224 Nihilominus
2790 3169 2856 3222 ad
2901 3169 3062 3224 horas
3101 3184 3290 3225 omnes
3321 3185 3407 3224 re-

1822 3257 2046 3326 gulares
2075 3259 2304 3330 imponit
2327 3261 2684 3330 antiphouas.
2714 3270 2910 3331 praeter
2931 3261 2998 3315 ad
3025 3276 3314 3330 vesperos,
3340 3259 3408 3315 ad

1819 3369 1956 3424 quos
1997 3369 2102 3410 non
2134 3353 2364 3422 imponit
2398 3353 2452 3406 in
2486 3352 2575 3406 tali
2611 3351 2927 3418 festivitate,
2973 3355 3025 3408 in
3057 3371 3161 3424 qua
3195 3355 3406 3426 singula

1819 3444 2160 3514 rcsponsoria
2188 3459 2217 3496 a
2247 3443 2456 3498 duobus
2487 3451 2774 3497 cantantur
2799 3462 2811 3497 :
2841 3459 2963 3497 nam
3011 3453 3138 3499 tunc
3175 3445 3406 3513 primam

1819 3542 2031 3589 tantttm
2063 3534 2322 3602 imponit.
2371 3533 2608 3604 reliquas
2653 3535 2920 3588 armarius
2960 3535 3153 3604 quibus
3189 3536 3287 3591 sibi
3327 3537 3406 3590 vi~

1817 3626 1978 3681 detur
1999 3626 2350 3698 imponendas
2372 3625 2620 3694 iujungit.
2650 3628 2666 3646 ⁶
2699 3625 2754 3680 Si
2783 3627 2902 3681 talis
2929 3626 3194 3683 festivitas
3221 3643 3405 3698 super-

1816 3717 2051 3783 venerit,
2079 3717 2132 3770 in
2163 3733 2269 3788 qua
2297 3731 2404 3770 una
2436 3717 2731 3787 antiphoua
2761 3719 3000 3772 canenda
3039 3719 3102 3774 sit
3129 3735 3301 3789 super
3334 3719 3406 3774 fer

1818 3806 1978 3862 riales
2006 3807 2243 3878 psalmos
2286 3810 2337 3862 in
2373 3806 2539 3879 priori
2572 3822 2820 3878 vespera,
2867 3808 2968 3862 hac
3020 3809 3181 3862 etiam
3221 3809 3286 3862 ab
3314 3808 3405 3863 he-

1814 3899 2166 3954 bdomadario
2212 3899 2526 3969 imponitur.
2577 3897 2840 3953 Similiter
2896 3913 3109 3968 quoque
3170 3898 3405 3967 primum

1813 3993 2068 4062 quodque
2108 3987 2509 4063 responsuriqu
2557 4005 2664 4045 tam
2705 3991 2870 4046 breve
2921 4007 3082 4060 quam
3152 3989 3404 4060 longum,

1812 4085 1957 4154 quod
1985 4084 2051 4139 ad
2074 4085 2400 4140 matutinum
2433 4084 2549 4138 sive
2573 4085 2638 4138 ad
2668 4097 2923 4152 vesperos
2949 4091 3033 4136 est
3055 4083 3403 4143 cantandum.

1815 4176 1928 4245 ipse
1957 4185 2174 4241 cantat,
2220 4192 2319 4232 nec
2349 4185 2476 4231 tunc
2501 4175 2612 4244 ipse
2657 4174 2904 4228 subrahit
2930 4188 3010 4238 se,
3039 4189 3160 4228 cum
3214 4173 3319 4226 duo
3351 4174 3402 4227 id
3493 4200 3506 4216 ο

1810 4268 1894 4321 vel
1917 4268 2094 4337 plures
2106 4269 2422 4322 cantabunt.
2443 4267 2650 4320 Litania
2677 4265 2893 4319 missam
2917 4265 3263 4329 antecedens,
3285 4278 3401 4332 quoa

1811 4360 1876 4414 ad
1903 4360 2304 4429 processionem
2335 4359 2548 4413 canitur
2578 4371 2919 4428 nequaquam
2973 4356 3041 4410 ab
3067 4370 3133 4411 eo
3166 4355 3256 4425 qui
3303 4354 3400 4409 fuit

1812 4457 2099 4505 transacta:
2128 4448 2497 4513 hebdomadte,
2526 4446 2618 4501 sed
2647 4445 2825 4516 potius
2872 4445 2940 4500 ab
2966 4445 3051 4500 his
3089 4445 3286 4515 quibus
3311 4459 3388 4498 ar-

140 4535 393 4615 ntoderate
427 4550 717 4619 incipiunt,
738 4559 793 4605 et
815 4549 973 4606 simul
999 4549 1230 4618 primum
1259 4561 1476 4602 versum
1509 4546 1584 4615 hi,
1614 4546 1704 4615 qui
1742 4556 1782 4611 ῐ)
1813 4543 2016 4598 marius
2063 4543 2258 4596 librum
2287 4541 2535 4612 porrigit,
2570 4538 2884 4611 prteeinitur
2907 4556 2922 4594 :
2949 4538 3042 4610 qui
3089 4538 3400 4608 aliquantu-

139 4635 185 4689 in
212 4639 427 4696 dextera
470 4651 627 4712 parte
674 4650 842 4706 stant,
867 4646 1209 4710 pereantant,
1238 4653 1302 4692 ac
1337 4637 1590 4708 deinceps
1629 4645 1707 4691 to-

138 4734 234 4782 tum
279 4731 546 4800 psalmum
599 4731 946 4796 alternatim,
992 4731 1289 4785 secundum
1322 4744 1511 4792 unum,
1544 4736 1599 4782 et
1625 4743 1709 4782 sc-

137 4819 349 4875 cundum
374 4823 606 4878 alterum
638 4837 854 4877 versum
881 4829 1163 4877 cantantes
1187 4833 1357 4890 usque
1385 4817 1704 4883 Sicut'erat;

131 4905 197 4991 ibi
224 4925 408 4970 omnes
434 4913 596 4970 simul
625 4922 848 4970 cantare
872 4913 1094 4968 debent.
1124 4911 1264 4965 Ante
1284 4925 1501 4965 versqu
1530 4909 1702 4974 illum,

136 4993 290 5054 Hodie
309 5003 352 5057 si
375 4993 572 5070 vocem,
611 5004 1007 5071 invitatoriam,
1039 5004 1083 5059 si
1109 5018 1244 5074 opus
1276 4999 1472 5068 fuerit,
1508 5001 1577 5056 ab
1617 5016 1706 5055 ar-

137 5094 289 5150 mario
317 5091 479 5154 altius
503 5107 589 5153 est
611 5099 1014 5168 imponendum.

196 5183 319 5255 Sed,
355 5201 414 5243 ut
447 5177 666 5245 redeam
697 5193 764 5244 ad
803 5187 1306 5254 hebdomadarium,
1351 5187 1467 5258 ipse
1493 5202 1590 5257 per
1625 5196 1705 5241 to,

135 5283 226 5331 tam
267 5281 660 5336 hebdomadam
701 5282 932 5336 cilicium
981 5280 1202 5348 majoris
1256 5279 1435 5334 missa:
1478 5280 1706 5350 imponit

132 5379 310 5436 praeter
333 5385 552 5425 versum
592 5370 874 5439 offertorii,
905 5372 970 5425 de
996 5371 1191 5441 quibus
1239 5369 1576 5438 imponendis
1614 5384 1704 5422 ar-

192 5537 332 5612 (106)
363 5541 480 5597 llue
510 5544 744 5612 pertinet
778 5545 918 5615 quod
955 5545 1290 5600 Trithemius
1317 5543 1524 5615 Chron.
1575 5544 1702 5599 Hir-

131 5623 269 5690 sa_ug.
302 5627 425 5690 pag.
599 5614 882 5690 destinem
906 5616 1196 5690 Wilhelmo
1227 5616 1429 5690 habet;
1464 5614 1700 5690 Instituit

127 5685 272 5734 etiam
327 5685 408 5736 uir
464 5685 557 5739 Dei
617 5685 927 5740 Wilheimus
982 5687 1214 5753 exemplo
1277 5686 1698 5740 Cluniacensium

129 5754 538 5826 consuetudinem
584 5755 906 5823 oblatarum,
939 5773 1066 5826 quos
1117 5772 1327 5810 manere
1377 5759 1430 5808 in
1479 5757 1700 5826 pristino

129 5819 293 5878 habitu
317 5842 478 5881 sacra
501 5827 870 5882 constitutione
893 5819 1129 5897 permisit
1166 5843 1179 5878 :
1212 5842 1434 5894 quorum
1467 5819 1698 5879 ministe-

1811 4633 1919 4688 lum
1955 4643 2250 4704 antequam
2285 4633 2502 4687 ﬁniatur
2526 4631 2703 4686 oratio
2727 4629 2843 4694 illa,
2887 4630 3024 4686 Deus
3055 4629 3204 4700 cujus
3242 4631 3372 4685 miae

1810 4729 2054 4796 ratione,
2087 4729 2154 4783 ad
2203 4727 2428 4799 gradum
2480 4726 2820 4798 procedunt,
2868 4734 2924 4780 et
2963 4725 3286 4781 inclinantes
3341 4739 3396 4779 se

1807 4826 2019 4874 tantum
2051 4819 2118 4875 ad
2148 4819 2336 4885 altare,
2365 4818 2547 4874 statim
2576 4816 2728 4872 ﬁnita
2752 4817 3016 4879 oratione,
3050 4815 3292 4870 litaniam
3323 4814 3391 4870 in.

1807 4911 2347 4984 cipiunt..Pra:dietus
2367 4919 2546 4964 autem
2568 4905 3048 4988 hebdomadarius,
3072 4905 3313 4974 quotidie
3332 4906 3396 4957 ad

1808 5002 2070 5071 majorem
2126 5002 2369 5066 missam,
2402 5000 2529 5054 licet.
2575 4999 2642 5052 de
2691 4998 2914 5054 sinistro
2943 4998 3111 5054 choro
3155 4996 3258 5060 sit,
3301 4995 3394 5049 sed

1807 5095 2023 5165 quando
2065 5109 2236 5166 eappa
2270 5095 2498 5149 amictus
2536 5092 2754 5162 incipit,
2803 5091 2992 5146 dexter
3021 5089 3219 5142 chorus
3247 5086 3391 5139 illum

1807 5184 2051 5256 adjuvat.
2081 5187 2308 5254 Quando
2334 5195 2514 5242 autem
2558 5199 2752 5240 omnes
2793 5196 2981 5237 sumus
3018 5180 3154 5234 albis
3184 5177 3386 5242 induti,

1807 5294 1914 5336 non
1945 5279 2012 5334 ad
2037 5293 2184 5348 eum,
2213 5279 2306 5336 sed
2332 5279 2399 5334 ad
2431 5277 2723 5332 armarium
2753 5274 2987 5345 pertinet
3011 5270 3190 5326 missae
3221 5267 3390 5337 majo.

1806 5373 1884 5428 ris
1911 5372 2166 5428 ofﬁcium.

1806 5550 1884 5602 rio
1917 5550 1970 5602 in
1992 5548 2169 5601 multis
2199 5547 2274 5600 uti
2302 5543 2687 5599 rationabiliter
2712 5539 2992 5603 consuevit,
3023 5538 3075 5590 in
3106 5536 3190 5591 Itis
3218 5535 3363 5590 maxi

1805 5636 1904 5683 me,
1937 5635 2052 5689 qua:
2077 5623 2131 5672 in
2153 5617 2322 5689 medio
2343 5614 2698 5689 sa'cularium,
2726 5629 2824 5681 quo
2844 5609 3102 5689 [inritatos
3131 5607 3385 5689 (Conver-

1805 5679 1914 5754 sos')
1949 5679 2176 5752 'mittere,
2225 5688 2298 5742 vel
2344 5685 2626 5740 monachos
2683 5679 2785 5737 non
2837 5679 3052 5744 licebat,
3089 5679 3386 5748 peragana

1804 5761 2128 5815 videbantur.
2159 5757 2392 5813 Cottsule
2424 5756 2524 5811 loc.
2559 5755 2652 5808 cit.
