3890 6314
502 347 640 412 1007

1042 464 1271 523 CAPUT
1306 464 1518 521 LXXIX
1532 503 1545 519 .

599 560 676 616 De
698 577 757 616 eo
789 559 879 631 qui
910 569 1119 615 notatus
1149 569 1221 614 est
1256 560 1324 613 ad
1357 560 1579 628 primani
1609 558 1971 627 antiphonam.

460 690 467 695 -
559 653 705 728 (ου.)
736 652 886 719 Quod
911 653 954 707 si
988 652 1444 707 hchdomadarius
1467 666 1572 707 non
1604 659 1708 716 est,
1731 659 1784 706 et
1811 660 1988 710 tamen
2017 653 2084 708 ad

490 736 729 819 aliquam
762 755 1155 801 nocturnorum
1204 744 1556 814 antiphonam
1583 752 1668 799 est
1692 750 1927 810 notatus,
1960 760 2081 799 cum

487 840 807 912 imposuerit
834 855 952 893 eam
982 838 1135 892 linito
1163 837 1339 908 primo
1369 852 1527 893 versu
1559 837 1756 893 Psalmi
1787 837 1917 894 facit
1946 847 2080 893 ante

482 942 542 987 et
564 940 733 997 retro,
766 931 867 985 nisi
898 939 1085 985 contra
1112 929 1286 984 altare
1314 930 1385 984 sit
1413 947 1427 983 :
1454 945 1579 984 nam
1613 930 1686 984 illi
1714 945 1924 996 omnes,
1953 928 2079 999 ‘qui

486 1024 539 1078 in
568 1039 632 1079 eo
663 1023 832 1079 latere
856 1031 1021 1088 stant,
1048 1022 1138 1076 ubi
1172 1030 1255 1077 est
1281 1023 1440 1077 sedes
1462 1022 1644 1077 domni
1675 1022 1908 1088 abbatis,
1946 1031 2073 1078 tunc

485 1123 696 1170 tantum
728 1115 780 1168 in
808 1114 1077 1168 anteriora
1122 1112 1405 1167 inclinant.
1443 1111 1596 1179 Quod
1629 1113 1672 1167 si
1704 1128 1825 1168 eam
1849 1114 2074 1169 omnino

483 1205 804 1278 neglexerit,
846 1205 921 1259 ita
956 1214 1014 1259 ut
1056 1208 1125 1260 ab
1168 1204 1273 1259 alio
1329 1205 1681 1275 incipiantur,
1724 1213 1946 1276 propter
1980 1205 2082 1261 hoc

483 1315 584 1355 nec
609 1299 704 1366 ibi,
730 1315 827 1354 nec
855 1308 1042 1369 postea
1073 1299 1123 1351 in
1150 1296 1388 1368 capitulo
1423 1298 1635 1352 veniam
1668 1306 1837 1368 petet,
1862 1298 1963 1352 nisi
1995 1297 2081 1351 in-

482 1388 746 1444 clamatus
776 1387 962 1442 luerit.
999 1387 1055 1442 Si
1115 1395 1296 1441 autem
1339 1387 1649 1458 incipiendo
1687 1403 1808 1443 eam
1855 1387 2079 1454 fallitur,

481 1483 665 1538 statim
692 1482 903 1536 veniam
932 1481 1092 1553 petit,
1123 1483 1437 1551 priusquam
1466 1497 1523 1536 se
1548 1481 1805 1547 inclinet;
1833 1482 1876 1537 si
1892 1490 2079 1561 tamen

482 1578 535 1631 in
560 1575 727 1631 verbo
751 1574 978 1630 fallitur.
995 1573 1130 1629 Nam
1154 1584 1375 1645 propter
1388 1573 1622 1630 Neumas
1639 1575 1785 1647 (107)
1811 1590 1971 1630 nemo
1991 1591 2083 1631 ve-

481 1667 625 1719 niam
651 1664 944 1737 petit,quia
974 1666 1077 1720 hoc
1099 1679 1199 1718 nec
1222 1676 1445 1720 sanctus
1468 1665 1789 1721 Benedictus
1804 1665 2078 1737 praecepit.

1036 1755 1264 1812 CAPUT
1302 1755 1517 1811 LXXX.

677 1846 755 1901 De
782 1862 842 1901 eo
866 1848 955 1918 qui
983 1858 1196 1902 notatur
1226 1849 1295 1903 ad
1324 1848 1555 1919 aliquam
1580 1848 1873 1906 lectionem.

610 1937 670 1995 Si
714 1939 781 1993 ad
825 1938 1111 2005 lectionem
1145 1951 1235 1997 est
1286 1950 1524 2009 notatus,
1574 1952 1866 2013 antequam
1905 1943 2069 2015 legat,

477 2031 702 2087 veniens
737 2035 805 2088 ad
840 2034 1067 2104 gradum
1102 2033 1232 2088 l‘acit
1262 2043 1391 2090 ante
1437 2043 1493 2091 et
1538 2044 1705 2099 retro,
1736 2044 1793 2090 et
1835 2036 1959 2092 inde
2003 2037 2071 2093 ad

478 2124 784 2198 analogium
825 2126 1051 2180 multum
1087 2125 1304 2181 inclinis
1347 2127 1559 2181 accedit
1594 2136 1649 2181 et
1681 2128 1924 2195 recedit;
1965 2128 2068 2184 nisi

476 2231 541 2272 ea
570 2217 714 2284 vice,
749 2219 965 2288 quando
989 2225 1288 2273 conventus
1327 2218 1567 2273 nondum
1600 2220 1879 2287 consedit;
1909 2220 1954 2275 si
1985 2228 2069 2275 ta-

478 2322 601 2362 men
637 2308 946 2380 analoginm
981 2308 1055 2362 ita
1087 2316 1172 2363 est
1195 2308 1454 2377 positum,
1486 2318 1540 2363 ut
1572 2310 1811 2365 lecturus
1836 2310 2070 2366 transire

476 2400 675 2456 debeat
723 2416 820 2471 per
860 2410 1210 2456 conventum.
1253 2401 1390 2474 (ιω.)
1426 2401 1720 2472 Postquam
1755 2402 2063 2473 perlegerit,

475 2504 668 2548 rurStts
706 2493 774 2548 ad
815 2493 1043 2563 gradum
1087 2508 1193 2546 non
1239 2492 1413 2548 solum
1460 2503 1588 2550 ante
1628 2505 1684 2550 et
1724 2503 1875 2550 retro
1902 2495 2065 2562 facit,

479 2582 574 2637 sed
612 2583 778 2637 etiam
818 2582 966 2636 illam
993 2582 1207 2637 veniam
1246 2598 1408 2653 super
1441 2600 1638 2641 manus
1663 2596 1720 2640 et
1744 2599 1917 2654 genua
1943 2601 2067 2656 pre.

474 2675 665 2729 mittit.
694 2675 860 2748 (ναν.)
893 2676 932 2728 Α
967 2689 1075 2744 quo
1099 2675 1265 2731 etiam
1297 2678 1593 2732 notandum
1624 2678 1727 2734 hoc
1751 2679 1920 2735 moris
1944 2696 2066 2736 esse

475 2767 669 2833 nostri,
709 2775 771 2822 ut
813 2781 878 2822 eo
926 2778 1189 2836 tempore,
1230 2781 1338 2835 quo
1386 2768 1667 2837 propheta:
1709 2752 1978 2841 leguntur.
2008 2769 2062 2824 in

473 2854 728 2921 ecclesia,
775 2855 941 2912 lcetio
984 2855 1302 2927 prophetico
1336 2856 1626 2927 incipiens,
1665 2859 1758 2913 sed
1800 2858 2061 2915 historice

473 2945 692 3011 liniens,
741 2960 865 3002 cum
915 2946 993 2999 Tu
1037 2956 1255 2999 autem:
1302 2947 1565 3001 historice
1609 2961 1740 3003 vero
1772 2947 2057 3017 incipiens,

475 3038 570 3092 sed
596 3039 917 3109 prophetice
949 3040 1162 3104 tiniens,
1199 3054 1319 3093 cum
1349 3036 1479 3091 Haec
1502 3037 1629 3091 dicit
1658 3038 1913 3093 Dominus
1945 3047 2058 3093 ter-

476 3129 751 3195 minatur;
777 3131 792 3149 ‘
814 3129 892 3183 Tu
916 3141 1089 3184 autem
1112 3129 1275 3185 etiam
1300 3129 1497 3185 dicitur
1513 3131 1578 3185 ad
1604 3130 1762 3186 linem
1798 3131 2056 3202 cujusque

476 3221 676 3278 codicis
706 3223 1095 3295 prophetarum
1122 3222 1366 3293 pcrlccti.

1006 3312 1234 3369 CAPUT
1270 3310 1509 3367 LXXXI.

622 3403 696 3457 De
730 3421 789 3459 eo
814 3404 903 3475 qui
930 3414 1145 3457 notatur
1168 3404 1237 3459 ad
1261 3403 1477 3473 aliquod
1512 3404 1914 3473 responsorium.

544 3495 637 3565 (eo
666 3496 684 3565 )
715 3495 868 3563 Quod
898 3495 942 3551 si
966 3496 1030 3550 ad
1056 3495 1458 3565 responsorium
1484 3505 1723 3559 notatur,
1743 3494 1829 3549 hic
1845 3495 2061 3565 quidem

472 3588 750 3643 moderate
799 3587 1045 3655 inclinat,
1076 3598 1131 3643 et
1162 3596 1453 3657 antequam
1497 3585 1738 3656 imponat
1786 3596 1843 3641 et
1872 3597 2063 3657 postea

476 3679 629 3733 linito
663 3692 821 3734 versu
861 3678 947 3733 vel
978 3676 1159 3733 Gloria
1205 3677 1383 3743 Patri,
1420 3677 1489 3748 (si
1525 3678 1628 3732 huc
1651 3687 1735 3733 est
1768 3679 2064 3748 adjungeno

474 3771 627 3840 dum)
673 3770 800 3826 facit
828 3779 885 3825 et
920 3770 995 3825 ibi
1039 3782 1167 3826 ante
1202 3780 1257 3825 et
1300 3778 1469 3834 retro,
1503 3777 1558 3823 et
1584 3778 1706 3839 post
1747 3784 1963 3824 versum
1994 3770 2062 3824 ad

474 3862 621 3918 aliud
663 3871 992 3918 momentum
1039 3862 1296 3918 inclinem
1326 3878 1385 3919 se
1416 3859 1706 3917 submittit.
1753 3862 1822 3916 Et
1850 3863 1896 3916 si
1935 3878 2059 3919 cum

474 3954 587 4010 alio
615 3964 697 4010 est
725 3965 1066 4023 conlaturus,
1096 3956 1161 4009 ad
1193 3959 1421 4025 gradum
1447 3955 1713 4011 cantabit.

1001 4046 1232 4105 CAPUT
1272 4045 1530 4102 LXXXII.

845 4142 923 4197 De
956 4142 1225 4197 sacerdote
1260 4139 1691 4196 hebdomadario.

541 4235 678 4307 (uo.)
704 4235 860 4304 Quod
882 4236 926 4292 si
951 4236 1188 4306 scriptus
1209 4243 1312 4299 est,
1328 4243 1389 4289 ut
1403 4232 1709 4290 sacerdotio
1730 4231 1985 4303 fungatur
2004 4239 2059 4288 et

469 4327 523 4381 in
547 4329 800 4397 praesenti
840 4328 1141 4397 septimana
1170 4326 1430 4397 majorem
1464 4325 1686 4381 missam
1729 4324 2056 4389 cantavcrit,

467 4419 631 4473 etiam
679 4422 927 4491 sequenti
957 4421 1221 4475 matutino
1263 4418 1508 4474 cantabit
1550 4417 1809 4488 aliquam,
1844 4417 1964 4472 sive
2001 4417 2053 4470 in

466 4514 818 4581 monasterio,
862 4514 977 4569 sive
1024 4512 1091 4568 ad
1122 4512 1182 4568 S.
1230 4512 1456 4567 Mariam
1502 4509 1790 4567 cantanda.
1830 4509 1899 4564 In
1938 4509 2055 4580 ipso

424 4607 693 4659 "accessu
742 4604 1005 4659 diaconus
1062 4611 1120 4658 et
1174 4603 1540 4659 subdiaconus
1587 4602 1813 4657 linteum
1862 4600 2053 4655 altaris

466 4695 759 4765 explicant,
806 4697 1060 4765 itemque,
1085 4695 1240 4750 ﬁnita
1258 4696 1446 4761 missa,
1477 4694 1820 4765 complicant.
1854 4709 1945 4751 un.
1978 4694 2055 4749 De

465 4788 551 4845 bis
584 4796 789 4853 autem,
823 4803 944 4858 quae
979 4788 1238 4843 sacerdos
1282 4787 1526 4843 dicturus
1572 4793 1687 4850 est,
1731 4799 1838 4840 non
1881 4797 2053 4855 pauca

463 4881 630 4939 corde
678 4891 833 4937 tenus
869 4880 1013 4937 scire
1042 4880 1233 4945 debet,
1260 4881 1494 4951 primum
1544 4889 1655 4934 tres
1699 4876 1956 4935 collectas
1985 4877 2053 4934 ad

462 4986 681 5032 cantum
730 4975 1043 5046 quindecim
1072 4976 1336 5047 graduum
1366 4984 1492 5030 ante
1516 4984 1830 5041 nocturnos,
1861 4972 1973 5041 vel,
2005 4971 2050 5028 si

460 5069 765 5140 psalmodia
799 5068 1143 5139 protenditur
1167 5082 1338 5137 usque
1365 5067 1431 5122 ad
1458 5066 1619 5122 tinem
1648 5065 1912 5137 psalterii,
1940 5064 2052 5122 col-

459 5166 632 5222 lectas
676 5165 742 5221 ad
780 5163 1039 5236 suﬂ‘ragia
1069 5170 1408 5228 sanctorum,
1433 5161 1689 5218 collectas
1717 5161 1785 5217 ad
1815 5158 2048 5216 cilicium

459 5277 559 5331 pro
600 5259 851 5316 ﬁdelibus
894 5258 1185 5324 deuinctis,
1253 5257 1516 5311 collectas
1562 5256 1629 5311 ad
1671 5254 1909 5325 psalmos
1952 5266 2053 5323 pro

458 5350 844 5417 familiaribus,
871 5350 1128 5407 collectas
1152 5349 1218 5403 ad
1247 5347 1604 5418 psalmodiam
1635 5346 1778 5399 Deus
1808 5343 2048 5409 auribus,

458 5455 678 5497 cursum
719 5441 786 5495 ad
825 5455 1090 5495 rasuram.
1128 5441 1145 5461 ‘
1170 5436 1314 5493 Usus
1349 5449 1571 5506 quoque
1608 5441 1825 5489 nostros
1868 5429 2051 5486 multi-

459 5529 600 5587 farie
647 5533 789 5589 scire
834 5532 1014 5599 debet,
1051 5530 1289 5586 maxime
1332 5528 1386 5583 in
1419 5525 1663 5583 collectis
1704 5522 1949 5579 dicendis
1994 5530 2047 5578 et

459 5622 800 5687 ordinandis,
825 5639 916 5678 un.
946 5623 1082 5677 utin
1112 5629 1387 5677 conventu
1434 5618 1571 5673 nihil
1611 5630 1852 5685 unquam
1878 5614 2044 5679 dicat,

460 5715 603 5783 quod
627 5716 696 5770 ab
718 5729 820 5768 usu
843 5714 949 5769 ullo
974 5715 1132 5770 modo
1157 5713 1436 5769 dissideat.
1461 5711 1620 5767 Scire
1660 5718 1841 5765 autem
1862 5708 2042 5774 debet,

532 5822 846 5887 (lO'lMlide
871 5838 954 5887 ea,
987 5839 1108 5890 quae
1136 5824 1201 5879 de
1230 5822 1646 5896 Ncumis_supra
1678 5823 1926 5881 diximus.

1524 352 1527 355 ⁷
1603 351 1661 406 S.
1691 348 2063 408 GUILLELMI
2096 349 2386 409 ABBATIS
2417 348 2751 411 HIRSAUG.

3643 358 3763 422 ιοω

2116 468 2162 524 Α
2189 469 2332 539 quod
2364 469 2408 524 si
2447 470 2740 541 aliquando
2782 479 2905 542 post
2949 472 3249 533 familiares
3296 475 3539 547 psalmos
3583 477 3763 552 aliquid

2189 562 2438 633 sequitur
2485 564 2869 633 continuatim,
2918 566 3017 622 ‘ut
3066 579 3151 623 est
3193 567 3434 624 oﬂicium
3482 568 3572 624 vel
3622 566 3765 632 missa

2188 656 2586 718 defunctorum.
2628 657 2907 728 processio
2946 659 3031 714 vel
3074 660 3286 727 litania,
3322 677 3430 717 non
3460 662 3662 718 dicitur
3682 664 3764 719 Be-

2187 749 2490 803 nedicamus
2527 747 2771 804 Domino.
2799 750 2859 807 Si
2888 751 3012 823 quis
3026 768 3137 825 prae
3156 753 3568 819 senectute,vel
3589 754 3765 826 ingenii

2189 839 2445 895 tarditate
2475 840 2790 912 praescripta
2823 856 2929 897 non
2978 852 3158 914 potest
3190 846 3514 901 memoriter
3548 846 3762 905 discere.

2186 930 2334 987 nullo
2366 932 2525 1005 modo
2554 933 2605 988 ei
2633 935 2954 989 conceditur
2983 935 3283 1007 quidquam
3316 938 3517 992 borum
3566 937 3621 991 iu
3653 953 3761 992 eoa-

2188 1032 2349 1078 ventu
2387 1035 2576 1079 contra
2609 1025 2853 1081 ordinem
2902 1025 3104 1083 facere.
3142 1027 3281 1101 (uo.)
3318 1028 3420 1084 Cui
3448 1037 3654 1095 autem,
3678 1029 3762 1086 hoc

2182 1115 2435 1187 exigente
2488 1118 2903 1185 convenientia,
2961 1120 3321 1186 conceditur,
3384 1121 3762 1191 quantumlibet

2184 1206 2386 1262 sciolus
2425 1207 2528 1262 sibi
2560 1206 2630 1263 de
2656 1207 2912 1263 omnibus
2952 1209 3224 1273 videatur,
3254 1216 3443 1264 tamen
3478 1224 3593 1265 non
3625 1210 3759 1266 debet

2183 1298 2475 1369 dedignare
2518 1298 2856 1369 frequenter,
2906 1300 3047 1355 sicut
3093 1310 3150 1355 et
3194 1300 3381 1356 caeteri
3426 1314 3647 1365 omnes,
3672 1301 3759 1371 "qui

2184 1390 2251 1444 ad
2280 1390 2497 1458 aliquod
2536 1390 2777 1445 divinant
2809 1390 3045 1446 ollicium
3077 1400 3205 1448 sunt
3233 1393 3525 1462 praenotati
3569 1393 3633 1448 de
3657 1394 3756 1462 qui-

2181 1482 2283 1537 bus
2325 1481 2518 1536 incerti
2565 1489 2729 1546 sunt,
2763 1483 3060 1538 armarium
3102 1483 3473 1555 interrogare.
3524 1487 3543 1505 °
3574 1482 3629 1539 Si
3656 1482 3759 1540 inde

2182 1571 2359 1627 locum
2390 1571 2576 1637 habet,
2609 1571 2677 1625 ad
2700 1570 2933 1627 formam
2957 1572 3045 1627 vel
3075 1572 3130 1627 in
3157 1573 3513 1629 extremitate
3535 1572 3757 1644 parietis,

2180 1678 2277 1733 per
2308 1662 2452 1719 illam
2481 1666 2876 1722 hebdomadam
2902 1664 3118 1735 quando
3155 1674 3383 1722 notatur
3423 1666 3496 1721 ad
3522 1666 3745 1731 missam,

2181 1754 2334 1810 locus
2366 1755 2413 1810 ei
2442 1769 2736 1826 parumper
2763 1753 2927 1809 altior
2951 1754 3017 1809 ad
3046 1754 3312 1823 parietem
3354 1763 3443 1809 est
3472 1756 3755 1812 conceden-

2103 1830 2147 1888 Β
2177 1850 2277 1904 dus
2313 1856 2536 1919 propter
2564 1848 2926 1904 reverentiam
2964 1845 3189 1916 iniuncti
3239 1846 3346 1904 sibi
3379 1846 3571 1916 cilicii,
3616 1856 3666 1905 et
3706 1858 3755 1903 ut

2174 1949 2548 2012 competenter
2591 1958 2622 1997 a
2670 1949 2939 1997 conventu
2995 1939 3170 2011 possit
3214 1940 3422 1995 audiri.
3469 1939 3572 2008 Qui
3613 1940 3755 1997 etiam

2174 2037 2469 2091 observare
2499 2034 2662 2091 debet
2705 2041 2767 2090 ut
2809 2034 3010 2089 nullam
3064 2034 3259 2090 horam
3301 2034 3554 2099 inchoet,
3592 2035 3753 2104 prius-

2172 2142 2336 2198 quam
2362 2128 2588 2199 signum
2624 2126 2951 2182 dimittatur.
2997 2125 3223 2193 Quoties
3253 2134 3448 2181 autem
3494 2124 3753 2182 duodecim

2172 2219 2309 2274 ﬁunt
2336 2219 2600 2275 lectiones
2628 2219 2773 2275 inter
2803 2228 3025 2274 cantum
3060 2217 3142 2274 vel
3180 2218 3371 2288 prius.
3422 2218 3471 2274 si
3522 2216 3752 2281 voluerit.

2171 2310 2239 2364 ad
2274 2307 2600 2364 lavatorium
2628 2323 2825 2364 manus
2861 2307 3046 2364 lavare
3086 2308 3280 2373 debet;
3313 2324 3491 2379 quare
3521 2317 3638 2379 post
3670 2322 3755 2362 no-

2170 2412 2395 2457 cturnos
2420 2417 2529 2457 non
2573 2402 2725 2472 prius
2763 2401 2876 2458 exit
2924 2402 2991 2457 de
3038 2401 3227 2465 choro,
3272 2416 3366 2457 un.
3396 2416 3567 2471 quam
3598 2415 3659 2457 ex
3686 2398 3753 2453 al-

2170 2494 2478 2550 ternatione
2530 2492 2925 2548 modulantium
2983 2501 3204 2547 ventum
3266 2491 3440 2547 fuerit
3501 2492 3569 2547 ad
3619 2490 3755 2548 illul

2166 2602 2386 2643 versum
2442 2585 2598 2641 Pleni
2641 2594 2761 2640 sunt
2813 2585 2962 2651 emli;
3006 2584 3101 2640 sed
3155 2591 3284 2641 tunc
3342 2585 3544 2640 exiens
3589 2584 3751 2640 statim

2165 2679 2467 2736 sacrarium
2519 2679 2722 2747 intrat,
2773 2677 3003 2733 vestitur
3051 2676 3197 2745 alba,
3226 2677 3393 2745 stola,
3452 2686 3513 2733 et
3563 2674 3753 2738 casula,

2165 2770 2516 2843 perlectoque
2561 2769 2843 2841 Evangilio
2886 2768 3178 2836 audiente,
3215 2768 3262 2825 si
3311 2783 3460 2840 opus
3508 2776 3627 2833 est,
3669 2781 3753 2821 ar-

2164 2864 2368 2926 mario;
2418 2865 2437 2883 ·
2465 2858 2663 2914 ibidem
2719 2860 2845 2915 thus
2902 2858 3161 2929 imponit,
3192 2867 3249 2914 et
3291 2859 3377 2914 sic
3409 2859 3482 2915 de
3514 2855 3761 2913 vestiario

2161 2941 2287 3007 eum
2326 2951 2679 3022 processione
2719 2948 2945 3016 incedit,
2993 2958 3053 3004 ut
3087 2948 3393 3005 sacrarium
3439 2949 3647 3005 intrare
3669 2961 3754 3001 va-

2161 3040 2271 3096 leat
2312 3037 2709 3096 illo‘versiculo
2753 3037 2861 3094 Per
2907 3038 3143 3109 singulos
3177 3039 3291 3093 dies
3342 3038 3633 3108 imposito;
3672 3052 3755 3093 ea.

2165 3140 2483 3202 textumque
2508 3130 2807 3200 Evangelii,
2837 3144 2998 3201 quem
3031 3137 3348 3185 reverenter
3378 3131 3528 3183 inter
3552 3127 3755 3182 brachia

2088 3196 2131 3258 ε
2168 3231 2353 3294 portat
2398 3196 2628 3278 reclinat
2657 3196 2724 3276 ad
2771 3196 2983 3293 peetus,
3030 3219 3083 3273 in
3120 3219 3300 3273 medio
3352 3218 3552 3274 altaris
3594 3217 3754 3289 potnt.

2166 3332 2326 3387 quem
2356 3315 2518 3373 etiam
2551 3315 2603 3370 in
2653 3315 2871 3371 modum
2904 3312 3085 3368 crucis
3111 3311 3383 3372 incensat.
3419 3311 3607 3382 ibique
3643 3320 3755 3363 ante

2167 3409 2341 3464 altare
2375 3409 2442 3464 ad
2484 3408 2792 3465 orationem
2837 3406 3172 3463 Dominicam
3213 3419 3273 3460 se
3309 3403 3564 3460 incinat.
3606 3402 3752 3473 (εστ.)

2165 3499 2300 3555 Cum
2338 3510 2558 3556 ventum
2584 3498 2751 3554 fuerit
2783 3498 2851 3553 ad
2884 3496 3032 3551 illum
3063 3509 3306 3559 versum,
3327 3492 3400 3547 lu
3429 3504 3501 3560 te,
3528 3492 3753 3555 Domine,

2164 3593 2403 3663 speravi,
2449 3601 2663 3647 erectus
2693 3588 2874 3660 signat
2914 3602 2973 3642 se
2996 3627 3011 3651 ,
3052 3600 3117 3640 ac
3146 3584 3468 3640 deosculato
3508 3583 3661 3638 altari
3690 3581 3750 3635 li~

2165 3686 2324 3740 brum
2353 3683 2513 3749 tollit,
2550 3690 2603 3738 et
2627 3681 2847 3748 iterum,
2880 3679 3024 3736 sicut
3051 3677 3202 3749 prius
3232 3678 3383 3733 inter
3409 3677 3629 3732 brahia
3660 3675 3750 3727 de-

2164 3784 2353 3831 center
2394 3781 2567 3846 aptat,
2607 3782 2669 3830 ut
2713 3771 2828 3827 viso
2869 3772 3059 3827 eodem
3110 3768 3397 3840 Evangelii
3449 3767 3577 3822 libro
3621 3780 3749 3820 cou-

2164 3876 2357 3924 ventus
2396 3881 2456 3923 se
2504 3866 2750 3928 inclinet,
2792 3869 2810 3886 ‘
2852 3863 3039 3932 sicque
3084 3862 3153 3916 ad
3203 3859 3519 3930 analogiam
3564 3856 3749 3913 tendit.

2165 3958 2274 4016 Sed
2299 3973 2617 4026 conversus,
2648 3955 2742 4029 qui
2784 3952 3115 4011 thuribulum
3158 3961 3375 4024 portat,
3425 3950 3751 4021 praeveniens

2163 4051 2413 4107 eumdem
2455 4049 2817 4113 sacerdotem,
2850 4046 3157 4118 analogium
3208 4045 3262 4099 in
3315 4045 3541 4099 modum
3581 4039 3750 4097 crucis

2165 4143 2434 4206 incensat,
2458 4140 2829 4210 recedensque
2854 4152 2962 4193 non
2992 4136 3248 4201 inclinat;
3274 4135 3422 4190 lecto
3447 4133 3743 4204 Evangelia.

2162 4245 2217 4291 et
2241 4235 2457 4291 caeteris
2484 4240 2627 4304 (qum
2653 4241 2781 4286 tunc
2807 4228 3014 4303 agenda
3051 4239 3272 4285 sanctus
3303 4226 3555 4298 pmipit
3592 4224 3749 4279 Betae-

2162 4328 2382 4396 dietus)
2432 4327 2534 4381 rite
2584 4325 2857 4395 peractis,
2917 4323 3234 4394 priusquam
3292 4318 3439 4375 idem
3498 4317 3747 4375 sacerdos

2163 4420 2492 4474 matutinum
2532 4415 2839 4489 incmperit,
2871 4430 2963 4471 uo.
2989 4429 3097 4469 non
3134 4427 3194 4470 se
3235 4423 3423 4469 movet
3448 4427 3480 4465 ει
3501 4410 3747 4475 low,»

2162 4525 2267 4581 que
2293 4511 2421 4565 dum
2450 4507 2651 4564 dixerit
2679 4521 2801 4562 cum
2829 4503 2953 4560 aliis
2977 4522 2991 4559 :
3025 4502 3209 4560 Gloria
3237 4501 3417 4570 Patri,
3450 4501 3745 4573 aliquantil-

2161 4601 2270 4654 lum
2301 4597 2591 4654 inclinans.
2632 4594 2841 4663 Quibus
2869 4608 2928 4649 se
2969 4593 3345 4666 erigentibus,
3378 4592 3492 4664 ipse
3524 4588 3745 4648 recedit.

2160 4691 2363 4747 Verum
2394 4702 2610 4758 semper
2648 4685 2945 4751 accelerat,
2983 4695 3043 4741 ut
3072 4686 3234 4756 prius
3273 4684 3348 4740 sit
3393 4697 3659 4739 rever-sm
3697 4680 3745 4733 in

2159 4783 2405 4849 chorum,
2433 4784 2452 4803 ‘
2475 4795 2639 4851 quam
2664 4778 2874 4849 primus
2897 4778 3141 4847 psalmus
3164 4778 3572 4833 matutinum-It
3604 4774 3747 4830 ω.

2159 4885 2286 4931 tur:
2316 4884 2372 4931 et
2414 4876 2460 4931 si
2515 4873 2701 4928 Venite
2741 4873 2795 4931 in
2844 4872 2983 4928 albis
3028 4870 3267 4937 canitur,
3291 4870 3410 4941 ipse
3451 4866 3744 4924 albatusiu

2156 4968 2380 5024 chorum
2431 4967 2743 5023 revertitur.
2791 4965 2850 5021 Si
2898 4963 3140 5036 quinque
3170 4962 3497 5020 candelabra
3554 4956 3747 5015 viderit

2155 5071 2282 5115 ante
2316 5058 2614 5131 principale
2659 5058 2853 5123 altare,
2882 5071 3053 5127 cappa
3096 5055 3258 5111 debet
3302 5051 3529 5108 indutus
3564 5052 3743 5107 incur-

2154 5171 2300 5222 sare,
2330 5164 2386 5211 et
2417 5163 2546 5210 tunc
2572 5151 2712 5207 intra
2741 5151 2999 5222 hymnum
3024 5148 3159 5215 erit,
3186 5156 3246 5203 ut
3274 5147 3472 5202 eadem
3496 5158 3668 5215 capp
3686 5154 3741 5195 se

2154 5250 2397 5306 inducat.
2437 5247 2610 5313 Tunc,
2644 5243 2858 5301 etiamsi
2900 5243 3160 5298 domuum
3201 5239 3458 5296 abbatem
3494 5238 3548 5293 in
3578 5240 3742 5291 chon

2153 5340 2460 5411 reliquerit,
2483 5346 2539 5393 et
2563 5338 2608 5394 si
2635 5336 2784 5392 illum
2806 5334 3158 5406 antiphonam
3185 5332 3470 5403 imponere
3488 5326 3739 5390 audiet-it.

2156 5449 2280 5488 cum
2310 5427 2761 5500 accrra,fquando
2782 5427 3057 5483 canticum
3087 5423 3402 5480 Benedictus
3430 5423 3739 5481 inchoatur.

2152 5530 2218 5582 ad
2243 5540 2365 5582 eum
2404 5521 2640 5588 accedit,
2678 5528 2945 5591 sequente
2974 5530 3238 5573 converso
3285 5530 3411 5571 cum
3443 5510 3739 5577 thurihh.

2150 5630 2205 5675 ct
2251 5630 2374 5672 cum
2421 5612 2759 5671 osculatione
2808 5624 3036 5675 manus,
3072 5609 3198 5663 thus
3249 5607 3300 5662 ei
3352 5602 3737 5678 imponentium

2150 5710 2398 5782 porrigit.
2450 5704 2605 5775 Quod
2641 5704 2686 5761 si
2719 5704 2951 5758 domnus
2979 5700 3117 5757 abba
3154 5708 3281 5755 tunc
3324 5699 3377 5754 iu
3410 5697 3581 5753 choro
3630 5708 3734 5748 non
