3890 6314
143 375 265 436 8009
1255 362 1667 424 CONSTITUT.

1781 362 2026 421 llSAIJG.
2067 393 2134 403 —
2169 362 2297 419 LIB.
2335 359 2375 416 ῐ.
2534 386 2540 397 ι
3245 356 3385 413 1010

138 501 226 554 cst,
250 488 359 560 ipse
389 485 445 542 in
475 484 720 541 saeristia
751 482 912 539 thure
950 478 1202 553 imposito
1235 479 1568 536 tlturibulum
1599 494 1691 535 ac-
1716 495 1765 554 Α
1793 494 1889 550 per
1917 483 2182 533 minorem
2218 480 2445 533 chorum
2502 476 2734 533 discedit
2763 475 2832 533 ad
2886 474 3147 532 lavandos
3193 475 3381 546 pedes,

138 580 275 651 cipit,
304 586 358 634 et
403 577 469 631 ad
520 576 728 631 initium
783 571 1025 645 przedicti
1070 572 1271 628 cantici
1319 572 1686 629 sanctuarium
1792 572 1979 643 sicque
2008 569 2292 636 accelerat,
2326 578 2385 624 ut
2425 570 2745 641 tempestive
2782 571 3024 644 imponat
3047 570 3172 627 thus
3203 571 3255 627 in
3287 586 3385 627 ve-

137 672 298 736 iutrat,
328 676 385 726 ut
407 667 576 722 altare
603 666 870 722 ineenset.
1795 664 2010 732 stiario,
2041 680 2131 720 un.
2157 671 2213 718 et
2235 662 2317 719 sic
2338 663 2607 719 accedens
2630 665 2698 718 ad
2732 664 2907 720 altare
2933 672 3114 735 portat
3148 663 3263 734 ipse
3288 677 3384 720 co-

594 754 824 816 CAPUT
863 755 1144 813 LXXXIII.
1791 746 1964 804 dicem
1991 744 2356 801 missalemin
2388 743 2613 801 brachio
2638 744 2879 800 sinistro.

1861 844 1878 861 ‘
1916 838 1973 895 Si
1997 838 2118 910 quis
2141 838 2425 911 episcopus
2454 836 2541 893 vel
2576 837 2751 894 abbas
2786 837 3008 894 missam
3039 845 3259 893 cantare
3285 838 3378 892 de-

1788 931 1897 999 bet,
1921 930 2133 987 diaconi
2158 931 2277 1002 ejus
2332 929 2563 984 eundem
2596 928 2873 985 missalem
2903 935 3122 1000 portare
3154 930 3373 985 debent.

1788 1023 1900 1092 (un.
1933 1021 2069 1092 var.)
2095 1021 2212 1091 Quo
2239 1021 2485 1092 deposito
2527 1020 2580 1074 in
2610 1020 2860 1076 dextrum
2879 1034 3049 1077 cornu
3074 1019 3260 1076 altaris
3290 1021 3376 1075 in-

1786 1113 1953 1169 clinat
1972 1127 2033 1168 se
2060 1121 2251 1168 contra
2277 1111 2512 1166 mediam
2544 1110 2737 1166 altaris
2769 1112 2835 1167 ad
2877 1111 3178 1166 orationem
3204 1112 3378 1166 maxi-

1784 1219 1870 1260 me
1919 1202 2277 1259 Dominicam.
2340 1202 2457 1270 Qua
2502 1202 2771 1272 completa
2818 1201 3070 1256 muniens
3116 1215 3174 1256 se
3223 1201 3378 1273 signo

1783 1297 1982 1362 crucis,
2010 1298 2293 1352 osculatur
2327 1296 2500 1352 altare
2547 1304 2602 1351 et
2665 1303 2867 1351 textum
2907 1293 3183 1366 Evangelii
3231 1295 3377 1351 clau-

1784 1403 1937 1456 sum;
1966 1388 2012 1443 si
2043 1396 2227 1443 tamen
2258 1388 2444 1459 aliquo
2470 1388 2608 1442 fabri
2642 1402 2808 1459 opere
2839 1388 3081 1443 exterius
3110 1395 3196 1443 est
3221 1388 3378 1443 deco-

1780 1488 1961 1544 ratus;
1989 1478 2072 1535 sin
2098 1490 2303 1547 autem,
2338 1487 2607 1551 apertum.
2643 1482 2656 1499 ‘
2687 1479 2894 1535 Deinde
2917 1477 3008 1534 dat
3039 1479 3215 1533 locum
3256 1478 3374 1533 dia-

1778 1585 1937 1637 cono,
1969 1579 2028 1624 ut
2063 1578 2214 1625 stare
2242 1571 2413 1640 possit
2458 1584 2627 1641 prope
2664 1569 2916 1624 dextrum
2945 1584 3115 1623 cornu
3152 1568 3370 1634 altaris;

126 1683 265 1737 choro
286 1681 555 1751 proxima,
589 1689 646 1736 et
701 1680 763 1735 S.
816 1679 1009 1735 Crucis
1039 1678 1233 1742 altare,
1280 1677 1487 1734 faciens
1515 1693 1678 1749 super
1780 1663 1893 1733 ipse
1915 1670 2024 1718 5m
2053 1678 2218 1733 ρτονε
2248 1662 2557 1725 SilliSlrum.
2608 1669 2663 1715 el
2691 1659 2907 1751 inclinis
2963 1668 3154 1751 contra
3188 1660 3373 1715 diaco-

126 1750 301 1842 ,ίηεηιέ
322 1786 442 1827 cum
474 1770 703 1826 incenso
731 1771 902 1828 semel
934 1771 1114 1827 crucis
1142 1771 1379 1841 Signum.
1404 1773 1420 1791 ·
1446 1772 1503 1826 εί
1522 1771 1675 1840 cuius
1778 1767 1905 1807 num
1935 1760 1989 1807 et
2015 1750 2407 1808 subdiaconunt
2440 1770 2453 1805 :
2483 1751 2740 1842 similiter
2786 1750 3016 1805 inclines
3039 1750 3222 1805 dicant
3245 1764 3372 1805 con-

128 1861 172 1916 S.
199 1841 420 1933 retinuiae
455 1870 585 1918 sunt
615 1862 667 1917 in
703 1862 909 1933 capella
939 1861 997 1918 S.
1034 1862 1239 1930 Marha,
1268 1863 1424 1932 cujus
1468 1863 1673 1918 festivi-

1781 1843 2198 1900 fessioncm.uo.
2228 1844 2394 1915 Cujus
2419 1843 2585 1898 etiam
2621 1841 2795 1899 forma
2826 1843 2900 1896 ita
2917 1850 3001 1897 cst
3026 1842 3369 1912 praescripta,

1781 1945 1963 1992 utnec
1989 1936 2055 1991 ad
2085 1937 2331 2002 missam,
2356 1951 2455 1991 nec
2476 1936 2542 1990 ad
2573 1936 2759 2000 horas,
2784 1935 2981 2006 quibus
3006 1943 3090 1991 est
3115 1935 3369 1999 dicenda,

1774 2028 1957 2084 verbis
1988 2028 2340 2099 amplioribus
2371 2028 2585 2084 dicatur
2614 2043 2775 2097 quam
2809 2028 3115 2098 liujusmodi
3143 2043 3156 2079 :
3190 2025 3371 2094 Conﬁ-

1775 2128 1887 2173 teor
1914 2119 2142 2176 Domino
2179 2130 2227 2175 et
2256 2122 2494 2175 omnibus
2524 2121 2719 2174 sanctis
2749 2120 2866 2186 eius
2901 2129 2947 2173 et
2976 2119 3138 2184 vobis,
3172 2118 3367 2184 Pater;

1773 2213 1897 2282 quia
1920 2213 2128 2282 peccavi
2144 2214 2197 2268 in
2233 2213 2568 2283 cogitatione,
2601 2211 2655 2265 in
2688 2211 2954 2266 iocutione
2974 2220 3020 2265 et
3046 2227 3224 2280 opere,
3252 2227 3368 2265 mea

1774 2302 2182 2375 culpa;precor
2210 2322 2321 2370 vos,
2369 2316 2515 2359 orate
2562 2322 2656 2371 pro
2694 2321 2793 2359 me.
2832 2303 3141 2359 Misereatui
3188 2308 3365 2369 vestri,

1775 2394 2115 2466 Omnipotens
2164 2397 2323 2462 Deus,
2365 2407 2412 2451 et
2465 2397 2697 2450 dimittat
2750 2396 2895 2451 vobis
2941 2397 3121 2451 omnia
3153 2404 3365 2466 peccata

1772 2498 1944 2543 vestra
1972 2506 1985 2542 :
2017 2487 2197 2543 liberet
2230 2504 2317 2543 vos
2345 2488 2414 2541 ab
2455 2488 2599 2542 omni
2630 2487 2792 2554 male,
2839 2497 3182 2542 conservetet
3238 2503 3365 2541 con-

1770 2579 1942 2649 ﬁrmet
1968 2597 2055 2636 vos
2081 2582 2134 2634 in
2161 2580 2303 2634 omni
2335 2595 2484 2648 opere
2514 2578 2669 2645 bono,
2700 2589 2747 2632 et
2787 2580 3041 2649 perducat
3064 2595 3152 2633 vos
3182 2578 3251 2632 ad
3283 2580 3361 2632 iii--

1773 2682 1882 2727 tam
1947 2682 2219 2737 arternam,
2276 2672 2462 2726 Amen.
2520 2671 2792 2743 Adjuncto
2835 2670 3274 2741 :Indulgentiant
3315 2682 3364 2726 et

1771 2765 2130 2819 remissionem
2154 2774 2200 2818 et
2226 2762 2570 2833 adjutorium.
2598 2762 2891 2833 Postquam
2921 2762 3179 2818 coliectas
3209 2762 3360 2819 dixe-

1769 2857 1860 2922 rit,
1898 2856 2128 2912 diacono
2172 2856 2264 2911 dat
2291 2854 2565 2909 missalem
2601 2854 2653 2909 in
2687 2855 2911 2910 sinistro
2941 2869 3109 2909 cornu
3148 2868 3360 2924 ponen-

115 2955 213 3013 dote
259 2958 517 3017 iucenset.
577 2960 1044 3018 llebdomadarius
1087 2979 1237 3029 vero,
1268 2965 1398 3021 licet
1437 2965 1665 3021 inferior

1781 2950 1916 3014 lum,
1955 2948 2059 3004 nisi
2102 2963 2286 3006 secum
2328 2946 2583 3002 maluerit
2628 2947 2792 3015 ferre,
2839 2948 2883 3002 si
2926 2949 3055 3018 quid
3107 2949 3347 3005 voluerit

114 3048 292 3117 ordine,
330 3051 582 3109 dextram
611 3069 782 3110 cornu
812 3054 1002 3110 altaris
1032 3057 1549 3112 consuetudinaliter
1584 3057 1664 3113 in-

1781 3040 2085 3109 pracvidere.
2120 3042 2257 3110 inn.)
2286 3040 2364 3096 Ad
2390 3040 2686 3111 Epistulam
2740 3040 2893 3096 sedet
2930 3056 3102 3112 usque
3128 3042 3253 3097 dum
3282 3042 3350 3097 ad

114 3148 285 3206 tensat,
312 3151 365 3196 et
408 3142 462 3197 in
499 3158 603 3199 suo
645 3144 814 3200 choro
862 3153 1050 3213 postea
1104 3145 1320 3202 rediens
1369 3148 1557 3202 stabit.
1592 3147 1657 3204 Ili

1781 3132 2119 3205 Evangelium
2177 3133 2413 3188 venitur.
2452 3133 2695 3190 Diacono
2727 3133 2935 3189 iecturo
2977 3135 3069 3189 dat
3124 3134 3349 3190 benedi-

114 3226 215 3295 duo,
240 3231 280 3286 si
306 3233 535 3291 domnus
589 3235 727 3292 abba
759 3235 840 3291 vel
898 3235 1095 3307 aliquis
1135 3239 1657 3309 praenominatorum

1781 3224 2000 3280 :tionem
2034 3224 2136 3280 lioc
2166 3225 2361 3280 modo:
2392 3224 2529 3280 Deus
2544 3227 2854 3281 misereatur
2883 3227 3047 3281 nostri
3072 3236 3121 3281 et
3144 3226 3348 3280 benedi-

111 3327 174 3373 est
194 3320 237 3374 in
264 3325 444 3393 cboro,
494 3326 660 3383 simul
703 3343 829 3384 cum
862 3328 1154 3386 tburibulis
1196 3331 1395 3386 debent
1427 3332 1658 3400 intrare,
1762 3326 1847 3371 σαί
1875 3316 2044 3371 ποθέει
2073 3315 2150 3370 Εει
2191 3316 2313 3371 νῖοθ
2359 3323 2469 3373 3m
2518 3316 2635 3388 ipse
2688 3333 2857 3389 Prope
2888 3317 3139 3373 lle-“rd!”
3182 3332 3352 3372 mm“

112 3410 338 3486 simulque
364 3419 543 3475 eidem
574 3429 631 3476 et
658 3420 824 3491 priori
851 3421 1130 3477 incensum
1167 3423 1463 3495 porrigere.
1507 3424 1659 3493 Quod
1764 3409 1978 3475 altaris,
2019 3417 2074 3465 et
2116 3409 2378 3465 diaconus
2429 3424 2598 3481 prope
2635 3410 2938 3466 sinistrum.
2975 3412 2993 3432 ⁴
3044 3409 3355 3465 Recedente

110 3500 143 3554 si
161 3501 601 3565 llebdomadarius
635 3518 792 3582 rogat
818 3510 982 3567 alium
1018 3527 1118 3583 pro
1145 3526 1205 3566 se
1224 3511 1661 3585 legereEvangc-
1720 3504 1723 3507 ’
1760 3512 1943 3559 autem
1979 3516 2044 3557 eo
2072 3502 2138 3557 de
2166 3502 2323 3555 altari
2365 3503 2431 3559 ad
2461 3502 2771 3573 analogium
2807 3501 2973 3558 vertit
3005 3518 3063 3558 se
3095 3504 3354 3558 sacerdos

109 3589 232 3660 lium,
257 3610 436 3669 poslea
490 3602 686 3673 legens
716 3604 898 3660 omnia
936 3604 1054 3661 hmc
1093 3607 1402 3676 prescrjpla
1434 3606 1572 3661 sciat
1598 3622 1657 3661 se
1759 3605 1880 3665 post
1912 3594 2083 3661 illum,
2112 3606 2167 3652 et
2218 3597 2293 3654 ἰιςι
2336 3606 2467 3661 stat,
2514 3611 2687 3666 usque
2741 3597 2868 3651 dum
2923 3595 3226 3667 perlectum
3279 3596 3352 3652 εἱι

109 3682 360 3746 facturum.
393 3692 451 3749 Si
491 3702 681 3749 autem
706 3695 833 3750 inde
869 3704 1096 3765 rogatus
1125 3711 1249 3751 cum
1283 3696 1403 3751 alba
1431 3696 1570 3751 redit
1601 3697 1651 3751 in
1761 3685 2137 3759 Evangelium.
2185 3687 2303 3743 Non
2359 3686 2533 3743 solum
2572 3696 2758 3743 autem
2813 3686 2922 3750 ille.
2970 3687 3062 3742 sed
3101 3694 3155 3741 et
3208 3696 3355 3743 totus.

107 3776 314 3850 chorum,
349 3800 470 3841 cum
490 3786 562 3841 ad
593 3788 896 3843 exuendam
926 3788 1107 3844 albam
1144 3788 1362 3853 exierit,
1396 3787 1651 3861 sull‘ragia

1781 3789 2053 3835 :onventus
2126 3790 2448 3838 reverenter
2501 3796 2562 3837 se
2615 3779 2743 3837 illuc
2802 3781 2985 3847 vertit,
3022 3781 3351 3851 ubicumque

106 3866 385 3932 Sanctorqu
431 3878 898 3936 hebdomadarius
955 3880 1105 3945 dicit,
1156 3890 1213 3935 et
1265 3890 1487 3950 caetera,
1530 3897 1650 3952 quae

1781 3870 1955 3943 egitur
1987 3870 2362 3944 Evangeliam.

392 853 664 921 Quomodo
693 852 887 908 altaria
910 854 1179 908 incensare
1199 852 1399 908 debeat.

193 948 334 1021 (can)
356 946 544 1002 Modus
572 956 752 1001 autem
802 944 1121 1000 incensandi
1150 945 1239 1000 ltic
1268 954 1370 1001 est.
1408 944 1464 1001 In
1498 944 1685 1015 primis

135 1042 302 1100 faciem
341 1039 529 1096 altaris
570 1039 820 1094 incensat
862 1037 1036 1094 tribus
1087 1038 1320 1102 vicibus,
1360 1038 1553 1094 deinde
1589 1053 1685 1108 per

134 1145 223 1192 tres
238 1134 375 1189 vices
401 1130 772 1205 superﬁciem,
802 1131 929 1185 item
960 1132 1014 1184 in
1043 1130 1218 1186 medio
1252 1130 1462 1196 altaris,
1486 1130 1683 1187 deinde

132 1242 387 1300 utrumque
427 1242 599 1283 cornu
628 1226 802 1281 tribus
842 1224 1051 1280 vicibus
1087 1225 1140 1280 in
1172 1222 1482 1293 superﬁcie,
1513 1234 1569 1278 et
1594 1238 1683 1279 se-

133 1320 218 1376 mel
245 1319 291 1375 in
315 1326 685 1374 transversum
712 1334 725 1383 ;
753 1323 945 1385 postea
978 1324 1270 1384 utrumque
1295 1313 1437 1368 latus
1465 1313 1606 1369 sicut
1626 1324 1681 1368 et

134 1412 297 1469 faciem
320 1427 335 1478 ;
362 1419 641 1481 postremo
663 1409 754 1464 ubi
792 1418 939 1463 retro
978 1417 1127 1463 stare
1159 1406 1329 1463 solent
1365 1405 1605 1477 reliquia?
1626 1416 1682 1462 et

128 1502 330 1574 plenaria
358 1500 508 1575 (108)
544 1499 598 1554 in
637 1509 865 1570 utraque
905 1508 1059 1570 parte
1106 1507 1187 1553 ter
1230 1497 1413 1568 dirigit
1457 1513 1677 1552 manum

126 1609 224 1648 una
263 1593 497 1648 incenso.
547 1590 743 1646 Postea
769 1605 899 1645 vero
935 1590 1187 1644 iucensat
1235 1588 1428 1643 altaria
1468 1589 1676 1643 minora

126 1964 190 2008 tas
210 1968 307 2016 οε..
328 1954 452 2010 illuc
473 1970 694 2025 quoque
734 1956 903 2021 vadit,
934 1965 987 2011 et
1020 1955 1194 2012 solum
1225 1955 1354 2012 illud
1392 1956 1587 2021 altare,
1618 1957 1671 2011 in

123 2058 208 2115 quo
239 2054 355 2101 sunt
390 2045 637 2117 reliquiae
658 2087 673 2112 ,
706 2047 869 2101 simili
906 2047 1088 2114 modo,
1136 2057 1196 2102 ut
1230 2057 1425 2104 cmtera
1461 2048 1671 2103 minora

121 2134 619 2191 altarlaincensabit.
653 2136 875 2204 Deinde,
914 2135 957 2191 si
991 2136 1221 2192 domnus
1248 2138 1408 2203 abba,
1446 2139 1528 2194 vel
1557 2139 1670 2208 epi-

129 2240 314 2296 scopus,
340 2234 435 2281 aut
462 2226 574 2281 alia
599 2227 722 2282 talis
747 2242 975 2298 persona
1000 2228 1053 2283 in
1078 2230 1247 2284 choro
1270 2237 1375 2294 est,
1398 2245 1519 2284 cum
1552 2230 1671 2284 thu-

120 2320 268 2377 ribulo
287 2322 525 2389 intrabit,
554 2323 950 2394 praemissaque
984 2322 1174 2377 humili
1208 2322 1561 2378 inclinatione
1595 2322 1669 2378 illi

118 2414 321 2485 porriget
354 2416 666 2483 incensum,
707 2416 902 2473 deinde
936 2416 1125 2486 priori.
1160 2415 1269 2471 Sed
1309 2415 1354 2471 si
1398 2415 1541 2471 nulla
1574 2417 1670 2470 lia-

118 2519 212 2558 rum
234 2505 431 2561 all‘uerit
464 2521 845 2577 personarum,
884 2505 983 2561 soli
1026 2506 1193 2577 priori
1231 2521 1329 2577 pro
1360 2507 1666 2562 reverentia

118 2611 139 2647 a
163 2595 411 2653 sacerdote
439 2596 831 2667 porrigendum
864 2605 968 2652 est.
995 2597 1065 2651 At
1090 2597 1133 2653 si
1176 2606 1382 2667 septem
1410 2597 1667 2654 candela-

115 2684 190 2740 bra
219 2699 333 2743 sunt
376 2699 502 2745 ante
537 2689 714 2758 majus
757 2688 929 2744 altare
981 2690 1178 2760 posita,
1215 2700 1341 2746 tunc
1390 2707 1420 2745 a
1457 2691 1667 2747 duobus

116 2785 178 2830 est
202 2778 598 2847 incensandum,
623 2789 681 2836 et
716 2790 938 2852 propter
960 2781 1062 2837 hoc
1090 2781 1364 2837 sacerdoti
1391 2781 1553 2838 alicui
1578 2799 1664 2839 sa-

116 2866 248 2923 crista
284 2871 475 2937 innuit,
505 2871 604 2942 qui
631 2872 793 2928 simul
842 2888 965 2928 cum
1021 2873 1441 2930 liebdomadario
1477 2890 1662 2931 sacer-

105 3969 207 4058 tunc
224 3980 537 4038 sequuntur.
573 3968 629 4026 Si
654 3985 781 4027 vero
802 3971 1008 4041 absque
1038 3971 1155 4026 alba
1190 3972 1354 4038 redit,
1378 3972 1638 4045 sull‘ragia
2170 3985 2404 4043 CAPUT
2442 3986 2706 4042 LXXXIV
2745 3985 2917 4058 (l09).

103 4049 382 4115 Sanctorum
412 4071 469 4117 et
500 4070 700 4117 caetera
749 4078 920 4134 usque
961 4064 1028 4120 ad
1068 4065 1474 4135 processioncm
1522 4082 1646 4137 pcr‘

1781 4076 1871 4144 Qua
1893 4077 2164 4148 diligentia
2192 4078 2443 4154 dominici
2484 4080 2720 4154 corporis
2758 4078 3083 4132 consecratio
3126 4086 3173 4131 et
3201 4092 3346 4132 cam-

102 4150 337 4214 “Silmlsi
365 4154 594 4210 missam
618 4154 875 4223 majorem
893 4164 977 4212 est
997 4155 1374 4215 celebraturus
1397 4158 1525 4215 licet
1547 4175 1645 4214 (τινος
2288 4151 2467 4203 "iunio
2500 4150 2817 4205 celebratur.

100 4240 203 4294 ιετω
235 4239 373 4299 hora:
398 4248 469 4300 ad
508 4259 638 4300 eum
681 4260 787 4301 non
819 4246 1145 4317 pertineant,
1202 4249 1389 4305 lteram
1441 4258 1644 4316 tamen,

1822 4258 1935 4332 (uo.
1967 4259 2103 4330 var.)
2122 4260 2351 4331 Dignum
2374 4260 2609 4326 videtur,
2631 4268 2686 4316 et
2705 4261 3071 4317 necessarium
3087 4261 3176 4316 llic
3199 4262 3342 4316 inse-

98 4341 193 4396 ⁸³³³³
214 4335 419 4394 missam
451 4339 817 4395 εοιηίηυίιιίιη
864 4343 1141 4413 Ρτίοεεάίι,
1174 4352 1231 4399 ει
1260 4343 1490 4410 Nomm.
1524 4360 1645 4414 qua:
1748 4364 2004 4421 rere,qua
2027 4351 2301 4420 diligentia
2327 4366 2503 4423 quove
2522 4353 2704 4408 studio
2726 4353 2793 4407 ad
2823 4352 3086 4407 Dominlci
3135 4351 3344 4424 Corpu-

96 4429 413 4489 continuatim
455 4435 751 4507 prandium
792 4438 1166 4509 subsequitur,
1217 4439 1641 4509 Completorium
1748 4443 1823 4499 ris
1852 4452 1909 4498 et
1936 4442 2231 4513 Sanguinis
2266 4445 2734 4500 consecratiOnem
2767 4444 3057 4501 serviatur.
3096 4443 3339 4501 Primum

95 4529 273 4608 Quoque
290 4526 530 4597 implebit
552 4528 695 4584 sicut
713 4537 769 4585 et
790 4529 1139 4600 Vcsperas,si
1162 4532 1484 4588 incensabit.
1503 4532 1639 4602 (υυ.)
1745 4545 1967 4607 propter
1993 4538 2097 4592 lioc
2118 4538 2292 4608 ipsum
2313 4538 2512 4594 factum
2538 4547 2621 4594 est
2648 4554 2815 4595 unum
2829 4539 3181 4597 armariolum
3212 4549 3339 4597 ante

93 4605 137 4661 ¹¹¹
177 4613 385 4681 privatis
424 4619 622 4675 diebus
659 4621 871 4690 (ιιιοιίαε
926 4621 1026 4690 bis.
1063 4622 1419 4688 comedimus.
1446 4624 1627 4693 Prius“
1679 4625 1721 4679 D
1752 4605 1943 4687 iaci-em
1975 4605 2194 4703 majoris
2222 4631 2410 4688 altaris
2431 4632 2637 4703 optime
2666 4634 3125 4704 compaginatum,
3154 4641 3210 4689 et
3257 4635 3338 4690 in-

92 4710 224 4794 9mm
250 4707 455 4779 δίεηιιιιι
481 4710 551 4766 ad
583 4709 820 4767 Teﬂiam
847 4712 1113 4782 Ριιιεθιιιν,
1153 4729 1347 4769 manus
1375 4728 1441 4768 ex
1489 4727 1641 4770 more
1752 4719 2020 4776 trinseeus
2040 4722 2234 4792 pannis
2254 4724 2492 4794 undique
2515 4724 2791 4779 vestitum.
2818 4724 2873 4778 In
2899 4739 3008 4793 quo
3032 4724 3163 4780 nihil
3192 4725 3337 4779 aliud

91 4787 282 4888 13'3"“
301 4802 556 4859 οηίίουθ
575 4801 721 4860 fama
739 4819 866 4862 mox
897 4821 958 4861 δε
978 4805 1640 4872 δθεθτάοιυιῖυυείηάυθιι
1750 4814 2064 4870 reconditur
2107 4814 2210 4870 nisi
2253 4815 2343 4871 illa
2394 4787 2647 4872 utensilia
2685 4832 2807 4888 qua:
2861 4787 3165 4873 necessaria
3210 4828 3338 4873 sinit

91 4894 135 4980 (ξι
156 4884 374 4947 Tertiam
403 4894 677 4966 imponat;
710 4906 767 4952 el
814 4906 941 4953 tunc
979 4898 1045 4951 ad
1093 4896 1361 4953 Lilnlliam
1394 4912 1517 4952 cum
1555 4913 1637 4952 εθ-
1747 4905 1813 4961 ad
1847 4905 2135 4963 Missarum
2166 4908 2453 4977 solemnia,
2480 4884 2762 4967 dumtaxat
2791 4911 2843 4965 in
2871 4909 3150 4967 Conventu
3174 4925 3336 4980 gene-t

90 4976 234 5075 (lentio
253 4982 570 5043 decantatus
597 4986 763 5045 fuerit
786 4988 879 5044 me
897 5004 1087 5045 Versus
1119 4988 1331 5054 θηιηεεν
1362 5000 1496 5055 εισι,
1523 4990 1638 5046 exit
1749 4998 1939 5055 raliter
1965 5000 2298 5071 agendarbm
2325 5020 2342 5070 ;
2376 5003 2428 5059 id
2453 5012 2538 5059 est
2564 5008 2836 5075 praecipue
2866 5004 2972 5058 duo
2989 4976 3334 5059 calices-cum

88 5066 331 5141 dechoro,
362 5089 423 5135 ut
447 5081 630 5135 casula
662 5097 721 5138 se
756 5083 973 5149 vestiat,
1010 5092 1066 5139 et
1110 5099 1235 5139 cum
1288 5086 1639 5155 processione
1749 5089 1966 5158 patenis
2026 5091 2257 5149 diversae
2319 5066 2665 5164 quantitatis,
2732 5066 2791 5149 ct
2845 5095 2951 5149 duo
3005 5093 3330 5163 corporalia,

86 5163 139 5215 ad
165 5165 321 5227 altare
349 5174 551 5230 veniat.
579 5176 823 5231 Eundem
862 5176 1110 5233 ordinem
1139 5179 1369 5233 exeundi
1410 5189 1532 5250 post
1562 5180 1639 5235 fa-
1748 5196 1913 5236 unum
1937 5182 2182 5253 duplum,
2226 5163 2369 5241 sicut
2395 5186 2578 5242 omnia
2622 5186 2938 5257 Corporalia
2989 5185 3165 5240 solent
3212 5200 3332 5240 esse

86 5265 204 5348 Ciam
228 5265 527 5322 orationem
549 5267 820 5333 observat,
848 5269 963 5326 sive
998 5269 1211 5325 Litania
1242 5272 1463 5328 missam
1494 5289 1635 5344 prtn-
1746 5273 1812 5327 ad
1845 5274 2087 5343 privatas
2123 5276 2336 5341 missas,
2393 5278 2627 5333 alterum
2660 5278 2933 5348 simplum.
2987 5276 3163 5330 Minor
3192 5275 3330 5331 calix

85 5347 235 5406 cedat.
263 5358 282 5376 '
313 5356 371 5412 Si
406 5359 524 5415 dies
559 5370 644 5417 est
670 5361 816 5427 talis,
845 5371 905 5417 ut
940 5362 1154 5418 nonnisi
1184 5364 1353 5420 semel
1380 5365 1625 5421 comeda-
1742 5381 1863 5419 cum
1892 5367 2055 5438 duplo
2083 5370 2348 5440 corporali
2384 5372 2448 5426 ad
2481 5370 2856 5427 matutinalem
2885 5369 3129 5433 missam,
3158 5369 3329 5438 major

86 5443 357 5533 "Irrvestit
390 5466 451 5507 se
481 5452 623 5510 inter
652 5455 982 5512 cantandum
1011 5456 1280 5513 Litaniam
1308 5477 1321 5512 :
1351 5469 1405 5513 et
1434 5460 1476 5513 si
1505 5474 1631 5529 pro-
1741 5471 1862 5510 cum
1892 5457 2090 5527 simplo
2131 5460 2199 5514 ad
2244 5461 2529 5533 majorem.
2564 5459 2701 5516 Nam
2750 5469 2805 5515 et
2857 5474 3023 5515 unum
3074 5458 3327 5527 simplum

84 5531 233 5589 cessio
259 5549 339 5595 est
356 5540 684 5613 agendafut
706 5546 759 5600 in
796 5546 980 5616 quinta
1007 5545 1139 5602 feria
1169 5546 1631 5616 Quadragcsimm,
1742 5562 1957 5620 semper
1988 5550 2043 5605 in
2073 5551 2297 5608 sinistro
2324 5531 2494 5608 cornu
2531 5562 2616 5610 est
2650 5551 2838 5609 altaris
2874 5552 2927 5606 in
2956 5566 3061 5606 una
3088 5550 3327 5621 capsella

83 5631 246 5680 nonse
269 5632 449 5698 vestit,
475 5633 647 5692 donec
674 5644 728 5690 et
752 5636 866 5707 ipsa
886 5636 997 5707 jam
1029 5635 1168 5691 facta
1195 5636 1357 5691 fuerit
1388 5637 1474 5690 ‘et
1506 5648 1632 5693 tunc
1741 5656 1864 5694 cum
1897 5644 2073 5701 serico
2100 5644 2357 5702 decenter
2400 5656 2614 5716 ornata,
2645 5654 2701 5703 ut
2742 5660 2770 5700 a
2820 5642 3095 5717 prioribus
3123 5645 3337 5703 nostris.

308 5763 558 5849 {{enaria
589 5773 625 5828 l'.
656 5790 853 5849 capsa}.
883 5775 964 5849 vel
996 5783 1335 5849 ornamenta.

141 5829 275 5905 (109)
317 5838 450 5897 Vide
476 5856 630 5916 caput
655 5829 745 5903 35'.
793 5829 981 5903 Oi'din.
1008 5829 1265 5918 ﬁluniac.
1302 5854 1444 5916 part.
1475 5862 1512 5901 ι.
1543 5861 1639 5917 per
1677 5841 2039 5902 Bcrnardum.
