3872 6306
491 300 624 355 1οη

1564 301 1621 358 S.
1647 301 2022 359 GUlLLELMl
2059 300 2358 358 ABBATIS.
2395 299 2600 358 HIRSA
2617 300 2730 358 UG.

3606 304 3718 365 1οη

487 415 698 484 accepi,
725 423 945 483 propter
981 415 1101 479 hoc,
1129 421 1186 469 ut
1225 415 1294 470 ad
1323 430 1540 470 manum
1577 417 1749 486 possit
1777 433 1899 472 esse
1944 432 2074 472 con-
2103 417 2152 476 A
2181 415 2430 471 manibus
2456 397 2668 470 accedit
2699 412 2766 468 ad
2805 411 3000 467 altare.
3039 411 3108 467 Et
3141 425 3197 468 ut
3221 412 3310 468 hic
3347 414 3553 484 proprie
3579 415 3718 476 dicant

489 519 571 564 ira
597 509 894 579 periculum
922 509 1077 581 ignis,
1110 511 1252 580 quod
1292 509 1335 564 si
1393 508 1535 563 forte
1581 509 1905 580 contigerit;
1951 509 2079 580 quia

488 602 714 656 multum
741 601 886 657 valet
914 611 1279 673 apportatum.
1335 603 1465 657 ltem
1511 603 1582 658 ibi
1621 610 1706 657 est
1734 611 1926 671 pateua
1961 618 2076 657 me-

487 693 690 748 diocris
703 701 757 747 et
781 703 1035 765 argentea
1055 702 1109 748 et
1127 693 1369 764 ejusdem
1389 693 1588 749 metalli
1613 693 1856 756 scutella,
1873 693 2080 748 habens

487 782 802 854 operculum
835 782 1076 852 ejusdem
1113 784 1313 862 metalli
1343 783 1698 854 fabriliopere
1729 784 2074 854 colligatum.

487 875 562 931 lbi
613 877 864 947 ampulla:
903 878 970 932 ad
1020 876 1576 932 subministrationem
1629 876 1738 932 vini
1796 885 1852 932 et
1901 892 2076 946 aquae.

485 967 622 1021 Nam
653 978 707 1024 et
739 968 792 1022 in
816 967 1051 1039 ampulla
1080 968 1262 1023 vinum
1293 979 1420 1024 ante
1449 970 1916 1025 consecrationem
1944 969 2082 1027 solet

484 1056 692 1114 oﬁ'erri.
720 1057 796 1112 lbi
833 1073 1028 1114 urceus
1056 1070 1347 1129 argenteus
1375 1074 1496 1114 cum
1531 1059 1852 1130 appendicio
1882 1076 1980 1116 suo
2011 1062 2077 1114 ad

485 1136 748 1206 manuum
788 1151 1140 1207 ablutionem.
1174 1151 1250 1208 lbi
1290 1151 1510 1207 linteola
1532 1152 1710 1224 plura,
1742 1153 1860 1208 sine
1884 1154 2081 1224 quibus

487 1241 697 1311 singula
752 1252 967 1298 sacrata
1020 1257 1149 1297 vasa
1193 1257 1295 1314 nec
1342 1243 1615 1310 lavantur,
1660 1260 1760 1300 nec
1806 1261 2079 1315 quoquam

488 1341 802 1406 portantur.
831 1331 1008 1402 Ipsum
1051 1349 1267 1403 quoque
1303 1335 1652 1390 artnariolnm
1691 1335 1855 1391 habet
1885 1336 1937 1390 in
1969 1351 2082 1392 mc-

486 1424 578 1476 dio
616 1422 937 1488 tabulatum,
972 1432 1030 1478 ut
1080 1440 1310 1494 quaeque
1350 1427 1648 1483 sacratiora
1699 1428 1810 1482 sint
1840 1443 2078 1494 sursum,

487 1524 687 1568 etetera
730 1515 1004 1571 deorsum.
1052 1516 1388 1573 Ad'initium
1430 1519 1717 1575 missarum
1755 1519 2023 1576 referatur
2051 1537 2081 1576 a

490 1608 695 1676 majore
725 1609 948 1662 custode
998 1608 1265 1674 ecclesiaa,
1311 1611 1396 1664 vel
1447 1611 1516 1666 ab
1560 1610 1675 1680 ejus
1710 1611 2076 1684 sull‘raganeo,

488 1700 584 1768 qui
621 1710 751 1756 tunc
777 1709 862 1756 est
894 1702 1368 1757 ltcbdomadarius.
1401 1705 1587 1759 Panno
1617 1705 1806 1760 eodem
1848 1707 2081 1777 desuper

2187 507 2252 562 de
2280 505 2472 576 majori
2501 507 2688 571 missa,
2735 514 3026 575 utrumque
3052 505 3358 576 corporale,
3401 505 3480 561 vel
3516 509 3638 578 quod
3675 511 3720 566 in

2185 597 2342 652 altari
2374 613 2589 668 semper
2607 596 2798 666 jacet,"
2827 596 2912 651 vel
2941 597 3086 667 quod
3134 613 3165 651 a
3195 597 3524 653 subdiacono
3548 600 3620 656 vel
3643 605 3722 658 mi-

2190 687 2366 742 nistro
2409 695 2754 758 apportatum
2809 693 2907 750 est,
2957 686 3265 756 accipiens,
3321 686 3583 756 expandit,
3619 690 3724 746 illud

2185 794 2402 850 quoque
2429 793 2644 849 semper
2667 777 2777 834 illic
2795 775 2945 848 jacet
2975 794 3307 849 supponens.
3342 784 3362 802 ⁹
3389 780 3723 841 Consummata

2186 875 2352 945 igitur
2376 875 2653 930 oblatione
2695 874 2949 930 sacerdos
2990 890 3209 946 quoque
3254 875 3402 932 lavat
3451 893 3634 946 manus,
3679 894 3725 938 et

2189 966 2349 1038 tergit
2375 983 2496 1023 cum
2529 966 2886 1023 mundissimo
2917 967 3164 1035 linteolo,
3195 985 3288 1025 nn.
3340 971 3478 1040 quod
3516 971 3606 1027 sibi
3645 976 3724 1031 soli

2186 1060 2253 1114 ad
2283 1059 2388 1116 hoc
2436 1068 2521 1114 est
2549 1060 2886 1130 deputatum,
2928 1075 3127 1116 cavens
3157 1071 3346 1131 postea
3379 1079 3444 1118 ne
3469 1064 3597 1118 aliud
3623 1068 3726 1136 quid

2186 1159 2370 1224 tangat
2393 1168 2517 1207 cum
2538 1151 2745 1224 digitis,
2767 1153 2962 1223 quibus
2986 1153 3194 1211 Domini
3226 1169 3424 1225 corpus
3446 1159 3726 1226 tangendum

2185 1249 2289 1296 est.
2329 1242 2710 1298 Subdiaconus
2743 1249 2924 1312 portat
2956 1242 3164 1298 hostias
3195 1243 3264 1296 ad
3310 1243 3579 1298 diaconum
3602 1261 3727 1304 secus

2186 1332 2360 1389 altare
2381 1343 2616 1389 stantem
2649 1342 2703 1389 et
2732 1334 3070 1404 operientem
3097 1349 3175 1399 se,
3219 1343 3280 1388 ut
3302 1336 3370 1390 de
3391 1337 3623 1393 omnibus
3640 1347 3726 1396 tres

2185 1427 2524 1498 eligat,quas
2557 1427 2788 1483 voluerit
2818 1427 2884 1482 ad
2915 1428 3370 1483 consecrandum.
3395 1427 3726 1500 Vinum,quod

2185 1519 2422 1574 oblatum
2447 1528 2551 1586 est,
2587 1519 2831 1574 funditur
2860 1517 2930 1574 ab
2957 1518 3434 1589 ipso-‘subdiacono
3463 1519 3515 1575 in
3541 1521 3726 1580 alterum

2185 1611 2437 1677 calicem,
2475 1619 2792 1680 tantumque
2820 1609 3094 1679 relinquit,
3123 1609 3267 1678 quod
3292 1609 3520 1665 suﬂiciat
3545 1613 3604 1667 ad
3625 1628 3727 1668 con-

2187 1701 2658 1757 secrationemzad
2683 1702 2823 1772 quod
2851 1711 3030 1756 tamen
3061 1701 3174 1770 ipse
3195 1716 3304 1755 non
3335 1702 3521 1758 miscet
3542 1717 3724 1774 aquam;

487 1792 752 1861 operitur,
795 1793 885 1862 qui
930 1802 984 1846 et
1015 1801 1266 1861 patenam
1301 1796 1373 1849 ibi
1428 1796 1578 1864 ponit
1615 1797 1774 1851 simul
1805 1813 1926 1852 cum
1963 1813 2078 1853 cor—
2111 1797 2152 1856 Β
2183 1797 2308 1866 quia
2341 1796 2386 1850 ei
2423 1811 2521 1850 nec
2553 1795 2738 1850 vinum
2772 1811 2871 1849 nec
2920 1812 3116 1866 aquam
3176 1793 3303 1848 licet
3333 1796 3623 1861 infundere,
3657 1801 3727 1853 sed

488 1881 711 1952 porali:
761 1883 983 1937 calicem
1035 1899 1165 1938 vero
1189 1900 1310 1939 cum
1364 1885 1584 1941 linteolo
1629 1887 1682 1941 in
1736 1887 1952 1959 longum
1984 1905 2078 1944 ex-

490 1981 639 2029 tento
663 1982 870 2040 tenens,
901 1985 956 2029 ει
991 1977 1222 2048 desuper
1263 1980 1513 2048 operiens
1543 1989 1724 2050 portat
1750 1981 1814 2035 ιιιί
1847 1983 2076 2051 ampho-

489 2083 604 2120 ram
635 2083 806 2138 aquai,
841 2085 960 2140 quas
983 2071 1051 2125 de
1080 2081 1275 2128 statuto
1304 2090 1518 2145 semper
1547 2088 1629 2130 est
1657 2076 1708 2129 in
1747 2075 1998 2140 ecclesia,
2023 2085 2078 2131 ct

489 2159 540 2212 in
572 2159 688 2214 loco
723 2163 1076 2231 competenti,
1106 2172 1162 2218 Ill
1211 2179 1400 2220 omnes
1446 2167 1518 2221 ibi
1553 2167 1752 2222 calices
1807 2167 2075 2233 laventur,

487 2264 719 2318 quorum
767 2267 896 2306 usus
954 2261 1036 2308 cst
1080 2253 1148 2307 ad
1203 2254 1444 2324 pt'iVatas
1490 2257 1707 2312 missas.
1742 2257 1818 2312 lbi
1863 2273 2080 2328 quoque

487 2352 616 2398 tunc
648 2345 1108 2401 bebdomadarius
1138 2357 1478 2418 apportatum
1520 2349 1746 2406 calicem
1795 2351 2080 2422 diligenter

487 2437 633 2491 lavat
657 2453 796 2507 aqua
825 2438 909 2492 bis
952 2437 1124 2494 infusa
1154 2456 1167 2492 :
1199 2440 1301 2495 etsi
1355 2457 1459 2495 non
1491 2451 1572 2496 est
1609 2444 1865 2498 sacerdos
1891 2443 1970 2498 vel
2000 2443 2074 2497 lc-

484 2529 620 2596 vita,
643 2531 837 2599 quaerit
865 2531 930 2584 ad
955 2531 1056 2587 hoc
1085 2532 1194 2588 sibi
1219 2533 1481 2588 vicarium
1505 2533 1733 2589 alterius
1760 2535 1990 2601 ordinis,
2017 2547 2076 2590 ut

485 2619 539 2673 in
570 2629 759 2689 quarta
787 2620 947 2688 feria,
980 2632 1033 2676 et
1067 2622 1119 2676 in
1151 2624 1380 2679 sabbato
1430 2641 1593 2679 tnantt
1642 2625 1872 2681 interius
1910 2627 2076 2682 missa

483 2713 626 2766 bene
667 2714 719 2767 in
749 2713 915 2768 funzlo
947 2715 1062 2783 ipse
1089 2715 1229 2770 calix
1280 2715 1636 2780 confricetur,
1691 2733 1756 2771 ne
1781 2716 1922 2773 forte
1961 2718 2079 2772 oli-

484 2804 810 2872 quantulum
847 2805 1086 2862 foetiseat
1127 2817 1350 2878 propter
1385 2809 1494 2865 viui
1543 2811 1791 2865 crebram
1849 2811 2080 2867 infusiu-

485 2912 608 2951 nem
633 2915 646 2962 ;
680 2912 809 2968 ergo
840 2899 1050 2956 lavatus
1077 2911 1406 2973 reportatur,
1453 2911 1506 2960 et
1533 2918 1699 2974 super
1723 2905 2075 2962 armarioluia

484 2987 725 3057 ponitur.

555 3081 928 3139 Subdiaconus
977 3085 1238 3156 anticipat
1268 3087 1472 3158 Llavare
1521 3106 1732 3159 manus,
1763 3098 1818 3146 u-t
1865 3091 1978 3163 ipse
2007 3092 2072 3147 ad

2183 1887 2404 1941 allatam
2433 1886 2722 1956 ampullam
2755 1903 2908 1958 aqua:
2946 1891 3108 1946 simul
3139 1907 3264 1948 cum
3313 1891 3483 1947 calice
3525 1892 3608 1946 dat
3645 1892 3729 1948 dia-

2182 1993 2342 2043 cono,
2387 1985 2443 2032 ut
2476 1977 2566 2033 ille
2599 1978 2848 2033 misceat.
2896 1980 2995 2034 Dat
3024 1991 3078 2036 et
3112 1981 3361 2045 linteum,
3401 1995 3508 2052 quo
3531 1980 3650 2037 calix
3681 1981 3731 2041 de

2187 2068 2322 2124 foris
2351 2079 2593 2141 tergalur
2617 2071 2926 2142 diligenter,
2958 2086 3026 2126 ne
3052 2071 3190 2127 forte
3214 2072 3344 2142 quid
3373 2070 3484 2126 vini
3520 2069 3594 2125 vel
3610 2087 3730 2140 aquae

2181 2163 2420 2218 exterius
2459 2171 2754 2218 remaneat.
2807 2162 2964 2233 (van)
3013 2162 3078 2217 Et
3128 2162 3209 2217 sic
3247 2162 3440 2217 hostiis
3487 2175 3632 2230 super
3664 2161 3724 2215 td-

2181 2259 2296 2309 tare
2315 2253 2655 2324 compositis,
2679 2251 3042 2309 subdiaconus
3076 2271 3198 2309 ctttn
3229 2262 3424 2325 patena
3453 2263 3503 2310 et
3528 2253 3722 2323 ampulla

2181 2354 2479 2410 revertens,
2511 2352 2763 2413 patenam
2802 2344 2951 2414 ponit
2979 2360 3144 2415 super
3179 2345 3527 2399 armat-iclum
3563 2353 3609 2398 et
3628 2361 3722 2397 atu-

2178 2433 2378 2504 pullam
2438 2435 2493 2490 in
2543 2436 2667 2492 loco
2716 2431 2824 2507 quo
2879 2437 3017 2493 solet
3071 2438 3306 2494 servari.
3355 2437 3565 2508 Aecipit
3604 2438 3730 2492 aliam

2180 2538 2435 2599 patenam
2471 2540 2780 2600 argenteam
2820 2529 2960 2584 infra
2984 2531 3271 2586 scutellam
3319 2546 3536 2586 auream
3575 2545 3728 2585 recon-

2181 2621 2372 2687 ditam,
2415 2629 2469 2676 et
2511 2622 2671 2693 tergit
2718 2622 2958 2678 studiose
3001 2637 3122 2678 cum
3169 2637 3359 2694 panno
3390 2621 3732 2680 candidissimo

2181 2726 2346 2782 prope
2375 2713 2725 2768 armariolum
2753 2722 2975 2784 prottter
3003 2715 3106 2770 hoc
3134 2713 3522 2784 ipsumjugiter
3534 2712 3729 2782 penden-

2191 2816 2326 2876 tem,
2353 2817 2407 2864 et
2437 2819 2624 2879 postea
2653 2826 2776 2864 cum
2811 2809 3032 2866 linteolo
3081 2810 3315 2866 honeste
3365 2820 3420 2866 et
3469 2815 3738 2866 reverenter

2183 2899 2326 2965 hanc
2358 2900 2602 2955 involvit.
2634 2903 2654 2922 ‘
2681 2901 2898 2956 Interim
2923 2901 3185 2957 diaconus
3214 2902 3341 2956 thus
3385 2899 3453 2955 ad
3490 2901 3732 2970 imponen-

2182 2992 2309 3047 dum
2340 2993 2610 3048 sacerdoti
2635 2993 2730 3047 dat
2759 3011 2772 3048 :
2801 2993 2844 3049 si
2876 2993 3085 3064 privata
3109 3003 3192 3048 est
3221 2993 3360 3058 dies,
3383 2993 3519 3048 sicut
3539 2992 3584 3046 in
3605 2989 3738 3046 festis

2183 3082 2400 3149 diebus,
2459 3100 2755 3140 conversus
2801 3085 3029 3140 chorum
3066 3085 3322 3156 regnanti
3367 3092 3616 3155 apportet.
3641 3081 3740 3149 Quo

489 3174 850 3230 ministerium
880 3177 1064 3234 calicis
1107 3180 1176 3234 sit
1207 3191 1449 3252 paratus.
1489 3183 1660 3251 Quem
1691 3185 1908 3240 interim
1951 3186 2078 3242 dum

2189 3175 2439 3246 imposito
2471 3176 2641 3231 altare
2669 3186 2722 3231 et
2753 3175 3082 3232 sacriﬁcium
3110 3177 3372 3232 sacerdos
3401 3176 3629 3231 incensat
3655 3173 3741 3228 hoc

487 3267 835 3340 livangelium
885 3270 1078 3339 legitur
1125 3274 1395 3345 accipiens
1434 3277 1592 3333 simul
1647 3293 1767 3332 cutn
1797 3287 1989 3348 patena
2027 3286 2083 3334 et

485 3360 774 3429 corporali,
815 3363 1094 3432 experitur
1139 3366 1184 3421 si
1239 3367 1368 3437 quid
1407 3383 1560 3438 aqua!
1610 3369 1752 3424 inter
1792 3370 2079 3426 lavandum

485 3450 540 3502 in
593 3448 686 3504 illo
736 3454 1078 3520 remanserit,
1126 3463 1180 3510 et
1229 3454 1453 3512 eﬂ‘undit
1501 3458 1553 3512 in
1597 3474 1813 3514 caveam
1865 3459 1931 3514 ad
1981 3461 2081 3515 hoc

486 3539 684 3594 facta-ut
731 3539 785 3594 in
826 3545 1073 3612 proximo
1103 3545 1308 3613 altaris,
1361 3547 1501 3603 sicut
1531 3559 1585 3603 et
1622 3551 1790 3605 altera
1828 3551 1905 3605 ibi
1938 3550 2079 3606 facta

484 3641 569 3686 est
594 3633 871 3702 paululum
908 3638 1186 3705 remotius,
1221 3640 1309 3694 ubi
1343 3641 1480 3696 idem
1506 3642 1870 3698 subdiaconus
1906 3653 1961 3698 et
1989 3643 2080 3698 alii

486 3722 825 3790 Subministri
877 3742 1072 3782 manus
1124 3744 1287 3800 super
1329 3747 1446 3786 eam
1511 3731 1711 3788 lavent.
1769 3733 1888 3788 Stat
1926 3733 2079 3802 juxta

487 3818 826 3874 sacerdotem
874 3835 1045 3891 usque
1090 3821 1214 3875 dum
1251 3821 1599 3892 Evangelium
1643 3817 1881 3877 ﬁniatur.
1924 3825 2082 3880 Ponit

485 3909 769 3976 corporale
820 3925 983 3980 super
1024 3911 1258 3974 medium
1296 3912 1494 3979 altare,
1519 3913 1760 3969 anterius
1795 3914 2079 3980 accedens,

487 3997 710 4053 calicem
761 4015 976 4071 quoque
1028 4003 1268 4057 retinens
1315 4013 1370 4059 et
1423 4013 1671 4073 patenam
1722 4023 1736 4060 :
1792 4006 2082 4069 comitatur

485 4090 821 4146 sacerdotem
859 4091 1243 4161 procedentem
1300 4094 1691 4164 aliquantulum
1743 4105 1932 4151 contra
1978 4096 2083 4150 fra-

489 4192 635 4250 tres;
655 4193 714 4239 ut
741 4200 773 4244 a
797 4185 1025 4256 singulis
1061 4186 1339 4246 oiTcratur.
1759 4259 1761 4262 η

555 4275 575 4295 ⁴¹
603 4273 851 4330 Perlecto
880 4284 1060 4330 autem
1093 4275 1384 4347 Evangelio
1431 4277 1679 4333 minister
1707 4287 1908 4334 textum
1938 4278 2082 4348 ejus-

485 4367 611 4430 dem,
645 4365 922 4437 Evangelii
953 4381 983 4420 a
1014 4366 1242 4424 diacono
1291 4370 1581 4438 accipiens,
1623 4369 1690 4424 ad
1724 4370 2078 4426 osculandum

487 4456 646 4518 aﬂ‘ert
685 4458 982 4524 sacerdoti,
1013 4458 1206 4514 deinde
1238 4461 1470 4528 primum
1503 4459 1767 4515 offerenti.
1801 4460 1912 4515 lloc
1939 4477 2078 4516 scm-

485 4564 585 4619 pcr
611 4549 952 4616 observatur,
984 4550 1086 4606 nisi
1121 4551 1171 4604 in
1193 4549 1508 4614 Parasceve,
1538 4551 1662 4620 quia
1691 4560 1816 4604 tunc
1845 4550 2079 4621 perlecta

483 4641 760 4711 passione,
819 4641 1039 4708 nullus,
1107 4652 1335 4714 excepto
1397 4644 1512 4697 solo
1560 4644 1828 4708 diacono,
1877 4653 2078 4699 textum

484 4734 764 4804 Evangelii
802 4735 1100 4790 osculatur.

556 4825 848 4885 Sciendum
899 4837 1077 4882 autem
1126 4825 1266 4896 quod
1318 4827 1372 4880 in
1424 4826 1507 4881 his
1545 4828 1752 4893 diebus,
1803 4828 1854 4882 in
1884 4829 2080 4898 quibus

484 4921 612 4980 ﬁdei
659 4925 958 4995 symbolum
1012 4923 1246 4986 canitur,
1290 4921 1556 4986 minister,
1607 4923 1698 4991 qui
1744 4931 1891 4988 tunc,
1939 4927 2079 4978 sicut

483 5017 648 5072 etiam
685 5017 736 5070 in
765 5018 1016 5072 omnibus
1058 5014 1339 5070 duodecim
1371 5012 1694 5069 lectionibus
1739 5015 1888 5072 festis
1923 5025 2070 5072 tenet

484 5118 631 5174 ante,
680 5120 962 5180 exspectat
997 5126 1167 5181 usque
1206 5115 1333 5167 dum
1394 5108 1534 5166 idem
1583 5109 1884 5179 symbolum
1938 5126 2076 5180 pene

483 5202 554 5258 sit
586 5203 820 5269 ﬁnitum,
852 5212 910 5258 et
958 5212 1085 5258 tunc
1116 5204 1392 5274 accipiens
1434 5204 1676 5268 calicem,
1723 5211 1783 5258 ut
1833 5203 2078 5272 praemis-

482 5311 601 5352 sum
632 5307 734 5361 est,
783 5313 814 5351 a
857 5295 1190 5353 subdiacono
1235 5297 1288 5350 in
1322 5298 1547 5352 eandem
1599 5313 1840 5361 caveam,
1875 5297 1918 5352 si
1947 5297 2076 5364 quid

483 5389 551 5443 de
600 5405 740 5458 aqua
793 5389 1129 5455 remanebat,
1186 5389 1442 5454 infundit,
1476 5399 1532 5446 et
1576 5390 1642 5446 de
1692 5404 1858 5458 super
1903 5387 2074 5443 altare

482 5478 767 5548 corporale
800 5480 970 5546 ponit.
1013 5497 1104 5534 un.
1152 5480 1197 5534 A
1237 5481 1464 5536 diacono
1522 5496 1665 5550 aqua
1695 5488 1749 5534 et
1794 5487 2072 5534 manuter-

483 5567 630 5637 giutn
656 5575 992 5638 apportatur,
1017 5579 1071 5626 et
1097 5582 1408 5628 reverenter
1429 5573 1735 5627 exhibetur.
1760 5569 1859 5637 Qui
1883 5570 2076 5626 lavatis

2112 4501 2160 4558 D

2183 3265 2341 3320 modo
2374 3283 2389 3320 :
2424 3265 2477 3320 itt
2509 3266 2698 3336 primis
2728 3265 2904 3320 tribus
2947 3266 3158 3322 vicibus
3192 3265 3442 3320 incensat
3493 3267 3541 3318 in
3577 3263 3738 3318 faciem

2185 3358 2394 3424 altaris,
2430 3359 2623 3413 deinde
2665 3358 2795 3414 facit
2825 3369 2933 3412 tres
2974 3372 3166 3412 cruces
3198 3373 3323 3412 cum
3351 3357 3533 3412 eodem
3555 3356 3739 3410 incenso

2184 3443 2348 3519 super
2371 3449 2724 3515 sacriﬁcium,
2757 3458 2876 3518 post
2908 3448 3025 3502 lucc
3075 3463 3238 3518 super
3285 3456 3568 3516 utrumque
3592 3461 3735 3500 cornu

2186 3540 2378 3595 altaris
2409 3555 2504 3611 per
2536 3550 2647 3596 tres
2685 3541 2830 3596 vices
2882 3544 3128 3595 inccnsat
3170 3549 3440 3611 quantum
3478 3548 3638 3610 potest
3661 3554 3740 3594 ex-

2186 3633 2407 3695 tendere
2439 3649 2622 3688 manu.

2255 3724 2392 3798 (ιω.)
2425 3725 2550 3795 (109
2580 3725 2643 3796 ⁸)
2670 3724 2804 3780 Cum
2845 3734 3024 3779 autem
3069 3724 3273 3780 dixerit
3321 3735 3450 3780 ante
3497 3721 3732 3795 praefatio-

2134 3815 2136 3818 ’
2183 3834 2306 3874 nem
2334 3836 2346 3872 :
2379 3817 2486 3873 Per
2515 3819 2692 3873 omnia
2732 3817 2927 3872 sazcnlu
2955 3816 3295 3879 swculornm.
3326 3826 3456 3874 tunc
3489 3816 3615 3870 venit
3635 3814 3732 3867 dia-

2186 3925 2356 3966 conus
2415 3919 2563 3965 retro
2609 3919 2756 3964 stare
2811 3918 2934 3980 post
2993 3908 3364 3971 sacerdotem,
3417 3907 3740 3963 subdiaconus

2186 4008 2312 4054 ante
2341 3999 2567 4070 gradum
2592 3999 2644 4052 in
2678 3998 2795 4070 ipso
2820 4012 3042 4054 accessu
3067 4006 3260 4052 contra
3286 3997 3460 4052 altare
3485 3997 3740 4056 inclinans,

2183 4091 2325 4160 quod
2349 4099 2402 4147 et
2432 4090 2681 4146 minister
2716 4091 2769 4144 in
2813 4089 3101 4146 duodecim
3128 4090 3456 4145 lectionibus
3483 4099 3558 4144 est
3583 4088 3739 4141 factu-

2185 4200 2300 4249 rus,
2334 4183 2516 4253 ibique
2543 4192 2654 4254 stat
2679 4197 2892 4237 sursum
2927 4192 3116 4238 tenens
3139 4191 3416 4252 patenam,
3449 4181 3518 4236 ita
3544 4190 3596 4233 ut
3621 4193 3737 4248 pra:-

2187 4278 2411 4334 missum
2451 4286 2554 4342 est,
2586 4287 2923 4346 coopertum.
2957 4275 3114 4330 Stant
3157 4285 3341 4329 autem
3377 4260 3560 4339 erecti,
3590 4286 3741 4340 usque

2183 4370 2310 4426 dum
2361 4371 2428 4424 ad
2477 4369 2580 4424 hoc
2618 4379 2838 4422 ventum
2887 4367 3069 4431 fuerit,
3111 4375 3172 4420 ut
3229 4375 3481 4422 cantetur
3523 4361 3740 4422 Sanctus,

2187 4461 2438 4525 Sanctus,
2473 4462 2722 4516 Sanctus.
2754 4459 2946 4514 Postea
2976 4457 3219 4514 inclinati
3245 4472 3367 4512 esse
3394 4456 3594 4518 debent,
3615 4463 3664 4508 et
3687 4451 3744 4503 ad

2187 4554 2488 4610 orationem
2515 4553 2729 4618 intenti,
2755 4567 2926 4622 usque
2948 4553 3072 4606 dum
3102 4565 3201 4620 per
3222 4552 3550 4606 sacerdotem
3579 4544 3741 4598 Donti~

2186 4647 2310 4702 nica
2337 4646 2515 4701 oratio
2543 4647 2614 4699 sit
2641 4644 2811 4697 ﬁnita.
2838 4643 2891 4697 ltt
2919 4655 3244 4714 quacunque
3268 4651 3450 4695 autem
3474 4629 3741 4692 incessione

2186 4741 2552 4798 Subdiaconus
2577 4749 2631 4793 et
2664 4737 2912 4792 minister
2940 4736 3165 4791 omnino
3195 4735 3401 4790 debent
3445 4745 3643 4796 cavere,
3687 4740 3743 4780 ne

2187 4833 2338 4904 prius
2370 4841 2490 4902 post
2513 4831 2852 4885 sacerdotem
2878 4828 3114 4890 veniant,
3155 4841 3320 4895 quam
3347 4826 3614 4886 diaconus,
3645 4818 3747 4872 ubi-

2186 4937 2401 4993 cunque
2426 4921 2811 4983 inccnsaverit,
2843 4917 3048 4973 redeat.
3081 4916 3247 4972 Notat
3279 4932 3492 4987 quoque
3511 4915 3745 4968 diaconus

2191 5015 2408 5084 quando
2444 5014 2701 5071 sacerdos
2738 5014 2878 5068 inter
2919 5025 3180 5067 canonem
3235 5025 3294 5066 se
3327 5004 3668 5065 inclinaveril»
3697 5007 3749 5054 υι

2182 5117 2366 5177 postea
2399 5121 2520 5162 eum
2553 5105 2644 5160 illo
2671 5121 2729 5160 se
2743 5106 2936 5174 erigat,
2962 5103 3302 5174 calicetnque
3341 5114 3465 5155 cum
3491 5112 3551 5151 eo
3585 5093 3746 5147 disco-

2143 5205 2147 5210 ’
2183 5204 2413 5274 operiat,
2453 5212 2508 5258 et
2537 5216 2658 5258 cum
2691 5199 2901 5254 levante
2939 5197 3104 5261 levet,
3140 5198 3446 5265 iterumque
3474 5188 3747 5262 repositum

2185 5293 2489 5362 cooperiat;
2543 5291 2696 5362 prius
2739 5299 2920 5342 tamen
2970 5286 3023 5340 in
3071 5286 3188 5355 ipso
3235 5300 3456 5341 accessu
3492 5278 3748 5337 osculatur

2187 5386 2376 5450 altare,
2404 5399 2468 5438 ac
2499 5381 2696 5438 deinde
2731 5379 3030 5434 sacerdotis
3057 5379 3343 5434 brachium
3393 5391 3577 5446 parum
3621 5367 3746 5426 inira

2189 5475 2504 5530 lmmellum.
2536 5472 2744 5529 Deinde
2769 5479 2892 5542 post
2919 5471 3258 5526 Dominicam
3297 5468 3587 5524 orationem
3625 5461 3749 5518 aecio

2185 5568 2263 5637 pit
2289 5581 2318 5620 a
2350 5564 2688 5620 subdiacono
2716 5572 2966 5634 patenam
3006 5565 3080 5618 ita
3113 5581 3238 5618 cum
3284 5559 3492 5616 linteolo
3538 5558 3756 5611 daturus

563 5745 686 5826 (109.
724 5747 748 5780 ”
779 5746 795 5815 )
829 5745 1013 5802 Variat
1062 5747 1169 5813 hic,
1216 5763 1335 5802 cum
1392 5747 1582 5817 integri
1609 5747 1634 5820 ξ
1665 5746 1710 5817 §.
1756 5724 2088 5806 aWillzclmo
2136 5751 2225 5823 qui
2259 5752 2310 5806 in
2341 5750 2526 5818 codice
2559 5748 2801 5807 Udalrici
2827 5746 3121 5816 habentur,
3152 5746 3336 5803 omissi
3373 5745 3489 5802 sint.
