3890 6314
145 311 292 395 μηδ’

141 449 375 513 sacerdoti
405 447 693 505 osculando
725 464 943 506 manum
975 449 1113 522 ejus,
1141 455 1279 511 sicut
1303 468 1356 514 et
1396 460 1680 516 subdiaco-
1710 465 1756 522 A

141 559 223 598 nus
252 542 363 596 sibi.
397 541 658 597 Sacerdos
689 551 866 598 autem
894 545 1045 614 ponit
1079 561 1199 601 eam
1232 549 1300 604 ad
1334 542 1524 619 pedem
1547 551 1678 607 cali-

139 625 220 699 cis,
248 643 298 690 et
327 644 598 704 postquam
640 634 862 706 fregerit
895 621 1335 706 hostiam,uuam
1363 643 1673 714 portiuncu-

138 727 223 782 lam
265 731 341 796 (ut
387 725 500 782 mos
526 736 606 780 est
643 728 932 800 generalis)
978 731 1144 788 mittit
1175 733 1227 788 in
1258 735 1510 802 calicem,
1541 737 1677 794 duas

137 830 274 883 Super
303 827 566 886 patenam,
624 828 680 873 et
711 835 832 873 cum
875 823 1164 892 corporali,
1191 826 1674 899 legitqutruutque.

140 906 266 962 Prius
296 916 470 963 autem
498 923 661 978 super
689 909 863 980 ipsuut
903 915 1129 970 calicem
1173 897 1370 989 digitos
1394 897 1680 993 diligenter

136 999 328 1063 excutit,
375 1015 437 1054 ne
469 1000 593 1070 quid
626 1003 765 1057 forte
793 1003 938 1060 inter
965 1005 1318 1080 frangendum
1347 1012 1415 1068 de
1453 1028 1680 1084 corpore

137 1089 316 1144 Domini
349 1091 654 1148 adhaescrit.
700 1095 908 1160 Quibus
937 1097 1114 1154 adhuc
1143 1117 1266 1156 cum
1298 1105 1445 1159 omni
1501 1105 1680 1161 studio

137 1183 327 1252 clausis,
356 1195 408 1239 et
437 1185 504 1240 ad
529 1195 718 1256 pectus
739 1189 1025 1259 applicatis
1053 1191 1101 1263 (l
1117 1195 1134 1248 l
1150 1194 1227 1263 0),
1249 1196 1469 1252 brachio
1491 1199 1681 1254 dextro

136 1295 271 1351 super
296 1282 567 1338 sinistrum
599 1283 796 1356 posito,
829 1285 1062 1356 primum
1109 1289 1342 1348 diacono
1375 1302 1431 1348 et
1466 1296 1684 1351 subdia-

135 1387 247 1428 couo
279 1382 382 1428 tum
407 1374 569 1430 etiam
622 1379 877 1433 ministro
925 1383 1018 1436 dat
1065 1400 1276 1454 pacem,
1305 1395 1359 1442 et
1389 1387 1433 1442 si
1463 1388 1588 1458 quid
1618 1390 1683 1444 de

135 1467 326 1536 corpore
389 1468 596 1524 Domini
652 1484 969 1539 remaneat,
1004 1476 1106 1532 hoc
1144 1477 1256 1548 ipse
1313 1479 1564 1550 accipiat.
1616 1481 1685 1536 Et.

135 1567 289 1628 postea
334 1560 614 1615 descendit
669 1574 888 1632 propter
923 1557 1092 1635 ipsam
1132 1584 1322 1639 pacem
1362 1573 1431 1626 ad
1463 1571 1680 1637 fratres,

137 1649 228 1718 ipso
247 1649 459 1704 diacono
490 1650 710 1706 interim
743 1670 909 1726 prope
939 1656 1113 1714 altare
1152 1669 1353 1726 stante,
1385 1673 1439 1716 et
1482 1679 1552 1718 ne
1577 1677 1682 1732 qua

135 1741 420 1812 negligentia
461 1742 518 1798 in
569 1743 859 1800 Doruiuico
882 1762 1108 1818 corpore
1137 1749 1221 1805 vel
1254 1753 1517 1824 sanguine
1551 1769 1684 1808 cou-

135 1831 276 1902 tingat
301 1831 636 1903 providente.
674 1834 780 1892 Scd
818 1838 1184 1895 subdiacOnus
1220 1820 1471 1912 pateuam
1502 1845 1568 1898 ad
1595 1859 1684 1900 ca-
1719 1820 1758 1880 Β

134 1921 257 1975 licem
303 1923 693 1994 pertinentem,
723 1942 885 1996 quam
917 1929 1095 1998 posuit
1125 1946 1286 2002 super
1307 1934 1680 2002 armariolum,

135 2027 394 2084 reportans,
425 2019 594 2073 simul
625 2035 748 2074 cum
791 2018 1015 2077 linteolo
1040 2023 1199 2093 ponit
1230 2039 1389 2096 super
1413 2026 1606 2093 altare,
1631 2040 1687 2082 et

135 2119 284 2176 postea
311 2120 416 2166 stat
453 2112 679 2169 inclinis
708 2111 774 2166 ad
814 2116 1269 2186 supplicationem
1301 2119 1368 2174 ad
1397 2134 1567 2175 cornu
1602 2121 1681 2175 al-

135 2200 240 2255 laris
277 2203 546 2268 dextrum,
593 2219 765 2273 usque
795 2204 918 2259 dum
953 2207 1142 2263 redeat
1172 2209 1446 2266 sacerdos.
1479 2210 1580 2278 Qui
1610 2227 1687 2266 re-

133 2291 261 2346 diens
300 2295 703 2364 portiunculam
749 2296 1016 2355 Dmniuici
1052 2304 1293 2370 corporis
1340 2303 1594 2373 accipiat,
1623 2320 1688 2360 ac

133 2383 291 2440 deinde
318 2397 767 2458 patennnt,super
793 2407 954 2462 quant
987 2406 1184 2462 corpus
1214 2395 1343 2448 Dom
1369 2396 1422 2448 ui
1450 2405 1531 2451 est
1556 2396 1690 2452 divi-

135 2473 355 2543 dendum,
400 2479 576 2533 mittit
614 2481 667 2534 in
697 2483 1005 2550 scutellam,
1032 2500 1194 2555 quam
1227 2486 1472 2544 miniSIer
1503 2487 1688 2544 altaris

141 2565 324 2623 allatam
362 2569 427 2625 de
451 2570 779 2628 'armariolo
833 2585 978 2628 tenet
1033 2590 1198 2646 super
1251 2578 1686 2645 reclinatorinm;

133 2657 300 2714 deinde
331 2673 426 2716 'est
486 2662 545 2716 iu
595 2666 817 2719 dextera
867 2676 1021 2736 parte
1077 2666 1285 2734 altaris,
1339 2680 1558 2739 propter
1588 2671 1691 2725 hoc

135 2751 329 2808 maxime
360 2752 570 2810 ibidem
603 2754 808 2812 factum
844 2758 987 2813 inter
1007 2760 1142 2816 duas
1167 2761 1358 2818 ciborii
1383 2763 1688 2832 columnas,

135 2843 282 2899 statim
313 2846 550 2904 diacono
579 2864 777 2918 corpus
804 2851 1014 2907 Domini
1042 2855 1230 2911 tribuit
1262 2871 1326 2912 ac
1354 2857 1550 2913 deinde
1579 2858 1692 2928 ipse

135 2938 408 3006 Sanguinem
449 2943 647 3006 sumit,
678 2952 726 2998 et
761 2943 985 3001 calicem
1017 2945 1248 3004 diacono
1271 2948 1386 3003 dat.
1427 2948 1560 3004 Cum
1585 2965 1691 3018 quo

135 3024 327 3086 illemox
354 3032 406 3087 iu
436 3043 842 3102 competentem
893 3025 1069 3093 locum
1099 3041 1326 3106 secedit,
1365 3053 1428 3096 ιιι
1473 3042 1610 3112 ipse,
1639 3053 1692 3097 ct

133 3118 168 3170 si
203 3121 308 3188 quis
334 3123 398 3178 de
435 3123 710 3181 fratribus
740 3122 940 3196 corpus
969 3128 1184 3185 Domini
1210 3133 1463 3202 sumpsit,
1501 3134 1568 3188 de
1596 3148 1690 3189 eo-

130 3208 518 3298 det'nsauguiue
549 3217 758 3281 Domini
789 3223 1191 3280 communicare
1215 3225 1444 3294 possint.

184 3303 365 3362 Deinde
406 3323 546 3364 vero
577 3310 1174 3381 subdiaconus-corpus
1219 3315 1435 3371 Domini
1468 3317 1690 3388 accipit,

131 3404 303 3467 etpost
335 3414 454 3455 eum
486 3414 683 3457 omnes
712 3403 803 3471 qui
826 3403 1056 3473 ;vol.uut,
1089 3422 1153 3462 ac
1188 3408 1482 3463 novissime
1532 3409 1695 3463 mini-

130 3499 237 3557 ster,
274 3492 360 3561 qui
405 3502 566 3548 tenet
626 3494 932 3562 scutellam,
990 3496 1034 3551 si
1067 3498 1197 3568 quid
1230 3506 1508 3565 remanet;
1544 3500 1696 3568 prius

131 3589 276 3637 tamen
315 3586 538 3641 veniam
571 3593 800 3656 petunt;
833 3596 888 3642 et
926 3588 1019 3658 qui
1053 3575 1120 3644 in.
1151 3589 1289 3645 albis
1312 3589 1394 3645 vel
1430 3591 1482 3645 in
1511 3590 1698 3660 cappis

129 3683 230 3726 sunt
258 3685 457 3732 tantum
496 3692 558 3732 se
582 3693 743 3747 super
775 3693 967 3734 manus
995 3681 1357 3748 submittunt;
1385 3681 1480 3736 sed
1501 3690 1690 3751 postea

130 3767 308 3822 veniam
335 3771 534 3841 petere
577 3771 657 3826 vel
693 3770 887 3827 saltem
934 3785 1150 3843 quoque
1189 3773 1455 3828 inclinare
1483 3772 1694 3829 devita-

130 3856 306 3925 tabunt,
330 3861 502 3916 etiam
534 3862 580 3916 si
601 3861 834 3916 domnus
862 3862 1002 3917 abba
1032 3861 1136 3916 illis
1165 3863 1698 3934 obviaverit,quous-

128 3959 213 4013 que
250 3949 311 4005 de
345 3951 474 4007 vino
502 3950 760 4006 biberint.
786 3952 994 4006 Debent
1023 3960 1205 4007 autem
1231 3951 1428 4022 singuli
1456 3952 1698 4007 scutellte

128 4039 189 4093 ita
215 4058 265 4097 se
293 4044 615 4117 adiungere,
666 4053 723 4099 ιιι
766 4043 812 4100 si
857 4045 1000 4100 forte
1049 4044 1192 4098 inter
1232 4043 1556 4100 sumendum
1599 4044 1718 4110 ali-_

128 4135 312 4199 quando
335 4152 545 4207 corpus
572 4136 784 4191 Dotnini
825 4135 908 4192 vel
947 4139 1011 4192 de
1037 4151 1132 4191 ore
1162 4136 1446 4201 sumentis,
1497 4135 1583 4190 vel
1632 4136 1699 4191 de

128 4235 264 4278 manu
293 4225 590 4281 tribuentis
622 4225 830 4296 lapsum
859 4226 1046 4290 fuerit,
1074 4229 1186 4302 n'on_
1210 4226 1313 4281 nisi
1341 4227 1391 4281 in
1417 4225 1698 4282 scutellam

127 4311 294 4371 cadere
331 4317 538 4386 possit.
569 4313 626 4370 Si
656 4316 722 4371 de
750 4317 856 4371 alio
879 4316 1047 4371 choro
1074 4316 1480 4371 communicare
1515 4315 1698 4370 voluc-

128 4403 208 4469 rit,
229 4422 384 4481 quam
412 4411 482 4465 de
508 4423 594 4473 eo,
633 4409 686 4462 in
715 4424 821 4478 quo
859 4407 1107 4475 oll‘ertur,
1142 4407 1612 4477 accepta'licentia
1645 4408 1699 4463 in

1166 403 1172 407 _
1232 316 1646 400 ceusrrrur.
1676 297 2001 402 lllRSAUG.
2026 377 2095 386 —
2123 344 2248 400 Lm.
2283 345 2346 400 ι..

1721 3172 1762 3230 C

3229 354 3364 413 1014

1784 459 1978 528 fundit,
2018 478 2141 518 cum
2187 468 2503 533 sanguinem
2537 463 2730 525 deinde
2759 483 2790 522 a
2844 468 3152 524 bibentibus
3194 470 3364 526 minui

1779 555 1993 610 viderit.
2033 556 2160 612 Inde
2191 570 2428 626 quoque,
2463 573 2585 612 cum
2617 560 2848 628 primum
2874 574 2933 615 se
2960 561 3082 616 Inde
3116 561 3367 632 expedie-

1779 643 1872 708 rit,
1899 654 1950 699 et
1992 644 2239 701 ultimum
2263 645 2326 700 ad
2369 645 2539 700 altare
2585 649 2985 705 communicare
3005 651 3363 724 perspexerit,

1781 739 2054 808 accipiens
2079 739 2312 794 alterum
2357 741 2580 796 calicem
2632 741 2701 796 de
2753 744 3068 810 armariolo,
3097 745 3368 802 sacerdoti

1782 829 1847 881 ad
1882 829 2178 886 abluendos
2221 830 2272 884 in
2324 845 2390 886 eo
2423 830 2621 900 digitos
2651 831 2814 889 simul
2843 849 2962 888 cum
2995 835 3230 904 ampulla
3258 836 3370 910 viui

1781 928 2054 992 apportat,
2079 935 2143 976 ac
2183 921 2358 990 primo
2391 919 2667 991 paululum
2696 922 2806 978 vini
2842 924 3016 978 eidem
3049 939 3210 994 super
3233 941 3368 997 qua-

1786 1022 1907 1068 tuor
1934 1011 2156 1083 digitos,
2184 1011 2379 1082 quibus
2405 1027 2604 1082 corpus
2636 1013 2846 1069 Domini
2875 1012 3132 1084 fregerat,
3172 1014 3368 1071 fundit.

1784 1105 1938 1174 Quod
1976 1105 2251 1167 sacerdos,
2315 1115 2600 1176 postquam
2657 1107 2889 1162 ebiberit
2918 1107 3096 1163 adhuc
3137 1111 3373 1164 secundo

1783 1202 1925 1271 quod
1973 1198 2270 1257 infunditur
2305 1201 2483 1268 bibit,
2531 1209 2592 1258 ut
2652 1210 2708 1259 et
2761 1199 2853 1258 ille
2903 1201 3043 1258 calix
3101 1211 3376 1276 utcunque

1783 1291 2055 1346 abluatur.

1856 1383 2150 1454 Postquam
2179 1400 2371 1442 omnes
2403 1375 2686 1442 Dominico
2717 1386 2969 1457 sanguini
3005 1385 3374 1442 communica-

1785 1474 1962 1529 verint
2015 1474 2104 1544 qui
2158 1489 2357 1544 corpus
2406 1476 2622 1531 Domini
2677 1486 3026 1546 acceperant,
3083 1476 3377 1532 novissime

1794 1563 2046 1620 ministro
2072 1563 2333 1633 defertur,
2368 1573 2425 1620 ut
2453 1575 2508 1621 et
2535 1566 2648 1636 ipse
2678 1567 2744 1622 de
2772 1569 2960 1623 eodem
2995 1567 3210 1622 Domini
3247 1582 3376 1621 sau-

1786 1654 1949 1724 guine
2003 1654 2168 1722 bibat,
2225 1657 2269 1711 si
2321 1669 2499 1712 tamen
2551 1672 2748 1727 corpus
2788 1658 3000 1713 Domini
3043 1670 3326 1730 acceperat
3357 1645 3377 1713 ἐ

1787 1761 1913 1800 nam
1945 1762 2010 1801 ex
2043 1763 2139 1802 usu
2179 1764 2286 1802 non
2319 1750 2708 1815 communicat,
2742 1749 2844 1804 nisi
2883 1749 3059 1819 aliqua
3095 1765 3220 1820 pars
3257 1764 3378 1806 cor-

1789 1841 1934 1910 poris
1972 1841 2184 1896 Domini
2216 1852 2518 1897 remaneat.
2551 1842 2771 1899 lnterim
2809 1859 2937 1900 vero
2969 1845 3230 1900 diaconus
3257 1860 3379 1900 cor-

1787 1930 1990 1999 poralia
2016 1932 2326 2003 complicat,
2351 1933 2651 2005 tollensque
2675 1945 2946 2005 patenam,
2974 1952 3135 2007 quam
3159 1937 3381 1993 subdia-

1787 2037 1957 2077 conus
2011 2025 2190 2091 posuit
2240 2040 2406 2094 super
2457 2024 2648 2092 altare,
2709 2027 2800 2082 dat
2847 2027 3022 2082 eidem
3071 2029 3210 2083 hanc
3255 2043 3377 2082 cum

1788 2112 2076 2182 corporali.
2128 2114 2331 2170 Eodem
2367 2126 2645 2172 momento
2675 2117 2924 2173 minister
2950 2120 3146 2189 accipit
3183 2120 3382 2174 scutel-

1793 2204 1922 2271 lam,
1955 2204 2008 2259 in
2041 2221 2145 2277 qua
2173 2215 2260 2263 est
2287 2216 2545 2278 argentea
2577 2219 2791 2278 patena,
2835 2219 2888 2266 et
2920 2219 3027 2266 tam
3063 2211 3174 2284 ipse
3215 2227 3382 2282 quam

1798 2296 1886 2352 ille
1920 2297 2012 2368 qui
2042 2297 2267 2355 calicem
2301 2308 2464 2364 tenet,
2489 2302 2648 2356 ambo
2680 2303 2941 2357 recedunt
2966 2312 3110 2357 retro
3141 2312 3259 2372 post
3290 2318 3378 2358 sa-

1790 2377 2066 2445 cerdotem
2115 2398 2353 2456 stantes;
2399 2392 2488 2462 qui
2536 2406 2658 2446 cum
2693 2392 2862 2448 calice
2889 2405 3081 2448 contra
3125 2393 3380 2448 dextrum

1791 2496 1958 2536 cornu
2003 2481 2215 2548 altaris,
2255 2484 2347 2553 qui
2400 2499 2522 2539 cum
2569 2483 2790 2540 seutella
2843 2493 3032 2540 contra
3079 2481 3380 2540 sinistrum.

1791 2571 1992 2628 Contra
2023 2589 2159 2644 quos
2190 2575 2316 2630 illuc
2343 2575 2660 2631 secedentes
2689 2586 2829 2632 totus
2851 2585 3150 2632 conventus
3171 2592 3266 2648 pro
3296 2593 3383 2631 re-

1793 2667 2036 2722 verentia
2096 2667 2360 2723 Dominici
2413 2669 2659 2738 corporis
2717 2679 2772 2724 et
2837 2670 3119 2741 sanguinis
3169 2669 3382 2753 vepiam

1795 2759 1945 2830 petit.
1995 2758 2086 2814 llle
2135 2770 2314 2816 autem
2371 2764 2464 2832 qui
2520 2771 2702 2831 portat
2729 2763 3143 2832 candelabrum,
3194 2773 3382 2833 postea

1793 2867 1955 2922 quam
2008 2851 2266 2908 sacerdos
2315 2868 2346 2908 a
2397 2868 2529 2924 pace
2561 2853 2807 2922 redierit,
2848 2870 3063 2910 sursum
3103 2855 3208 2910 hoc
3241 2862 3388 2913 tenet

1798 2941 2056 3004 levatum,
2085 2956 2184 2996 nec
2209 2943 2361 3012 prius
2384 2943 2486 2998 hoc
2515 2943 2752 3014 deponit,
2781 2959 2943 3012 quam
2974 2953 3096 3013 post
3137 2959 3386 3016 commu-

1797 3033 2013 3088 nionem
2039 3034 2215 3102 prima
2253 3035 2478 3092 collecta
2505 3036 2841 3091 inchoaverit
2872 3037 3034 3093 liuiri.
3080 3037 3198 3092 Mox
3220 3038 3388 3094 etiam

1795 3138 1993 3198 pateua
2025 3125 2184 3181 simul
2215 3144 2338 3183 cum
2367 3127 2536 3185 calice
2563 3129 2632 3184 ad
2662 3129 3015 3186 armariolum
3047 3138 3387 3199 reportatur;

1799 3220 1889 3276 ubi
1921 3221 2324 3292 quantumlibet
2353 3221 2424 3275 sit
2444 3220 2590 3276 clara
2624 3222 2762 3287 dies,
2799 3233 2979 3278 tamen
3005 3237 3127 3276 cum
3158 3221 3389 3278 candela

1797 3321 2094 3380 utrumque
2126 3311 2543 3381 diligentissime
2585 3311 2959 3366 consideratur
2996 3327 3025 3364 a
3061 3310 3392 3367 subdiacono

1797 3413 1854 3456 ct
1880 3401 1984 3457 alio
2008 3403 2294 3463 servitore.
2325 3403 2368 3457 si
2398 3403 2527 3472 quid
2558 3403 2700 3458 forte
2726 3403 3148 3458 minutissimtm
3174 3418 3391 3458 reman-

1799 3490 1936 3547 serit
1967 3491 2032 3546 de
2063 3507 2293 3560 corpore
2340 3492 2576 3546 Domini.
2611 3491 2675 3546 Et
2706 3491 2751 3546 si
2785 3507 2943 3561 quam
2977 3493 3234 3563 majorem
3266 3508 3394 3562 par-

1801 3593 1907 3636 tem
1956 3582 2206 3636 minister
2235 3581 2437 3637 vidcrit
2491 3583 2846 3650 remansisse,
2895 3583 3034 3637 hanc
3069 3599 3173 3638 non
3225 3584 3395 3654 tangit

1801 3689 1985 3739 manu,
2020 3675 2113 3729 sed
2169 3673 2352 3745 lingua
2402 3681 2610 3728 tantum
2661 3674 2805 3730 levat
2833 3684 2887 3728 et
2917 3676 3114 3741 sumit;
3168 3673 3212 3729 si
3246 3675 3394 3746 prius

1805 3772 1984 3817 tamen
2021 3763 2134 3834 ipse
2175 3764 2596 3819 communicavit
2624 3781 2637 3817 :
2665 3763 2808 3834 quod
2852 3765 2894 3820 si
2943 3781 3049 3819 non
3080 3761 3393 3826 fecit,‘suh-

1806 3855 2066 3910 diaconus
2091 3856 2218 3912 illud
2243 3856 2501 3912 absumit.
2529 3855 2728 3912 Verum
2757 3858 2872 3912 sive
2893 3858 3022 3927 quid
3050 3857 3414 3917 rcmauserit.’

1801 3947 1915 4002 sive
1952 3947 2106 4013 nihil,
2159 3964 2265 4003 non
2301 3957 2480 4004 tamen
2525 3949 2631 4005 hoc
2660 3949 2968 4020 negligitur,
3002 3963 3058 4006 ut
3089 3959 3310 4020 pateua,
3343 3951 3396 4004 in

1801 4054 1905 4108 qua
1934 4053 2130 4107 corpus
2150 4038 2368 4120 Domini
2400 4049 2483 4094 est
2513 4040 2766 4105 divisum,
2799 4041 3003 4095 duabus
3031 4041 3237 4096 vicibus
3266 4056 3392 4095 eum

1803 4131 1928 4185 vino
1958 4131 2272 4186 cautissime
2305 4131 2540 4197 lavetur,
2578 4133 2721 4201 quod
2745 4146 2776 4186 e
2807 4131 2976 4186 calice
3008 4147 3172 4201 super
3198 4132 3397 4186 scutel-

1803 4221 1906 4274 lam
1939 4223 2114 4291 posito
2144 4231 2420 4292 receptum
2445 4235 2551 4276 nou
2581 4223 2774 4277 minori
2799 4223 3106 4277 reverentia
3127 4221 3396 4287 ebibitur,

1803 4329 1964 4382 qttam
1997 4313 2040 4368 si
2074 4323 2218 4368 esset
2248 4314 2364 4383 ipse
2394 4312 2615 4383 sanguis
2641 4321 3011 4369 consecratus.

1878 4403 2162 4460 Recedcus
2207 4414 2386 4460 autem
2416 4406 2484 4460 ab
2535 4404 2692 4458 altari
2729 4408 3006 4470 sacerdos,
3064 4406 3156 4460 dat
3200 4405 3396 4464 librum

125 4499 291 4556 ordine
321 4519 418 4558 suo
457 4502 530 4557 ad
557 4517 745 4571 pacem
783 4509 838 4556 et
863 4503 930 4556 ad
974 4501 1415 4557 communionem
1466 4499 1694 4555 accedit.
1731 4517 1778 4576 υ
1808 4495 2078 4549 tuissalem
2111 4495 2338 4550 diacono
2379 4495 2784 4566 reportaudmn.
2834 4493 3047 4554 Stolam
3080 4495 3192 4572 ipse
3245 4509 3396 4552 com-

127 4587 175 4644 Si
214 4593 330 4662 quis
358 4611 496 4650 vero
525 4595 592 4650 dc
633 4595 798 4649 choro
824 4606 924 4650 suo
975 4594 1028 4648 in
1072 4594 1302 4647 alterum
1359 4593 1577 4647 chorum
1632 4593 1700 4648 ad

126 4683 325 4741 missam
350 4687 694 4758 irejuhetur,
726 4688 815 4743 hic
839 4704 941 4742 non
975 4687 1092 4742 sine
1115 4686 1332 4742 licentia
1359 4701 1478 4740 cum
1511 4687 1698 4740 eodem

124 4774 271 4832 choro
304 4779 372 4835 ad
409 4795 600 4851 pacem
632 4787 687 4834 et
736 4779 802 4834 ad
841 4778 1274 4834 communionem
1321 4777 1552 4842 accedit,
1598 4777 1700 4833 nisi

124 4876 347 4930 perstare
369 4869 591 4924 debeat.
620 4867 678 4924 Si
713 4884 844 4924 vero
868 4884 931 4924 ea
955 4869 1040 4924 die
1069 4869 1173 4922 hoc
1197 4868 1248 4922 iu
1272 4869 1440 4923 choro
1463 4883 1564 4924 suo
1585 4869 1700 4940 agi-

125 4964 218 5024 tur,
247 4976 438 5030 pacem
489 4963 648 5018 debet
685 4962 952 5034 accipere,
983 4973 1038 5017 et
1087 4963 1130 5017 si
1162 4962 1295 5030 vult,
1342 4975 1520 5036 potest
1558 4978 1704 5018 com-

126 5055 411 5112 municare.
518 5126 529 5136 _
1224 5051 1226 5054 ’

185 5142 489 5202 Notandum
521 5158 721 5215 autem,
773 5153 912 5219 quod
969 5151 1115 5204 omni
1171 5150 1382 5220 privata
1441 5151 1548 5215 die,
1601 5165 1704 5205 non

123 5233 289 5300 plures
331 5253 500 5308 quant
541 5239 782 5308 quinque
822 5254 884 5292 ex
936 5241 1323 5295 consuetudine
1357 5243 1422 5295 ad
1469 5255 1705 5295 commu-

124 5326 400 5383 nicandum
453 5335 770 5399 procedunt,
813 5349 935 5388 cum
991 5332 1181 5387 hostia:
1213 5335 1436 5386 tantum
1490 5333 1541 5385 in
1577 5335 1708 5384 'tres

121 5429 291 5486 partes
347 5421 682 5477 dividantur.
750 5424 1040 5495 Postquam
1100 5434 1280 5479 autem
1345 5422 1706 5478 subdiaconus

123 5524 309 5582 corpus
343 5513 560 5570 Domini
601 5517 894 5586 acceperit,
928 5516 1113 5571 statim
1156 5516 1221 5568 ad
1250 5514 1533 5568 diaconum
1580 5529 1702 5568 cum

123 5607 384 5663 arundine
427 5616 483 5663 et
508 5609 740 5680 ampulla
774 5608 936 5674 venit,
969 5607 1035 5664 de
1060 5622 1162 5676 qua
1193 5606 1375 5659 viuum
1410 5604 1460 5657 iu
1487 5601 1706 5658 calicem

1806 4586 1990 4656 plicat,
2020 4585 2119 4639 nisi
2143 4583 2280 4640 forte
2303 4586 2391 4650 sit,
2419 4596 2474 4640 ιιι
2501 4586 2551 4640 itt
2584 4584 2733 4640 festis
2760 4585 3070 4656 praecipuis,
3092 4587 3351 4644 deaurata
3377 4603 3394 4650 ;

1809 4689 1934 4734 tunc
1983 4679 2127 4734 enim
2177 4687 2259 4734 est
2310 4694 2341 4732 a
2397 4679 2626 4734 sacrista
2664 4679 3052 4749 complicanda.
3111 4677 3400 4735 Sciendum

1812 4780 2016 4837 autem,
2069 4771 2212 4840 quod
2263 4770 2522 4825 sacerdos
2563 4770 2854 4841 ca‘terique
2909 4771 3143 4825 ministri
3192 4762 3399 4835 altaris,

1813 4845 2030 4933 quando
2058 4876 2199 4914 noua
2232 4860 2591 4916 coutinuatim
2624 4863 2848 4921 t'nissnm
2882 4863 3150 4933 sequitur,
3185 4864 3267 4916 vel
3313 4877 3402 4915 ve-

1807 4970 1990 5026 spera,
2016 4965 2074 5009 ut
2105 4965 2188 5011 est
2217 4954 2268 5008 iu
2298 4953 2746 5026 Quadragcsitna,
2776 4966 3061 5026 postquam
3093 4971 3153 5010 se
3177 4963 3400 5018 exuunt,

1809 5047 2134 5112 orationem,
2169 5064 2289 5118 qua:
2317 5049 2386 5104 ad
2428 5047 2572 5102 illam
2605 5047 2795 5104 lteram
2826 5050 3082 5119 pertinet,
3116 5050 3164 5100 itt
3193 5057 3403 5101 secreto

1810 5137 1929 5193 loco
1961 5137 2188 5194 faciunt.

1880 5229 1934 5285 lu
1961 5232 2184 5301 privatis
2208 5232 2398 5288 diebus
2420 5232 2608 5287 hostiae
2630 5245 2734 5286 non
2757 5247 2821 5290 co
2835 5238 3098 5285 nsecratte
3123 5237 3404 5298 portantur

1821 5327 1874 5377 in
1911 5322 2282 5390 relccloriutn,
2318 5331 2375 5375 ιιι
2415 5323 2520 5387 his,
2553 5321 2644 5391 qui
2683 5337 2748 5376 eo
2781 5321 2866 5375 die
2894 5336 2996 5374 non
3031 5319 3401 5373 conminuit-a-

1816 5425 2028 5478 verunt,
2054 5431 2150 5485 per
2186 5431 2380 5470 manus
2412 5414 2715 5469 sacerdotis
2740 5412 3145 5468 hebdomadarii
3179 5420 3228 5466 et
3259 5411 3410 5482 prio-,

1816 5510 1894 5564 ris
1945 5508 2355 5563 hebdomadarii
2407 5507 2828 5560 distribuantur.
2885 5505 3037 5572 Quod
3076 5506 3177 5558 hoc
3212 5503 3405 5558 ordine

1821 5601 1934 5654 liari
1995 5599 2153 5662 solet,
2206 5607 2263 5651 ιιι
2312 5598 2547 5667 primum
2602 5597 2876 5652 trihttatur
2917 5596 2982 5650 de
3029 5595 3158 5665 ipsis
3215 5595 3408 5656 hostiis

189 5767 334 5838 μω)
378 5765 618 5824 Bcrnard
653 5767 784 5823 0rd.
818 5766 1060 5824 Cluniae.
1090 5774 1229 5838 part.
1267 5781 1303 5836 t,
1335 5780 1452 5836 cap.
1477 5764 1569 5830 55,
1604 5763 1764 5820 habet
1807 5781 1816 5816 τ
1853 5772 1898 5817 cl
1941 5778 2125 5816 manus
2152 5759 2202 5813 iu
2239 5757 2447 5812 modum
2488 5759 2655 5812 cruris
2683 5758 2752 5812 ad
2783 5768 2959 5830 pertus
2984 5757 3276 5832 applicans.
