3872 6306
493 309 632 370 fors

1555 305 1614 363 S.
1639 300 2014 363 GUILLELMI
2041 300 2331 354 ABBA'I'IS
2369 300 2574 356 HIRSA
2586 302 2695 355 Ub.

3616 308 3727 367 1016

490 427 690 483 domno
717 424 918 486 abbati,
952 429 1134 492 postea
1166 419 1422 488 utrinque
1469 417 1535 472 ad
1563 418 1812 473 dextram
1848 423 1903 471 et
1942 414 2077 468 sini-
2105 419 2150 475 Α
2186 420 2317 475 tam,
2353 410 2574 482 insuper
2602 419 2659 465 et
2699 409 2832 465 duas
2871 408 3394 481 accipit'ampullas,
3430 430 3585 474 unam
3614 423 3723 496 vini,

488 528 658 574 stram
673 516 838 587 ipsius
849 514 1060 569 abbatis
1076 512 1409 583 incipitur,et
1425 525 1596 581 usque
1615 510 1683 564 ad
1697 510 1853 564 linem
1870 508 2073 562 utrius-

488 621 593 675 que
614 603 839 676 parietis
865 603 1284 665 distribuuntur,
1323 601 1465 657 sicut
1487 609 1543 655 et
1575 608 1760 669 postea
1784 600 1849 653 ad
1872 598 2068 653 lineam

487 699 685 770 agitur,
714 706 768 754 et
800 695 1148 752 tribuentium
1177 710 1368 749 manus
1393 691 1708 749 osculantur
1735 690 1978 762 singulis.

555 789 891 847 Benedicens
921 799 1031 844 tres
1060 802 1251 844 cruces
1278 786 1407 840 facit
1433 792 1623 840 contra
1653 797 1894 839 mensam
1924 781 2072 851 prin-

484 881 737 953 cipalem,
791 890 984 937 contra
1033 879 1284 935 sedentes
1314 879 1367 934 in
1398 876 1668 948 opposito,
1702 883 1893 930 contra
1932 872 2074 929 infe-

484 975 660 1029 tiores
690 989 779 1040 se;
814 972 879 1026 ad
908 981 1095 1043 potum
1131 987 1261 1027 vero
1288 987 1393 1026 non
1432 970 1531 1024 nisi
1564 984 1748 1024 unam.
1790 966 1847 1023 Si
1875 966 1943 1022 ad
1978 965 2072 1022 be-

485 1063 848 1120 nedictionem
872 1065 1105 1135 primam
1132 1062 1366 1118 defuerit
1392 1061 1443 1116 in
1475 1060 1764 1116 refectorio
1796 1070 1852 1115 et
1881 1070 2069 1129 postea

482 1154 877 1224 supervenerit,
922 1154 1036 1223 ipse
1067 1164 1282 1216 czetera,
1323 1167 1443 1222 qua:
1473 1159 1703 1218 restant,
1744 1151 1907 1206 dicat.
1940 1150 2071 1207 Post

481 1246 895 1318 completorium
943 1247 1259 1317 priusquam
1302 1245 1522 1300 ﬁniatur
1544 1245 1704 1299 tertia
1732 1245 1930 1313 oratio,
1955 1245 2069 1302 exit

480 1338 551 1393 de
574 1340 742 1395 choro
768 1339 835 1394 ad
861 1354 1059 1410 aquam
1091 1338 1451 1404 benedictum,
1479 1346 1537 1392 ut
1577 1353 1699 1395 cum
1737 1352 1800 1395 ea
1828 1336 2069 1407 singulos

480 1439 753 1502 aspergat.

1010 1520 1238 1578 CAPUT
1279 1519 1540 1576 LXXXV.

478 1612 557 1670 De
588 1614 938 1669 benedictione
982 1613 1193 1683 frugum
1240 1628 1512 1675 novarum,
1555 1613 1619 1665 ab
1663 1612 1839 1666 eodem
1870 1612 2066 1665 hebdo-

1001 1684 1241 1737 madario
1272 1683 1539 1753 facienda.

2177 500 2407 557 alteram
2440 514 2617 570 aqum,
2673 499 2820 569 ipsas
2866 500 3084 570 quidem
3138 516 3262 557 cum
3317 502 3538 562 sinistra
3572 509 3726 575 leva;

2174 591 2386 655 ambas,
2436 601 2488 645 et
2514 590 2739 646 calicem
2770 591 3015 660 dextera,
3050 602 3307 663 paternam
3338 611 3461 652 cum
3495 605 3723 671 corporali

2174 681 2369 752 pollice
2421 682 2666 739 retinens
2694 682 2927 753 desuper
2972 683 3253 756 imposito,
3286 696 3346 743 et
3386 688 3461 745 ita
3502 694 3725 766 aequate

2174 789 2436 832 converso
2462 777 2639 848 pergit
2662 778 2728 832 ad
2754 776 2946 846 altare,
2977 777 3067 834 ubi
3092 790 3178 836 est
3206 792 3545 842 cantatum

2245 867 2383 939 (un.)
2412 869 2493 924 Ad
2512 870 2894 927 .vcstimentum
2924 880 3105 943 autem
3145 890 3254 931 non
3295 885 3382 931 est
3412 877 3721 949 improvisum

2173 973 2273 1014 nec
2307 961 2594 1027 omissum,
2619 970 2677 1017 ut
2711 963 2781 1017 ad
2811 963 3019 1035 singula
3046 966 3266 1035 altaria,
3290 984 3401 1025 una
3429 971 3500 1025 sit
3552 974 3722 1046 tabula,

2174 1052 2225 1107 in
2248 1067 2354 1123 qua
2391 1064 2625 1125 ponatur
2646 1070 2811 1111 unum
2852 1056 3057 1130 lignum
3082 1060 3326 1132 patulum
3357 1072 3415 1120 et
3440 1080 3587 1122 muro
3627 1069 3725 1124 inn-

2173 1156 2325 1207 xum,
2365 1159 2529 1215 super
2552 1144 2695 1215 quod
2720 1154 2993 1216 ponuntur
3012 1150 3283 1221 ampullm.
3312 1152 3510 1210 Pendet
3542 1170 3723 1229 quoque

2173 1233 2225 1288 in
2256 1246 2505 1306 promptu
2538 1239 2991 1311 manutergiolum
3032 1243 3097 1297 ad
3122 1245 3267 1314 quod
3305 1248 3575 1313 sacerdos,
3602 1262 3721 1321 post-

2170 1342 2330 1400 quam
2364 1346 2424 1387 se
2446 1332 2704 1400 induerit,
2730 1335 2938 1393 levatas
2978 1341 3140 1411 tergit
3169 1344 3513 1401 summitates
3558 1349 3721 1420 digiti-

2173 1438 2313 1489 rnm,
2337 1425 2534 1493 quibus
2563 1432 2874 1486 necessario
2899 1448 2986 1488 res
3010 1434 3184 1505 tangit
3204 1445 3470 1492 sacratas.
3505 1439 3595 1495 Ubi
3617 1456 3721 1514 ergo

2174 1526 2465 1571 conversus
2504 1517 2883 1574 vestimentum
2913 1530 2967 1577 et
3016 1521 3221 1590 lumen,
3257 1526 3510 1583 sacerdos
3541 1545 3721 1599 quoque

2170 1604 2502 1675 ampullasin
2527 1608 2648 1665 loco
2674 1626 2771 1668 suo
2794 1612 3132 1683 deposuerit,
3162 1627 3361 1674 tenens
3382 1620 3595 1677 calicem
3624 1625 3717 1693 ipse

2171 1708 2198 1746 a
2230 1704 2385 1763 parte
2415 1697 2625 1765 dextra,
2657 1710 2712 1756 et
2760 1718 3056 1761 conversus
3099 1723 3130 1761 a
3166 1709 3412 1777 sinistra,
3442 1714 3722 1773 accedentts

549 1801 568 1819 ‘
592 1799 729 1854 Sunt
759 1798 937 1854 adhuc
964 1797 1209 1867 qumdam
1235 1794 1671 1851 bencdictionum
1694 1794 2059 1862 diversitates,
2102 1768 2143 1827 Β
2170 1786 2235 1841 ad
2263 1797 2459 1856 auare.
2482 1789 2625 1848 facta
2656 1809 2685 1851 a
2713 1810 2982 1853 converso
3031 1800 3433 1871 genuilexione.
3469 1806 3720 1876 εοιηριὶω-

477 1884 621 1961 qum,
651 1893 904 1963 quoniam
935 1906 965 1945 a
1004 1890 1291 1946 sacerdote
1335 1898 1461 1944 sunt
1509 1888 1769 1955 dicendze,
1820 1902 1926 1944 non
1977 1888 2067 1945 hic

477 1993 604 2039 sunt
656 1984 976 2049 reticendze,
1022 1991 1081 2037 ut
1143 1991 1226 2040 est
1281 1981 1585 2037 benedictio
1648 1995 1899 2048 uvarum,
1946 1994 2066 2050 qua:

476 2074 638 2127 etiam
675 2074 725 2129 in
750 2074 934 2129 multis
964 2072 1115 2129 libris
1135 2072 1444 2129 missaiibus
1473 2071 1723 2138 habetur,
1748 2080 1802 2125 et
1829 2070 2065 2129 maxime

474 2164 543 2219 ad
571 2152 763 2219 nomen
796 2165 969 2220 sancti
1003 2164 1163 2220 Sixti.
1203 2163 1334 2231 Quae
1372 2164 1416 2219 si
1449 2164 1686 2219 nondum
1727 2171 1853 2219 sunt
1884 2172 2063 2217 matu—

474 2271 573 2321 rae,
602 2256 845 2312 Deeanus
873 2257 1009 2311 villa:
1039 2258 1311 2322 observat,
1352 2265 1409 2310 ut
1433 2256 1646 2326 quando
1675 2255 1911 2325 primum
1943 2271 2063 2311 ma-

476 2356 768 2410 turcscant,
795 2348 1005 2403 custodi
1032 2348 1271 2404 ecclesia:
1301 2363 1393 2402 eas
1423 2346 1653 2415 deferat,
1683 2357 1957 2418 quatenus
1976 2346 2064 2402 ille

475 2442 747 2497 sacerdoti
773 2443 914 2497 inter
944 2457 1205 2496 eanonem
1251 2440 1398 2511 (111)
1432 2441 1499 2495 ad
1531 2440 1720 2496 haram
1750 2447 2064 2510 competen—

474 2543 579 2589 tem
613 2542 667 2589 ct
706 2542 1059 2604 pret-notatam
1097 2532 1490 2589 benedicendas
1519 2531 1729 2589 oderat.
1768 2529 1866 2585 Ubi
1896 2530 2060 2585 etiam

472 2626 743 2680 armarius
770 2642 872 2681 non
900 2626 1057 2683 debet
1082 2625 1268 2681 deesse
1299 2643 1310 2679 :
1341 2641 1463 2679 nam
1488 2625 1755 2679 sacerdoti
1785 2624 2062 2679 orationes

471 2735 635 2788 super
668 2720 750 2774 liis
781 2720 1038 2775 dicendas
1077 2719 1192 2789 ipse
1221 2718 1477 2774 ostendit.
1523 2716 1715 2773 Postea
1746 2718 1798 2771 in
1832 2716 2061 2771 refecto-

474 2812 555 2866 rio
587 2812 889 2869 benedicta:
922 2827 1034 2867 uvae
1082 2827 1178 2883 per
1208 2812 1546 2867 sacerdotem
1584 2820 1638 2866 et
1672 2810 1871 2881 prioris
1896 2808 2062 2878 septi-

473 2918 649 2959 mana:
679 2902 1157 2959 liebdomadarium
1187 2903 1588 2959 distribuuntur
1614 2902 1667 2956 in
1710 2900 1828 2958 loco
1859 2902 2061 2958 hostia-

472 3011 619 3061 rum,
646 2996 787 3065 quod
820 3010 925 3050 non
950 2995 1241 3061 omittitur,
1267 2994 1482 3051 etiamsi
1508 3004 1591 3050 est
1612 2994 1891 3050 Dominica
1921 2994 2056 3049 dies.

472 3086 611 3141 Sunt
641 3097 903 3157 praeterea
930 3096 984 3143 et
1021 3087 1140 3143 alia:
1177 3096 1286 3145 tres
1316 3087 1545 3159 species,
1578 3101 1698 3159 qua:
1728 3102 1792 3143 ex
1822 3102 1971 3144 more
2004 3088 2054 3142 in
2088 3121 2127 3178 ρ

471 3178 763 3233 refectui-io
794 3178 1210 3244 benedicuntur,
1259 3179 1310 3234 id
1338 3186 1419 3234 est
1453 3175 1678 3231 novella:
1707 3176 1863 3246 labat,
1888 3194 2059 3234 novus

472 3272 651 3342 panis,
676 3281 729 3327 et
762 3282 1025 3339 mustum;
1060 3282 1113 3327 et
1164 3273 1264 3328 hoc
1296 3272 1475 3328 modo.
1509 3273 1695 3330 Lectio
1720 3275 1786 3329 ad
1816 3287 2058 3329 mensam

472 3366 624 3435 prius
676 3366 985 3432 inchoatur,
1020 3375 1143 3439 post
1191 3367 1343 3436 cujus
1392 3369 1627 3437 primum
1659 3382 1874 3423 versum
1908 3374 2061 3422 stans

470 3459 726 3515 sacerdos
757 3459 809 3514 in
854 3458 1033 3515 medio
1063 3458 1333 3514 refectorii
1371 3469 1498 3516 ante
1523 3460 1875 3532 principalem
1908 3474 2061 3516 men-

470 3569 611 3623 sam,
637 3553 914 3623 praemissa
941 3552 1287 3619 salutatione,
1313 3553 1521 3624 singula
1552 3553 1826 3609 benedicit
1856 3542 2060 3623 absque

468 3644 627 3700 stola.
654 3643 831 3701 Fabas
849 3644 927 3698 ita
960 3641 1215 3698 :Benedic
1241 3643 1461 3699 Domine
1487 3647 1582 3700 lies
1603 3647 1827 3715 fructus.
1858 3644 2059 3700 Panem

472 3739 545 3790 ita
574 3752 587 3789 :
616 3734 861 3801 Benedic,
884 3735 1127 3801 Domine,
1158 3747 1453 3793 creaturam
1482 3738 1656 3809 panis.
1686 3737 1917 3793 Mnstnm
1949 3737 2055 3791 ita:

469 3828 693 3882 Domine
723 3829 1044 3897 omnipotens
1073 3827 1200 3883 Jcstt
1232 3828 1456 3895 Christe,
1492 3830 1583 3901 qui
1609 3847 1674 3885 ea:
1701 3832 1928 3901 quinque
1966 3847 2058 3900 pa.

473 3919 655 3982 nibus;
681 3928 734 3972 et
768 3917 991 3986 reliqua.

998 4009 1226 4067 CAPUT
1264 4011 1547 4069 LXXXVI.

545 4099 620 4154 De
647 4102 851 4173 privata
881 4102 1051 4158 missa
1103 4104 1362 4226 qlttomoilo
1391 4106 1457 4159 sit
1493 4106 1783 4173 cantanda,
1809 4106 1863 4159 id
1888 4115 1985 4172 est,

1154 4191 1297 4226 errem
1318 4192 1371 4226 a.

1154 4191 1371 4244 egentia.

543 4264 678 4335 tuo.)
711 4264 982 4323 Sacerdos
1006 4266 1052 4320 si
1082 4267 1346 4336 privatam
1373 4267 1591 4321 missam
1618 4275 1845 4323 cantare
1869 4268 2056 4325 volue-

472 4355 564 4421 rit,
614 4355 791 4410 innuit
835 4371 1100 4415 convcrso
1147 4374 1269 4412 cum
1318 4359 1473 4433 signo
1530 4361 1731 4427 crucis,
1783 4361 1927 4432 quod
1976 4371 2059 4417 est

2170 1888 2283 1935 tum
2305 1880 2494 1938 altaris
2514 1885 2808 1955 explicant,
2841 1898 2898 1944 et
2920 1889 3090 1948 calice
3130 1892 3185 1947 in
3235 1896 3418 1951 medio
3458 1896 3647 1962 altaris,
3671 1915 3723 1956 ac

3432 1987 3448 2006 ⁶
3503 1988 3720 2045 sacerdos

2167 2076 2372 2119 exuens
2424 2068 2663 2123 tunicam
2715 2081 2843 2126 ante
2890 2071 3096 2142 altare,
3128 2075 3259 2132 facit
3304 2078 3717 2149 genuﬂesionem.

2165 2154 2386 2212 Interim
2421 2159 2638 2230 adjutor
2666 2162 2758 2217 ille
2794 2164 2970 2219 soluto
3001 2168 3329 2226 vestimento
3384 2171 3642 2230 liumerale
3678 2175 3719 2231 ei

2166 2259 2466 2319 expansum
2499 2252 2758 2322 applicat,
2778 2255 2972 2313 deinde
2996 2259 3173 2315 albam
3190 2258 3420 2318 inferius
3440 2278 3718 2333 expansam,

2166 2344 2261 2399 sed
2288 2359 2353 2398 ex
2386 2357 2539 2415 parte
2562 2349 2743 2418 capitii
2770 2350 3150 2420 complicatam
3178 2362 3375 2408 contra
3408 2353 3548 2409 illum
3573 2365 3710 2413 tenet.

2166 2435 2281 2503 Qua
2308 2438 2491 2495 induta
2514 2451 2634 2511 post
2662 2441 2936 2513 cingulum
2962 2444 3053 2498 dat
3079 2446 3331 2501 l'anonem
3362 2446 3532 2519 (με),
3556 2449 3717 2505 deinde

2165 2527 2387 2595 stolam;
2416 2544 2579 2600 quam
2606 2547 2732 2587 cum
2780 2533 3010 2607 necdum
3059 2535 3317 2592 sacerdos
3366 2537 3541 2607 posuit
3585 2554 3719 2610 super

2164 2618 2383 2684 collum,
2413 2620 2571 2691 (vara)
2584 2621 2630 2676 si
2653 2623 2719 2677 ad
2736 2623 2924 2678 horam
2941 2625 3243 2696 regularem
3261 2625 3718 2700 pulsatnrsignum,

2163 2711 2467 2781 adjutorem
2494 2729 2652 2769 suum
2668 2716 2913 2772 mittitad
2945 2719 3180 2789 priorem
3204 2729 3259 2775 et
3286 2731 3507 2792 accepta
3532 2723 3716 2779 licentia

2165 2804 2391 2861 missam
2422 2804 2688 2862 cantabit.
2718 2808 2803 2861 Ad
2830 2808 3045 2879 signum
3082 2819 3211 2865 ante
3240 2811 3483 2877 tertiam,
3505 2813 3547 2868 si
3588 2814 3719 2869 citius

2164 2896 2323 2950 solito
2350 2897 2417 2951 ad
2440 2896 2728 2953 lavandum
2757 2900 3027 2968 pulsatur,
3069 2902 3151 2957 vel
3198 2903 3291 2959 ille
3327 2919 3396 2960 ex
3434 2905 3602 2976 aliqua
3640 2922 3719 2961 ne-

2163 2987 2419 3044 cessitate
2444 2988 2735 3058 impeditus
2767 2991 2959 3047 saltem
2990 3005 3117 3050 ante
3147 2994 3288 3050 idem
3315 2997 3527 3071 signum
3559 3014 3721 3053 manus

2164 3077 2354 3144 abluit,
2385 3078 2455 3134 ab
2478 3080 2691 3149 incepto
2717 3098 2814 3139 suo
2845 3099 2951 3138 non
2975 3084 3210 3153 desiszit,
3229 3089 3655 3159 etsemetipsum,
3675 3100 3720 3144 et

2164 3166 2466 3237 adjutorem
2489 3187 2643 3227 suum
2669 3188 2809 3243 aqua
2824 3173 3105 3231 benedicta
3129 3180 3545 3250 aspergit;quod
3558 3180 3715 3243 etiam,

2162 3260 2206 3318 si
2247 3262 2430 3316 statim
2473 3274 2595 3334 post
2625 3265 2869 3321 litaniam
2906 3275 3131 3322 cantare
3170 3269 3366 3335 voluit,
3419 3288 3520 3326 non
3545 3272 3716 3327 omisit.

2234 3353 2379 3415 Inter
2408 3358 2695 3413 tenendum
2728 3359 2922 3416 stolam
2944 3361 3347 3419 confessionem
3372 3364 3718 3436 tlit'il,rcspon°

2165 3446 2325 3502 dente
2351 3448 2453 3503 sibi
2504 3466 2766 3507 converso
2804 3467 3020 3509 versum
3073 3452 3416 3522 Misereamr,
3461 3473 3523 3512 ac
3566 3459 3716 3511 statim

2166 3540 2489 3613 adjnngente
2533 3543 2965 3613 confessionem;
3000 3547 3086 3603 cui
3118 3549 3247 3603 dttm
3302 3549 3394 3605 ille
3442 3551 3715 3621 respondet,

2164 3632 2526 3689 deosculando
2554 3635 2749 3691 stolam
2780 3638 2881 3692 sibi
2911 3640 3027 3709 ipse
3072 3640 3324 3711 imponit,
3361 3641 3715 3714 Indulgentlant

2162 3724 2286 3779 eum
2318 3723 2407 3779 illo
2438 3740 2596 3780 versu
2617 3725 2956 3797 Adjutorium
2970 3741 3231 3799 nostrum,
3250 3743 3389 3801 ctc.,
3414 3749 3530 3788 mox
3554 3733 3715 3803 adjun-

2162 3832 2328 3887 gens;
2356 3818 2375 3838 ⁶
2404 3818 2683 3875 Converso
2720 3836 2842 3876 cum
2872 3822 3246 3894 genuﬂexione
3274 3827 3419 3883 hanc
3455 3828 3606 3900 ipsam
3646 3829 3714 3882 in~

2164 3908 2493 3983 dulgentiam
2531 3913 2864 3983 accipiente;
2896 3915 2989 3985 qui
3024 3916 3190 3971 etiam
3224 3918 3302 3973 illi
3345 3920 3525 3974 casula
3556 3921 3713 3976 induto

2164 4010 2313 4071 aptet
2336 4018 2456 4057 eam
2487 4003 2544 4058 in
2568 4003 2813 4070 brachia,
2841 4015 2897 4062 et
2924 4007 2977 4061 in
3005 4009 3326 4065 summitate
3353 4011 3546 4067 casula:
3586 4011 3713 4083 juxta

2163 4113 2368 4153 morem
2398 4099 2677 4169 componit
2724 4101 3023 4157 liumerale.
3063 4101 3216 4159 Tunc
3250 4104 3456 4161 ablutis
3489 4115 3540 4161 et
3581 4104 3713 4160 tersis

2161 4187 2348 4260 digitis
2397 4189 2701 4245 orationem
2760 4190 2980 4246 brevem
3033 4194 3292 4249 sacerdos
3344 4193 3475 4251 facit
3514 4193 3709 4250 inclinis.

2161 4281 2276 4349 Qua
2305 4282 2620 4348 terminata,
2651 4294 2868 4339 erectus
2894 4285 3076 4340 crucis
3105 4287 3263 4358 signo
3289 4302 3351 4342 se
3379 4288 3564 4343 munit.
3583 4286 3710 4351 Post,

2160 4374 2405 4431 osculato
2434 4375 2627 4441 altare,
2659 4377 2883 4432 dicenda
2914 4379 3140 4449 requirit
3166 4381 3218 4433 in
3245 4379 3472 4436 missali.

2167 1967 2307 2025 libro
2359 1971 2565 2029 niissali
2623 1976 2676 2031 in
2726 1978 2912 2035 dextra
2958 1991 3112 2051 parte
3164 1984 3381 2053 positis,

468 4451 682 4521 signum
712 4452 992 4505 cantanda:
1016 4451 1211 4507 missae.
1242 4451 1343 4519 Qui
1366 4454 1622 4508 continuo
1646 4470 1879 4525 sequens
1908 4454 2053 4510 illum
2091 4470 2132 4525 ι)
2231 4467 2367 4537 (ιω)
2392 4466 2517 4522 inde
2548 4468 2770 4524 missam
2800 4470 3064 4541 incipiens
3093 4482 3264 4528 ιοιιηη
3294 4484 3533 4542 cantum,
3555 4472 3709 4546 φιίειι

467 4540 537 4595 ad
566 4540 768 4605 locum,
792 4541 879 4596 ubi
912 4551 1039 4597 sunt
1069 4545 1321 4598 utensilia
1354 4545 1629 4601 recondita
1665 4546 1731 4600 ad
1770 4545 2055 4600 missarum

468 4632 758 4700 solemnia,
814 4637 1059 4691 accendit
1109 4638 1423 4704 candelam,
1472 4639 1623 4709 ponit
1667 4640 1720 4693 in
1773 4640 2056 4696 sinistrum

465 4725 752 4785 brachium
802 4728 1137 4785 sacerdotale
1191 4731 1605 4797 vestimentum,
1662 4732 1737 4787 ita
1787 4741 1846 4786 ut
1887 4733 2057 4791 limbo

467 4820 604 4877 albze
666 4823 853 4879 subtus
907 4839 1064 4881 verso
1120 4825 1318 4882 librum
1371 4826 1646 4882 missalem
1702 4837 2052 4899 snperponat.

465 4912 737 4970 Sacerdos
780 4926 960 4971 autem
1013 4919 1114 4973 etsi
1148 4920 1317 4988 prius,
1370 4920 1509 4974 sicut
1542 4931 1597 4975 et
1640 4936 1956 4986 conversus,
1987 4922 2054 4977 ad

465 5003 786 5061 lavatorium
828 5007 879 5062 in
913 5006 1149 5063 claustro
1182 5024 1372 5065 manus
1403 5010 1616 5077 laverit,
1643 5012 1939 5068 studiosius
1975 5024 2057 5068 ta-

468 5110 593 5151 men
621 5099 773 5154 etde
803 5114 931 5155 vase
986 5101 1037 5155 in
1086 5100 1313 5156 ecclesia
1346 5104 1412 5156 ad
1457 5103 1557 5158 Iaoc
1602 5119 1738 5174 opus
1784 5104 2054 5160 destinato

464 5205 557 5247 cas
588 5190 773 5248 lavare
803 5210 908 5248 non
960 5194 1199 5259 omittit;
1243 5194 1469 5251 calicem
1519 5212 1736 5269 quoque
1765 5197 1879 5267 jam
1930 5211 2052 5253 cum

466 5283 592 5339 vino
636 5293 690 5339 et
717 5300 856 5354 aqua
890 5287 1133 5342 immixta
1166 5298 1413 5357 paratum
1441 5290 1507 5344 ad
1542 5290 1869 5349 sacriﬁcium
1902 5291 2054 5347 simi-

466 5377 589 5432 liter
618 5392 672 5433 et
708 5393 962 5451 patenam
1001 5396 1121 5434 cum
1154 5382 1330 5436 bestia
1362 5392 1417 5438 et
1446 5383 1712 5454 corporali
1746 5385 2054 5454 superposi-

536 5517 685 5588 (111)
704 5516 991 5588 _Primitias
1020 5521 1287 5588 fructuum
1316 5520 1425 5574 Deo
1466 5539 1771 5575 consecrare
1811 5524 2050 5577 exitiali-

463 5586 1009 5661 t‘utionclEutt/‘cltiani
1030 5587 1150 5661 PP.
1171 5593 1447 5661 pro/luxit,
1472 5594 1547 5644 nti
1576 5594 1728 5661 refert
1754 5594 2051 5661 pontiﬁcale

466 5658 716 5714 Damasi:
773 5658 870 5713 llic
915 5659 1148 5713 instituit
1183 5659 1389 5727 fruges,
1428 5662 1598 5724 fabas,
1631 5658 1690 5715 'ct
1721 5658 1849 5717 nias
1889 5658 1937 5715 in
1969 5664 2048 5716 al-

465 5728 603 5790 tario
636 5729 904 5796 benedici,
934 5729 1064 5783 relut
1099 5742 1142 5783 ct
1178 5730 1549 5803 martyri/logia
1596 5732 1822 5801 Iinbani,
1854 5744 1898 5789 et
1932 5733 2044 5790 Νυ-

2156 4574 2278 4615 cum
2308 4561 2564 4629 pertinet,
2594 4565 2608 4583 ¹
2629 4577 2729 4632 pro
2762 4563 2940 4620 edicto
2964 4565 3189 4623 Patrum
3218 4579 3541 4633 nostrorum.
3567 4568 3709 4640 magis

2156 4647 2288 4719 legit
2331 4648 2684 4719 indirectum,
2714 4669 2878 4724 quam
2909 4658 3106 4713 audeat
3147 4670 3398 4717 cantare.
3430 4662 3509 4718 Ad
3555 4659 3705 4716 Gloria

2159 4737 2312 4794 Patri
2342 4755 2401 4797 se
2456 4744 2699 4812 inclinat,
2727 4746 2794 4799 ad
2848 4746 3102 4803 Dominus
3147 4751 3438 4819 vobiscum,
3470 4761 3621 4809 totum
3662 4764 3709 4803 se

2156 4835 2318 4890 vertit
2343 4837 2593 4892 manibus
2617 4839 2816 4895 erectis
2838 4850 2895 4896 et
2922 4842 3100 4912 capite
3125 4844 3408 4905 inclinato.
3456 4845 3707 4901 Collectatn

2155 4925 2362 4997 absque
2387 4936 2510 4983 tono
2536 4929 2604 4982 ad
2634 4929 2912 4986 dexteram
2958 4932 3331 5002 altaris-dicit,
3364 4937 3418 4992 in
3466 4938 3621 5008 prima
3662 4943 3707 4989 et

2154 5018 2344 5074 ultima
2376 5026 2586 5074 tantum
2610 5019 2878 5091 replicans
2908 5019 3015 5077 Per
3037 5024 3346 5082 Dominum.
3380 5028 3485 5083 Sed
3504 5029 3706 5083 lecturus

2153 5111 2451 5180 Epistolam
2482 5111 2679 5166 librum
2707 5114 2858 5184 ponit
2882 5116 2949 5172 ad
2982 5117 3276 5186 sinistram,
3326 5121 3503 5191 ibique
3528 5118 3702 5189 reliqua

2154 5207 2284 5263 dicit
2313 5216 2483 5273 usque
2508 5215 2627 5276 post
2649 5207 3120 5265 Communionem.
3154 5212 3288 5266 Dum
3326 5214 3572 5270 collectas
3614 5210 3704 5282 pri.

2155 5314 2292 5364 mas,
2321 5302 2529 5357 medias
2553 5310 2609 5356 et
2640 5301 2857 5357 ultimas
2902 5303 3057 5369 dicit,
3086 5303 3303 5375 adjutor
3347 5306 3461 5376 ejus
3512 5305 3704 5362 acclinis

2152 5391 2374 5447 assidet.
2398 5394 2479 5448 Ad
2506 5393 2779 5449 Canoneni
2805 5410 2935 5450 vero
2967 5396 3019 5451 in
3046 5396 3239 5454 diebus
3269 5398 3422 5457 festis
3452 5409 3503 5456 et
3529 5399 3704 5456 celatis

2151 5524 2299 5648 tingi.
2337 5526 2470 5582 Vide
2512 5527 2655 5599 Hug.
2718 5529 2961 5586 Menartl.
3016 5533 3109 5622 lib.
3161 5534 3287 5591 Sac.
3334 5537 3563 5608 Gregorii
3600 5551 3703 5606 pug.

2223 5635 2370 5749 δίει)
2430 5669 2598 5735 Falto.
2660 5670 2888 5741 Sindon,
2936 5690 3148 5747 mappa.
3198 5678 3332 5735 Vide
3381 5695 3554 5749 supra,
3583 5687 3629 5731 et
3658 5678 3701 5729 in

2153 5738 2262 5795 ind.
2298 5749 2429 5795 neat.
2460 5750 2720 5795 onomast.
