3890 6314
145 318 260 379 illi?

1239 310 1652 373 CONSTITUT.
1693 312 2018 389 lllBSAUC.
2050 344 2121 354 -
2144 313 2273 370 ua.
2309 314 2348 369 ι.

3231 318 3371 377 1018

140 442 228 491 stat
247 426 319 483 vel
338 425 509 489 sedet;
536 422 627 479 sed
653 436 819 492 super
846 438 1018 494 genua
1045 424 1273 495 privatis
1306 427 1497 483 diebus
1549 444 1678 499 pro-
1710 430 1756 487 A
1785 437 1910 485 tunc
1948 429 2101 497 facit,
2130 445 2253 485 cum
2275 429 2429 493 dicit,
2458 428 2661 499 Corpus
2699 436 2757 495 »Ξι
2796 440 2843 486 et
2889 433 3105 502 sanguis
3158 436 3243 496 rit.
3302 434 3374 491 At

142 522 337 583 cumbit.
365 518 621 574 Lecturus
673 516 1025 588 Evangelium
1057 532 1088 571 a
1137 516 1336 574 domno
1383 521 1600 587 abbatc,
1634 523 1681 578 si

139 616 287 679 adest,
321 609 748 667 benedictionem
798 608 1016 677 accipit,
1051 608 1248 666 deinde
1301 612 1583 666 osculatur
1628 622 1684 669 et

137 709 303 773 altare,
326 714 379 759 et
408 700 850 758 interdicendum
881 700 1162 773 Sequentia
1188 705 1359 759 sancti
1381 701 1679 775 Evangelii,

136 796 341 869 singulas
359 808 549 851 cruces
568 792 700 850 facit
722 808 844 849 cum
862 793 1055 865 pollice
1080 795 1133 849 in
1166 794 1364 860 fronte,
1382 813 1477 853 ore
1492 806 1564 853 ‘et
1589 813 1683 868 pe-

135 901 292 949 ctore:
320 897 464 953 tunc,
492 886 767 943 Converso
795 888 1157 957 respondente
1205 886 1393 944 Gloria
1424 890 1541 956 tibi,
1570 890 1683 945 Do-

134 983 266 1046 mine,
284 989 336 1034 et
362 993 421 1035 se
442 979 596 1047 signo
624 977 816 1035 Crucis
834 978 889 1032 in
911 977 1048 1035 facie
1072 980 1344 1049 signante,
1374 983 1487 1053 ipse
1509 997 1678 1039 oscu-

133 1076 251 1131 latur
270 1071 635 1142 Evangelium.
666 1070 932 1128 Similiter
964 1072 1115 1141 facit,
1142 1090 1266 1129 cum
1313 1074 1444 1131 illud
1502 1075 1685 1146 perle-

132 1168 262 1239 gerit,
284 1166 570 1235 statimque
602 1163 878 1220 Converso
910 1174 964 1220 et
987 1165 1110 1222 aliis
1141 1170 1550 1236 communicare
1579 1184 1679 1225 vo-

132 1262 333 1318 lentibus
350 1262 417 1317 ad
443 1263 801 1319 osculandum
831 1260 1076 1336 porrigit.

192 1354 248 1410 Ut
269 1365 440 1411 autem
483 1364 605 1426 post
637 1352 987 1424 Evangelium
1037 1353 1272 1409 dixerit:
1299 1353 1555 1410 Dominus
1595 1371 1682 1410 uo-

133 1447 319 1513 biscum,
339 1447 521 1502 statim
551 1456 840 1517 acceptum
873 1446 940 1502 de
966 1448 1124 1502 altari
1149 1446 1395 1513 linteum,
1416 1448 1560 1516 quod
1606 1447 1679 1502 ibi

131 1554 263 1597 causa
284 1538 538 1596 offerendi
556 1540 945 1615 jngiterjacet,
976 1540 1354 1612 complicatum
1383 1542 1558 1596 eidem
1585 1541 1680 1597 ad-

129 1629 260 1701 iutori
292 1646 386 1687 suo
416 1631 671 1703 porrigit,
703 1632 902 1688 deinde
926 1632 1151 1687 calicem
1202 1648 1325 1688 cum
1356 1641 1552 1702 patena
1609 1632 1678 1688 ad

129 1722 442 1778 admodum.
464 1723 621 1779 Alius
641 1739 805 1794 quam
836 1723 1054 1794 adiutor
1070 1723 1187 1795 ejus
1211 1733 1387 1794 potest
1422 1722 1495 1779 ibi
1519 1724 1680 1783 offer—

1785 535 1909 576 cum
1938 519 2094 586 dicit,
2119 521 2330 589 Accepit
2356 537 2542 587 panem
2562 562 2577 586 ,
2628 521 2740 590 ipse
2767 522 2967 593 accipit
2999 523 3233 578 hostiam
3262 526 3374 596 pri-

1784 615 1887 670 mis
1911 623 2149 685 quatuor
2175 613 2383 685 digitis,
2416 622 2471 668 ct
2492 613 2883 685 aliquantisper
2908 614 3071 682 levat,
3097 631 3197 671 nec
3243 626 3373 673 ante

1783 709 1933 777 ponit
1961 723 2122 778 quam
2146 707 2291 762 dicat
2323 705 2437 760 Hoc
2464 715 2542 760 est
2566 722 2755 776 corpus
2782 724 2973 761 meum.
3000 708 3105 763 Sed
3133 723 3256 763 cum
3291 707 3372 763 tli-

1782 799 1878 867 cit,
1909 798 2206 864 Bcnediazit,
2235 798 2445 853 duobus
2491 798 2723 853 sinistrae
2763 813 2956 853 manus
3008 800 3192 871 digitis
3232 801 3372 856 hanc

1782 892 1955 963 ipsam
1992 892 2226 947 hostiam
2257 900 2467 960 tenens,
2500 891 2693 947 dextra
2743 905 2963 946 crucem
3019 908 3182 962 super
3242 908 3367 948 eam

1785 987 2087 1044 facit.ltetu
2120 985 2425 1055 cum:dicit,
2473 984 2744 1054 Accipiens
2788 972 2835 1038 et
2871 983 3009 1037 hunc
3056 984 3371 1053 prtcclarum

1783 1079 2024 1143 calicem,
2051 1077 2250 1148 accipit
2300 1085 2357 1130 et
2412 1075 2587 1145 ipsum
2638 1073 2907 1146 corporali
2943 1083 3286 1145 coopertum,
3317 1086 3372 1130 et

1784 1169 1925 1225 levat
1971 1185 2185 1241 parum.
2243 1167 2349 1223 Sed
2393 1167 2540 1222 dicto
2592 1164 2807 1221 Gratias
2845 1182 3001 1236 agens
3046 1164 3216 1235 ponit,
3248 1180 3372 1219 cum

1782 1262 2002 1317 sinistra
2040 1269 2219 1316 tamen
2250 1268 2461 1323 tenens,
2493 1268 2548 1314 et
2576 1259 2643 1313 ad
2672 1255 2948 1312 Benediin
2980 1255 3371 1321 >14,benedicit.

1781 1353 1863 1410 Ad
1892 1354 2148 1422 Accipite,
2181 1352 2378 1408 iterum
2412 1351 2550 1406 levat
2580 1360 2634 1405 et
2665 1358 2816 1405 tenet
2838 1363 3009 1418 usque
3044 1347 3172 1403 dum
3203 1346 3373 1414 dicat,

1784 1444 1887 1501 llic
1910 1454 1983 1500 est
2015 1443 2156 1499 calin:
2175 1443 2469 1514 sanguinis.
2497 1441 2631 1496 item
2661 1456 2781 1496 cum
2818 1439 2968 1506 dicit,
3004 1438 3246 1494 Hostiam
3277 1454 3372 1509 pu-

1784 1554 1905 1593 ram
1934 1542 2020 1603 ›Ῑ‹,
2048 1537 2275 1592 hostium
2312 1546 2547 1591 sanctum
2590 1541 2676 1600 vi,
2724 1534 2947 1587 hostium
2978 1530 3373 1586 immaculatum

1785 1632 1873 1696 id,
1921 1626 2052 1682 facit
2078 1608 2199 1682 tres.
2216 1640 2408 1683 cruces
2435 1640 2750 1680 communes
2777 1639 2941 1694 super
2970 1633 3284 1691 utrumque,
3314 1629 3376 1677 et

1782 1737 1946 1778 unam
1966 1736 2128 1793 super
2161 1720 2371 1793 Corpus
2414 1719 2650 1781 Domini,
2686 1733 2809 1771 cum
2841 1716 2994 1781 dicit,
3021 1713 3221 1768 Panem
3244 1729 3374 1767 san-

129 1829 192 1879 re,
219 1814 258 1869 si
298 1814 398 1870 iste
426 1831 536 1871 non
588 1815 701 1870 vult
730 1815 1152 1871 communicare.
1206 1816 1351 1871 Inter
1385 1814 1672 1870 dicendum
1707 1803 1751 1858 Β
1776 1822 1916 1867 ctum
1944 1813 2062 1867 vita:
2083 1821 2316 1876 atterunt,
2335 1810 2560 1865 alteram
2586 1824 2748 1877 super
2781 1806 3029 1870 calicem,
3058 1818 3180 1859 cum
3220 1802 3374 1870 dicit,

127 1904 410 1964 odereudam
458 1907 514 1962 in
589 1907 771 1963 medio
821 1905 1012 1962 altaris
1053 1906 1338 1977 corporale
1390 1906 1672 1975 expandit,
1777 1904 1847 1961 Et
1867 1904 2084 1959 calicem
2110 1903 2298 1959 salutis
2338 1912 2620 1975 perpetutc.
2664 1899 2796 1954 Nam
2828 1900 2907 1954 sic
2939 1898 3112 1967 ipsum
3167 1895 3376 1964 Corpus

127 1997 362 2055 Conversa
385 1999 605 2054 interim
627 1999 846 2067 acclini,
874 2015 998 2054 cum
1028 1999 1199 2055 calice
1234 2015 1299 2054 ex
1341 2010 1536 2069 patena
1581 2014 1674 2054 su—
1778 1994 1990 2052 Domini
2031 1994 2174 2052 inter
2208 2010 2270 2052 se
2313 2003 2367 2050 et
2406 1994 2633 2050 calicem
2670 2007 2832 2061 super
2881 1987 3166 2060 corporale
3215 1987 3377 2042 debet

126 2091 354 2161 perposita
377 2101 617 2158 astante,
645 2092 818 2147 donec
842 2091 956 2161 ipse
980 2090 1046 2146 ad
1078 2106 1141 2147 ea
1173 2091 1487 2161 accipienda
1510 2104 1678 2159 expe-
1774 2088 2023 2158 posuisse
2053 2128 2069 2155 ,
2117 2095 2177 2142 ut
2224 2087 2280 2142 in
2332 2084 2574 2155 singulas
2595 2124 2612 2149 ,
2670 2097 2793 2138 cum
2863 2079 3000 2135 0rd.»
3052 2078 3221 2150 exigit
3252 2119 3266 2143 ,
3322 2085 3376 2132 et

126 2182 187 2235 dit
210 2196 281 2237 se.
317 2180 443 2249 Qua:
472 2181 567 2239 ubi
593 2181 905 2252 singillatim
956 2181 1097 2236 idem
1130 2181 1362 2251 primum
1420 2187 1672 2249 patenam
1775 2193 2089 2236 communes
2143 2191 2306 2248 super
2373 2176 2487 2230 haec
2551 2173 2725 2244 possit
2800 2171 2976 2225 facere
3022 2184 3228 2224 crines.
3294 2166 3375 2221 Ad

124 2285 222 2327 cum
241 2273 425 2341 hostia,
456 2273 663 2329 deinde
689 2273 918 2330 calicem
949 2283 1180 2342 utraque
1210 2286 1403 2328 manus
1439 2273 1672 2328 deoscu-
1775 2270 2047 2341 Supplices
2124 2280 2172 2322 te
2232 2282 2480 2337 rogamus
2510 2305 2524 2328 ,
2581 2279 2639 2318 se
2695 2261 2943 2317 inclinat.
2997 2260 3063 2313 Et
3130 2273 3251 2312 cum
3290 2256 3372 2309 di-

124 2362 288 2418 latione
323 2364 501 2420 oblata
535 2365 865 2435 susceperit,
895 2375 953 2420 et
998 2363 1223 2419 calicem
1273 2365 1673 2434 superpositum
1775 2361 1850 2418 cit
1890 2400 1905 2428 ,
1958 2359 2040 2415 Ea:
2080 2356 2263 2413 altaris
2313 2355 2752 2427 participatione,
2805 2350 3048 2407 osculato
3090 2348 3267 2419 ,alrari
3317 2362 3377 2402 se

123 2456 362 2525 corporale
386 2466 441 2512 et
461 2466 720 2527 patenam
748 2456 938 2512 subtus
962 2465 1159 2512 tectam
1176 2455 1672 2527 locet,priusquam
1775 2454 1956 2527 erigit,
1984 2464 2034 2509 et
2075 2453 2217 2508 inter
2261 2448 2581 2511 dicendum,
2638 2446 3044 2499 Sacrosanctum
3095 2456 3284 2511 corpus
3327 2447 3375 2493 et

122 2546 303 2603 calicem
325 2549 582 2619 accipiat,
616 2547 842 2603 linteum
872 2548 1134 2618 plicatum
1175 2564 1206 2603 a
1240 2547 1522 2604 Converso
1564 2563 1672 2604 non
1774 2548 2107 2619 sanguinem,
2160 2543 2359 2599 nullam
2407 2541 2628 2597 omnino
2658 2552 2874 2593 crucem
2919 2536 3065 2591 facit.
3112 2534 3217 2589 Sed
3249 2533 3376 2587 dum

122 2635 215 2693 siue
230 2653 402 2694 manus
422 2638 831 2695 deosculatione
854 2639 1065 2708 recipit,
1090 2648 1142 2694 et
1175 2639 1228 2694 in
1252 2637 1411 2694 altari
1432 2640 1670 2710 reponit.
1776 2641 1927 2707 dicit,
1962 2639 2119 2694 Omni
2150 2636 2504 2692 benedictione
2552 2631 2743 2688 ctelesti
2773 2641 2819 2685 et
2850 2631 3022 2700 gratia
3059 2628 3377 2698 repleantur,

124 2728 287 2785 Deinde
306 2731 454 2789 binos
499 2743 561 2790 et
609 2731 815 2803 primos
863 2732 1148 2802 utriusque
1209 2746 1403 2787 manus
1450 2732 1670 2802 digitos,
1777 2731 2258 2801 iufacieseipsum
2285 2741 2449 2784 cruce
2477 2723 2825 2795 signatJtem
2856 2722 2922 2775 ad
2949 2717 3264 2787 Sancti/iens
3288 2722 3375 2782 >14,

123 2823 279 2890 quibus
304 2840 496 2895 corpus
528 2825 871 2880 Dominicum
895 2834 982 2880 est
1032 2825 1398 2893 tractandum,
1443 2824 1588 2882 lavat
1618 2834 1678 2882 et
1776 2824 2006 2894 uiuiﬁcus
2038 2828 2097 2887 »Β
2125 2820 2385 2876 benedicis
2424 2824 2513 2882 ᾖ,
2549 2827 2656 2873 tres
2684 2828 3000 2871 communes
3029 2826 3218 2868 cruces
3246 2807 3377 2864 facit

122 2911 371 2977 contbinat,
420 2928 530 2968 non
589 2921 883 2982 antequam
936 2926 1031 2969 eos
1072 2920 1195 2982 post
1235 2913 1674 2981 communionem
1775 2933 1938 2990 super
1985 2926 2274 2986 utrumque
2328 2911 2507 2969 simul.
2556 2910 2637 2966 Ad
2667 2908 2900 2964 Prwstas
2941 2899 3376 2971 nobis,calicem

122 2999 295 3070 iam“.
316 3004 416 3060 ιιίὸί
467 3005 540 3060 ad
588 3019 780 3061 Cfuces
813 3004 1111 3070 faciendas.
1132 3005 1202 3061 ab
1243 3005 1476 3062 invicem
1511 3022 1669 3078 sepa-
1776 3011 1928 3068 disco
1961 3008 2282 3079 conperiens
2308 3013 2535 3074 accepto
2559 3012 2669 3058 tum
2698 3015 2926 3071 corpore
2956 2996 3254 3054 Dominico.
3285 2993 3375 3049 ln-

122 3096 303 3158 randos,
322 3096 508 3167 sicque
538 3097 757 3152 tandem
788 3096 855 3151 ad
890 3096 1191 3153 orationem
1223 3096 1458 3168 Suscipe,
1490 3108 1673 3153 sancta
1706 3154 1745 3168 η
1779 3110 1864 3158 ter
1906 3099 2190 3157 dicendum
2244 3096 2353 3152 Per
2403 3098 2573 3167 ipsum
2618 3100 2677 3159 ›Ῑ‹
2738 3103 2785 3149 et
2823 3108 2941 3146 cum
2988 3090 3099 3160 ipso
3134 3093 3192 3152 >14
3235 3096 3282 3142 et
3322 3085 3377 3141 in

122 3180 331 3252 Trinitas,
360 3196 489 3253 etc.,
520 3203 649 3244 sese
676 3188 924 3255 inclinat,
945 3198 1001 3245 et
1023 3189 1248 3245 eandem
1273 3191 1574 3245 orationem
1604 3190 1672 3244 ad
1700 3178 1745 3217 ¹⁴
1776 3191 1888 3264 ipso
1914 3198 1972 3257 >14
1992 3230 2011 3259 ,
2038 3190 2262 3247 calicem
2303 3198 2492 3244 tenens
2533 3186 2753 3241 sinistra
2776 3225 2792 3250 ,
2838 3194 2893 3239 et
2938 3197 3135 3253 corpus
3186 3178 3379 3233 dextra

118 3277 300 3334 missam
328 3281 577 3337 vivorum
604 3290 661 3336 et
683 3281 1066 3337 defunctorum
1113 3296 1331 3351 semper
1360 3297 1467 3337 uno
1511 3282 1673 3338 modo
1774 3300 1898 3341 cum
1950 3284 2067 3356 ipso
2112 3292 2221 3337 tres
2251 3294 2443 3336 cruces
2488 3294 2587 3349 per
2628 3277 2862 3332 medium
2912 3272 3097 3329 calicis
3148 3270 3380 3340 desuper

119 3369 239 3426 dicit.
262 3372 367 3440 Qua
389 3376 560 3440 dicta,
585 3390 682 3444 per
708 3374 955 3429 dextram
1007 3372 1212 3429 Versus
1229 3373 1514 3428 adstantes
1538 3389 1665 3429 cum
1775 3377 1925 3443 facit,
1953 3387 2004 3432 et
2030 3386 2140 3432 tres
2168 3384 2293 3429 ante
2315 3389 2374 3428 se
2403 3382 2556 3428 extra
2588 3371 2640 3425 in
2674 3369 2859 3426 calicis
2884 3368 3072 3434 latere,
3098 3374 3223 3419 tunc
3252 3378 3376 3417 cum

119 3461 271 3520 humili
296 3468 483 3537 capitis
511 3467 870 3523 inclinatione
894 3468 1073 3523 dicit:
1108 3465 1275 3521 Orate
1321 3483 1416 3537 pro
1445 3483 1526 3521 me
1552 3484 1675 3537 pec-
1775 3452 1928 3535 dicil,
1968 3470 2061 3526 Est
2115 3469 2210 3523 tibi
2271 3466 2378 3520 Deo
2436 3462 2591 3523 Patri
2643 3469 2701 3527 >14
2739 3460 3106 3529 omnipotenti,
3158 3458 3215 3511 in
3260 3454 3380 3508 nni-

117 3565 275 3612 calore.
303 3560 502 3616 Dehinc
534 3561 666 3616 item
702 3575 960 3616 reversus
996 3576 1094 3631 per
1142 3559 1392 3615 dextram
1430 3559 1498 3614 ad
1540 3559 1674 3615 sini-
1778 3573 1885 3619 late
1915 3568 1973 3628 >14
2005 3560 2173 3617 sancti
2215 3557 2471 3629 Spiritus,
2521 3556 2690 3611 omnis
2718 3556 2887 3611 honor
2930 3562 2976 3607 et
3006 3549 3200 3624 gloria.
3234 3548 3379 3619 later

118 3660 257 3701 stt-um
284 3663 446 3705 cornu
476 3650 672 3707 altaris
700 3650 958 3707 collectas
983 3658 1321 3706 secretarum
1363 3663 1431 3705 eo
1484 3650 1676 3705 ordine
1776 3654 2063 3711 dicendum
2090 3696 2106 3722 ,
2164 3650 2266 3706 Per
2305 3651 2483 3705 omnia
2528 3647 2725 3704 strcula
2778 3644 3091 3701 strcttlorttm
3119 3683 3134 3709 .
3182 3654 3381 3711 corpus

118 3737 221 3794 dicit
237 3755 334 3811 quo
357 3751 413 3798 et
442 3743 690 3815 primas;
712 3744 807 3800 sed
830 3744 894 3799 ad
931 3743 1161 3813 primam
1196 3751 1406 3798 tantum
1431 3742 1676 3812 prtemit-

1783 3746 1990 3806 Domini
2048 3747 2190 3802 inter
2237 3759 2297 3799 se
2331 3752 2386 3797 et
2424 3742 2653 3797 calicem
2686 3737 2879 3810 primis
2927 3744 3157 3807 quatuor
3196 3732 3381 3804 digitis

120 3828 188 3894 tit,
204 3828 429 3899 Oremus,
454 3844 511 3891 et
540 3849 668 3890 cum
692 3832 799 3889 Per
818 3834 1086 3890 Christum
1103 3834 1386 3889 Dominum
1411 3843 1674 3899 nostrum,

1783 3851 1970 3899 tenens
2009 3842 2184 3913 ipsum
2226 3839 2432 3911 pariter
2480 3853 2602 3893 cum
2637 3835 2807 3892 calice
2855 3833 2921 3889 de
2957 3830 3228 3903 corporali
3265 3846 3383 3884 am-

118 3922 321 3994 singulas
351 3929 470 3984 “nil
500 3937 700 4000 βταὲῑει·
741 3929 990 3984 Ultima!“
1017 3943 1033 3983 ε
1065 3928 1132 3984 ad
1176 3928 1318 3985 hanc
1364 3928 1509 3984 enim
1571 3925 1676 3983 Ρει·
1775 3935 1956 3992 babus
1988 3933 2238 3990 manibus
2281 3946 2570 4003 parumper
2597 3929 2775 3984 levato
2802 3936 3093 3983 sustentat.

115 4012 354 4075 Dominum
379 4033 627 4078 nostrum
659 4023 791 4078 dicit
828 4031 1069 4089 secreto,
1099 4039 1295 4095 usque,
1337 4021 1444 4080 Per
1497 4024 1676 4080 omnia
1844 4023 1929 4079 Ad
1976 4022 2261 4089 Prwceptis
2317 4018 2667 4083 salutaribus,
2720 4016 2895 4088 posito
2944 4016 3145 4081 calice,
3177 4028 3380 4086 corpus

113 4107 272 4163 uccula
297 4112 640 4177 steculorum,
662 4114 809 4182 quod
840 4113 1003 4169 altius
1052 4122 1138 4169 est
1187 4114 1669 4185 pronuntiandum.
1774 4112 1990 4170 Domini
2020 4113 2171 4183 ponit
2213 4112 2438 4183 propius
2472 4125 2640 4182 quam
2688 4110 2861 4181 prius,
2894 4117 2952 4164 ut
2978 4108 3164 4165 statim
3194 4107 3381 4177 digitis

115 4192 231 4251 Inter
285 4200 573 4258 dicendum
623 4201 899 4258 :Sursum
949 4205 1134 4272 corda,
1162 4217 1427 4275 utrasque
1479 4220 1674 4261 manus
1776 4204 1920 4261 inter
1948 4205 2200 4270 calicem,
2247 4218 2315 4257 ne
2343 4202 2473 4273 quid
2502 4201 2569 4256 de
2610 4215 2839 4271 corpore
2882 4198 3096 4254 Domini
3127 4198 3378 4253 adhaese-

113 4297 307 4355 quatuor
326 4293 505 4364 digitis
532 4293 615 4363 (ut
637 4293 841 4349 dictum
858 4294 1326 4364 est)combinatis,
1353 4304 1674 4350 reverenter
1776 4298 1868 4364 rit,
1897 4296 2161 4360 excussis,
2189 4310 2310 4350 cum
2340 4292 2515 4349 calice
2554 4292 2721 4348 etiam
2771 4306 2980 4360 corpus
3016 4288 3229 4345 Domini
3276 4305 3377 4345 co-

113 4393 255 4452 usque
279 4387 344 4441 ad
378 4387 641 4443 humeros
664 4386 831 4443 levat.
877 4386 976 4443 Cui
1028 4396 1193 4443 etiam
1243 4388 1346 4443 hoc
1392 4386 1672 4443 sciendum
1774 4386 2006 4459 operiat.
2035 4387 2184 4441 Dicta
2212 4393 2393 4439 autem
2418 4381 2669 4438 oratione
2692 4381 2998 4447 Dominica,
3021 4378 3385 4450 respondetur

110 4480 192 4536 est,
219 4478 349 4545 quod
391 4479 525 4535 hinc
568 4493 654 4543 eo,
703 4493 812 4548 quo
862 4486 991 4534 tunc
1016 4493 1077 4535 se
1132 4477 1294 4533 habet
1332 4476 1539 4542 habitu,
1564 4493 1668 4533 non
1703 4516 1747 4570 υ
1778 4479 1883 4536 Sed
1910 4478 2077 4534 libera
2117 4494 2211 4532 nos
2242 4494 2273 4531 a
2322 4474 2497 4541 malo;
2533 4474 2647 4545 ipse
2676 4481 2860 4528 autem
2897 4473 3062 4529 tacite
3088 4471 3387 4542 respondet

113 4571 217 4619 ante
241 4578 444 4626 mutare
475 4570 661 4637 debet,
684 4586 847 4632 quam
895 4570 1150 4626 sacrificii
1200 4570 1671 4627 consecrationem
1703 4565 1739 4570 —
1772 4571 1959 4626 Amen.
1995 4569 2087 4625 Sic
2124 4584 2340 4639 quoque
2388 4567 2578 4623 Libera
2624 4584 2739 4635 nos,
2777 4582 3105 4637 qua'sumus,
3130 4565 3386 4631 Domine,

109 4655 344 4726 Perﬁciat,
370 4662 479 4717 nisi
505 4677 630 4717 cum
655 4672 749 4717 aut
778 4662 1101 4729 inclinatus,
1127 4672 1222 4718 aut
1269 4662 1322 4717 iu
1360 4662 1537 4719 Cruce
1583 4662 1668 4717 fa-
1773 4664 1958 4721 statim
1987 4663 2231 4728 inchoat,
2273 4673 2328 4717 et
2356 4661 2501 4717 dicto
2532 4662 2596 4715 ab
2629 4661 2776 4714 omni
2801 4658 3198 4729 perturbatione
3228 4673 3387 4713 secu-

108 4744 268 4804 cienda
296 4752 379 4807 vel
408 4752 682 4811 sacrificio
706 4754 993 4809 tractando
1022 4761 1345 4823 occupatur.
1774 4761 1843 4823 ri,
1874 4768 2002 4813 tunc
2026 4755 2253 4811 calicem
2289 4754 2439 4810 disco
2469 4752 2724 4823 operiens
2753 4766 2952 4821 corpus
2982 4748 3200 4805 Domini
3231 4748 3383 4803 acci-

161 4836 431 4911 Cancrum,
454 4844 602 4901 dicta
617 4842 953 4913 pracfatione,
980 4844 1049 4903 ad
1066 4842 1305 4900 Sanctus.
1329 4857 1389 4898 se
1418 4842 1666 4911 inclinat,
1770 4849 1869 4920 pit.
1900 4848 1966 4902 Et
2003 4847 2144 4902 inter
2171 4844 2480 4911 dicendum,
2514 4859 2613 4913 per
2638 4841 2925 4897 Dominum
2950 4850 3208 4905 nostrum,
3240 4838 3377 4894 dex-

108 4925 264 4999 Sicque
296 4934 512 4991 inclinis
536 4937 604 4990 ad
651 4936 970 4991 Benedictus
1011 4937 1103 5007 qui
1146 4938 1306 5000 venit,
1336 4936 1388 4991 in
1436 4934 1576 4993 facie
1608 4951 1667 4992 se
1772 4948 1912 4996 tram
1952 4945 2164 5009 partem
2204 4935 2477 4991 Dominici
2519 4933 2767 5004 corporis
2815 4931 2987 5004 digito
3014 4945 3231 4997 secans,
3261 4942 3370 4983 non

105 5016 277 5090 signat,
305 5026 448 5094 quod
474 5035 770 5096 utrumque
803 5036 860 5082 et
889 5027 1200 5084 Conversus
1251 5028 1410 5084 debet
1458 5027 1664 5083 facere.
1770 5030 1987 5104 penitus
2016 5044 2138 5085 eam
2166 5036 2405 5098 separat,
2443 5026 2538 5082 sed
2569 5040 2692 5081 cum
2720 5023 2874 5089 dicit,
2913 5021 3018 5088 Qui
3049 5032 3219 5077 tecum
3250 5020 3373 5077 vicit

105 5105 193 5163 Sed
224 5110 509 5183 Sacerdos,
530 5116 785 5173 inchoato
816 5116 888 5172 Te
917 5118 1102 5189 igitur,
1134 5133 1194 5174 se
1216 5119 1406 5191 erigit,
1437 5120 1532 5176 sed
1579 5134 1671 5174 ac-
1771 5133 1820 5179 et
1848 5132 2053 5193 regnat,
2085 5119 2363 5176 sinistram
2402 5114 2726 5187 particulam
2770 5129 2836 5171 ex
2869 5121 2983 5168 toto
3013 5111 3227 5175 dividit,
3261 5124 3366 5165 me-

105 5201 239 5258 cllnis
267 5222 281 5260 :
311 5215 367 5262 et
405 5200 556 5263 dicto
584 5205 863 5280 Supplices
914 5221 964 5264 te
1018 5226 1290 5281 rogamus,
1314 5227 1376 5264 ac
1421 5212 1666 5279 petimus,
1771 5217 1970 5287 dieque
2007 5211 2306 5285 coniungit.
2337 5210 2406 5265 Et
2453 5225 2576 5264 cum
2602 5207 2732 5263 dicit
2761 5222 2777 5261 :
2810 5204 2919 5259 Per
2939 5203 3115 5258 omnia
3170 5200 3371 5256 saecula

106 5297 215 5349 tunc
236 5298 466 5366 primum
491 5314 612 5354 cum
645 5300 983 5357 osculatione
1004 5301 1194 5375 altaris
1215 5315 1276 5359 se
1308 5316 1377 5357 ex
1421 5311 1533 5358 toto
1564 5302 1669 5358 eti.
1771 5306 2114 5374 mentorum,
2164 5305 2413 5360 dextram
2466 5298 2787 5372 particulam
2823 5296 3038 5367 accipit,
3077 5309 3201 5349 cum
3260 5307 3371 5363 qua

103 5383 343 5452 git.lnter
370 5392 683 5460 dicendum,
718 5393 846 5448 Htec
897 5400 957 5459 ὦ
1002 5395 1301 5462 dona,ltwc
1332 5400 1390 5458 ἧς
1423 5411 1667 5462 munera,
1771 5398 1841 5453 ad
1889 5396 2009 5450 Pax
2039 5397 2260 5460 domini,
2297 5409 2395 5465 per
2440 5390 2676 5448 medium
2727 5388 2927 5449 ealicis,
2970 5387 3205 5457 desuper
3258 5392 3374 5439 tres

101 5475 196 5532 Ιιωε
227 5494 403 5539 sancta
460 5492 518 5550 ἦ(
552 5486 819 5556 sacriﬁcia
870 5468 1115 5553 illibata,
1186 5497 1297 5543 tres
1349 5503 1667 5543 communes
1773 5502 1966 5543 cruces
2015 5496 2163 5542 tanta
2212 5486 2343 5542 fecit
2396 5482 2747 5548 festinantia,
2795 5489 2855 5536 ut
2897 5480 3043 5551 ipsas
3093 5478 3233 5532 inter
3272 5475 3375 5531 has

102 5582 269 5629 cruces
294 5578 456 5647 Super
477 5586 762 5648 utramque
790 5577 1120 5636 oblationem
1155 5579 1313 5645 facit;
1344 5580 1592 5635 similiter
1611 5589 1668 5634 et
1771 5579 2014 5651 quinque
2052 5579 2418 5637 dictiunculas
2449 5576 2720 5648 perficiat,
2759 5583 2817 5630 et
2862 5573 2929 5629 ad
2957 5573 3118 5627 linem
3150 5570 3368 5633 harum,

104 5672 232 5732 tunc,
261 5685 381 5725 cum
432 5672 582 5743 dicit,
615 5673 954 5742 Benedictum
1011 5680 1071 5741 >14
1105 5674 1449 5744 adscriptam,
1483 5679 1542 5738 »Β
1581 5689 1668 5726 ra-
1774 5671 1954 5743 ipsam
1986 5670 2310 5743 particulam
2339 5670 2390 5724 in
2413 5666 2726 5737 sanguinem
2756 5664 3214 5732 mittat,‘c:cteras
3235 5662 3372 5717 duas

103 5763 194 5812 σάηι
226 5768 308 5831 Ἰας
343 5765 434 5823 sed
460 5765 588 5824 duas
614 5765 926 5840 singillatim
948 5781 1111 5845 super
1128 5766 1331 5825 hostias
1358 5776 1411 5826 ct
1442 5766 1666 5825 calicem
1772 5782 1938 5841 super
1961 5764 2208 5830 calicem,
2243 5762 2331 5820 ubi
2361 5761 2500 5817 hanc
2525 5758 2696 5831 ipsam
2729 5757 2976 5833 corporis
3007 5754 3216 5813 Domini
3244 5751 3370 5812 fecit
