1945 3157
255 147 325 187 m9

824 156 851 183 S.
873 154 1061 184 GUILLELMI
1081 155 1226 182 ABBATIS
1245 152 1408 182 IIIRSAUG.

1821 153 1873 182 MO

253 214 417 243 fractionem‘
431 210 545 242 duobus
556 209 674 241 siiiistrtc
698 220 795 241 manus
827 214 919 248 digitis
942 219 1046 247 tenens,
1062 215 1085 242 Α
1099 217 1126 240 ct
1136 213 1287 248 corporale,
1303 220 1363 247 qua:
1380 217 1442 237 cum
1460 209 1598 244 ampullis,
1617 209 1686 237 libro
1701 209 1873 238 aervcstim-

252 262 338 289 donec
361 261 447 297 Agnus
470 261 517 288 lici
542 269 588 296 per
613 260 788 294 semeiipsuut
807 264 870 287 tunc
894 265 1044 295 pet-cantet,

242 307 284 347 iac
302 307 422 342 inelinis,
448 315 529 343 super
552 307 662 335 calicem
683 306 908 334 communicando
927 314 974 334 eas
1001 314 1047 334 ac-

252 354 345 389 cipiat.

277 398 315 426 ’Si
342 398 451 426 Missam
480 398 668 426 defunctorum
693 403 795 430 cantat,
821 405 900 426 nemo
916 397 967 425 nisi
990 397 1046 431 ipse

250 444 322 471 solus
346 444 539 471 communicat.
567 443 620 471 Sed
644 444 666 471 si
688 444 813 470 vivorum
837 443 920 470 missa
938 448 990 476 est,
1007 443 1046 470 sic

250 496 357 525 quoque
375 490 490 517 tenendo
506 489 551 516 dat
570 489 666 517 Pacem
683 489 833 523 Conversa,
848 495 874 517 el
892 489 936 516 ille
954 494 1046 516 astaua

250 535 331 568 libus,
341 536 362 562 si
375 535 419 569 qui
429 540 501 569 sunt,
513 536 557 570 qui
570 535 771 562 communicare
783 534 925 562 voluerint.
939 534 1042 562 Deinde

250 585 339 608 tamen
356 581 388 607 ad
402 582 534 616 privatam
551 582 659 609 missam
676 578 728 608 non
744 581 866 615 pluribus
880 581 943 608 licet
962 588 1043 615 quam

249 626 362 658 duobtts,
378 634 503 660 quorum,
520 626 564 661 qui
578 626 744 660 adjutorest,
763 625 860 653 Pacem
875 633 890 652 a
904 625 999 653 saccrd
1010 629 1044 652 ,tc

248 672 403 707 accipiens;
426 677 488 700 tunc
504 672 569 700 facit
591 673 615 700 ei
630 673 736 707 signum
752 672 981 705 commtmicandi,
994 672 1043 698 ad-

248 718 304 745 dito
317 719 393 754 signo
407 719 532 751 duorum,
549 722 577 745 ut
591 718 636 746 ille
650 718 783 753 intelligat
798 719 865 746 duos
880 718 948 746 velle
964 726 1040 745 cont-

249 764 388 792 municare
398 773 459 791 cum
473 772 552 791 unam
574 770 678 799 partem
694 764 738 792 ille
754 764 913 799 susceperit,
929 764 1042 791 altcram‘

247 809 275 837 in
287 810 353 837 duas
365 810 477 837 divisam
490 811 590 838 tribuat
601 811 743 843 ambobus,
760 811 864 838 veniam
877 811 951 845 prius
961 818 1043 844 super

247 863 335 890 genua
350 857 514 891 petentibus,
527 860 554 884 et
567 855 617 883 sibi
642 864 751 883 manum
777 856 972 883 osculantihns.
1000 856 1040 883 Ad

246 910 360 936 quorum
373 910 404 930 os
419 903 677 930 connnunicantium
692 907 746 929 tam
763 907 841 930 caute
854 896 969 937 applicat
982 910 1043 929 cor-
1059 898 1079 926 Β

245 954 297 982 pus
318 947 433 979 Domini,
457 948 528 982 quod
551 951 624 975 tenet
649 947 744 974 dextra
766 955 827 974 cum
843 947 937 980 calice,
962 954 1041 982 quem

247 997 382 1020 sustentat
394 992 515 1025 sinistra,
532 997 561 1020 ut
573 993 636 1020 dum
649 1001 748 1028 corptts
763 992 868 1020 Dotnini
885 993 1038 1020 communi-

246 1037 319 1064 canti
346 1038 436 1069 datur,
465 1046 561 1064 manus
592 1038 682 1065 dantis
706 1045 877 1073 nequaquam
904 1038 1040 1073 longiusa

246 1083 331 1110 calice
343 1088 499 1118 separetur:
517 1083 614 1110 deinde
629 1088 737 1117 sumpto
751 1085 882 1118 sanguine
896 1084 952 1118 ipse
964 1092 1039 1111 com-

247 1129 447 1156 ntunicantibus
463 1130 508 1157 dat
523 1130 555 1156 de
567 1130 660 1156 eodem
676 1129 732 1162 illo,
745 1129 789 1164 qtti
802 1130 876 1164 prior
888 1130 1041 1157 communi—

246 1174 318 1201 cavit
351 1181 412 1201 cutn
436 1174 531 1207 linteo,
556 1182 610 1209 quo
631 1174 809 1209 oll‘crcbatur;
839 1176 924 1203 calice
945 1178 979 1203 ab
1008 1184 1040 1204 co

244 1221 417 1257 suscipiente.
438 1221 468 1248 Et
484 1229 545 1248 cmn
564 1218 677 1256 turaque
689 1222 716 1248 in
732 1223 826 1249 eadem
841 1226 918 1257 parte
933 1221 1037 1255 calicis,

244 1275 297 1302 qua
311 1268 472 1295 etsacerdos
491 1268 650 1303 sanguinem
664 1268 820 1302 sumpserit,
837 1268 965 1296 sacerdos
978 1268 1040 1296 cali-

242 1321 301 1341 cctn
317 1315 420 1350 recipit.
442 1314 518 1341 Tunc
533 1313 640 1348 adjutor
657 1313 717 1349 ejus
730 1314 788 1341 sive
810 1314 868 1348 ipse
890 1314 1039 1341 communi-

243 1360 324 1393 cavit,
347 1360 405 1388 sire
419 1368 471 1388 non
499 1360 590 1387 vinum
607 1361 631 1387 ei
651 1361 683 1387 ad
698 1360 862 1387 abluendntn
882 1361 956 1395 (115)
971 1361 1037 1388 cali-

242 1412 301 1432 cem
321 1405 366 1433 dat
380 1414 387 1433 :
408 1410 471 1433 tttnc
482 1405 601 1432 infundit
612 1405 659 1438 ita,
675 1409 705 1433 ut
719 1407 836 1433 secunda
849 1406 908 1433 vice
922 1411 1039 1441 quatuor

244 1449 354 1484 digitos,
375 1450 476 1485 quibus
489 1458 588 1485 corpus
604 1450 708 1477 Domini
726 1440 960 1487 tractavit,'super
971 1452 1038 1479 cali-

239 1500 301 1523 cem
323 1496 404 1528 lavet,
421 1504 489 1531 quos
515 1497 597 1524 etiam
611 1497 638 1523 in
656 1505 687 1524 ea
707 1502 794 1532 parte,
820 1498 864 1524 ubi
878 1498 1036 1533 sanguinem

240 1541 366 1575 stunpsit,
382 1542 414 1568 ad
426 1549 561 1569 sunnnum
575 1542 667 1570 calicis
686 1543 809 1577 ingerere
822 1544 911 1576 debet,
928 1548 956 1571 et
970 1552 1038 1579 qua-

238 1585 305 1614 libet
320 1586 378 1615 vice
394 1588 486 1615 vinum
503 1587 621 1616 infusum
637 1589 694 1624 ipse
715 1596 842 1623 sumere;
869 1597 1034 1625 quamqttam

242 1636 276 1662 de
293 1636 387 1663 eodem
405 1636 488 1664 calice
503 1638 585 1664 etiam
599 1639 832 1666 communicantes
846 1646 908 1666 mox
919 1639 1037 1667 debeant

237 1681 330 1708 viuum
350 1682 451 1709 bibere.
469 1682 525 1710 Hoc
538 1683 666 1716 scientes,
683 1684 754 1719 quod
770 1688 833 1712 tunc
846 1684 964 1719 primunt
973 1693 1034 1713 cum

237 1727 441 1756 dcosculatioue
458 1737 553 1757 manus
567 1731 704 1758 sacerdoti
726 1730 797 1759 calix
810 1735 853 1758 est
865 1731 1031 1759 reddendus.

237 1772 337 1800 Verum
358 1782 417 1800 mox
433 1779 492 1808 post
507 1775 671 1803 ablutionem
686 1776 779 1805 calicis
793 1778 838 1804 ille
849 1784 902 1805 non
914 1782 1036 1804 moratur

237 1819 378 1853 corporale
403 1820 515 1855 plicare,
545 1825 573 1848 et
600 1821 672 1848 dicta
700 1823 891 1850 communione
931 1822 1034 1850 missali

234 1872 344 1899 «pioque
381 1866 414 1892 ad
454 1867 577 1894 dextram
615 1868 719 1902 posito,
756 1860 869 1895 missam
906 1876 1035 1897 consum-

237 1910 332 1937 mouit.

274 1955 421 1982 Sciendum
443 1960 545 1988 autem,
568 1957 639 1991 quod
658 1958 684 1985 in
704 1959 819 1987 summis
844 1959 920 1987 festis
939 1968 1034 1988 omnes

235 1999 333 2027 debent
349 2001 563 2035 communicare,
577 2007 604 2029 et
615 2003 648 2029 al
663 2002 794 2038 majorem
811 2007 922 2032 missam
934 2005 1032 2033 Pacem

234 2052 289 2072 non
302 2045 437 2080 accipere,
451 2053 505 2081 quo
518 2048 610 2074 cmteri
624 2048 706 2075 citius
727 2049 830 2083 possint
846 2051 1034 2078 communica-

233 2099 274 2118 re.
293 2091 360 2119 Cum
386 2100 452 2126 ergo
473 2093 500 2121 in
527 2094 629 2122 ultimis
644 2095 715 2122 dicit
739 2095 869 2124 Dominus
900 2097 1032 2124 vobiscum

233 2144 330 2164 versus
343 2138 376 2164 ad
395 2138 545 2171 adstantes,
557 2139 651 2167 eodem
672 2140 769 2167 ordine
786 2148 841 2175 quo
856 2146 885 2168 et
906 2141 980 2176 prius
999 2143 1032 2169 ad

235 2182 320 2210 altare
334 2190 363 2210 se
377 2184 468 2217 vertit,
485 2188 514 2212 ct
528 2193 589 2212 cum
606 2186 809 2214 deosculatione
824 2186 920 2215 altaris
934 2188 1033 2215 oratio-

1100 259 1134 287 tis
1149 267 1181 286 eo
1201 258 1308 292 ordine,
1324 265 1378 293 quo
1403 257 1467 284 illuc
1493 264 1542 291 per
1557 263 1586 283 se
1606 259 1633 283 et
1657 263 1709 290 per
1735 262 1874 284 conversam

1098 311 1161 333 sunt
1180 305 1281 340 allata,
1299 305 1473 340 reportanda,
1488 308 1515 331 ct
1528 305 1556 331 in
1570 303 1630 330 loco
1642 307 1709 330 sunt
1730 304 1873 338 nponutda.

1098 352 1166 388 (υυ.)
1183 352 1235 380 Sed
1250 356 1277 379 et
1287 352 1343 379 hoc
1367 350 1507 379 sciendum
1535 353 1578 377 est
1599 350 1738 377 sacerdoti
1764 350 1873 384 prima:

1097 398 1208 425 missam
1225 397 1364 429 cantanti;
1390 397 1411 424 si
1440 395 1563 427 interim,
1583 396 1649 422 dum
1664 395 1740 423 Hora
1758 395 1871 430 incipitur,

1097 444 1207 472 missam
1224 444 1336 477 finierit,
1347 443 1384 470 ita
1397 447 1427 470 ut
1442 447 1506 470 ante
1522 441 1642 469 Gloriam
1665 442 1750 477 primi
1763 442 1870 476 psalmiin

1096 489 1215 518 Cborom
1231 490 1325 518 venire
1348 488 1445 523 possit,
1464 495 1628 515 conversum
1648 495 1714 514 cum
1738 487 1870 515 vestimento

1096 542 1150 563 non
1165 535 1264 570 plicato
1288 535 1417 566 dimittat,
1435 538 1463 561 et
1488 534 1545 568 ipse
1570 533 1604 560 ad
1620 532 1725 560 Horam
1741 532 1827 567 pergit.
1846 533 1873 559 At

1095 583 1117 611 si
1131 582 1227 610 venire
1241 588 1293 609 non
1306 584 1397 616 potest
1414 584 1477 607 ante
1490 578 1608 607 Gloriam
1624 578 1708 613 primi
1719 578 1820 612 psalmi,
1832 586 1871 605 non

1095 635 1124 655 se
1140 631 1230 655 movet
1258 634 1273 653 a
1296 626 1367 658 loco,
1394 632 1444 653 nec
1469 632 1630 659 con_versus,
1648 626 1799 659 quousque
1818 622 1870 650 lion

1095 674 1206 700 finiatur
1218 681 1225 706 ;
1239 672 1287 700 sed
1299 672 1335 699 ibi
1349 676 1440 699 cantat
1451 678 1524 699 eam.

1129 719 1176 746 llre
1191 723 1255 746 sunt
1266 722 1356 745 autem
1367 716 1480 744 vices-in
1494 716 1595 751 quibus
1611 715 1771 743 sacerdotes
1782 720 1873 749 possunt

1094 764 1248 799 huiusmodi
1272 764 1371 792 missas
1392 763 1495 797 absque
1517 761 1628 789 licentia
1640 766 1765 788 cantare.
1777 761 1872 788 Coludi:

1093 815 1156 837 ante
1186 810 1314 845 primam,
1346 809 1369 837 si
1402 813 1492 836 tamen
1528 808 1615 842 prima
1643 815 1697 835 non
1724 807 1873 841 coniungitur

1094 856 1239 887 matutino,
1267 859 1296 882 ut
1315 854 1454 890 stupiusiu
1480 854 1594 890 hyeme;
1619 858 1727 888 etpost
1750 853 1872 888 capitulu-

1094 909 1180 937 nsque
1194 902 1228 929 ad
1241 901 1360 929 tertiam.
1375 901 1428 929 Sed
1448 900 1519 928 infra
1530 899 1777 934 Quadragesimam
1791 899 1814 926 in
1825 899 1872 926 dic-

1093 950 1143 977 bus
1156 948 1297 976 duodecim
1312 948 1472 980 lectionum,
1492 946 1604 981 quando
1615 946 1767 974 secundum
1776 953 1874 973 censio

1094 994 1214 1021 tudinem
1238 993 1349 1028 triginta
1375 991 1471 1027 psalmi
1497 995 1657 1024 cantantur,
1682 990 1773 1018 debent
1795 990 1870 1017 eidem

1092 1039 1250 1075 psalmodia:
1265 1046 1351 1074 usque
1367 1038 1400 1065 ad
1416 1038 1499 1066 linem
1514 1037 1609 1064 decem
1624 1037 1782 1071 psalmorum
1798 1037 1869 1064 inter-

1093 1092 1168 1118 esse;
1185 1089 1233 1111 aut
1262 1084 1284 1111 si
1311 1083 1458 1119 capitulutu
1477 1087 1520 1110 est
1535 1086 1599 1118 post
1619 1083 1742 1115 tertiam,
1754 1090 1830 1117 usque
1842 1081 1871 1108 ad

1092 1133 1214 1161 sextam;
1231 1136 1281 1155 nec
1302 1128 1393 1155 minus
1419 1133 1481 1162 post
1495 1132 1618 1159 sextam;
1644 1127 1669 1154 si
1686 1131 1773 1154 tamen
1788 1126 1872 1153 intres

1093 1179 1157 1202 tunc
1186 1183 1239 1202 non
1271 1174 1353 1202 ierint
1375 1175 1534 1202 dormitum.
1557 1173 1716 1208 Aliquanth
1739 1181 1800 1201 vero
1824 1177 1872 1207 post

1091 1221 1267 1256 Evangelium
1290 1221 1401 1255 majoris
1425 1220 1520 1247 missa:
1545 1219 1645 1254 aliquis
1663 1220 1827 1247 sacerdotum
1847 1219 1873 1245 li-

1091 1267 1209 1293 centiam
1225 1266 1349 1300 accipere
1361 1269 1467 1299 potest:
1481 1265 1552 1299 quod
1566 1269 1659 1292 tamen
1672 1264 1873 1299 reprehenditur,

1091 1310 1114 1338 si
1129 1310 1295 1345 aliquamdiu
1312 1309 1510 1345 frequentatur.
1525 1310 1535 1320 '
1551 1309 1703 1337 Sciendum
1717 1314 1803 1337 autem
1815 1309 1873 1344 quod

1090 1357 1180 1384 mlius
1209 1356 1340 1384 sacerdos
1356 1356 1382 1383 in
1400 1364 1452 1384 una
1474 1356 1518 1384 die
1533 1355 1603 1383 duas
1620 1356 1721 1384 missas
1734 1357 1809 1391 debet
1820 1364 1873 1383 can-

1091 1408 1158 1436 tare,
1174 1403 1225 1432 nisi
1247 1411 1343 1438 magna
1364 1408 1443 1438 cogat
1467 1403 1615 1430 necessitas
1627 1423 1636 1435 ,
1655 1407 1684 1430 et
1705 1403 1761 1431 nisi
1777 1404 1873 1429 mutuus

1089 1449 1170 1482 abba,
1184 1450 1227 1477 vel
1238 1450 1314 1485 prior
1325 1450 1349 1477 ei
1360 1450 1491 1477 concedat
1505 1457 1512 1476 :
1527 1449 1576 1476 has
1591 1454 1686 1476 autent
1703 1448 1872 1477 missassimul

1089 1495 1170 1523 debet
1203 1500 1326 1527 cantare,
1354 1500 1381 1523 et
1409 1496 1442 1523 ad
1470 1495 1587 1530 priorem
1610 1499 1666 1522 tam
1688 1495 1787 1531 digitos
1806 1503 1874 1530 qua

1088 1541 1200 1569 calicem
1215 1541 1305 1569 dilfert
1314 1541 1416 1569 lavare.
1433 1541 1487 1569 Sed
1501 1541 1634 1569 diaconus
1647 1542 1691 1570 vel
1703 1543 1873 1569 subdiaconus

1051 1573 1071 1601 (ἶ
1088 1594 1142 1614 non
1166 1587 1266 1615 debent
1285 1588 1318 1615 ad
1344 1587 1412 1616 duas
1437 1587 1537 1615 missas
1556 1587 1659 1623 legere,
1685 1588 1740 1616 nisi
1766 1596 1812 1623 pro
1830 1596 1873 1614 una

1087 1640 1170 1667 parra
1186 1633 1361 1660 necessitate.

1337 1679 1452 1707 CAPUT
1479 1679 1634 1707 LXXXVII.

1350 1726 1398 1753 De.
1408 1726 1625 1755 sitbdiacmtibus.

1095 1783 1099 1786 ν
1121 1771 1192 1807 (νβ.)
1205 1770 1456 1806 Subdiacouus,qui
1469 1772 1591 1799 lecturus
1602 1777 1644 1800 est
1658 1772 1811 1807 epistolam.
1821 1779 1873 1799 cum

1086 1816 1228 1844 sacerdote
1253 1824 1431 1851 processurus
1466 1817 1502 1844 ad
1526 1817 1623 1850 altare,
1657 1823 1748 1852 portat
1782 1821 1873 1845 textum

1086 1862 1237 1898 Evangelii,
1267 1867 1295 1890 et
1322 1863 1398 1898 ponit
1422 1862 1449 1890 in
1475 1862 1564 1890 medio
1596 1862 1706 1890 altaris.
1742 1862 1872 1890 Pulvillum

1086 1916 1139 1936 non
1164 1914 1265 1944 portat,
1293 1910 1345 1937 nisi
1371 1910 1399 1936 in
1434 1908 1579 1936 duodecim
1612 1909 1799 1937 lectionibus.‘
1819 1907 1873 1941 Quo

1085 1957 1221 1990 deposito,
1252 1962 1280 1984 et
1305 1957 1477 1984 confessione
1515 1956 1599 1988 dicta,
1631 1957 1656 1984 si
1686 1957 1713 1984 in
1742 1955 1870 1984 duodecim

1085 2003 1248 2030 lectionibus
1259 2007 1302 2030 est
1313 2003 1340 2030 in
1356 2003 1527 2038 presbyterio
1544 2006 1599 2029 stat
1624 2010 1721 2030 versus
1733 2002 1766 2030 ad
1777 2001 1870 2037 aquilo-

1086 2055 1157 2081 nem,
1182 2048 1268 2077 donec
1295 2049 1423 2076 sacerdos
1447 2049 1586 2076 collectam
1612 2049 1735 2083 incipiat.
1759 2048 1870 2076 Inchoat:

1085 2100 1175 2123 autem
1198 2103 1241 2128 ea,
1267 2096 1389 2123 vertitse
1414 2096 1447 2123 ad
1468 2095 1618 2127 Orientem,
1643 2100 1673 2123 et
1701 2096 1808 2123 inclinis
1825 2099 1871 2121 stat

1088 2148 1175 2176 usque
1189 2148 1242 2176 quo
1254 2142 1287 2168 ad
1300 2141 1442 2175 legendum
1456 2141 1595 2176 procedat.
1612 2141 1639 2168 lu
1651 2141 1767 2176 privatis
1779 2140 1868 2169 didm.

1086 2186 1143 2212 sive
1157 2186 1193 2213 sit
1207 2187 1234 2213 in
1246 2187 1380 2217 custodia,
1398 2187 1456 2214 sive
1471 2193 1536 2220 non,
1562 2187 1589 2214 in
1607 2187 1707 2214 dextro
1732 2188 1814 2215 chum
1826 2189 1871 2212 stat

233 2236 295 2255 nem
328 2229 402 2256 illam
430 2230 535 2263 altaris,
562 2230 672 2259 Placeat
702 2232 761 2265 tibi,
782 2238 873 2260 sancta
904 2233 1030 2266 Trinitas,
1049 2231 1119 2280 Dad
1138 2231 1281 2266 parietem.
1304 2231 1342 2260 lbi
1370 2232 1451 2259 etiam
1484 2232 1609 2260 inchoata
1642 2232 1731 2267 prima
1761 2231 1870 2260 oratione

229 2280 377 2309 parumper
406 2276 439 2303 ad
473 2277 560 2304 altare
589 2277 695 2305 inclinis
732 2280 814 2307 tacite
835 2280 910 2311 dicit,
937 2281 1031 2315 sicque

234 2319 328 2348 clauso
343 2320 412 2348 libro
428 2323 530 2349 recedit
544 2323 579 2350 ab
594 2324 683 2351 altari.
697 2324 774 2352 Tunc
786 2326 941 2353 Conversus
952 2335 1032 2354 casu-

231 2364 298 2397 lam,
314 2364 374 2399 ipso
385 2366 435 2393 sub
447 2374 478 2393 ea
499 2375 595 2395 manus
620 2373 737 2402 tenente,
764 2377 812 2404 per
844 2371 1029 2399 summitatem

231 2409 325 2444 capitii
340 2410 476 2445 accipiens
500 2418 609 2439 exutam
633 2414 727 2448 plicat,
750 2418 778 2441 et
800 2414 908 2442 interim
930 2417 1028 2443 stolam

228 2464 292 2483 cum
308 2456 405 2484 fanone
415 2458 589 2486 sacerdos...
603 2458 716 2487 inferius
727 2467 874 2488 conversus
887 2466 914 2488 et
933 2462 1029 2489 [tuine-

232 2502 290 2530 rale
305 2503 384 2530 simul
402 2504 512 2539 plicant,
527 2510 655 2533 caventes
672 2513 705 2533 ne
727 2507 791 2542 quid
805 2508 903 2535 horum
922 2508 956 2535 ad
974 2513 1030 2536 ter-

230 2557 290 2576 ram
318 2549 435 2578 decidat.
462 2550 540 2579 Tunc
570 2559 719 2580 conversus
736 2553 857 2581 casulam
883 2558 909 2581 et
928 2558 1027 2582 cmtera

227 2595 326 2629 plicata
342 2596 368 2624 in
384 2597 472 2624 albam
493 2598 642 2633 composita
656 2599 775 2634 colligat.
788 2599 889 2628 Deinde
905 2606 967 2636 post
980 2609 1028 2636 pe-

230 2641 307 2668 titam
325 2647 388 2670 ante
413 2643 501 2671 altare
523 2644 641 2677 veniam,
658 2645 749 2673 tunica
774 2646 884 2673 indutus
897 2647 1027 2674 sacerdos

230 2685 375 2721 digitorum
389 2690 560 2718 summitates
570 2690 652 2724 lavat,
662 2691 780 2718 maxime
791 2696 900 2727 propter
912 2692 1026 2720 calicem

265 2765 403 2806 (115)_Sic
426 2774 513 2806 autem
529 2771 574 2798 cit.
599 2772 697 2797 eodem:
717 2770 839 2798 Servitor
859 2773 905 2806 qui
932 2780 1027 2806 Super-

226 2804 282 2840 est,
309 2801 396 2830 adhuc
412 2805 514 2831 accedit
533 2813 594 2832 cum
610 2806 697 2833 altero
710 2807 795 2834 calice
807 2801 884 2834 extra
911 2816 948 2834 νει
959 2801 1026 2834 lina-

227 2839 353 2878 I‘orttnu,
377 2842 408 2878 ut
435 2841 560 2868 sacerdos
580 2849 747 2878 supercum
774 2849 835 2869 cum
866 2842 927 2870 vino
955 2843 1026 2870 lavet

226 2869 330 2907 digitos
355 2872 452 2907 quibus
477 2882 574 2910 corpus
601 2869 771 2905 Dominicum
800 2879 943 2914 tractavit,
969 2869 1023 2907 sic?

1084 2284 1145 2304 cum
1164 2278 1270 2305 caeteris
1285 2277 1416 2305 fratribus
1432 2286 1515 2312 super
1530 2278 1751 2305 misericordiam
1763 2277 1834 2311 (lli)
1846 2283 1871 2301 se

1082 2324 1219 2351 submittit
1245 2331 1331 2359 usque
1351 2324 1414 2351 dum
1429 2324 1463 2351 ad
1477 2325 1631 2352 orationem
1657 2325 1784 2352 ultimam
1804 2323 1867 2350 dica-

1084 2374 1137 2403 tur,
1152 2369 1204 2397 Per
1234 2370 1375 2397 Dominum
1401 2375 1530 2398 nostrum.
1552 2369 1582 2397 Si
1596 2370 1709 2405 quando
1732 2369 1868 2405 prophetia

1082 2414 1161 2442 lectio
1179 2416 1318 2443 recitanda
1341 2422 1403 2448 est,
1429 2416 1550 2443 lecturus
1579 2423 1658 2449 eam,
1691 2416 1776 2444 etiam
1799 2415 1822 2442 si
1843 2414 1870 2440 de

1082 2460 1180 2488 dextro
1193 2461 1239 2493 sit,
1265 2462 1419 2496 oppositum
1441 2462 1467 2488 in
1486 2462 1598 2489 sinistro
1620 2462 1707 2489 choro
1729 2462 1818 2489 locum
1829 2467 1869 2486 oc-

1083 2512 1176 2541 cupat,
1195 2508 1267 2542 quod
1288 2507 1353 2535 nulli
1369 2507 1414 2535 alii
1430 2507 1547 2535 cilicium
1563 2508 1705 2542 quodlibet
1715 2513 1812 2535 acturo
1821 2506 1870 2532 sine

1075 2551 1198 2586 jussione
1211 2553 1311 2589 prioris
1322 2554 1395 2581 licet.
1410 2553 1639 2589 (un.)Antequam
1652 2553 1765 2589 incipiat
1774 2559 1800 2581 et
1807 2557 1869 2587 post.

1079 2608 1161 2634 quam
1188 2600 1331 2628 lectionem
1350 2600 1419 2633 linit,
1446 2601 1480 2627 ad
1496 2604 1641 2634 utramque
1661 2601 1748 2627 viceni
1783 2598 1871 2626 ibidem

1079 2646 1124 2673 ubi
1138 2646 1259 2674 lecturus
1277 2651 1328 2677 est.
1342 2651 1405 2674 ante
1419 2650 1446 2674 et
1457 2651 1532 2673 retro
1548 2646 1625 2674 facit.
1638 2647 1646 2656 ‘
1660 2646 1750 2674 Finita
1767 2645 1871 2673 lectione

1080 2693 1187 2728 reponit
1206 2693 1306 2721 librant
1320 2692 1346 2720 in
1363 2692 1523 2724 armariolo,
1537 2692 1609 2727 quod
1625 2692 1708 2720 habet
1723 2692 1752 2718 in
1767 2690 1871 2726 presby~

1081 2775 1111 2798 ut
1140 2775 1168 2798 et
1199 2771 1347 2802 diaconus,
1377 2778 1439 2797 mox
1471 2774 1502 2797 ttt
1518 2769 1749 2798 communicavit.
1775 2773 1803 2795 et
1828 2774 1869 2792 an-

1081 2811 1192 2840 tequam
1211 2805 1363 2841 corporalia
1380 2806 1566 2840 complicaret,
1583 2811 1612 2832 ut
1638 2806 1733 2832 iterum
1749 2804 1870 2841 safer-tas

1080 2839 1198 2869 ebiberit
1215 2839 1268 2868 hoc
1280 2841 1385 2872 viuum,
1400 2839 1471 2875 quod
1487 2841 1606 2869 secundo
1618 2841 1733 2869 scrvitor
1749 2839 1867 2866 infundit,

1081 2881 1110 2905 ut
1127 2876 1171 2905 ille
1182 2876 1251 2905 calix
1269 2876 1543 2912 utrinqueablttatur.
