1945 3157
74 156 131 186 ΙΟΞΙ

645 153 791 183 CONSTIT
795 154 850 184 UT.
864 153 1028 189 lllRSAUG.
1043 170 1078 177 —-
1094 155 1157 184 LIB.
1171 156 1192 184 1.

1628 158 1701 195 102⁸3
1714 189 1716 193 κ

74 198 187 248 tetio._Et
197 211 219 239 si
233 210 374 240 duodecim
389 210 535 239 lectionum
551 211 608 239 dies
629 216 681 245 est,
697 220 779 247 prope
790 212 850 240 dia-
866 215 890 241 A
903 212 1032 244 induunt.
1045 214 1163 242 eundem
1180 219 1290 243 cantum
1308 216 1433 244 audiente
1456 215 1575 244 armario
1591 224 1696 252 .prmvt-
1714 241 1716 245 .

74 266 161 287 cottum
188 258 248 285 sine
280 256 390 284 licentia
415 256 502 284 sedet.
521 255 647 290 Jurisque
671 261 714 285 est
733 257 855 293 sacristze

73 302 279 336 ltehdomadarii,
301 306 330 329 ut
352 302 376 330 ei
393 301 486 331 sellam
503 302 653 337 provideat,
667 310 748 338 quam
768 303 853 330 .etiatt:

73 348 109 377 vel
119 348 160 375 illo
171 351 312 382 surgente,
323 347 365 374 vel
383 352 488 383 postea,
506 355 568 375 ctttn
588 349 675 375 visum
692 349 783 380 fuerit,
809 356 853 375 re-

72 399 160 430 portat.
177 394 227 421 llic
250 398 355 421 textum
381 394 589 430 Evanbeliorum
613 395 641 422 in
666 395 738 422 omtti
758 395 852 427 missa,

74 449 125 476 qua:
140 440 305 468 solemniter
333 440 430 475 agitur,
444 441 554 476 pulvillo
575 441 715 476 supposito
738 441 854 469 circum-

72 488 133 515 ferre
146 488 224 514 debet
244 494 296 522 per
316 487 428 514 cltorutn
449 492 476 514 et
497 492 585 520 extra,
606 488 713 515 etiamsi
737 487 784 515 fiat
803 495 853 523 pro

73 533 194 562 defunctis
211 542 219 561 :
249 533 273 561 si
296 538 359 560 tunc
372 534 431 561 sine
444 533 563 569 pulvillo,
590 533 677 568 primo
696 534 804 569 quidem
819 534 853 562 ad

71 588 122 608 eunt
135 579 215 612 vadit,
230 580 278 615 qui
304 579 417 607 cborutn
442 584 526 612 tenet,
552 579 650 607 deinde
672 579 705 607 ad
734 587 781 608 eos
806 580 853 615 qui

73 630 135 652 stant
145 625 177 652 ad
187 625 293 653 formas
305 625 332 652 in
344 625 439 654 dextro
454 626 538 653 cltoro
558 629 586 653 et
599 625 730 659 sinistro;
747 633 851 657 omnes,

74 673 112 707 qui
134 672 168 699 ibi
187 672 296 704 volunt,
323 672 465 704 accedunt,
484 672 580 707 bisque
597 672 746 700 exteriores
759 679 853 699 succe-

71 717 146 749 dunt;
161 709 257 744 deinde
274 717 420 744 revertitur
434 717 470 744 ad
483 725 542 749 eos,
558 718 603 752 qui
614 717 647 745 ad
667 717 765 745 lineam
780 721 854 745 stant

72 761 94 789 in
105 770 132 790 ea
153 768 239 797 parte,
263 762 390 798 idemque
413 762 479 791 facit
503 764 537 791 ad
557 763 697 791 sinistrttttt
727 764 851 791 chorum.

73 807 200 842 Nunquam
226 813 321 835 autem
337 808 530 837 inclinaturum
548 817 577 837 se
593 810 710 841 noverit.
726 817 852 844 quocun-

72 861 116 888 que
127 858 224 881 textum
250 854 391 890 Etangelii
420 855 510 884 ferens
532 856 604 884 ierit.
629 856 746 884 Cottidie
760 861 851 884 autem

73 901 100 926 ad
114 900 224 934 priorem
242 901 356 928 missam
374 902 520 935 sacerdoti,
545 909 573 930 et
587 903 719 938 soli,~-qui
734 903 850 937 primum

75 946 148 978 ollert,
175 946 343 974 ceroferario
365 947 463 975 librutn
489 949 643 984 porrigitad
662 948 850 983 osculandum,

72 995 169 1025 excepto
180 991 201 1018 si
215 990 316 1020 festive
326 993 491 1026 celebratur,
504 994 574 1028 quod
591 993 625 1021 ad
634 993 763 1028 majorem
784 994 849 1021 mis-

73 1042 119 1061 sam
138 1035 163 1062 in
182 1036 300 1071 privatis
322 1037 417 1065 diebus
437 1038 561 1065 mintstcr
576 1038 651 1066 facit.
669 1038 790 1066 Eundem
815 1038 849 1065 li-

72 1081 146 1114 brum,
161 1083 182 1109 si
205 1088 248 1111 est
267 1083 445 1118 fabrefactus,
477 1089 529 1111 tam
561 1085 692 1112 diaconus
707 1092 788 1119 quam
804 1093 850 1112 sa—

72 1126 281 1156 crdosclausum
305 1130 472 1158 osculantur.
498 1129 660 1157 Osculantes
682 1135 773 1157 autem
797 1138 850 1157 tton

73 1177 133 1205 ante,
148 1173 192 1200 sed
218 1179 281 1209 post
306 1175 430 1202 osculum
456 1175 596 1203 inclinant.
616 1175 733 1203 Privatis
755 1175 849 1203 diebus

74 1218 238 1249 subdiaconus
253 1221 326 1249 infra
344 1229 477 1249 canonem
491 1226 617 1257 patenam
630 1225 704 1249 tettet
719 1230 727 1255 ;
742 1221 770 1249 in
783 1222 850 1262 duos

72 1267 144 1295 decim
157 1268 321 1295 lectionibus
335 1275 400 1295 vero
412 1267 545 1295 minister.

305 1323 421 1351 CAPUT
441 1323 606 1351 LXXXVlll.

72 1368 102 1397 l‘e
112 1371 253 1397 cantoribus
270 1369 452 1405 graduulium,
473 1370 709 1405 responsoriormn,
721 1370 846 1403 Alleluia,

411 1404 502 1440 Kyrie.

101 1451 147 1485 (ut).
162 1452 227 1487 var.)
243 1451 301 1480 Sed
322 1455 350 1479 et
368 1452 414 1486 qui
434 1456 547 1479 cantant
576 1451 763 1486 responsoria,
785 1458 847 1486 gra-

72 1498 152 1530 dualia,
164 1499 367 1534 responsiones,
381 1497 495 1525 Alleluia
519 1502 546 1525 et
560 1497 651 1533 Kyrie,
663 1498 768 1529 eleison,
783 1501 846 1525 ante

71 1548 93 1568 et
104 1546 165 1570 retro
184 1544 290 1571 faciunt.
309 1543 342 1570 ad
368 1543 548 1578 gratluttt,_et
572 1543 732 1578 priusquam
758 1543 845 1578 impo-

72 1593 132 1621 nant,
147 1595 303 1617 reverenter
314 1588 457 1621 inclinant,
472 1593 500 1616 et
511 1589 568 1616 haec
582 1588 609 1616 in
624 1589 738 1623 privatis
751 1589 846 1617 diebus

71 1634 159 1661 nonnisi
185 1634 367 1662 communiter
388 1638 533 1661 catttentur
557 1641 573 1661 a
596 1637 742 1662 conventu.
784 1637 791 1644 '
818 1633 846 1660 Si

70 1679 127 1713 quod
138 1679 228 1707 festum
244 1680 363 1714 amplius
378 1680 404 1707 in
417 1679 560 1714 septimam
572 1679 703 1712 evenerit,
712 1679 846 1707 cantattda

71 1729 121 1752 sunt
132 1725 222 1753 iterqu
237 1726 332 1759 abiis
357 1734 372 1752 a
395 1725 493 1760 quibus
516 1730 543 1753 et
558 1725 633 1760 prius
657 1725 683 1752 in
702 1726 843 1752 Dominica

71 1777 121 1798 sunt
132 1777 244 1800 cantata.
261 1772 446 1807 Subsequcnti
464 1780 527 1800 vero
542 1771 708 1799 ltebdomada
725 1772 751 1798 in
771 1771 845 1806 prio-

72 1817 130 1844 ribus
152 1818 238 1846 missis
265 1818 362 1846 eadetu
387 1817 435 1852 ipsi
461 1816 682 1845 suntcantaturi.
699 1815 728 1844 Si
755 1821 844 1844 tatneu

72 1863 153 1890 eadem
176 1865 264 1892 missa:
289 1863 438 1892 solenniter
462 1867 526 1891 sunt
553 1863 674 1898 agendae,
693 1867 806 1898 excepto
821 1863 844 1890 si

73 1907 137 1937 missa
146 1918 191 1945 pro
198 1910 337 1938 defunctis
361 1917 422 1937 cum
444 1909 563 1936 maximo
577 1909 628 1936 ritu
644 1913 686 1936 est
701 1908 843 1936 celebran—

71 1955 123 1989 da;
145 1961 204 1985 tunc
232 1962 348 1986 cantant
372 1956 555 1992 responsoria,
581 1957 681 1991 quibus
708 1957 844 1985 armarius

71 2000 175 2038 iniungit.
189 2004 300 2032 Scillam
317 2004 503 2042 provectiores
532 2004 642 2036 fratres,
657 2004 698 2031 vel
719 2004 768 2039 ipsi
794 2004 843 2032 lte-

74 2048 235 2085 bdomadarii,
261 2052 286 2079 si
305 2051 373 2079 tales
397 2059 471 2085 sunt,
488 2057 590 2079 tenent.
606 2051 639 2079 Hi
654 2052 735 2079 etiam
750 2058 844 2078 verstts

72 2094 200 2124 animarum
217 2102 360 2129 canentes,
373 2105 435 2125 cum
452 2097 594 2130 ittchoant,
619 2102 682 2125 tunc
697 2101 800 2124 tantum
815 2098 842 2124 in

70 2141 276 2171 anteinelinant:
300 2144 348 2170 sed
371 2144 397 2171 in
415 2145 468 2171 line
483 2144 551 2178 ejus,
572 2146 636 2171 ante
661 2149 688 2170 et
715 2149 787 2178 retro
800 2144 843 2171 fa-

71 2185 139 2214 ciunt.
153 2188 242 2216 Nullus
268 2193 359 2216 tamen
374 2197 468 2217 eorum
490 2189 533 2217 vel
549 2189 665 2217 aliorum
682 2189 737 2217 illic
758 2189 841 2217 obse-

71 2237 189 2278 quentium
214 2240 280 2262 ante
307 2235 412 2263 finitam
435 2234 605 2263 oiferentiam
627 2243 657 2263 se
679 2235 764 2263 exttit.
795 2244 840 2263 oo.
858 2249 881 2278 υ

71 2275 133 2308 Quod
144 2278 164 2305 si
184 2286 280 2307 omnes
297 2283 360 2307 sunt
383 2280 409 2307 in
433 2280 527 2315 cappis
548 2280 589 2308 vel
611 2280 689 2312 albis,
706 2281 841 2309 armarius

70 2321 143 2351 ittttttit
159 2322 361 2361 quibuscunqne
374 2326 488 2353 voluerit
506 2333 554 2360 pro
568 2326 609 2353 eis
624 2326 777 2353 cantandis.

316 2371 430 2399 CAPUT
450 2370 593 2398 LXXXIX.

129 2416 233 2448 Quando
247 2418 276 2446 in
292 2419 408 2446 claustro
424 2425 474 2446 non
485 2419 517 2446 sit
536 2419 588 2446 alte
599 2419 769 2446 cantandum.

98 2461 106 2470 '
120 2461 207 2492 Etitoc
225 2465 429 2493 subnotandutn
456 2470 507 2497 est,
525 2466 588 2500 quia
607 2475 686 2495 nemo
710 2471 800 2494 cantat
816 2467 842 2494 itt

70 2504 172 2536 claustro
192 2510 218 2537 in
245 2511 323 2538 festis
346 2510 488 2538 duodecim
508 2511 668 2545 lectionum,
691 2520 754 2547 qua:
778 2521 844 2548 apo-

71 2551 134 2579 stolis
145 2553 283 2589 feriantur,
297 2557 348 2583 nisi
372 2556 473 2585 fratres
494 2557 544 2590 illi,
558 2558 604 2592 qui
620 2560 705 2587 notati
725 2560 758 2587 ad
775 2558 843 2586 Gru-

72 2598 143 2631 duale,
163 2602 203 2629 vel
230 2603 265 2630 ad
293 2603 417 2630 Alleluia.
442 2603 488 2630 Isti
517 2604 625 2638 quidem
647 2609 710 2632 ante
726 2606 841 2639 primam

72 2647 209 2677 praedictum
225 2655 334 2678 cantum
356 2650 389 2677 ad
415 2651 532 2678 invicem
555 2651 691 2680 allii-mare
716 2658 839 2688 possunt,

71 2695 195 2726 sntipressa
215 2701 303 2725 tamen
332 2705 407 2725 voce.
432 2698 509 2732 Quod
525 2699 547 2725 si
567 2699 652 2733 prima
681 2700 707 2726 in
736 2704 840 2727 tantum

71 2739 220 2769 at-celeralur
237 2764 245 2777 ,
272 2749 302 2771 ut
334 2745 453 2772 brevitas
481 2745 561 2779 spatii
587 2745 650 2771 illttd
676 2754 727 2773 non
754 2747 840 2781 patia-

73 2784 116 2815 ίίπγ
140 2790 198 2814 tttnc
221 2790 327 2823 quidem
354 2790 381 2817 in
406 2791 545 2823 vestiario,
575 2791 685 2826 quando
709 2799 739 2819 se
770 2793 839 2821 albis

102 2868 165 2905 (“5)
184 2872 337 2911 Scutunum,
349 2876 518 2919 subsellium.
533 2877 599 2919 Vide
615 2878 747 2915 superius.

905 259 1015 288 debttut.

1206 306 1319 335 CAPUT
1339 306 1393 334 XC.

1217 351 1256 378 De
1270 352 1392 380 diacono.

941 397 1011 433 (ιω.)
1027 397 1161 426 Diaeonus
1171 399 1341 431 sacerdotem
1356 398 1508 433 praecedere
1519 398 1588 425 solet
1606 398 1638 425 ad
1655 398 1696 425 al—

905 448 972 471 lare.
999 443 1146 471 Saccrdote
1167 452 1197 472 se
1224 444 1375 472 inclinante
1403 445 1436 471 ad
1462 445 1611 472 orationem
1638 445 1696 479 ipse

905 489 1035 517 similiter
1050 490 1166 517 inclinis.
1196 490 1346 518 Sacerdote
1364 497 1394 518 se
1409 489 1539 524 erigente,
1562 490 1652 525 signat
1666 498 1696 517 sc

903 539 931 562 et
957 534 1025 562 facit
1044 541 1107 562 attte
1129 541 1156 563 et
1174 540 1257 563 retro.
1279 535 1420 563 Accedens
1446 535 1584 562 sinistrum
1611 544 1694 562 cornu

904 580 983 608 altari
999 581 1148 609 osculatur.
1160 582 1253 617 Pergit
1272 587 1345 610 stare
1359 586 1454 609 contra
1469 581 1648 614 sacerdotem,
1666 585 1697 610 ut

903 626 1027 654 confesso
1041 626 1203 654 confiteatur
1219 636 1226 658 ;
1246 632 1273 654 et
1297 628 1319 655 si
1333 628 1392 656 dies
1403 633 1444 655 est
1456 628 1563 662 festiva,
1582 628 1616 655 ab
1637 628 1696 662 ipso

904 672 928 699 ei
943 679 1004 699 cum
1021 680 1118 700 manus
1142 673 1350 701 deosculatione
1376 674 1517 702 incensum
1535 674 1695 709 porrigitur.

904 717 982 753 (υαν.)
1009 718 1085 751 Quod
1101 725 1193 754 postea
1215 720 1349 754 recipiens
1360 720 1483 748 incensat
1501 720 1586 747 latera
1600 719 1694 747 altaris

902 768 930 791 et
944 771 1045 791 cornua
1061 765 1225 799 posteriora,
1249 764 1346 793 deinde
1366 771 1440 793 retro
1454 765 1497 793 illa
1510 765 1618 798 altaria,
1634 772 1696 799 qua:

902 814 966 837 sunt
978 810 1061 838 choro
1075 810 1197 845 proxitna
1210 819 1217 843 ;
1232 810 1319 845 printo
1335 811 1464 843 taedium,
1490 810 1587 837 deinde
1608 811 1641 837 ab
1660 818 1693 837 eo

904 855 975 890 quod
991 855 1018 882 in
1032 856 1141 883 sinistra
1167 860 1245 891 parte
1260 860 1302 882 est
1321 861 1473 882 extremum
1507 856 1652 891 incipiens,
1668 861 1696 883 et

904 898 940 935 ila
959 902 1058 925 cratera
1075 899 1263 933 pertrattsiens
1278 898 1343 924 facit
1356 898 1471 932 desuper
1486 898 1597 925 incenso
1611 898 1695 925 semel

901 944 991 971 crucis
1009 943 1126 979 signum,
1142 948 1168 971 et
1184 944 1254 971 redit
1274 944 1299 970 in
1315 945 1522 978 presbyterium.
1541 944 1616 977 Quod
1629 944 1650 970 si
1667 945 1693 970 itt

902 991 1067 1018 monasterio
1081 990 1122 1018 vel
1151 990 1178 1017 in
1203 989 1304 1025 capella
1321 989 1349 1017 S.
1368 990 1459 1015 Marizr,
1483 990 1608 1017 instantis
1634 989 1694 1016 festi

901 1035 1033 1071 Reliquize
1048 1036 1233 1068 continentur,
1264 1035 1290 1062 in
1306 1029 1467 1070 quocunque
1486 1035 1567 1062 altari
1592 1043 1637 1062 cas
1653 1043 1696 1063 re-

901 1080 1025 1108 conditas
1049 1081 1166 1114 noverit,
1186 1080 1211 1107 id
1227 1080 1308 1107 etiam
1329 1080 1471 1107 inccnsare
1499 1079 1583 1107 solum
1601 1088 1694 1115 procu-

901 1127 981 1153 raliit.
994 1127 1022 1154 Si
1041 1134 1106 1155 vero
1131 1131 1206 1155 tanta
1226 1128 1384 1155 solemnitas
1407 1128 1550 1160 recolitur,
1567 1132 1596 1154 ttt
1620 1136 1689 1162 qua-

902 1177 963 1200 tuor
975 1179 1006 1200 ea
1024 1177 1104 1200 nocte
1131 1172 1315 1200 invitatoriutn
1341 1174 1524 1206 cantavcrint,
1553 1173 1643 1200 omnia
1659 1173 1694 1200 ad

899 1216 928 1244 S.
946 1217 1057 1257 Mariam
1073 1217 1168 1245 altaria
1193 1218 1315 1245 incensat
1334 1218 1463 1252 adjttncto
1489 1219 1534 1246 illo
1549 1219 1619 1254 apttd
1633 1226 1695 1245 cru-

899 1271 967 1296 cem,
978 1268 1109 1299 prteterca
1121 1263 1147 1291 in
1162 1263 1318 1303 inventione
1333 1269 1360 1291 et
1375 1264 1545 1291 Exaltationc
1561 1264 1588 1291 S.
1599 1259 1694 1292 Crueis
1721 1262 1723 1264 ’

898 1318 982 1338 unum
998 1310 1063 1338 illud
1085 1310 1218 1338 incensat.
1243 1310 1379 1338 Reversus
1394 1311 1420 1337 in
1440 1311 1564 1343 chorum,
1581 1311 1602 1338 si
1618 1312 1693 1338 dom-

898 1363 963 1382 num
989 1356 1115 1383 abbatem
1137 1355 1179 1382 vel
1206 1355 1287 1382 aliaat
1312 1356 1457 1390 personam
1488 1356 1569 1382 talem
1594 1356 1692 1383 ibidem

900 1402 1041 1436 repererit,
1056 1402 1107 1437 ipsi
1128 1409 1236 1436 quoque
1256 1402 1396 1430 incensum
1412 1402 1551 1437 prcebcbit.
1575 1402 1693 1437 cht‘es-

897 1456 944 1475 sus
959 1448 1089 1475 continuo
1103 1447 1136 1475 ad
1162 1447 1251 1475 locutn
1281 1455 1361 1475 suntn
1391 1454 1453 1475 cum
1485 1447 1621 1474 tlturibulo
1637 1442 1697 1474 stat

898 1498 960 1529 post
986 1486 1156 1522 Sacerdotem
1184 1493 1323 1528 paulisper
1344 1493 1377 1520 ad
1404 1492 1527 1520 dextram
1553 1500 1582 1520 se
1607 1493 1693 1527 appli-

898 1548 975 1568 cans.
993 1541 1107 1574 Quando
1122 1541 1252 1569 sacerdos
1266 1548 1295 1568 se
1311 1541 1447 1568 convertit
1462 1541 1495 1567 ad
1506 1540 1691 1572 salutandum,

899 1587 1031 1615 diaconus
1056 1594 1086 1615 se
1100 1595 1162 1615 cum
1181 1594 1214 1615 eo
1229 1595 1282 1615 non
1303 1587 1394 1620 vertit,
1411 1587 1462 1614 nisi
1480 1591 1583 1614 tantutn
1606 1586 1639 1613 ad
1652 1585 1692 1613 Ite

897 1633 977 1660 missa
988 1638 1037 1660 est.
1064 1669 1066 1672 γ
1691 1627 1693 1630 ’

934 1679 1047 1714 Expleta
1064 1679 1147 1714 igitur
1156 1679 1455 1717 orationcrdiaconus,
1473 1679 1570 1706 tollens
1593 1672 1694 1706 librum

897 1725 1048 1758 missalem,
1059 1725 1137 1759 ponit
1150 1733 1212 1752 eum
1226 1725 1252 1752 itt
1267 1725 1379 1753 sinistro
1393 1733 1477 1753 cornu
1502 1725 1607 1753 altaris.
1623 1725 1691 1752 Cum

897 1772 1027 1799 sacerdos
1045 1771 1157 1806 sederit,
1178 1772 1310 1799 diaconus
1332 1773 1356 1800 ei
1369 1772 1490 1800 casulam
1516 1777 1588 1799 retro
1605 1771 1691 1805 levat,

895 1817 991 1845 stolam
1007 1817 1032 1844 ei
1059 1817 1206 1852 componit.
1232 1816 1300 1844 Nam
1330 1823 1357 1845 et
1384 1818 1441 1853 ipse
1470 1817 1642 1845 dalmaticatn
1664 1821 1693 1844 et

895 1864 1092 1898 subdiaconus,
1109 1864 1220 1897 subtile,
1243 1865 1264 1891 si
1280 1864 1412 1896 sederint,
1431 1864 1532 1892 levant.
1545 1864 1577 1891 Et
1591 1864 1612 1891 si
1630 1863 1694 1901 talis

895 1915 938 1938 cst
948 1910 1017 1943 dies,
1032 1915 1062 1937 ttt
1077 1915 1105 1937 et
1125 1911 1183 1945 ipse
1199 1910 1330 1938 diaconus
1351 1910 1442 1937 casula
1465 1910 1576 1937 indutus
1594 1909 1635 1946 (ut
1649 1912 1692 1937 est

895 1956 921 1983 in
937 1956 1164 1991 Quadragesinta)
1181 1955 1252 1984 ltattc
1276 1956 1379 1989 statim,
1397 1957 1468 1984 sicut
1478 1961 1520 1983 est
1536 1964 1594 1983 tuos
1609 1963 1691 1991 gene-

895 2002 969 2036 ralis,
991 2003 1121 2038 plicatam
1143 2002 1194 2030 sibi
1208 2003 1373 2036 circumdat,
1386 2008 1414 2030 et
1433 2007 1496 2030 tmte
1511 2002 1599 2035 sedet,
1614 2002 1690 2038 prius

896 2053 986 2076 tamen
1000 2049 1142 2078 sacerdote
1156 2050 1297 2077 innuente.
1313 2050 1383 2084 (ιω.)
1406 2048 1434 2076 Si
1457 2048 1606 2083 praevidere
1630 2041 1691 2074 dili-

894 2094 1002 2130 gentius
1016 2094 1132 2122 voluerit
1142 2094 1328 2129 Evangeliutu,
1341 2094 1423 2121 sumit
1441 2087 1539 2121 librum
1553 2093 1586 2120 de
1596 2093 1688 2125 altari,

896 2141 1103 2175 inspectuntque
1116 2140 1292 2173 sufficienter,
1307 2140 1432 2174 reponit;
1449 2142 1458 2151 '
1473 2140 1569 2168 deinde
1593 2139 1690 2166 inccn-

894 2195 965 2221 sutn,
984 2192 1011 2214 ut
1025 2187 1210 2223 praediximus,
1225 2187 1360 2215 sacerdoti
1387 2187 1512 2221 porrigit,
1528 2190 1557 2213 ttt
1580 2190 1685 2213 textum

894 2232 1032 2267 Evangelii
1049 2232 1183 2260 incenset.
1200 2231 1259 2264 Quo
1287 2231 1428 2259 incensato
1440 2230 1631 2265 tlturibuloque
1652 2229 1687 2256 ab

895 2287 927 2307 eo
943 2283 1062 2314 recepto,
1074 2278 1290 2306 benedictionem
1314 2278 1423 2313 accipit.
1449 2278 1477 2306 Si
1494 2278 1609 2306 domnus
1622 2277 1690 2306 abba

895 2326 936 2353 vel
964 2326 1017 2353 alia
1049 2325 1111 2353 talis
1136 2333 1252 2360 persona
1281 2332 1402 2360 prmsens
1428 2324 1519 2358 fuerit,
1551 2328 1689 2360 acceptam

895 2379 986 2399 coram
1002 2371 1081 2399 altari
1097 2379 1111 2397 a
1131 2363 1263 2398 converso
1277 2379 1400 2398 acerratn
1423 2371 1472 2406 ipsi
1485 2370 1584 2404 defert,
1601 2371 1690 2398 inccn-

898 2426 970 2451 sum,
983 2422 1013 2445 ut
1034 2418 1172 2445 tlturibttlo
1196 2420 1330 2453 imponat,
1360 2418 1579 2454 postulatamque
1601 2417 1635 2444 ab
1658 2424 1690 2444 co

895 2464 1114 2492 benedictionem
1128 2469 1260 2498 reportat,
1281 2469 1308 2491 ct
1331 2469 1395 2491 tunc
1407 2464 1535 2491 sacerdos
1556 2463 1692 2503 nihilomi-

894 2520 945 2540 nus
963 2512 1116 2547 plenariutn
1139 2513 1256 2547 desuper
1275 2512 1381 2548 signum
1405 2512 1494 2540 crucis
1521 2511 1624 2538 faciens
1648 2509 1690 2536 in-

893 2562 997 2585 ccnsat.
1017 2557 1154 2585 Diacontts
1168 2562 1258 2585 autem
1273 2558 1414 2593 accipiens
1437 2557 1503 2585 illud
1518 2557 1613 2584 dextra
1628 2555 1688 2591 ejus

893 2607 971 2638 parte
995 2604 1135 2631 osculatur
1150 2604 1245 2637 altare,
1272 2604 1440 2631 subdiacono
1461 2602 1604 2639 pulvillum
1621 2606 1687 2632 ante

893 2650 980 2685 ipsum
1007 2655 1145 2685 portante.
1160 2650 1249 2677 Finito
1274 2650 1418 2685 Evangelio
1429 2649 1474 2677 dat
1501 2649 1599 2676 librum
1622 2648 1687 2676 sub-

893 2697 1018 2729 diacono,
1031 2688 1138 2725 et'tttnc
1163 2698 1260 2725 iterum
1280 2697 1363 2724 ntissa
1390 2696 1464 2723 finita
1494 2695 1559 2722 facit
1585 2699 1690 2722 anteet

894 2747 979 2770 retro.
998 2743 1027 2770 Si
1045 2743 1129 2771 Credo
1153 2744 1181 2770 in
1213 2751 1293 2770 unum
1314 2742 1431 2775 canitur,
1448 2750 1508 2769 cunt
1530 2741 1689 2776 pervenitur
1709 2741 1711 2743 ’

895 2790 941 2826 qui
956 2790 1058 2818 loculus
1069 2796 1118 2824 est,
1135 2796 1200 2823 (ξιιμ,
1216 2790 1287 2817 lavat
1299 2797 1405 2818 manus.
1421 2789 1449 2817 Si
1466 2797 1529 2819 vero
1544 2796 1596 2817 non
1609 2789 1687 2818 cani-
