  <div class='ocr_page' id='page_1' title='image "/cluster/home/n/w/nwhite01/storage/ocr_20150623/150/hvd.32044015473788/515.png"; bbox 0 0 3872 6306; ppageno 0'>
   <div class='ocr_carea' id='block_1_1' title="bbox 477 309 617 367">
    <p class='ocr_par' dir='ltr' id='par_1_1' title="bbox 477 309 617 367">
     <span class='ocr_line' id='line_1_1' title="bbox 477 309 617 367; baseline 0 -1"><span class='ocrx_word' id='word_1_1' title='bbox 477 309 617 367; x_wconf 62' lang='lat'><strong>£023</strong></span> 
     </span>
    </p>
   </div>
   <div class='ocr_carea' id='block_1_2' title="bbox 1615 305 2765 370">
    <p class='ocr_par' dir='ltr' id='par_1_2' title="bbox 1615 305 2765 370">
     <span class='ocr_line' id='line_1_2' title="bbox 1615 305 2765 370; baseline 0.002 -4"><span class='ocrx_word' id='word_1_2' title='bbox 1615 309 1676 366; x_wconf 85' lang='lat' dir='ltr'><strong>S.</strong></span> <span class='ocrx_word' id='word_1_3' title='bbox 1716 305 2093 370; x_wconf 74' lang='lat' dir='ltr'><strong>CUILLELMI</strong></span> <span class='ocrx_word' id='word_1_4' title='bbox 2118 307 2411 367; x_wconf 70' lang='lat' dir='ltr'><strong>ABBATIS</strong></span> <span class='ocrx_word' id='word_1_5' title='bbox 2452 309 2765 369; x_wconf 80' lang='lat' dir='ltr'><strong>lllRSAUG.</strong></span> 
     </span>
    </p>
   </div>
   <div class='ocr_carea' id='block_1_3' title="bbox 3589 320 3699 381">
    <p class='ocr_par' dir='ltr' id='par_1_3' title="bbox 3589 320 3699 381">
     <span class='ocr_line' id='line_1_3' title="bbox 3589 320 3699 381; baseline 0.055 -6"><span class='ocrx_word' id='word_1_6' title='bbox 3589 320 3699 381; x_wconf 61' lang='lat' dir='ltr'><strong>lilii</strong></span> 
     </span>
    </p>
   </div>
   <div class='ocr_carea' id='block_1_4' title="bbox 481 416 3701 493">
    <p class='ocr_par' dir='ltr' id='par_1_4' title="bbox 481 416 3701 493">
     <span class='ocr_line' id='line_1_4' title="bbox 481 416 3701 493; baseline 0.004 -20"><span class='ocrx_word' id='word_1_7' title='bbox 481 431 593 483; x_wconf 89' lang='lat' dir='ltr'><strong>tur,</strong></span> <span class='ocrx_word' id='word_1_8' title='bbox 635 418 821 473; x_wconf 87' lang='lat' dir='ltr'><strong>statim</strong></span> <span class='ocrx_word' id='word_1_9' title='bbox 880 419 1033 473; x_wconf 86' lang='lat' dir='ltr'><strong>tlnito</strong></span> <span class='ocrx_word' id='word_1_10' title='bbox 1086 418 1400 490; x_wconf 78' lang='lat' dir='ltr'><strong>Evangelia.</strong></span> <span class='ocrx_word' id='word_1_11' title='bbox 1451 416 1743 477; x_wconf 79' lang='lat' dir='ltr'><strong>Sciendum</strong></span> <span class='ocrx_word' id='word_1_12' title='bbox 1798 438 1927 479; x_wconf 88' lang='lat' dir='ltr'><strong>vero</strong></span> <span class='ocrx_word' id='word_1_13' title='bbox 1961 430 2063 487; x_wconf 91' lang='lat' dir='ltr'><strong>est,</strong></span> <span class='ocrx_word' id='word_1_14' title='bbox 2097 432 2140 485; x_wconf 74' lang='grc' dir='ltr'>Α</span> <span class='ocrx_word' id='word_1_15' title='bbox 2174 436 2319 475; x_wconf 89' lang='lat' dir='ltr'><strong>mum</strong></span> <span class='ocrx_word' id='word_1_16' title='bbox 2375 419 2517 475; x_wconf 91' lang='lat' dir='ltr'><strong>inter</strong></span> <span class='ocrx_word' id='word_1_17' title='bbox 2552 420 2989 476; x_wconf 76' lang='lat' dir='ltr'><strong>benedicendum</strong></span> <span class='ocrx_word' id='word_1_18' title='bbox 3037 420 3119 477; x_wconf 87' lang='lat' dir='ltr'><strong>sal</strong></span> <span class='ocrx_word' id='word_1_19' title='bbox 3168 431 3224 477; x_wconf 91' lang='lat' dir='ltr'><strong>et</strong></span> <span class='ocrx_word' id='word_1_20' title='bbox 3271 436 3482 493; x_wconf 86' lang='lat' dir='ltr'><strong>aquam,</strong></span> <span class='ocrx_word' id='word_1_21' title='bbox 3518 437 3567 482; x_wconf 90' lang='lat' dir='ltr'><strong>et</strong></span> <span class='ocrx_word' id='word_1_22' title='bbox 3590 429 3701 491; x_wconf 73' lang='lat' dir='ltr'><strong>inter</strong></span> 
     </span>
    </p>
   </div>
   <div class='ocr_carea' id='block_1_5' title="bbox 472 509 2055 583">
    <p class='ocr_par' dir='ltr' id='par_1_5' title="bbox 472 509 2055 583">
     <span class='ocr_line' id='line_1_5' title="bbox 472 509 2055 583; baseline 0.003 -18"><span class='ocrx_word' id='word_1_23' title='bbox 472 511 619 583; x_wconf 88' lang='lat' dir='ltr'><strong>quod</strong></span> <span class='ocrx_word' id='word_1_24' title='bbox 647 511 699 565; x_wconf 91' lang='lat' dir='ltr'><strong>in</strong></span> <span class='ocrx_word' id='word_1_25' title='bbox 730 520 972 581; x_wconf 82' lang='lat' dir='ltr'><strong>tempore</strong></span> <span class='ocrx_word' id='word_1_26' title='bbox 1004 509 1269 565; x_wconf 85' lang='lat' dir='ltr'><strong>oll&#39;erendi</strong></span> <span class='ocrx_word' id='word_1_27' title='bbox 1299 527 1405 566; x_wconf 91' lang='lat' dir='ltr'><strong>non</strong></span> <span class='ocrx_word' id='word_1_28' title='bbox 1454 512 1613 568; x_wconf 94' lang='lat' dir='ltr'><strong>aliter</strong></span> <span class='ocrx_word' id='word_1_29' title='bbox 1658 514 2055 570; x_wconf 85' lang='lat' dir='ltr'><strong>incensandum</strong></span> 
     </span>
    </p>
   </div>
   <div class='ocr_carea' id='block_1_6' title="bbox 474 604 2062 677">
    <p class='ocr_par' dir='ltr' id='par_1_6' title="bbox 474 604 2062 677">
     <span class='ocr_line' id='line_1_6' title="bbox 474 604 2062 677; baseline 0.004 -20"><span class='ocrx_word' id='word_1_30' title='bbox 474 612 581 669; x_wconf 85' lang='lat' dir='ltr'><strong>est,</strong></span> <span class='ocrx_word' id='word_1_31' title='bbox 615 617 778 673; x_wconf 90' lang='lat' dir='ltr'><strong>quam</strong></span> <span class='ocrx_word' id='word_1_32' title='bbox 830 610 889 656; x_wconf 90' lang='lat' dir='ltr'><strong>ut</strong></span> <span class='ocrx_word' id='word_1_33' title='bbox 933 604 1304 671; x_wconf 52' lang='lat' dir='ltr'><strong>praediximus,</strong></span> <span class='ocrx_word' id='word_1_34' title='bbox 1359 613 1591 675; x_wconf 67' lang='lat' dir='ltr'><strong>excepto</strong></span> <span class='ocrx_word' id='word_1_35' title='bbox 1636 606 1683 661; x_wconf 88' lang='lat' dir='ltr'><strong>si</strong></span> <span class='ocrx_word' id='word_1_36' title='bbox 1722 608 1863 677; x_wconf 88' lang='lat' dir='ltr'><strong>apud</strong></span> <span class='ocrx_word' id='word_1_37' title='bbox 1916 607 2062 663; x_wconf 81' lang='lat' dir='ltr'><strong>aliud</strong></span> 
     </span>
    </p>
   </div>
   <div class='ocr_carea' id='block_1_7' title="bbox 470 695 2059 754">
    <p class='ocr_par' dir='ltr' id='par_1_7' title="bbox 470 695 2059 754">
     <span class='ocr_line' id='line_1_7' title="bbox 470 695 2059 754; baseline 0.003 -4"><span class='ocrx_word' id='word_1_38' title='bbox 470 696 649 752; x_wconf 89' lang='lat' dir='ltr'><strong>altare</strong></span> <span class='ocrx_word' id='word_1_39' title='bbox 706 695 975 752; x_wconf 85' lang='lat' dir='ltr'><strong>invenerit</strong></span> <span class='ocrx_word' id='word_1_40' title='bbox 1023 697 1363 751; x_wconf 83' lang='lat' dir='ltr'><strong>sacerdotem</strong></span> <span class='ocrx_word' id='word_1_41' title='bbox 1409 697 1631 753; x_wconf 89' lang='lat' dir='ltr'><strong>missam</strong></span> <span class='ocrx_word' id='word_1_42' title='bbox 1675 698 2059 754; x_wconf 77' lang='lat' dir='ltr'><strong>celebrantem.</strong></span> 
     </span>
    </p>
   </div>
   <div class='ocr_carea' id='block_1_8' title="bbox 472 787 2063 859">
    <p class='ocr_par' dir='ltr' id='par_1_8' title="bbox 472 787 2063 859">
     <span class='ocr_line' id='line_1_8' title="bbox 472 787 2063 859; baseline 0.004 -18"><span class='ocrx_word' id='word_1_43' title='bbox 472 787 626 855; x_wconf 83' lang='lat' dir='ltr'><strong>Quod</strong></span> <span class='ocrx_word' id='word_1_44' title='bbox 651 787 696 843; x_wconf 90' lang='lat' dir='ltr'><strong>si</strong></span> <span class='ocrx_word' id='word_1_45' title='bbox 730 788 870 842; x_wconf 82' lang='lat' dir='ltr'><strong>infra</strong></span> <span class='ocrx_word' id='word_1_46' title='bbox 910 788 1262 859; x_wconf 84' lang='lat' dir='ltr'><strong>Evangelinm</strong></span> <span class='ocrx_word' id='word_1_47' title='bbox 1318 790 1403 844; x_wconf 88' lang='lat' dir='ltr'><strong>vel</strong></span> <span class='ocrx_word' id='word_1_48' title='bbox 1442 805 1705 845; x_wconf 86' lang='lat' dir='ltr'><strong>canonem</strong></span> <span class='ocrx_word' id='word_1_49' title='bbox 1753 792 1939 859; x_wconf 79' lang='lat' dir='ltr'><strong>fuerit,</strong></span> <span class='ocrx_word' id='word_1_50' title='bbox 1973 808 2063 847; x_wconf 86' lang='lat' dir='ltr'><strong>ne-</strong></span> 
     </span>
    </p>
   </div>
   <div class='ocr_carea' id='block_1_9' title="bbox 472 882 2063 954">
    <p class='ocr_par' dir='ltr' id='par_1_9' title="bbox 472 882 2063 954">
     <span class='ocr_line' id='line_1_9' title="bbox 472 882 2063 954; baseline 0.003 -18"><span class='ocrx_word' id='word_1_51' title='bbox 472 897 752 952; x_wconf 88' lang='lat' dir='ltr'><strong>quaquam</strong></span> <span class='ocrx_word' id='word_1_52' title='bbox 774 883 824 939; x_wconf 87' lang='lat' dir='ltr'><strong>ei</strong></span> <span class='ocrx_word' id='word_1_53' title='bbox 851 884 1267 954; x_wconf 88' lang='lat' dir='ltr'><strong>appropinquat,</strong></span> <span class='ocrx_word' id='word_1_54' title='bbox 1321 883 1422 938; x_wconf 83' lang='lat' dir='ltr'><strong>nisi</strong></span> <span class='ocrx_word' id='word_1_55' title='bbox 1453 885 1589 939; x_wconf 77' lang='lat' dir='ltr'><strong>forte</strong></span> <span class='ocrx_word' id='word_1_56' title='bbox 1616 898 1740 939; x_wconf 87' lang='lat' dir='ltr'><strong>eum</strong></span> <span class='ocrx_word' id='word_1_57' title='bbox 1789 882 1902 940; x_wconf 81' lang='lat' dir='ltr'><strong>fere</strong></span> <span class='ocrx_word' id='word_1_58' title='bbox 1943 884 2063 940; x_wconf 84' lang='lat' dir='ltr'><strong>ﬁtti-</strong></span> 
     </span>
    </p>
   </div>
   <div class='ocr_carea' id='block_1_10' title="bbox 472 973 2062 1046">
    <p class='ocr_par' dir='ltr' id='par_1_10' title="bbox 472 973 2062 1046">
     <span class='ocr_line' id='line_1_10' title="bbox 472 973 2062 1046; baseline 0.002 -17"><span class='ocrx_word' id='word_1_59' title='bbox 472 985 586 1029; x_wconf 88' lang='lat' dir='ltr'><strong>tum</strong></span> <span class='ocrx_word' id='word_1_60' title='bbox 634 975 1013 1046; x_wconf 55' lang='lat' dir='ltr'><strong>praesenserit.</strong></span> <span class='ocrx_word' id='word_1_61' title='bbox 1062 973 1121 1030; x_wconf 88' lang='lat' dir='ltr'><strong>Si</strong></span> <span class='ocrx_word' id='word_1_62' title='bbox 1174 990 1302 1031; x_wconf 87' lang='lat' dir='ltr'><strong>vero</strong></span> <span class='ocrx_word' id='word_1_63' title='bbox 1355 974 1458 1031; x_wconf 89' lang='lat' dir='ltr'><strong>alia</strong></span> <span class='ocrx_word' id='word_1_64' title='bbox 1516 976 1645 1030; x_wconf 90' lang='lat' dir='ltr'><strong>hora</strong></span> <span class='ocrx_word' id='word_1_65' title='bbox 1666 978 2062 1045; x_wconf 81' lang='lat' dir='ltr'><strong>supervenerit,</strong></span> 
     </span>
    </p>
   </div>
   <div class='ocr_carea' id='block_1_11' title="bbox 470 1063 2060 1139">
    <p class='ocr_par' dir='ltr' id='par_1_11' title="bbox 470 1063 2060 1139">
     <span class='ocr_line' id='line_1_11' title="bbox 470 1063 2060 1139; baseline 0.001 -19"><span class='ocrx_word' id='word_1_66' title='bbox 470 1063 812 1121; x_wconf 81' lang='lat' dir='ltr'><strong>thuribulum</strong></span> <span class='ocrx_word' id='word_1_67' title='bbox 861 1065 1129 1122; x_wconf 85' lang='lat' dir='ltr'><strong>sacerdoti</strong></span> <span class='ocrx_word' id='word_1_68' title='bbox 1190 1067 1401 1123; x_wconf 85' lang='lat' dir='ltr'><strong>tribuit.</strong></span> <span class='ocrx_word' id='word_1_69' title='bbox 1460 1066 1562 1135; x_wconf 87' lang='lat' dir='ltr'><strong>Qui</strong></span> <span class='ocrx_word' id='word_1_70' title='bbox 1610 1082 1697 1133; x_wconf 83' lang='lat' dir='ltr'><strong>eo,</strong></span> <span class='ocrx_word' id='word_1_71' title='bbox 1741 1082 1848 1137; x_wconf 88' lang='lat' dir='ltr'><strong>quo</strong></span> <span class='ocrx_word' id='word_1_72' title='bbox 1897 1082 2060 1139; x_wconf 88' lang='lat' dir='ltr'><strong>supra</strong></span> 
     </span>
    </p>
   </div>
   <div class='ocr_carea' id='block_1_12' title="bbox 468 1156 1309 1223">
    <p class='ocr_par' dir='ltr' id='par_1_12' title="bbox 468 1156 1309 1223">
     <span class='ocr_line' id='line_1_12' title="bbox 468 1156 1309 1223; baseline 0.002 -11"><span class='ocrx_word' id='word_1_73' title='bbox 468 1156 678 1213; x_wconf 85' lang='lat' dir='ltr'><strong>dictum</strong></span> <span class='ocrx_word' id='word_1_74' title='bbox 703 1166 808 1223; x_wconf 84' lang='lat' dir='ltr'><strong>est,</strong></span> <span class='ocrx_word' id='word_1_75' title='bbox 835 1159 996 1214; x_wconf 89' lang='lat' dir='ltr'><strong>modo</strong></span> <span class='ocrx_word' id='word_1_76' title='bbox 1035 1159 1309 1214; x_wconf 88' lang='lat' dir='ltr'><strong>incensat.</strong></span> 
     </span>
    </p>
   </div>
   <div class='ocr_carea' id='block_1_13' title="bbox 840 1249 1474 1306">
    <p class='ocr_par' dir='ltr' id='par_1_13' title="bbox 840 1249 1474 1306">
     <span class='ocr_line' id='line_1_13' title="bbox 840 1249 1474 1306; baseline 0.003 -3"><span class='ocrx_word' id='word_1_77' title='bbox 840 1254 847 1257; x_wconf 81' lang='grc'><em>’</em></span> <span class='ocrx_word' id='word_1_78' title='bbox 1066 1249 1297 1306; x_wconf 81' lang='lat' dir='ltr'><strong>CAPUT</strong></span> <span class='ocrx_word' id='word_1_79' title='bbox 1342 1249 1474 1306; x_wconf 78' lang='lat' dir='ltr'><strong>XCI.</strong></span> 
     </span>
    </p>
   </div>
   <div class='ocr_carea' id='block_1_14' title="bbox 469 1340 2057 1413">
    <p class='ocr_par' dir='ltr' id='par_1_14' title="bbox 469 1340 2057 1413">
     <span class='ocr_line' id='line_1_14' title="bbox 469 1340 2057 1413; baseline 0.004 -19"><span class='ocrx_word' id='word_1_80' title='bbox 469 1340 745 1408; x_wconf 75' lang='lat' dir='ltr'><strong>Quomodo</strong></span> <span class='ocrx_word' id='word_1_81' title='bbox 788 1342 1167 1396; x_wconf 83' lang='lat' dir='ltr'><strong>iucensandum</strong></span> <span class='ocrx_word' id='word_1_82' title='bbox 1196 1345 1250 1397; x_wconf 77' lang='lat' dir='ltr'><strong>in</strong></span> <span class='ocrx_word' id='word_1_83' title='bbox 1268 1345 1546 1413; x_wconf 73' lang='lat' dir='ltr'><strong>festivitate</strong></span> <span class='ocrx_word' id='word_1_84' title='bbox 1568 1348 1738 1401; x_wconf 79' lang='lat' dir='ltr'><strong>sancti</strong></span> <span class='ocrx_word' id='word_1_85' title='bbox 1762 1344 2057 1401; x_wconf 74' lang='lat' dir='ltr'><strong>Michaelis.</strong></span> 
     </span>
    </p>
   </div>
   <div class='ocr_carea' id='block_1_15' title="bbox 542 1431 2061 1507">
    <p class='ocr_par' dir='ltr' id='par_1_15' title="bbox 542 1431 2061 1507">
     <span class='ocr_line' id='line_1_15' title="bbox 542 1431 2061 1507; baseline 0.005 -20"><span class='ocrx_word' id='word_1_86' title='bbox 542 1434 559 1455; x_wconf 83' lang='lat'><strong><em>‘</em></strong></span> <span class='ocrx_word' id='word_1_87' title='bbox 590 1431 686 1489; x_wconf 81' lang='lat' dir='ltr'><strong>Est</strong></span> <span class='ocrx_word' id='word_1_88' title='bbox 706 1433 883 1489; x_wconf 87' lang='lat' dir='ltr'><strong>adhuc</strong></span> <span class='ocrx_word' id='word_1_89' title='bbox 909 1434 1203 1507; x_wconf 83' lang='lat' dir='ltr'><strong>singularis</strong></span> <span class='ocrx_word' id='word_1_90' title='bbox 1225 1436 1417 1493; x_wconf 88' lang='lat' dir='ltr'><strong>modus</strong></span> <span class='ocrx_word' id='word_1_91' title='bbox 1458 1438 1512 1493; x_wconf 92' lang='lat' dir='ltr'><strong>iu</strong></span> <span class='ocrx_word' id='word_1_92' title='bbox 1543 1438 1886 1497; x_wconf 88' lang='lat' dir='ltr'><strong>dedicatione</strong></span> <span class='ocrx_word' id='word_1_93' title='bbox 1928 1439 2061 1495; x_wconf 64' lang='lat' dir='ltr'><strong>Sano</strong></span> 
     </span>
    </p>
   </div>
   <div class='ocr_carea' id='block_1_16' title="bbox 468 1521 2057 1595">
    <p class='ocr_par' dir='ltr' id='par_1_16' title="bbox 468 1521 2057 1595">
     <span class='ocr_line' id='line_1_16' title="bbox 468 1521 2057 1595; baseline 0.004 -18"><span class='ocrx_word' id='word_1_94' title='bbox 468 1521 542 1577; x_wconf 83' lang='lat' dir='ltr'><strong>eti</strong></span> <span class='ocrx_word' id='word_1_95' title='bbox 585 1522 867 1578; x_wconf 82' lang='lat' dir='ltr'><strong>Michaelis</strong></span> <span class='ocrx_word' id='word_1_96' title='bbox 905 1524 1218 1595; x_wconf 78' lang='lat' dir='ltr'><strong>archangeli</strong></span> <span class='ocrx_word' id='word_1_97' title='bbox 1252 1540 1266 1579; x_wconf 91' lang='lat'><strong>:</strong></span> <span class='ocrx_word' id='word_1_98' title='bbox 1322 1536 1449 1582; x_wconf 74' lang='lat' dir='ltr'><strong>time</strong></span> <span class='ocrx_word' id='word_1_99' title='bbox 1497 1528 1640 1583; x_wconf 90' lang='lat' dir='ltr'><strong>enim</strong></span> <span class='ocrx_word' id='word_1_100' title='bbox 1699 1530 1854 1585; x_wconf 88' lang='lat' dir='ltr'><strong>linito</strong></span> <span class='ocrx_word' id='word_1_101' title='bbox 1896 1544 2057 1586; x_wconf 89' lang='lat' dir='ltr'><strong>versu</strong></span> 
     </span>
    </p>
   </div>
   <div class='ocr_carea' id='block_1_17' title="bbox 466 1612 2051 1692">
    <p class='ocr_par' dir='ltr' id='par_1_17' title="bbox 466 1612 2051 1692">
     <span class='ocr_line' id='line_1_17' title="bbox 466 1612 2051 1692; baseline 0.004 -24"><span class='ocrx_word' id='word_1_102' title='bbox 466 1612 731 1669; x_wconf 74' lang='lat' dir='ltr'><strong>oﬂertorii</strong></span> <span class='ocrx_word' id='word_1_103' title='bbox 782 1614 1036 1685; x_wconf 56' lang='lat' dir='ltr'><strong>laetique</strong></span> <span class='ocrx_word' id='word_1_104' title='bbox 1093 1618 1436 1689; x_wconf 76' lang='lat' dir='ltr'><strong>repetitione,</strong></span> <span class='ocrx_word' id='word_1_105' title='bbox 1470 1618 1535 1673; x_wconf 80' lang='lat' dir='ltr'><strong>Et</strong></span> <span class='ocrx_word' id='word_1_106' title='bbox 1572 1623 1807 1675; x_wconf 75' lang='lat' dir='ltr'><strong>ascendit</strong></span> <span class='ocrx_word' id='word_1_107' title='bbox 1850 1621 2051 1692; x_wconf 67' lang='lat' dir='ltr'><strong>(unius,</strong></span> 
     </span>
    </p>
   </div>
   <div class='ocr_carea' id='block_1_18' title="bbox 463 1705 2057 1784">
    <p class='ocr_par' dir='ltr' id='par_1_18' title="bbox 463 1705 2057 1784">
     <span class='ocr_line' id='line_1_18' title="bbox 463 1705 2057 1784; baseline 0.006 -24"><span class='ocrx_word' id='word_1_108' title='bbox 463 1705 572 1760; x_wconf 87' lang='lat' dir='ltr'><strong>duo</strong></span> <span class='ocrx_word' id='word_1_109' title='bbox 593 1706 805 1763; x_wconf 88' lang='lat' dir='ltr'><strong>diaconi</strong></span> <span class='ocrx_word' id='word_1_110' title='bbox 835 1709 1151 1765; x_wconf 87' lang='lat' dir='ltr'><strong>accedentes</strong></span> <span class='ocrx_word' id='word_1_111' title='bbox 1181 1710 1247 1764; x_wconf 91' lang='lat' dir='ltr'><strong>ad</strong></span> <span class='ocrx_word' id='word_1_112' title='bbox 1299 1711 1473 1781; x_wconf 90' lang='lat' dir='ltr'><strong>majus</strong></span> <span class='ocrx_word' id='word_1_113' title='bbox 1501 1711 1693 1779; x_wconf 88' lang='lat' dir='ltr'><strong>altare,</strong></span> <span class='ocrx_word' id='word_1_114' title='bbox 1721 1713 1859 1770; x_wconf 91' lang='lat' dir='ltr'><strong>latus</strong></span> <span class='ocrx_word' id='word_1_115' title='bbox 1889 1714 2057 1784; x_wconf 88' lang='lat' dir='ltr'><strong>ipsius</strong></span> 
     </span>
    </p>
   </div>
   <div class='ocr_carea' id='block_1_19' title="bbox 2167 512 3701 581">
    <p class='ocr_par' dir='ltr' id='par_1_19' title="bbox 2167 512 3701 581">
     <span class='ocr_line' id='line_1_19' title="bbox 2167 512 3701 581; baseline 0.008 -15"><span class='ocrx_word' id='word_1_116' title='bbox 2167 513 2565 581; x_wconf 81' lang='lat' dir='ltr'><strong>procedendum</strong></span> <span class='ocrx_word' id='word_1_117' title='bbox 2618 512 2688 568; x_wconf 85' lang='lat' dir='ltr'><strong>ad</strong></span> <span class='ocrx_word' id='word_1_118' title='bbox 2713 512 2989 567; x_wconf 78' lang='lat' dir='ltr'><strong>sinistram</strong></span> <span class='ocrx_word' id='word_1_119' title='bbox 3047 514 3350 569; x_wconf 81' lang='lat' dir='ltr'><strong>sacerdotis</strong></span> <span class='ocrx_word' id='word_1_120' title='bbox 3394 526 3495 572; x_wconf 85' lang='lat' dir='ltr'><strong>stat</strong></span> <span class='ocrx_word' id='word_1_121' title='bbox 3527 530 3576 576; x_wconf 88' lang='lat' dir='ltr'><strong>et</strong></span> <span class='ocrx_word' id='word_1_122' title='bbox 3613 539 3701 580; x_wconf 73' lang='lat' dir='ltr'><strong>ant-</strong></span> 
     </span>
    </p>
   </div>
   <div class='ocr_carea' id='block_1_20' title="bbox 2166 602 3703 679">
    <p class='ocr_par' dir='ltr' id='par_1_20' title="bbox 2166 602 3703 679">
     <span class='ocr_line' id='line_1_20' title="bbox 2166 602 3703 679; baseline 0.005 -23"><span class='ocrx_word' id='word_1_123' title='bbox 2166 602 2336 658; x_wconf 88' lang='lat' dir='ltr'><strong>bulat.</strong></span> <span class='ocrx_word' id='word_1_124' title='bbox 2376 604 2471 660; x_wconf 91' lang='lat' dir='ltr'><strong>llic</strong></span> <span class='ocrx_word' id='word_1_125' title='bbox 2500 606 2665 661; x_wconf 88' lang='lat' dir='ltr'><strong>etiam</strong></span> <span class='ocrx_word' id='word_1_126' title='bbox 2712 606 2765 660; x_wconf 92' lang='lat' dir='ltr'><strong>in</strong></span> <span class='ocrx_word' id='word_1_127' title='bbox 2810 604 2933 660; x_wconf 91' lang='lat' dir='ltr'><strong>loco</strong></span> <span class='ocrx_word' id='word_1_128' title='bbox 2961 620 3208 678; x_wconf 84' lang='lat' dir='ltr'><strong>congruo</strong></span> <span class='ocrx_word' id='word_1_129' title='bbox 3240 619 3551 679; x_wconf 82' lang='lat' dir='ltr'><strong>reservatos,</strong></span> <span class='ocrx_word' id='word_1_130' title='bbox 3595 613 3703 673; x_wconf 69' lang='lat' dir='ltr'><strong>falli.</strong></span> 
     </span>
    </p>
   </div>
   <div class='ocr_carea' id='block_1_21' title="bbox 2166 696 3699 777">
    <p class='ocr_par' dir='ltr' id='par_1_21' title="bbox 2166 696 3699 777">
     <span class='ocr_line' id='line_1_21' title="bbox 2166 696 3699 777; baseline 0.007 -27"><span class='ocrx_word' id='word_1_131' title='bbox 2166 696 2293 751; x_wconf 89' lang='lat' dir='ltr'><strong>culo</strong></span> <span class='ocrx_word' id='word_1_132' title='bbox 2318 697 2385 750; x_wconf 88' lang='lat' dir='ltr'><strong>ad</strong></span> <span class='ocrx_word' id='word_1_133' title='bbox 2413 698 2515 752; x_wconf 90' lang='lat' dir='ltr'><strong>hoc</strong></span> <span class='ocrx_word' id='word_1_134' title='bbox 2566 697 2844 768; x_wconf 88' lang='lat' dir='ltr'><strong>deputato,</strong></span> <span class='ocrx_word' id='word_1_135' title='bbox 2877 697 3161 753; x_wconf 87' lang='lat' dir='ltr'><strong>succendit</strong></span> <span class='ocrx_word' id='word_1_136' title='bbox 3212 699 3478 756; x_wconf 83' lang='lat' dir='ltr'><strong>carbones</strong></span> <span class='ocrx_word' id='word_1_137' title='bbox 3507 718 3522 767; x_wconf 89' lang='lat'><strong>;</strong></span> <span class='ocrx_word' id='word_1_138' title='bbox 3546 705 3699 777; x_wconf 75' lang='lat' dir='ltr'><strong>reliqui</strong></span> 
     </span>
    </p>
   </div>
   <div class='ocr_carea' id='block_1_22' title="bbox 2169 788 3702 867">
    <p class='ocr_par' dir='ltr' id='par_1_22' title="bbox 2169 788 3702 867">
     <span class='ocr_line' id='line_1_22' title="bbox 2169 788 3702 867; baseline 0.005 -25"><span class='ocrx_word' id='word_1_139' title='bbox 2169 788 2276 842; x_wconf 89' lang='lat' dir='ltr'><strong>duo</strong></span> <span class='ocrx_word' id='word_1_140' title='bbox 2323 789 2392 842; x_wconf 89' lang='lat' dir='ltr'><strong>ad</strong></span> <span class='ocrx_word' id='word_1_141' title='bbox 2449 788 2779 844; x_wconf 85' lang='lat' dir='ltr'><strong>candelabra</strong></span> <span class='ocrx_word' id='word_1_142' title='bbox 2843 790 3070 845; x_wconf 80' lang='lat' dir='ltr'><strong>terenda</strong></span> <span class='ocrx_word' id='word_1_143' title='bbox 3116 790 3458 846; x_wconf 78' lang='lat' dir='ltr'><strong>ordinantur.</strong></span> <span class='ocrx_word' id='word_1_144' title='bbox 3503 793 3702 867; x_wconf 78' lang='lat' dir='ltr'><strong>Cumque</strong></span> 
     </span>
    </p>
   </div>
   <div class='ocr_carea' id='block_1_23' title="bbox 2164 880 3705 961">
    <p class='ocr_par' dir='ltr' id='par_1_23' title="bbox 2164 880 3705 961">
     <span class='ocr_line' id='line_1_23' title="bbox 2164 880 3705 961; baseline 0.007 -25"><span class='ocrx_word' id='word_1_145' title='bbox 2164 880 2427 951; x_wconf 76' lang='lat' dir='ltr'><strong>procedit,</strong></span> <span class='ocrx_word' id='word_1_146' title='bbox 2459 882 2551 952; x_wconf 87' lang='lat' dir='ltr'><strong>qui</strong></span> <span class='ocrx_word' id='word_1_147' title='bbox 2598 882 2665 937; x_wconf 84' lang='lat' dir='ltr'><strong>de</strong></span> <span class='ocrx_word' id='word_1_148' title='bbox 2693 881 2919 937; x_wconf 89' lang='lat' dir='ltr'><strong>sinistro</strong></span> <span class='ocrx_word' id='word_1_149' title='bbox 2963 883 3136 939; x_wconf 90' lang='lat' dir='ltr'><strong>choro</strong></span> <span class='ocrx_word' id='word_1_150' title='bbox 3166 886 3367 952; x_wconf 79' lang='lat' dir='ltr'><strong>fuerit,</strong></span> <span class='ocrx_word' id='word_1_151' title='bbox 3402 886 3454 943; x_wconf 89' lang='lat' dir='ltr'><strong>in</strong></span> <span class='ocrx_word' id='word_1_152' title='bbox 3502 903 3557 943; x_wconf 89' lang='lat' dir='ltr'><strong>ea</strong></span> <span class='ocrx_word' id='word_1_153' title='bbox 3585 904 3705 961; x_wconf 85' lang='lat' dir='ltr'><strong>parte</strong></span> 
     </span>
    </p>
   </div>
   <div class='ocr_carea' id='block_1_24' title="bbox 2167 974 3705 1053">
    <p class='ocr_par' dir='ltr' id='par_1_24' title="bbox 2167 974 3705 1053">
     <span class='ocr_line' id='line_1_24' title="bbox 2167 974 3705 1053; baseline 0.008 -25"><span class='ocrx_word' id='word_1_154' title='bbox 2167 988 2385 1044; x_wconf 87' lang='lat' dir='ltr'><strong>quoque</strong></span> <span class='ocrx_word' id='word_1_155' title='bbox 2407 975 2591 1029; x_wconf 81' lang='lat' dir='ltr'><strong>stabit.</strong></span> <span class='ocrx_word' id='word_1_156' title='bbox 2619 974 2677 1030; x_wconf 90' lang='lat' dir='ltr'><strong>Si</strong></span> <span class='ocrx_word' id='word_1_157' title='bbox 2706 990 2836 1031; x_wconf 91' lang='lat' dir='ltr'><strong>vero</strong></span> <span class='ocrx_word' id='word_1_158' title='bbox 2858 978 3020 1033; x_wconf 88' lang='lat' dir='ltr'><strong>ambo</strong></span> <span class='ocrx_word' id='word_1_159' title='bbox 3064 976 3133 1033; x_wconf 89' lang='lat' dir='ltr'><strong>de</strong></span> <span class='ocrx_word' id='word_1_160' title='bbox 3180 992 3290 1033; x_wconf 88' lang='lat' dir='ltr'><strong>uno</strong></span> <span class='ocrx_word' id='word_1_161' title='bbox 3318 980 3484 1037; x_wconf 82' lang='lat' dir='ltr'><strong>choro</strong></span> <span class='ocrx_word' id='word_1_162' title='bbox 3526 980 3705 1053; x_wconf 81' lang='lat' dir='ltr'><strong>fuerint,</strong></span> 
     </span>
    </p>
   </div>
   <div class='ocr_carea' id='block_1_25' title="bbox 2162 1066 3708 1139">
    <p class='ocr_par' dir='ltr' id='par_1_25' title="bbox 2162 1066 3708 1139">
     <span class='ocr_line' id='line_1_25' title="bbox 2162 1066 3708 1139; baseline 0.006 -18"><span class='ocrx_word' id='word_1_163' title='bbox 2162 1066 2354 1121; x_wconf 88' lang='lat' dir='ltr'><strong>ordine</strong></span> <span class='ocrx_word' id='word_1_164' title='bbox 2387 1066 2614 1121; x_wconf 81' lang='lat' dir='ltr'><strong>inferior</strong></span> <span class='ocrx_word' id='word_1_165' title='bbox 2642 1067 2694 1121; x_wconf 92' lang='lat' dir='ltr'><strong>in</strong></span> <span class='ocrx_word' id='word_1_166' title='bbox 2728 1067 3011 1123; x_wconf 83' lang='lat' dir='ltr'><strong>sinistrum</strong></span> <span class='ocrx_word' id='word_1_167' title='bbox 3059 1070 3289 1124; x_wconf 89' lang='lat' dir='ltr'><strong>chorum</strong></span> <span class='ocrx_word' id='word_1_168' title='bbox 3336 1072 3552 1139; x_wconf 89' lang='lat' dir='ltr'><strong>secedit,</strong></span> <span class='ocrx_word' id='word_1_169' title='bbox 3591 1077 3708 1132; x_wconf 78' lang='lat' dir='ltr'><strong>siuti-</strong></span> 
     </span>
    </p>
   </div>
   <div class='ocr_carea' id='block_1_26' title="bbox 2164 1156 3709 1229">
    <p class='ocr_par' dir='ltr' id='par_1_26' title="bbox 2164 1156 3709 1229">
     <span class='ocr_line' id='line_1_26' title="bbox 2164 1156 3709 1229; baseline 0.008 -18"><span class='ocrx_word' id='word_1_170' title='bbox 2164 1156 2310 1226; x_wconf 89' lang='lat' dir='ltr'><strong>lique</strong></span> <span class='ocrx_word' id='word_1_171' title='bbox 2333 1158 2493 1212; x_wconf 87' lang='lat' dir='ltr'><strong>modo</strong></span> <span class='ocrx_word' id='word_1_172' title='bbox 2523 1159 2591 1213; x_wconf 88' lang='lat' dir='ltr'><strong>ad</strong></span> <span class='ocrx_word' id='word_1_173' title='bbox 2615 1158 2838 1213; x_wconf 80' lang='lat' dir='ltr'><strong>missam</strong></span> <span class='ocrx_word' id='word_1_174' title='bbox 2866 1158 3095 1216; x_wconf 74' lang='lat' dir='ltr'><strong>faciunt.</strong></span> <span class='ocrx_word' id='word_1_175' title='bbox 3124 1160 3359 1229; x_wconf 85' lang='lat' dir='ltr'><strong>Quando</strong></span> <span class='ocrx_word' id='word_1_176' title='bbox 3379 1179 3559 1220; x_wconf 86' lang='lat' dir='ltr'><strong>versus</strong></span> <span class='ocrx_word' id='word_1_177' title='bbox 3584 1166 3647 1222; x_wconf 76' lang='lat' dir='ltr'><strong>In</strong></span> <span class='ocrx_word' id='word_1_178' title='bbox 3671 1181 3709 1223; x_wconf 77' lang='lat' dir='ltr'><strong>te</strong></span> 
     </span>
    </p>
   </div>
   <div class='ocr_carea' id='block_1_27' title="bbox 2165 1244 3708 1317">
    <p class='ocr_par' dir='ltr' id='par_1_27' title="bbox 2165 1244 3708 1317">
     <span class='ocr_line' id='line_1_27' title="bbox 2165 1244 3708 1317; baseline 0.01 -18"><span class='ocrx_word' id='word_1_179' title='bbox 2165 1244 2387 1300; x_wconf 83' lang='lat' dir='ltr'><strong>Domine</strong></span> <span class='ocrx_word' id='word_1_180' title='bbox 2414 1248 2617 1317; x_wconf 80' lang='lat' dir='ltr'><strong>speravi</strong></span> <span class='ocrx_word' id='word_1_181' title='bbox 2670 1248 2978 1315; x_wconf 74' lang='lat' dir='ltr'><strong>inchoatur,</strong></span> <span class='ocrx_word' id='word_1_182' title='bbox 3009 1257 3204 1306; x_wconf 87' lang='lat' dir='ltr'><strong>tenens</strong></span> <span class='ocrx_word' id='word_1_183' title='bbox 3259 1253 3581 1310; x_wconf 87' lang='lat' dir='ltr'><strong>thttribulum</strong></span> <span class='ocrx_word' id='word_1_184' title='bbox 3605 1257 3708 1314; x_wconf 80' lang='lat' dir='ltr'><strong>facit</strong></span> 
     </span>
    </p>
   </div>
   <div class='ocr_carea' id='block_1_28' title="bbox 2163 1336 3706 1411">
    <p class='ocr_par' dir='ltr' id='par_1_28' title="bbox 2163 1336 3706 1411">
     <span class='ocr_line' id='line_1_28' title="bbox 2163 1336 3706 1411; baseline 0.008 -19"><span class='ocrx_word' id='word_1_185' title='bbox 2163 1336 2376 1407; x_wconf 86' lang='lat' dir='ltr'><strong>signum</strong></span> <span class='ocrx_word' id='word_1_186' title='bbox 2431 1338 2612 1393; x_wconf 85' lang='lat' dir='ltr'><strong>erucis</strong></span> <span class='ocrx_word' id='word_1_187' title='bbox 2671 1353 2837 1410; x_wconf 86' lang='lat' dir='ltr'><strong>super</strong></span> <span class='ocrx_word' id='word_1_188' title='bbox 2875 1339 3186 1411; x_wconf 83' lang='lat' dir='ltr'><strong>analogiam</strong></span> <span class='ocrx_word' id='word_1_189' title='bbox 3242 1352 3297 1397; x_wconf 91' lang='lat' dir='ltr'><strong>et</strong></span> <span class='ocrx_word' id='word_1_190' title='bbox 3345 1346 3589 1402; x_wconf 87' lang='lat' dir='ltr'><strong>recedens</strong></span> <span class='ocrx_word' id='word_1_191' title='bbox 3625 1364 3706 1405; x_wconf 89' lang='lat' dir='ltr'><strong>non</strong></span> 
     </span>
    </p>
   </div>
   <div class='ocr_carea' id='block_1_29' title="bbox 2165 1428 3706 1507">
    <p class='ocr_par' dir='ltr' id='par_1_29' title="bbox 2165 1428 3706 1507">
     <span class='ocr_line' id='line_1_29' title="bbox 2165 1428 3706 1507; baseline 0.008 -25"><span class='ocrx_word' id='word_1_192' title='bbox 2165 1428 2409 1484; x_wconf 82' lang='lat' dir='ltr'><strong>inclinat.</strong></span> <span class='ocrx_word' id='word_1_193' title='bbox 2445 1428 2739 1501; x_wconf 85' lang='lat' dir='ltr'><strong>Postquam</strong></span> <span class='ocrx_word' id='word_1_194' title='bbox 2761 1445 2951 1487; x_wconf 87' lang='lat' dir='ltr'><strong>omnes</strong></span> <span class='ocrx_word' id='word_1_195' title='bbox 2973 1432 3025 1486; x_wconf 92' lang='lat' dir='ltr'><strong>in</strong></span> <span class='ocrx_word' id='word_1_196' title='bbox 3055 1434 3363 1489; x_wconf 84' lang='lat' dir='ltr'><strong>saeristiam</strong></span> <span class='ocrx_word' id='word_1_197' title='bbox 3390 1446 3706 1507; x_wconf 81' lang='lat' dir='ltr'><strong>revertuntur,</strong></span> 
     </span>
    </p>
   </div>
   <div class='ocr_carea' id='block_1_30' title="bbox 2164 1520 3705 1594">
    <p class='ocr_par' dir='ltr' id='par_1_30' title="bbox 2164 1520 3705 1594">
     <span class='ocr_line' id='line_1_30' title="bbox 2164 1520 3705 1594; baseline 0.006 -21"><span class='ocrx_word' id='word_1_198' title='bbox 2164 1520 2209 1574; x_wconf 89' lang='lat' dir='ltr'><strong>si</strong></span> <span class='ocrx_word' id='word_1_199' title='bbox 2246 1520 2370 1575; x_wconf 87' lang='lat' dir='ltr'><strong>talis</strong></span> <span class='ocrx_word' id='word_1_200' title='bbox 2396 1528 2482 1576; x_wconf 87' lang='lat' dir='ltr'><strong>est</strong></span> <span class='ocrx_word' id='word_1_201' title='bbox 2513 1521 2651 1587; x_wconf 89' lang='lat' dir='ltr'><strong>dies,</strong></span> <span class='ocrx_word' id='word_1_202' title='bbox 2677 1529 2736 1576; x_wconf 91' lang='lat' dir='ltr'><strong>ut</strong></span> <span class='ocrx_word' id='word_1_203' title='bbox 2764 1522 2834 1578; x_wconf 89' lang='lat' dir='ltr'><strong>ab</strong></span> <span class='ocrx_word' id='word_1_204' title='bbox 2859 1536 2968 1577; x_wconf 88' lang='lat' dir='ltr'><strong>uno</strong></span> <span class='ocrx_word' id='word_1_205' title='bbox 3013 1521 3410 1581; x_wconf 85' lang='lat' dir='ltr'><strong>incensandunt</strong></span> <span class='ocrx_word' id='word_1_206' title='bbox 3435 1526 3505 1581; x_wconf 87' lang='lat' dir='ltr'><strong>sit</strong></span> <span class='ocrx_word' id='word_1_207' title='bbox 3550 1527 3705 1594; x_wconf 83' lang='lat' dir='ltr'><strong>altare,</strong></span> 
     </span>
    </p>
   </div>
   <div class='ocr_carea' id='block_1_31' title="bbox 2165 1612 3709 1685">
    <p class='ocr_par' dir='ltr' id='par_1_31' title="bbox 2165 1612 3709 1685">
     <span class='ocr_line' id='line_1_31' title="bbox 2165 1612 3709 1685; baseline 0.006 -17"><span class='ocrx_word' id='word_1_208' title='bbox 2165 1612 2211 1668; x_wconf 90' lang='lat' dir='ltr'><strong>is</strong></span> <span class='ocrx_word' id='word_1_209' title='bbox 2247 1613 2339 1684; x_wconf 86' lang='lat' dir='ltr'><strong>qui</strong></span> <span class='ocrx_word' id='word_1_210' title='bbox 2367 1615 2702 1670; x_wconf 90' lang='lat' dir='ltr'><strong>thuribulnm</strong></span> <span class='ocrx_word' id='word_1_211' title='bbox 2735 1624 3055 1685; x_wconf 88' lang='lat' dir='ltr'><strong>portaturus</strong></span> <span class='ocrx_word' id='word_1_212' title='bbox 3074 1626 3182 1681; x_wconf 90' lang='lat' dir='ltr'><strong>est,</strong></span> <span class='ocrx_word' id='word_1_213' title='bbox 3212 1616 3355 1673; x_wconf 75' lang='lat' dir='ltr'><strong>loris</strong></span> <span class='ocrx_word' id='word_1_214' title='bbox 3399 1619 3608 1674; x_wconf 87' lang='lat' dir='ltr'><strong>chorum</strong></span> <span class='ocrx_word' id='word_1_215' title='bbox 3641 1637 3709 1678; x_wconf 79' lang='lat' dir='ltr'><strong>rc-</strong></span> 
     </span>
    </p>
   </div>
   <div class='ocr_carea' id='block_1_32' title="bbox 2163 1705 3711 1776">
    <p class='ocr_par' dir='ltr' id='par_1_32' title="bbox 2163 1705 3711 1776">
     <span class='ocr_line' id='line_1_32' title="bbox 2163 1705 3711 1776; baseline 0.005 -16"><span class='ocrx_word' id='word_1_216' title='bbox 2163 1718 2345 1760; x_wconf 82' lang='lat' dir='ltr'><strong>manet</strong></span> <span class='ocrx_word' id='word_1_217' title='bbox 2372 1705 2617 1771; x_wconf 88' lang='lat' dir='ltr'><strong>indntus.</strong></span> <span class='ocrx_word' id='word_1_218' title='bbox 2650 1706 2864 1762; x_wconf 65' lang='lat' dir='ltr'><strong>caeteris</strong></span> <span class='ocrx_word' id='word_1_219' title='bbox 2906 1722 2966 1762; x_wconf 91' lang='lat' dir='ltr'><strong>se</strong></span> <span class='ocrx_word' id='word_1_220' title='bbox 2993 1707 3344 1762; x_wconf 78' lang='lat' dir='ltr'><strong>exuentibns.</strong></span> <span class='ocrx_word' id='word_1_221' title='bbox 3396 1708 3541 1776; x_wconf 84' lang='lat' dir='ltr'><strong>Quod</strong></span> <span class='ocrx_word' id='word_1_222' title='bbox 3560 1710 3599 1765; x_wconf 89' lang='lat' dir='ltr'><strong>si</strong></span> <span class='ocrx_word' id='word_1_223' title='bbox 3627 1712 3711 1769; x_wconf 77' lang='lat' dir='ltr'><strong>tale</strong></span> 
     </span>
    </p>
   </div>
   <div class='ocr_carea' id='block_1_33' title="bbox 463 1793 3707 1876">
    <p class='ocr_par' dir='ltr' id='par_1_33' title="bbox 463 1793 3707 1876">
     <span class='ocr_line' id='line_1_33' title="bbox 463 1793 3707 1876; baseline 0.002 -25"><span class='ocrx_word' id='word_1_224' title='bbox 463 1805 757 1869; x_wconf 87' lang='lat' dir='ltr'><strong>utrumque</strong></span> <span class='ocrx_word' id='word_1_225' title='bbox 835 1800 1116 1855; x_wconf 87' lang='lat' dir='ltr'><strong>incensam.</strong></span> <span class='ocrx_word' id='word_1_226' title='bbox 1157 1841 1173 1868; x_wconf 93' lang='lat'><strong>,</strong></span> <span class='ocrx_word' id='word_1_227' title='bbox 1221 1803 1441 1874; x_wconf 82' lang='lat' dir='ltr'><strong>copiose</strong></span> <span class='ocrx_word' id='word_1_228' title='bbox 1512 1805 1768 1876; x_wconf 64' lang='lat' dir='ltr'><strong>imposito</strong></span> <span class='ocrx_word' id='word_1_229' title='bbox 1845 1806 2002 1863; x_wconf 70' lang='lat' dir='ltr'><strong>thure</strong></span> <span class='ocrx_word' id='word_1_230' title='bbox 2036 1847 2052 1873; x_wconf 74' lang='grc'><em>,</em></span> <span class='ocrx_word' id='word_1_231' title='bbox 2089 1793 2130 1852; x_wconf 82' lang='grc' dir='ltr'><strong>Β</strong></span> <span class='ocrx_word' id='word_1_232' title='bbox 2162 1794 2359 1850; x_wconf 79' lang='lat' dir='ltr'><strong>festum</strong></span> <span class='ocrx_word' id='word_1_233' title='bbox 2393 1806 2500 1863; x_wconf 90' lang='lat' dir='ltr'><strong>est,</strong></span> <span class='ocrx_word' id='word_1_234' title='bbox 2529 1807 2641 1852; x_wconf 87' lang='lat' dir='ltr'><strong>uta</strong></span> <span class='ocrx_word' id='word_1_235' title='bbox 2678 1799 2891 1854; x_wconf 87' lang='lat' dir='ltr'><strong>duobus</strong></span> <span class='ocrx_word' id='word_1_236' title='bbox 2927 1798 3199 1854; x_wconf 86' lang='lat' dir='ltr'><strong>incensari</strong></span> <span class='ocrx_word' id='word_1_237' title='bbox 3231 1799 3451 1866; x_wconf 86' lang='lat' dir='ltr'><strong>debeat,</strong></span> <span class='ocrx_word' id='word_1_238' title='bbox 3481 1802 3707 1860; x_wconf 66' lang='lat' dir='ltr'><strong>cerol‘era»</strong></span> 
     </span>
    </p>
   </div>
   <div class='ocr_carea' id='block_1_34' title="bbox 462 1890 2054 1966">
    <p class='ocr_par' dir='ltr' id='par_1_34' title="bbox 462 1890 2054 1966">
     <span class='ocr_line' id='line_1_34' title="bbox 462 1890 2054 1966; baseline 0.007 -22"><span class='ocrx_word' id='word_1_239' title='bbox 462 1904 573 1962; x_wconf 88' lang='lat' dir='ltr'><strong>quo</strong></span> <span class='ocrx_word' id='word_1_240' title='bbox 603 1890 748 1947; x_wconf 81' lang='lat' dir='ltr'><strong>facto</strong></span> <span class='ocrx_word' id='word_1_241' title='bbox 774 1893 1095 1950; x_wconf 86' lang='lat' dir='ltr'><strong>accedentes</strong></span> <span class='ocrx_word' id='word_1_242' title='bbox 1140 1894 1206 1950; x_wconf 86' lang='lat' dir='ltr'><strong>ad</strong></span> <span class='ocrx_word' id='word_1_243' title='bbox 1260 1896 1562 1965; x_wconf 85' lang='lat' dir='ltr'><strong>posteriora</strong></span> <span class='ocrx_word' id='word_1_244' title='bbox 1614 1913 1841 1966; x_wconf 85' lang='lat' dir='ltr'><strong>cornua,</strong></span> <span class='ocrx_word' id='word_1_245' title='bbox 1892 1914 2054 1955; x_wconf 79' lang='lat' dir='ltr'><strong>verso</strong></span> 
     </span>
    </p>
   </div>
   <div class='ocr_carea' id='block_1_35' title="bbox 464 1983 2053 2064">
    <p class='ocr_par' dir='ltr' id='par_1_35' title="bbox 464 1983 2053 2064">
     <span class='ocr_line' id='line_1_35' title="bbox 464 1983 2053 2064; baseline 0.007 -27"><span class='ocrx_word' id='word_1_246' title='bbox 464 1983 534 2037; x_wconf 88' lang='lat' dir='ltr'><strong>ad</strong></span> <span class='ocrx_word' id='word_1_247' title='bbox 565 1984 799 2041; x_wconf 75' lang='lat' dir='ltr'><strong>invicem</strong></span> <span class='ocrx_word' id='word_1_248' title='bbox 825 1986 995 2053; x_wconf 85' lang='lat' dir='ltr'><strong>vultu,</strong></span> <span class='ocrx_word' id='word_1_249' title='bbox 1028 1988 1362 2056; x_wconf 84' lang='lat' dir='ltr'><strong>superiorem</strong></span> <span class='ocrx_word' id='word_1_250' title='bbox 1388 1988 1578 2046; x_wconf 88' lang='lat' dir='ltr'><strong>altaris</strong></span> <span class='ocrx_word' id='word_1_251' title='bbox 1607 2000 1815 2060; x_wconf 90' lang='lat' dir='ltr'><strong>partem</strong></span> <span class='ocrx_word' id='word_1_252' title='bbox 1847 1992 2053 2064; x_wconf 84' lang='lat' dir='ltr'><strong>jugiter</strong></span> 
     </span>
    </p>
   </div>
   <div class='ocr_carea' id='block_1_36' title="bbox 462 2075 2049 2153">
    <p class='ocr_par' dir='ltr' id='par_1_36' title="bbox 462 2075 2049 2153">
     <span class='ocr_line' id='line_1_36' title="bbox 462 2075 2049 2153; baseline 0.006 -22"><span class='ocrx_word' id='word_1_253' title='bbox 462 2075 770 2142; x_wconf 89' lang='lat' dir='ltr'><strong>incensant,</strong></span> <span class='ocrx_word' id='word_1_254' title='bbox 800 2094 906 2133; x_wconf 91' lang='lat' dir='ltr'><strong>non</strong></span> <span class='ocrx_word' id='word_1_255' title='bbox 950 2089 1252 2144; x_wconf 87' lang='lat' dir='ltr'><strong>cessantes,</strong></span> <span class='ocrx_word' id='word_1_256' title='bbox 1279 2081 1453 2137; x_wconf 90' lang='lat' dir='ltr'><strong>donec</strong></span> <span class='ocrx_word' id='word_1_257' title='bbox 1496 2083 1745 2153; x_wconf 86' lang='lat' dir='ltr'><strong>repetitio</strong></span> <span class='ocrx_word' id='word_1_258' title='bbox 1784 2082 2049 2141; x_wconf 76' lang='lat' dir='ltr'><strong>oﬂertorii</strong></span> 
     </span>
    </p>
   </div>
   <div class='ocr_carea' id='block_1_37' title="bbox 465 2166 2052 2241">
    <p class='ocr_par' dir='ltr' id='par_1_37' title="bbox 465 2166 2052 2241">
     <span class='ocr_line' id='line_1_37' title="bbox 465 2166 2052 2241; baseline 0.007 -22"><span class='ocrx_word' id='word_1_259' title='bbox 465 2166 709 2222; x_wconf 85' lang='lat' dir='ltr'><strong>liniatnr.</strong></span> <span class='ocrx_word' id='word_1_260' title='bbox 747 2168 1265 2241; x_wconf 81' lang='lat' dir='ltr'><strong>Pmcurantlumque</strong></span> <span class='ocrx_word' id='word_1_261' title='bbox 1304 2172 1455 2241; x_wconf 87' lang='lat' dir='ltr'><strong>prius</strong></span> <span class='ocrx_word' id='word_1_262' title='bbox 1496 2182 1602 2239; x_wconf 91' lang='lat' dir='ltr'><strong>est,</strong></span> <span class='ocrx_word' id='word_1_263' title='bbox 1629 2182 1688 2228; x_wconf 90' lang='lat' dir='ltr'><strong>ut</strong></span> <span class='ocrx_word' id='word_1_264' title='bbox 1718 2175 2052 2230; x_wconf 81' lang='lat' dir='ltr'><strong>sacerdosin</strong></span> 
     </span>
    </p>
   </div>
   <div class='ocr_carea' id='block_1_38' title="bbox 466 2257 2054 2336">
    <p class='ocr_par' dir='ltr' id='par_1_38' title="bbox 466 2257 2054 2336">
     <span class='ocr_line' id='line_1_38' title="bbox 466 2257 2054 2336; baseline 0.007 -24"><span class='ocrx_word' id='word_1_265' title='bbox 466 2257 585 2327; x_wconf 89' lang='lat' dir='ltr'><strong>ipso</strong></span> <span class='ocrx_word' id='word_1_266' title='bbox 617 2258 725 2316; x_wconf 85' lang='lat' dir='ltr'><strong>line</strong></span> <span class='ocrx_word' id='word_1_267' title='bbox 746 2276 937 2319; x_wconf 87' lang='lat' dir='ltr'><strong>versus</strong></span> <span class='ocrx_word' id='word_1_268' title='bbox 961 2264 1222 2321; x_wconf 79' lang='lat' dir='ltr'><strong>oﬂ‘crtorii</strong></span> <span class='ocrx_word' id='word_1_269' title='bbox 1246 2280 1402 2319; x_wconf 72' lang='lat' dir='ltr'><strong>suam</strong></span> <span class='ocrx_word' id='word_1_270' title='bbox 1428 2279 1593 2336; x_wconf 90' lang='lat' dir='ltr'><strong>super</strong></span> <span class='ocrx_word' id='word_1_271' title='bbox 1621 2265 1842 2321; x_wconf 87' lang='lat' dir='ltr'><strong>calicem</strong></span> <span class='ocrx_word' id='word_1_272' title='bbox 1869 2267 2054 2324; x_wconf 88' lang='lat' dir='ltr'><strong>incen-</strong></span> 
     </span>
    </p>
   </div>
   <div class='ocr_carea' id='block_1_39' title="bbox 465 2350 2051 2418">
    <p class='ocr_par' dir='ltr' id='par_1_39' title="bbox 465 2350 2051 2418">
     <span class='ocr_line' id='line_1_39' title="bbox 465 2350 2051 2418; baseline 0.009 -14"><span class='ocrx_word' id='word_1_273' title='bbox 465 2350 736 2407; x_wconf 88' lang='lat' dir='ltr'><strong>sationem</strong></span> <span class='ocrx_word' id='word_1_274' title='bbox 768 2366 1128 2412; x_wconf 91' lang='lat' dir='ltr'><strong>consummet.</strong></span> <span class='ocrx_word' id='word_1_275' title='bbox 1164 2357 1527 2413; x_wconf 88' lang='lat' dir='ltr'><strong>Diaconorum</strong></span> <span class='ocrx_word' id='word_1_276' title='bbox 1556 2359 1697 2413; x_wconf 87' lang='lat' dir='ltr'><strong>alter</strong></span> <span class='ocrx_word' id='word_1_277' title='bbox 1717 2360 1785 2415; x_wconf 93' lang='lat' dir='ltr'><strong>ad</strong></span> <span class='ocrx_word' id='word_1_278' title='bbox 1811 2360 1862 2415; x_wconf 90' lang='lat' dir='ltr'><strong>id</strong></span> <span class='ocrx_word' id='word_1_279' title='bbox 1887 2363 2051 2418; x_wconf 86' lang='lat' dir='ltr'><strong>ollieii</strong></span> 
     </span>
    </p>
   </div>
   <div class='ocr_carea' id='block_1_40' title="bbox 459 2444 2052 2522">
    <p class='ocr_par' dir='ltr' id='par_1_40' title="bbox 459 2444 2052 2522">
     <span class='ocr_line' id='line_1_40' title="bbox 459 2444 2052 2522; baseline 0.005 -25"><span class='ocrx_word' id='word_1_280' title='bbox 459 2452 564 2509; x_wconf 90' lang='lat' dir='ltr'><strong>est,</strong></span> <span class='ocrx_word' id='word_1_281' title='bbox 594 2444 685 2514; x_wconf 89' lang='lat' dir='ltr'><strong>qui</strong></span> <span class='ocrx_word' id='word_1_282' title='bbox 711 2459 777 2500; x_wconf 90' lang='lat' dir='ltr'><strong>eo</strong></span> <span class='ocrx_word' id='word_1_283' title='bbox 804 2446 891 2501; x_wconf 90' lang='lat' dir='ltr'><strong>die</strong></span> <span class='ocrx_word' id='word_1_284' title='bbox 914 2449 1205 2514; x_wconf 86' lang='lat' dir='ltr'><strong>ministrat,</strong></span> <span class='ocrx_word' id='word_1_285' title='bbox 1234 2449 1373 2505; x_wconf 90' lang='lat' dir='ltr'><strong>alter</strong></span> <span class='ocrx_word' id='word_1_286' title='bbox 1393 2462 1523 2504; x_wconf 86' lang='lat' dir='ltr'><strong>vero</strong></span> <span class='ocrx_word' id='word_1_287' title='bbox 1546 2450 1614 2506; x_wconf 86' lang='lat' dir='ltr'><strong>ab</strong></span> <span class='ocrx_word' id='word_1_288' title='bbox 1642 2452 1883 2506; x_wconf 87' lang='lat' dir='ltr'><strong>armario</strong></span> <span class='ocrx_word' id='word_1_289' title='bbox 1924 2468 2052 2522; x_wconf 85' lang='lat' dir='ltr'><strong>pro-</strong></span> 
     </span>
    </p>
   </div>
   <div class='ocr_carea' id='block_1_41' title="bbox 462 2532 2053 2606">
    <p class='ocr_par' dir='ltr' id='par_1_41' title="bbox 462 2532 2053 2606">
     <span class='ocr_line' id='line_1_41' title="bbox 462 2532 2053 2606; baseline 0.007 -21"><span class='ocrx_word' id='word_1_290' title='bbox 462 2532 679 2589; x_wconf 90' lang='lat' dir='ltr'><strong>videtnr</strong></span> <span class='ocrx_word' id='word_1_291' title='bbox 704 2551 874 2606; x_wconf 86' lang='lat' dir='ltr'><strong>cappa</strong></span> <span class='ocrx_word' id='word_1_292' title='bbox 905 2538 1143 2594; x_wconf 88' lang='lat' dir='ltr'><strong>indutus.</strong></span> <span class='ocrx_word' id='word_1_293' title='bbox 1180 2539 1308 2594; x_wconf 86' lang='lat' dir='ltr'><strong>Inde</strong></span> <span class='ocrx_word' id='word_1_294' title='bbox 1345 2539 1415 2594; x_wconf 89' lang='lat' dir='ltr'><strong>ad</strong></span> <span class='ocrx_word' id='word_1_295' title='bbox 1456 2539 1631 2596; x_wconf 88' lang='lat' dir='ltr'><strong>altare</strong></span> <span class='ocrx_word' id='word_1_296' title='bbox 1665 2540 1838 2597; x_wconf 91' lang='lat' dir='ltr'><strong>sancti</strong></span> <span class='ocrx_word' id='word_1_297' title='bbox 1885 2541 2053 2596; x_wconf 84' lang='lat' dir='ltr'><strong>Bene-</strong></span> 
     </span>
    </p>
   </div>
   <div class='ocr_carea' id='block_1_42' title="bbox 463 2624 2049 2702">
    <p class='ocr_par' dir='ltr' id='par_1_42' title="bbox 463 2624 2049 2702">
     <span class='ocr_line' id='line_1_42' title="bbox 463 2624 2049 2702; baseline 0.006 -22"><span class='ocrx_word' id='word_1_298' title='bbox 463 2624 594 2681; x_wconf 88' lang='lat' dir='ltr'><strong>dicti</strong></span> <span class='ocrx_word' id='word_1_299' title='bbox 634 2628 1044 2699; x_wconf 72' lang='lat' dir='ltr'><strong>progredientes</strong></span> <span class='ocrx_word' id='word_1_300' title='bbox 1084 2633 1317 2688; x_wconf 89' lang='lat' dir='ltr'><strong>eundem</strong></span> <span class='ocrx_word' id='word_1_301' title='bbox 1356 2633 1575 2688; x_wconf 86' lang='lat' dir='ltr'><strong>modum</strong></span> <span class='ocrx_word' id='word_1_302' title='bbox 1625 2633 1699 2689; x_wconf 89' lang='lat' dir='ltr'><strong>ibi</strong></span> <span class='ocrx_word' id='word_1_303' title='bbox 1733 2634 2049 2702; x_wconf 80' lang='lat' dir='ltr'><strong>observant,</strong></span> 
     </span>
    </p>
   </div>
   <div class='ocr_carea' id='block_1_43' title="bbox 464 2722 2052 2797">
    <p class='ocr_par' dir='ltr' id='par_1_43' title="bbox 464 2722 2052 2797">
     <span class='ocr_line' id='line_1_43' title="bbox 464 2722 2052 2797; baseline 0.009 -27"><span class='ocrx_word' id='word_1_304' title='bbox 464 2732 628 2787; x_wconf 74' lang='lat' dir='ltr'><strong>quem</strong></span> <span class='ocrx_word' id='word_1_305' title='bbox 653 2722 720 2774; x_wconf 87' lang='lat' dir='ltr'><strong>ad</strong></span> <span class='ocrx_word' id='word_1_306' title='bbox 751 2722 1053 2794; x_wconf 88' lang='lat' dir='ltr'><strong>principale</strong></span> <span class='ocrx_word' id='word_1_307' title='bbox 1082 2723 1273 2787; x_wconf 88' lang='lat' dir='ltr'><strong>altare,</strong></span> <span class='ocrx_word' id='word_1_308' title='bbox 1306 2726 1743 2797; x_wconf 87' lang='lat' dir='ltr'><strong>qttandocnnque</strong></span> <span class='ocrx_word' id='word_1_309' title='bbox 1781 2742 1810 2781; x_wconf 91' lang='lat' dir='ltr'><strong>a</strong></span> <span class='ocrx_word' id='word_1_310' title='bbox 1843 2728 2052 2784; x_wconf 87' lang='lat' dir='ltr'><strong>duobus</strong></span> 
     </span>
    </p>
   </div>
   <div class='ocr_carea' id='block_1_44' title="bbox 461 2809 2048 2886">
    <p class='ocr_par' dir='ltr' id='par_1_44' title="bbox 461 2809 2048 2886">
     <span class='ocr_line' id='line_1_44' title="bbox 461 2809 2048 2886; baseline 0.007 -21"><span class='ocrx_word' id='word_1_311' title='bbox 461 2809 781 2867; x_wconf 81' lang='lat' dir='ltr'><strong>inccnsatur</strong></span> <span class='ocrx_word' id='word_1_312' title='bbox 810 2814 1161 2886; x_wconf 76' lang='lat' dir='ltr'><strong>presbyteris.</strong></span> <span class='ocrx_word' id='word_1_313' title='bbox 1199 2816 1404 2871; x_wconf 80' lang='lat' dir='ltr'><strong>Deinde</strong></span> <span class='ocrx_word' id='word_1_314' title='bbox 1434 2818 1670 2886; x_wconf 85' lang='lat' dir='ltr'><strong>separati</strong></span> <span class='ocrx_word' id='word_1_315' title='bbox 1714 2818 1783 2874; x_wconf 89' lang='lat' dir='ltr'><strong>ab</strong></span> <span class='ocrx_word' id='word_1_316' title='bbox 1816 2819 2048 2875; x_wconf 67' lang='lat' dir='ltr'><strong>invicem</strong></span> 
     </span>
    </p>
   </div>
   <div class='ocr_carea' id='block_1_45' title="bbox 459 2905 2048 2979">
    <p class='ocr_par' dir='ltr' id='par_1_45' title="bbox 459 2905 2048 2979">
     <span class='ocr_line' id='line_1_45' title="bbox 459 2905 2048 2979; baseline 0.006 -21"><span class='ocrx_word' id='word_1_317' title='bbox 459 2905 644 2958; x_wconf 70' lang='lat' dir='ltr'><strong>omoia</strong></span> <span class='ocrx_word' id='word_1_318' title='bbox 668 2905 860 2960; x_wconf 89' lang='lat' dir='ltr'><strong>altaria</strong></span> <span class='ocrx_word' id='word_1_319' title='bbox 889 2909 1203 2963; x_wconf 72' lang='lat' dir='ltr'><strong>monasterii</strong></span> <span class='ocrx_word' id='word_1_320' title='bbox 1246 2909 1361 2964; x_wconf 86' lang='lat' dir='ltr'><strong>sive</strong></span> <span class='ocrx_word' id='word_1_321' title='bbox 1391 2909 1450 2965; x_wconf 91' lang='lat' dir='ltr'><strong>S.</strong></span> <span class='ocrx_word' id='word_1_322' title='bbox 1500 2909 1685 2966; x_wconf 67' lang='lat' dir='ltr'><strong>Maria:</strong></span> <span class='ocrx_word' id='word_1_323' title='bbox 1738 2911 2048 2979; x_wconf 88' lang='lat' dir='ltr'><strong>incensant,</strong></span> 
     </span>
    </p>
   </div>
   <div class='ocr_carea' id='block_1_46' title="bbox 460 2995 2051 3074">
    <p class='ocr_par' dir='ltr' id='par_1_46' title="bbox 460 2995 2051 3074">
     <span class='ocr_line' id='line_1_46' title="bbox 460 2995 2051 3074; baseline 0.004 -22"><span class='ocrx_word' id='word_1_324' title='bbox 460 2995 516 3052; x_wconf 90' lang='lat' dir='ltr'><strong>in</strong></span> <span class='ocrx_word' id='word_1_325' title='bbox 535 2997 774 3066; x_wconf 88' lang='lat' dir='ltr'><strong>quolibet</strong></span> <span class='ocrx_word' id='word_1_326' title='bbox 787 2997 1039 3055; x_wconf 78' lang='lat' dir='ltr'><strong>faciendo</strong></span> <span class='ocrx_word' id='word_1_327' title='bbox 1059 3001 1299 3072; x_wconf 87' lang='lat' dir='ltr'><strong>desuper</strong></span> <span class='ocrx_word' id='word_1_328' title='bbox 1317 3017 1557 3057; x_wconf 86' lang='lat' dir='ltr'><strong>crucem.</strong></span> <span class='ocrx_word' id='word_1_329' title='bbox 1575 3003 1714 3074; x_wconf 73' lang='grc' dir='ltr'>(ω.)</span> <span class='ocrx_word' id='word_1_330' title='bbox 1732 3002 2051 3060; x_wconf 81' lang='lat' dir='ltr'><strong>Sciendum-</strong></span> 
     </span>
    </p>
   </div>
   <div class='ocr_carea' id='block_1_47' title="bbox 460 3088 2040 3164">
    <p class='ocr_par' dir='ltr' id='par_1_47' title="bbox 460 3088 2040 3164">
     <span class='ocr_line' id='line_1_47' title="bbox 460 3088 2040 3164; baseline 0.004 -22"><span class='ocrx_word' id='word_1_331' title='bbox 460 3101 569 3158; x_wconf 90' lang='lat' dir='ltr'><strong>que</strong></span> <span class='ocrx_word' id='word_1_332' title='bbox 597 3096 698 3153; x_wconf 86' lang='lat' dir='ltr'><strong>est,</strong></span> <span class='ocrx_word' id='word_1_333' title='bbox 741 3088 862 3143; x_wconf 89' lang='lat' dir='ltr'><strong>aliis</strong></span> <span class='ocrx_word' id='word_1_334' title='bbox 902 3092 1265 3160; x_wconf 88' lang='lat' dir='ltr'><strong>temporibus,</strong></span> <span class='ocrx_word' id='word_1_335' title='bbox 1298 3093 1519 3163; x_wconf 85' lang='lat' dir='ltr'><strong>quando</strong></span> <span class='ocrx_word' id='word_1_336' title='bbox 1565 3093 1675 3150; x_wconf 90' lang='lat' dir='ltr'><strong>duo</strong></span> <span class='ocrx_word' id='word_1_337' title='bbox 1730 3093 2040 3164; x_wconf 86' lang='lat' dir='ltr'><strong>ineensant,</strong></span> 
     </span>
    </p>
   </div>
   <div class='ocr_carea' id='block_1_48' title="bbox 462 3157 2117 3242">
    <p class='ocr_par' dir='ltr' id='par_1_48' title="bbox 462 3157 2117 3242">
     <span class='ocr_line' id='line_1_48' title="bbox 462 3157 2117 3242; baseline 0.003 -6"><span class='ocrx_word' id='word_1_338' title='bbox 462 3157 718 3236; x_wconf 79' lang='lat' dir='ltr'><strong>similiter</strong></span> <span class='ocrx_word' id='word_1_339' title='bbox 760 3181 876 3235; x_wconf 82' lang='lat' dir='ltr'><strong>ﬁeri</strong></span> <span class='ocrx_word' id='word_1_340' title='bbox 922 3157 1143 3238; x_wconf 82' lang='lat' dir='ltr'><strong>debere.</strong></span> <span class='ocrx_word' id='word_1_341' title='bbox 1186 3157 1603 3241; x_wconf 46' lang='lat' dir='ltr'><strong>Sed-diaconus</strong></span> <span class='ocrx_word' id='word_1_342' title='bbox 1648 3200 1713 3242; x_wconf 93' lang='lat' dir='ltr'><strong>ea</strong></span> <span class='ocrx_word' id='word_1_343' title='bbox 1757 3187 1845 3242; x_wconf 90' lang='lat' dir='ltr'><strong>die</strong></span> <span class='ocrx_word' id='word_1_344' title='bbox 1892 3157 2045 3242; x_wconf 79' lang='lat' dir='ltr'><strong>mini-</strong></span> <span class='ocrx_word' id='word_1_345' title='bbox 2075 3157 2117 3215; x_wconf 63' lang='grc' dir='ltr'><strong>θ</strong></span> 
     </span>
    </p>
   </div>
   <div class='ocr_carea' id='block_1_49' title="bbox 457 3272 2051 3333">
    <p class='ocr_par' dir='ltr' id='par_1_49' title="bbox 457 3272 2051 3333">
     <span class='ocr_line' id='line_1_49' title="bbox 457 3272 2051 3333; baseline 0.003 -5"><span class='ocrx_word' id='word_1_346' title='bbox 457 3279 643 3328; x_wconf 74' lang='lat' dir='ltr'><strong>stratis</strong></span> <span class='ocrx_word' id='word_1_347' title='bbox 680 3272 746 3325; x_wconf 87' lang='lat' dir='ltr'><strong>ad</strong></span> <span class='ocrx_word' id='word_1_348' title='bbox 772 3288 988 3327; x_wconf 85' lang='lat' dir='ltr'><strong>crucem</strong></span> <span class='ocrx_word' id='word_1_349' title='bbox 1020 3274 1283 3329; x_wconf 86' lang='lat' dir='ltr'><strong>iucensat.</strong></span> <span class='ocrx_word' id='word_1_350' title='bbox 1327 3280 1342 3295; x_wconf 80' lang='lat'><strong><em>‘</em></strong></span> <span class='ocrx_word' id='word_1_351' title='bbox 1372 3275 1454 3330; x_wconf 89' lang='lat' dir='ltr'><strong>Ad</strong></span> <span class='ocrx_word' id='word_1_352' title='bbox 1500 3276 1680 3332; x_wconf 78' lang='lat' dir='ltr'><strong>missa:</strong></span> <span class='ocrx_word' id='word_1_353' title='bbox 1715 3275 1876 3331; x_wconf 89' lang='lat' dir='ltr'><strong>linem</strong></span> <span class='ocrx_word' id='word_1_354' title='bbox 1912 3293 2051 3333; x_wconf 89' lang='lat' dir='ltr'><strong>nun-</strong></span> 
     </span>
    </p>
   </div>
   <div class='ocr_carea' id='block_1_50' title="bbox 458 3362 2048 3437">
    <p class='ocr_par' dir='ltr' id='par_1_50' title="bbox 458 3362 2048 3437">
     <span class='ocr_line' id='line_1_50' title="bbox 458 3362 2048 3437; baseline 0.006 -22"><span class='ocrx_word' id='word_1_355' title='bbox 458 3377 626 3433; x_wconf 90' lang='lat' dir='ltr'><strong>quam</strong></span> <span class='ocrx_word' id='word_1_356' title='bbox 653 3362 739 3417; x_wconf 80' lang='lat' dir='ltr'><strong>Ite</strong></span> <span class='ocrx_word' id='word_1_357' title='bbox 764 3364 925 3418; x_wconf 72' lang='lat' dir='ltr'><strong>missa</strong></span> <span class='ocrx_word' id='word_1_358' title='bbox 971 3375 1046 3419; x_wconf 81' lang='lat' dir='ltr'><strong>est</strong></span> <span class='ocrx_word' id='word_1_359' title='bbox 1076 3365 1142 3419; x_wconf 90' lang='lat' dir='ltr'><strong>ah</strong></span> <span class='ocrx_word' id='word_1_360' title='bbox 1190 3381 1255 3421; x_wconf 89' lang='lat' dir='ltr'><strong>eo</strong></span> <span class='ocrx_word' id='word_1_361' title='bbox 1303 3368 1709 3437; x_wconf 87' lang='lat' dir='ltr'><strong>pronuntiatur,</strong></span> <span class='ocrx_word' id='word_1_362' title='bbox 1749 3368 1851 3425; x_wconf 90' lang='lat' dir='ltr'><strong>nisi</strong></span> <span class='ocrx_word' id='word_1_363' title='bbox 1883 3370 2048 3425; x_wconf 87' lang='lat' dir='ltr'><strong>etiam</strong></span> 
     </span>
    </p>
   </div>
   <div class='ocr_carea' id='block_1_51' title="bbox 461 3451 2052 3539">
    <p class='ocr_par' dir='ltr' id='par_1_51' title="bbox 461 3451 2052 3539">
     <span class='ocr_line' id='line_1_51' title="bbox 461 3451 2052 3539; baseline 0.008 -32"><span class='ocrx_word' id='word_1_364' title='bbox 461 3451 647 3510; x_wconf 79' lang='lat' dir='ltr'><strong>Gloria</strong></span> <span class='ocrx_word' id='word_1_365' title='bbox 666 3457 719 3510; x_wconf 84' lang='lat' dir='ltr'><strong>in</strong></span> <span class='ocrx_word' id='word_1_366' title='bbox 740 3457 959 3511; x_wconf 73' lang='lat' dir='ltr'><strong>excelsis</strong></span> <span class='ocrx_word' id='word_1_367' title='bbox 998 3470 1247 3513; x_wconf 86' lang='lat' dir='ltr'><strong>canatur.</strong></span> <span class='ocrx_word' id='word_1_368' title='bbox 1303 3457 1408 3515; x_wconf 86' lang='lat' dir='ltr'><strong>Per</strong></span> <span class='ocrx_word' id='word_1_369' title='bbox 1437 3467 1603 3518; x_wconf 91' lang='lat' dir='ltr'><strong>totam</strong></span> <span class='ocrx_word' id='word_1_370' title='bbox 1639 3472 1819 3539; x_wconf 74' lang='lat' dir='ltr'><strong>autem</strong></span> <span class='ocrx_word' id='word_1_371' title='bbox 1851 3463 2052 3519; x_wconf 86' lang='lat' dir='ltr'><strong>hebdo-</strong></span> 
     </span>
    </p>
   </div>
   <div class='ocr_carea' id='block_1_52' title="bbox 456 3540 2045 3621">
    <p class='ocr_par' dir='ltr' id='par_1_52' title="bbox 456 3540 2045 3621">
     <span class='ocr_line' id='line_1_52' title="bbox 456 3540 2045 3621; baseline 0.007 -22"><span class='ocrx_word' id='word_1_372' title='bbox 456 3547 672 3601; x_wconf 85' lang='lat' dir='ltr'><strong>madam</strong></span> <span class='ocrx_word' id='word_1_373' title='bbox 699 3555 808 3601; x_wconf 90' lang='lat' dir='ltr'><strong>tam</strong></span> <span class='ocrx_word' id='word_1_374' title='bbox 841 3548 906 3601; x_wconf 92' lang='lat' dir='ltr'><strong>ad</strong></span> <span class='ocrx_word' id='word_1_375' title='bbox 956 3546 1261 3606; x_wconf 84' lang='lat' dir='ltr'><strong>Nocturnos</strong></span> <span class='ocrx_word' id='word_1_376' title='bbox 1291 3566 1454 3621; x_wconf 86' lang='lat' dir='ltr'><strong>quam</strong></span> <span class='ocrx_word' id='word_1_377' title='bbox 1483 3551 1550 3607; x_wconf 87' lang='lat' dir='ltr'><strong>ad</strong></span> <span class='ocrx_word' id='word_1_378' title='bbox 1576 3553 1798 3609; x_wconf 84' lang='lat' dir='ltr'><strong>missam</strong></span> <span class='ocrx_word' id='word_1_379' title='bbox 1826 3569 1890 3609; x_wconf 78' lang='lat' dir='ltr'><strong>ex</strong></span> <span class='ocrx_word' id='word_1_380' title='bbox 1919 3540 2045 3609; x_wconf 76' lang='lat' dir='ltr'><strong>con-</strong></span> 
     </span>
    </p>
   </div>
   <div class='ocr_carea' id='block_1_53' title="bbox 456 3637 2047 3720">
    <p class='ocr_par' dir='ltr' id='par_1_53' title="bbox 456 3637 2047 3720">
     <span class='ocr_line' id='line_1_53' title="bbox 456 3637 2047 3720; baseline 0.009 -30"><span class='ocrx_word' id='word_1_381' title='bbox 456 3637 741 3694; x_wconf 89' lang='lat' dir='ltr'><strong>suetudine</strong></span> <span class='ocrx_word' id='word_1_382' title='bbox 765 3639 878 3709; x_wconf 86' lang='lat' dir='ltr'><strong>ipse</strong></span> <span class='ocrx_word' id='word_1_383' title='bbox 908 3641 1057 3712; x_wconf 80' lang='lat' dir='ltr'><strong>legit,</strong></span> <span class='ocrx_word' id='word_1_384' title='bbox 1101 3651 1156 3699; x_wconf 90' lang='lat' dir='ltr'><strong>et</strong></span> <span class='ocrx_word' id='word_1_385' title='bbox 1183 3655 1402 3715; x_wconf 84' lang='lat' dir='ltr'><strong>propter</strong></span> <span class='ocrx_word' id='word_1_386' title='bbox 1431 3642 1779 3720; x_wconf 76' lang='lat' dir='ltr'><strong>fragilitatem</strong></span> <span class='ocrx_word' id='word_1_387' title='bbox 1811 3662 1917 3704; x_wconf 91' lang='lat' dir='ltr'><strong>non</strong></span> <span class='ocrx_word' id='word_1_388' title='bbox 1945 3649 2047 3705; x_wconf 89' lang='lat' dir='ltr'><strong>nisi</strong></span> 
     </span>
    </p>
   </div>
   <div class='ocr_carea' id='block_1_54' title="bbox 458 3729 1008 3791">
    <p class='ocr_par' dir='ltr' id='par_1_54' title="bbox 458 3729 1008 3791">
     <span class='ocr_line' id='line_1_54' title="bbox 458 3729 1008 3791; baseline 0.009 -7"><span class='ocrx_word' id='word_1_389' title='bbox 458 3729 527 3786; x_wconf 86' lang='lat' dir='ltr'><strong>ad</strong></span> <span class='ocrx_word' id='word_1_390' title='bbox 551 3730 772 3787; x_wconf 86' lang='lat' dir='ltr'><strong>missam</strong></span> <span class='ocrx_word' id='word_1_391' title='bbox 792 3733 1008 3791; x_wconf 85' lang='lat' dir='ltr'><strong>vitabit.</strong></span> 
     </span>
    </p>
   </div>
   <div class='ocr_carea' id='block_1_55' title="bbox 1024 3830 1463 3903">
    <p class='ocr_par' dir='ltr' id='par_1_55' title="bbox 1024 3830 1463 3903">
     <span class='ocr_line' id='line_1_55' title="bbox 1024 3830 1463 3903; baseline 0.002 -17"><span class='ocrx_word' id='word_1_392' title='bbox 1024 3830 1265 3903; x_wconf 67' lang='lat' dir='ltr'><strong>{CAPUT</strong></span> <span class='ocrx_word' id='word_1_393' title='bbox 1305 3831 1463 3888; x_wconf 82' lang='lat' dir='ltr'><strong>xcn.</strong></span> 
     </span>
    </p>
   </div>
   <div class='ocr_carea' id='block_1_56' title="bbox 892 3918 1607 3978">
    <p class='ocr_par' dir='ltr' id='par_1_56' title="bbox 892 3918 1607 3978">
     <span class='ocr_line' id='line_1_56' title="bbox 892 3918 1607 3978; baseline 0.003 -3"><span class='ocrx_word' id='word_1_394' title='bbox 892 3918 971 3975; x_wconf 74' lang='lat' dir='ltr'><strong>De</strong></span> <span class='ocrx_word' id='word_1_395' title='bbox 991 3921 1329 3977; x_wconf 79' lang='lat' dir='ltr'><strong>serritoribus</strong></span> <span class='ocrx_word' id='word_1_396' title='bbox 1355 3922 1607 3978; x_wconf 63' lang='lat' dir='ltr'><strong>ecclesiis.</strong></span> 
     </span>
    </p>
   </div>
   <div class='ocr_carea' id='block_1_57' title="bbox 472 4009 2045 4086">
    <p class='ocr_par' dir='ltr' id='par_1_57' title="bbox 472 4009 2045 4086">
     <span class='ocr_line' id='line_1_57' title="bbox 472 4009 2045 4086; baseline 0.003 -19"><span class='ocrx_word' id='word_1_397' title='bbox 472 4014 475 4017; x_wconf 74' lang='grc'><em>’</em></span> <span class='ocrx_word' id='word_1_398' title='bbox 532 4009 843 4069; x_wconf 85' lang='lat' dir='ltr'><strong>Servitores</strong></span> <span class='ocrx_word' id='word_1_399' title='bbox 873 4023 1092 4086; x_wconf 85' lang='lat' dir='ltr'><strong>propter</strong></span> <span class='ocrx_word' id='word_1_400' title='bbox 1119 4014 1220 4070; x_wconf 90' lang='lat' dir='ltr'><strong>hoc</strong></span> <span class='ocrx_word' id='word_1_401' title='bbox 1275 4030 1493 4081; x_wconf 77' lang='lat' dir='ltr'><strong>mimus,</strong></span> <span class='ocrx_word' id='word_1_402' title='bbox 1526 4018 1668 4085; x_wconf 86' lang='lat' dir='ltr'><strong>quod</strong></span> <span class='ocrx_word' id='word_1_403' title='bbox 1714 4016 2045 4072; x_wconf 90' lang='lat' dir='ltr'><strong>thuribnlum</strong></span> 
     </span>
    </p>
   </div>
   <div class='ocr_carea' id='block_1_58' title="bbox 457 4102 2048 4176">
    <p class='ocr_par' dir='ltr' id='par_1_58' title="bbox 457 4102 2048 4176">
     <span class='ocr_line' id='line_1_58' title="bbox 457 4102 2048 4176; baseline 0.002 -17"><span class='ocrx_word' id='word_1_404' title='bbox 457 4109 516 4159; x_wconf 82' lang='lat' dir='ltr'><strong>et</strong></span> <span class='ocrx_word' id='word_1_405' title='bbox 534 4102 860 4160; x_wconf 78' lang='lat' dir='ltr'><strong>candelabra</strong></span> <span class='ocrx_word' id='word_1_406' title='bbox 883 4115 1103 4176; x_wconf 88' lang='lat' dir='ltr'><strong>portant</strong></span> <span class='ocrx_word' id='word_1_407' title='bbox 1131 4105 1423 4176; x_wconf 83' lang='lat' dir='ltr'><strong>diligenter</strong></span> <span class='ocrx_word' id='word_1_408' title='bbox 1470 4108 1786 4174; x_wconf 79' lang='lat' dir='ltr'><strong>observant,</strong></span> <span class='ocrx_word' id='word_1_409' title='bbox 1814 4116 1876 4162; x_wconf 92' lang='lat' dir='ltr'><strong>ut</strong></span> <span class='ocrx_word' id='word_1_410' title='bbox 1903 4124 2048 4162; x_wconf 81' lang='lat' dir='ltr'><strong>nun-</strong></span> 
     </span>
    </p>
   </div>
   <div class='ocr_carea' id='block_1_59' title="bbox 454 4196 2050 4269">
    <p class='ocr_par' dir='ltr' id='par_1_59' title="bbox 454 4196 2050 4269">
     <span class='ocr_line' id='line_1_59' title="bbox 454 4196 2050 4269; baseline 0.003 -18"><span class='ocrx_word' id='word_1_411' title='bbox 454 4206 622 4269; x_wconf 86' lang='lat' dir='ltr'><strong>quam</strong></span> <span class='ocrx_word' id='word_1_412' title='bbox 650 4196 719 4251; x_wconf 88' lang='lat' dir='ltr'><strong>ad</strong></span> <span class='ocrx_word' id='word_1_413' title='bbox 765 4198 1087 4269; x_wconf 88' lang='lat' dir='ltr'><strong>obsequium</strong></span> <span class='ocrx_word' id='word_1_414' title='bbox 1114 4199 1433 4263; x_wconf 88' lang='lat' dir='ltr'><strong>sacerdotis,</strong></span> <span class='ocrx_word' id='word_1_415' title='bbox 1490 4199 1669 4255; x_wconf 65' lang='lat' dir='ltr'><strong>levita:</strong></span> <span class='ocrx_word' id='word_1_416' title='bbox 1709 4199 1791 4254; x_wconf 91' lang='lat' dir='ltr'><strong>vel</strong></span> <span class='ocrx_word' id='word_1_417' title='bbox 1831 4200 2050 4257; x_wconf 63' lang='lat' dir='ltr'><strong>subdiao</strong></span> 
     </span>
    </p>
   </div>
   <div class='ocr_carea' id='block_1_60' title="bbox 454 4293 2048 4366">
    <p class='ocr_par' dir='ltr' id='par_1_60' title="bbox 454 4293 2048 4366">
     <span class='ocr_line' id='line_1_60' title="bbox 454 4293 2048 4366; baseline 0.002 -18"><span class='ocrx_word' id='word_1_418' title='bbox 454 4293 582 4348; x_wconf 84' lang='lat' dir='ltr'><strong>coni</strong></span> <span class='ocrx_word' id='word_1_419' title='bbox 618 4293 817 4349; x_wconf 86' lang='lat' dir='ltr'><strong>desint.</strong></span> <span class='ocrx_word' id='word_1_420' title='bbox 848 4294 1325 4365; x_wconf 88' lang='lat' dir='ltr'><strong>Quotienscunquc</strong></span> <span class='ocrx_word' id='word_1_421' title='bbox 1351 4294 1418 4350; x_wconf 89' lang='lat' dir='ltr'><strong>ad</strong></span> <span class='ocrx_word' id='word_1_422' title='bbox 1451 4294 1617 4350; x_wconf 91' lang='lat' dir='ltr'><strong>ullmn</strong></span> <span class='ocrx_word' id='word_1_423' title='bbox 1643 4293 1882 4350; x_wconf 89' lang='lat' dir='ltr'><strong>divinum</strong></span> <span class='ocrx_word' id='word_1_424' title='bbox 1913 4311 2048 4366; x_wconf 80' lang='lat' dir='ltr'><strong>opus</strong></span> 
     </span>
    </p>
   </div>
   <div class='ocr_carea' id='block_1_61' title="bbox 456 4384 2050 4461">
    <p class='ocr_par' dir='ltr' id='par_1_61' title="bbox 456 4384 2050 4461">
     <span class='ocr_line' id='line_1_61' title="bbox 456 4384 2050 4461; baseline 0.003 -20"><span class='ocrx_word' id='word_1_425' title='bbox 456 4384 579 4456; x_wconf 82' lang='lat' dir='ltr'><strong>ipsa</strong></span> <span class='ocrx_word' id='word_1_426' title='bbox 635 4386 951 4443; x_wconf 89' lang='lat' dir='ltr'><strong>indumenta</strong></span> <span class='ocrx_word' id='word_1_427' title='bbox 1012 4389 1309 4459; x_wconf 85' lang='lat' dir='ltr'><strong>deponunt,</strong></span> <span class='ocrx_word' id='word_1_428' title='bbox 1366 4389 1452 4444; x_wconf 81' lang='lat' dir='ltr'><strong>vel</strong></span> <span class='ocrx_word' id='word_1_429' title='bbox 1505 4391 1549 4445; x_wconf 88' lang='lat' dir='ltr'><strong>si</strong></span> <span class='ocrx_word' id='word_1_430' title='bbox 1582 4404 1717 4461; x_wconf 87' lang='lat' dir='ltr'><strong>opus</strong></span> <span class='ocrx_word' id='word_1_431' title='bbox 1763 4390 2050 4446; x_wconf 89' lang='lat' dir='ltr'><strong>habuerint</strong></span> 
     </span>
    </p>
   </div>
   <div class='ocr_carea' id='block_1_62' title="bbox 453 4480 2125 4570">
    <p class='ocr_par' dir='ltr' id='par_1_62' title="bbox 453 4480 2125 4570">
     <span class='ocr_line' id='line_1_62' title="bbox 453 4480 2125 4570; baseline 0.005 -40"><span class='ocrx_word' id='word_1_432' title='bbox 453 4490 598 4548; x_wconf 82' lang='lat' dir='ltr'><strong>aqua</strong></span> <span class='ocrx_word' id='word_1_433' title='bbox 627 4486 683 4532; x_wconf 88' lang='lat' dir='ltr'><strong>et</strong></span> <span class='ocrx_word' id='word_1_434' title='bbox 719 4480 1058 4551; x_wconf 82' lang='lat' dir='ltr'><strong>manutergio</strong></span> <span class='ocrx_word' id='word_1_435' title='bbox 1112 4481 1321 4538; x_wconf 87' lang='lat' dir='ltr'><strong>scilicet</strong></span> <span class='ocrx_word' id='word_1_436' title='bbox 1353 4495 1547 4537; x_wconf 87' lang='lat' dir='ltr'><strong>manus</strong></span> <span class='ocrx_word' id='word_1_437' title='bbox 1588 4481 1844 4549; x_wconf 85' lang='lat' dir='ltr'><strong>lavaturi,</strong></span> <span class='ocrx_word' id='word_1_438' title='bbox 1869 4483 1963 4537; x_wconf 90' lang='lat' dir='ltr'><strong>sed</strong></span> <span class='ocrx_word' id='word_1_439' title='bbox 1992 4492 2046 4538; x_wconf 90' lang='lat' dir='ltr'><strong>et</strong></span> <span class='ocrx_word' id='word_1_440' title='bbox 2077 4509 2125 4570; x_wconf 72' lang='grc' dir='ltr'>ο</span> 
     </span>
    </p>
   </div>
   <div class='ocr_carea' id='block_1_63' title="bbox 461 4569 2048 4635">
    <p class='ocr_par' dir='ltr' id='par_1_63' title="bbox 461 4569 2048 4635">
     <span class='ocr_line' id='line_1_63' title="bbox 461 4569 2048 4635; baseline 0.004 -14"><span class='ocrx_word' id='word_1_441' title='bbox 461 4574 596 4623; x_wconf 86' lang='lat' dir='ltr'><strong>tunc</strong></span> <span class='ocrx_word' id='word_1_442' title='bbox 624 4569 896 4625; x_wconf 84' lang='lat' dir='ltr'><strong>sacerdoti</strong></span> <span class='ocrx_word' id='word_1_443' title='bbox 926 4580 981 4626; x_wconf 91' lang='lat' dir='ltr'><strong>et</strong></span> <span class='ocrx_word' id='word_1_444' title='bbox 1032 4570 1208 4628; x_wconf 80' lang='lat' dir='ltr'><strong>levita:</strong></span> <span class='ocrx_word' id='word_1_445' title='bbox 1236 4572 1460 4628; x_wconf 89' lang='lat' dir='ltr'><strong>brachia</strong></span> <span class='ocrx_word' id='word_1_446' title='bbox 1498 4572 1850 4635; x_wconf 80' lang='lat' dir='ltr'><strong>osculantur;</strong></span> <span class='ocrx_word' id='word_1_447' title='bbox 1907 4587 2048 4628; x_wconf 81' lang='lat' dir='ltr'><strong>unus</strong></span> 
     </span>
    </p>
   </div>
   <div class='ocr_carea' id='block_1_64' title="bbox 458 4659 2050 4736">
    <p class='ocr_par' dir='ltr' id='par_1_64' title="bbox 458 4659 2050 4736">
     <span class='ocr_line' id='line_1_64' title="bbox 458 4659 2050 4736; baseline 0.002 -22"><span class='ocrx_word' id='word_1_448' title='bbox 458 4659 529 4715; x_wconf 84' lang='lat' dir='ltr'><strong>de</strong></span> <span class='ocrx_word' id='word_1_449' title='bbox 557 4659 763 4715; x_wconf 84' lang='lat' dir='ltr'><strong>eisdem</strong></span> <span class='ocrx_word' id='word_1_450' title='bbox 793 4663 1149 4719; x_wconf 66' lang='lat' dir='ltr'><strong>servitutibus</strong></span> <span class='ocrx_word' id='word_1_451' title='bbox 1168 4662 1374 4734; x_wconf 82' lang='lat' dir='ltr'><strong>jugiter</strong></span> <span class='ocrx_word' id='word_1_452' title='bbox 1412 4663 1484 4719; x_wconf 93' lang='lat' dir='ltr'><strong>illi</strong></span> <span class='ocrx_word' id='word_1_453' title='bbox 1525 4664 1862 4736; x_wconf 86' lang='lat' dir='ltr'><strong>obsequitur.</strong></span> <span class='ocrx_word' id='word_1_454' title='bbox 1890 4663 1912 4687; x_wconf 81' lang='lat'><strong><em>‘</em></strong></span> <span class='ocrx_word' id='word_1_455' title='bbox 1938 4662 2050 4718; x_wconf 92' lang='lat' dir='ltr'><strong>lloc</strong></span> 
     </span>
    </p>
   </div>
   <div class='ocr_carea' id='block_1_65' title="bbox 463 4752 2050 4826">
    <p class='ocr_par' dir='ltr' id='par_1_65' title="bbox 463 4752 2050 4826">
     <span class='ocr_line' id='line_1_65' title="bbox 463 4752 2050 4826; baseline 0.004 -21"><span class='ocrx_word' id='word_1_456' title='bbox 463 4760 654 4808; x_wconf 82' lang='lat' dir='ltr'><strong>autem</strong></span> <span class='ocrx_word' id='word_1_457' title='bbox 698 4752 892 4810; x_wconf 90' lang='lat' dir='ltr'><strong>ordine</strong></span> <span class='ocrx_word' id='word_1_458' title='bbox 936 4770 1094 4810; x_wconf 87' lang='lat' dir='ltr'><strong>suum</strong></span> <span class='ocrx_word' id='word_1_459' title='bbox 1144 4759 1414 4826; x_wconf 84' lang='lat' dir='ltr'><strong>peragunt</strong></span> <span class='ocrx_word' id='word_1_460' title='bbox 1459 4753 1713 4816; x_wconf 81' lang='lat' dir='ltr'><strong>otiicium,</strong></span> <span class='ocrx_word' id='word_1_461' title='bbox 1772 4764 1827 4808; x_wconf 92' lang='lat' dir='ltr'><strong>ut</strong></span> <span class='ocrx_word' id='word_1_462' title='bbox 1871 4755 2050 4824; x_wconf 90' lang='lat' dir='ltr'><strong>primo</strong></span> 
     </span>
    </p>
   </div>
   <div class='ocr_carea' id='block_1_66' title="bbox 463 4839 2050 4915">
    <p class='ocr_par' dir='ltr' id='par_1_66' title="bbox 463 4839 2050 4915">
     <span class='ocr_line' id='line_1_66' title="bbox 463 4839 2050 4915; baseline 0.006 -21"><span class='ocrx_word' id='word_1_463' title='bbox 463 4839 774 4898; x_wconf 78' lang='lat' dir='ltr'><strong>invitatoris</strong></span> <span class='ocrx_word' id='word_1_464' title='bbox 818 4845 1109 4909; x_wconf 88' lang='lat' dir='ltr'><strong>canituris,</strong></span> <span class='ocrx_word' id='word_1_465' title='bbox 1155 4844 1202 4899; x_wconf 87' lang='lat' dir='ltr'><strong>si</strong></span> <span class='ocrx_word' id='word_1_466' title='bbox 1251 4854 1381 4900; x_wconf 89' lang='lat' dir='ltr'><strong>tunc</strong></span> <span class='ocrx_word' id='word_1_467' title='bbox 1424 4845 1598 4915; x_wconf 74' lang='lat' dir='ltr'><strong>exigit</strong></span> <span class='ocrx_word' id='word_1_468' title='bbox 1647 4844 1715 4899; x_wconf 87' lang='lat' dir='ltr'><strong>ad</strong></span> <span class='ocrx_word' id='word_1_469' title='bbox 1752 4842 2050 4903; x_wconf 84' lang='lat' dir='ltr'><strong>induendas</strong></span> 
     </span>
    </p>
   </div>
   <div class='ocr_carea' id='block_1_67' title="bbox 460 4931 2052 5009">
    <p class='ocr_par' dir='ltr' id='par_1_67' title="bbox 460 4931 2052 5009">
     <span class='ocr_line' id='line_1_67' title="bbox 460 4931 2052 5009; baseline 0.004 -23"><span class='ocrx_word' id='word_1_470' title='bbox 460 4931 618 4989; x_wconf 88' lang='lat' dir='ltr'><strong>albas</strong></span> <span class='ocrx_word' id='word_1_471' title='bbox 647 4933 731 4990; x_wconf 86' lang='lat' dir='ltr'><strong>vel</strong></span> <span class='ocrx_word' id='word_1_472' title='bbox 756 4950 980 5007; x_wconf 88' lang='lat' dir='ltr'><strong>cappas,</strong></span> <span class='ocrx_word' id='word_1_473' title='bbox 1027 4936 1347 5009; x_wconf 76' lang='lat' dir='ltr'><strong>obsequium</strong></span> <span class='ocrx_word' id='word_1_474' title='bbox 1393 4948 1669 5009; x_wconf 74' lang='lat' dir='ltr'><strong>praestent,</strong></span> <span class='ocrx_word' id='word_1_475' title='bbox 1723 4936 2052 4993; x_wconf 86' lang='lat' dir='ltr'><strong>abstractas-</strong></span> 
     </span>
    </p>
   </div>
   <div class='ocr_carea' id='block_1_68' title="bbox 460 5026 2047 5097">
    <p class='ocr_par' dir='ltr' id='par_1_68' title="bbox 460 5026 2047 5097">
     <span class='ocr_line' id='line_1_68' title="bbox 460 5026 2047 5097; baseline 0.008 -24"><span class='ocrx_word' id='word_1_476' title='bbox 460 5034 571 5089; x_wconf 79' lang='lat' dir='ltr'><strong>que</strong></span> <span class='ocrx_word' id='word_1_477' title='bbox 624 5038 813 5082; x_wconf 84' lang='lat' dir='ltr'><strong>rursus</strong></span> <span class='ocrx_word' id='word_1_478' title='bbox 861 5026 961 5097; x_wconf 83' lang='lat' dir='ltr'><strong>ipsi</strong></span> <span class='ocrx_word' id='word_1_479' title='bbox 1032 5026 1153 5082; x_wconf 81' lang='lat' dir='ltr'><strong>sine</strong></span> <span class='ocrx_word' id='word_1_480' title='bbox 1203 5042 1394 5082; x_wconf 89' lang='lat' dir='ltr'><strong>eorum</strong></span> <span class='ocrx_word' id='word_1_481' title='bbox 1453 5027 1657 5083; x_wconf 62' lang='lat' dir='ltr'><strong>auxilio</strong></span> <span class='ocrx_word' id='word_1_482' title='bbox 1701 5026 2047 5095; x_wconf 80' lang='lat' dir='ltr'><strong>complicent.</strong></span> 
     </span>
    </p>
   </div>
   <div class='ocr_carea' id='block_1_69' title="bbox 461 5113 2049 5182">
    <p class='ocr_par' dir='ltr' id='par_1_69' title="bbox 461 5113 2049 5182">
     <span class='ocr_line' id='line_1_69' title="bbox 461 5113 2049 5182; baseline 0.007 -12"><span class='ocrx_word' id='word_1_483' title='bbox 461 5113 667 5173; x_wconf 86' lang='lat' dir='ltr'><strong>Deinde</strong></span> <span class='ocrx_word' id='word_1_484' title='bbox 709 5117 849 5175; x_wconf 72' lang='lat' dir='ltr'><strong>intra</strong></span> <span class='ocrx_word' id='word_1_485' title='bbox 879 5130 1099 5175; x_wconf 88' lang='lat' dir='ltr'><strong>cantum</strong></span> <span class='ocrx_word' id='word_1_486' title='bbox 1128 5119 1196 5175; x_wconf 88' lang='lat' dir='ltr'><strong>de</strong></span> <span class='ocrx_word' id='word_1_487' title='bbox 1240 5119 1411 5175; x_wconf 83' lang='lat' dir='ltr'><strong>choro</strong></span> <span class='ocrx_word' id='word_1_488' title='bbox 1437 5130 1637 5176; x_wconf 74' lang='lat' dir='ltr'><strong>exeunt</strong></span> <span class='ocrx_word' id='word_1_489' title='bbox 1686 5123 1829 5182; x_wconf 89' lang='lat' dir='ltr'><strong>sicut</strong></span> <span class='ocrx_word' id='word_1_490' title='bbox 1857 5135 1913 5182; x_wconf 92' lang='lat' dir='ltr'><strong>et</strong></span> <span class='ocrx_word' id='word_1_491' title='bbox 1959 5138 2049 5181; x_wconf 82' lang='lat' dir='ltr'><strong>sa-</strong></span> 
     </span>
    </p>
   </div>
   <div class='ocr_carea' id='block_1_70' title="bbox 460 5212 2049 5286">
    <p class='ocr_par' dir='ltr' id='par_1_70' title="bbox 460 5212 2049 5286">
     <span class='ocr_line' id='line_1_70' title="bbox 460 5212 2049 5286; baseline 0.006 -20"><span class='ocrx_word' id='word_1_492' title='bbox 460 5212 658 5269; x_wconf 85' lang='lat' dir='ltr'><strong>cerdos</strong></span> <span class='ocrx_word' id='word_1_493' title='bbox 687 5229 990 5286; x_wconf 87' lang='lat' dir='ltr'><strong>manusque</strong></span> <span class='ocrx_word' id='word_1_494' title='bbox 1005 5219 1072 5270; x_wconf 88' lang='lat' dir='ltr'><strong>ad</strong></span> <span class='ocrx_word' id='word_1_495' title='bbox 1097 5216 1416 5272; x_wconf 85' lang='lat' dir='ltr'><strong>lavatorimn</strong></span> <span class='ocrx_word' id='word_1_496' title='bbox 1443 5217 1836 5277; x_wconf 89' lang='lat' dir='ltr'><strong>abluunt.Cum</strong></span> <span class='ocrx_word' id='word_1_497' title='bbox 1870 5232 2049 5276; x_wconf 89' lang='lat' dir='ltr'><strong>autem</strong></span> 
     </span>
    </p>
   </div>
   <div class='ocr_carea' id='block_1_71' title="bbox 463 5305 2048 5381">
    <p class='ocr_par' dir='ltr' id='par_1_71' title="bbox 463 5305 2048 5381">
     <span class='ocr_line' id='line_1_71' title="bbox 463 5305 2048 5381; baseline 0.006 -20"><span class='ocrx_word' id='word_1_498' title='bbox 463 5305 749 5363; x_wconf 87' lang='lat' dir='ltr'><strong>undecima</strong></span> <span class='ocrx_word' id='word_1_499' title='bbox 780 5309 975 5380; x_wconf 80' lang='lat' dir='ltr'><strong>legitur</strong></span> <span class='ocrx_word' id='word_1_500' title='bbox 1010 5308 1189 5377; x_wconf 89' lang='lat' dir='ltr'><strong>lectio,</strong></span> <span class='ocrx_word' id='word_1_501' title='bbox 1240 5311 1356 5367; x_wconf 86' lang='lat' dir='ltr'><strong>sive</strong></span> <span class='ocrx_word' id='word_1_502' title='bbox 1405 5311 1457 5367; x_wconf 93' lang='lat' dir='ltr'><strong>in</strong></span> <span class='ocrx_word' id='word_1_503' title='bbox 1507 5314 1700 5381; x_wconf 88' lang='lat' dir='ltr'><strong>choro,</strong></span> <span class='ocrx_word' id='word_1_504' title='bbox 1753 5315 1867 5370; x_wconf 90' lang='lat' dir='ltr'><strong>sive</strong></span> <span class='ocrx_word' id='word_1_505' title='bbox 1896 5325 2048 5372; x_wconf 80' lang='lat' dir='ltr'><strong>extra</strong></span> 
     </span>
    </p>
   </div>
   <div class='ocr_carea' id='block_1_72' title="bbox 461 5396 2051 5473">
    <p class='ocr_par' dir='ltr' id='par_1_72' title="bbox 461 5396 2051 5473">
     <span class='ocr_line' id='line_1_72' title="bbox 461 5396 2051 5473; baseline 0.008 -22"><span class='ocrx_word' id='word_1_506' title='bbox 461 5396 695 5452; x_wconf 82' lang='lat' dir='ltr'><strong>chorqu</strong></span> <span class='ocrx_word' id='word_1_507' title='bbox 750 5399 884 5466; x_wconf 82' lang='lat' dir='ltr'><strong>sint,</strong></span> <span class='ocrx_word' id='word_1_508' title='bbox 940 5399 1145 5473; x_wconf 83' lang='lat' dir='ltr'><strong>absque</strong></span> <span class='ocrx_word' id='word_1_509' title='bbox 1203 5417 1352 5457; x_wconf 90' lang='lat' dir='ltr'><strong>mora</strong></span> <span class='ocrx_word' id='word_1_510' title='bbox 1386 5403 1440 5459; x_wconf 89' lang='lat' dir='ltr'><strong>in</strong></span> <span class='ocrx_word' id='word_1_511' title='bbox 1494 5406 1810 5461; x_wconf 87' lang='lat' dir='ltr'><strong>revestiaria</strong></span> <span class='ocrx_word' id='word_1_512' title='bbox 1855 5422 2051 5463; x_wconf 83' lang='lat' dir='ltr'><strong>conve-</strong></span> 
     </span>
    </p>
   </div>
   <div class='ocr_carea' id='block_1_73' title="bbox 463 5487 1622 5560">
    <p class='ocr_par' dir='ltr' id='par_1_73' title="bbox 463 5487 1622 5560">
     <span class='ocr_line' id='line_1_73' title="bbox 463 5487 1622 5560; baseline 0.001 -12"><span class='ocrx_word' id='word_1_513' title='bbox 463 5487 647 5555; x_wconf 77' lang='lat' dir='ltr'><strong>niunt,</strong></span> <span class='ocrx_word' id='word_1_514' title='bbox 666 5488 849 5560; x_wconf 82' lang='lat' dir='ltr'><strong>ibique</strong></span> <span class='ocrx_word' id='word_1_515' title='bbox 873 5491 1008 5548; x_wconf 89' lang='lat' dir='ltr'><strong>albis</strong></span> <span class='ocrx_word' id='word_1_516' title='bbox 1028 5508 1094 5549; x_wconf 83' lang='lat' dir='ltr'><strong>ex</strong></span> <span class='ocrx_word' id='word_1_517' title='bbox 1118 5509 1270 5551; x_wconf 88' lang='lat' dir='ltr'><strong>more</strong></span> <span class='ocrx_word' id='word_1_518' title='bbox 1294 5509 1351 5550; x_wconf 89' lang='lat' dir='ltr'><strong>se</strong></span> <span class='ocrx_word' id='word_1_519' title='bbox 1374 5494 1622 5549; x_wconf 87' lang='lat' dir='ltr'><strong>induunt.</strong></span> 
     </span>
    </p>
   </div>
   <div class='ocr_carea' id='block_1_74' title="bbox 534 5582 2051 5657">
    <p class='ocr_par' dir='ltr' id='par_1_74' title="bbox 534 5582 2051 5657">
     <span class='ocr_line' id='line_1_74' title="bbox 534 5582 2051 5657; baseline 0.005 -18"><span class='ocrx_word' id='word_1_520' title='bbox 534 5582 948 5642; x_wconf 85' lang='lat' dir='ltr'><strong>Observandum</strong></span> <span class='ocrx_word' id='word_1_521' title='bbox 991 5588 1157 5644; x_wconf 87' lang='lat' dir='ltr'><strong>etiam</strong></span> <span class='ocrx_word' id='word_1_522' title='bbox 1203 5598 1309 5654; x_wconf 86' lang='lat' dir='ltr'><strong>est,</strong></span> <span class='ocrx_word' id='word_1_523' title='bbox 1354 5600 1413 5642; x_wconf 92' lang='lat' dir='ltr'><strong>ut</strong></span> <span class='ocrx_word' id='word_1_524' title='bbox 1447 5587 1537 5657; x_wconf 89' lang='lat' dir='ltr'><strong>qui</strong></span> <span class='ocrx_word' id='word_1_525' title='bbox 1584 5588 1736 5657; x_wconf 87' lang='lat' dir='ltr'><strong>prior</strong></span> <span class='ocrx_word' id='word_1_526' title='bbox 1784 5588 1927 5644; x_wconf 91' lang='lat' dir='ltr'><strong>inter</strong></span> <span class='ocrx_word' id='word_1_527' title='bbox 1958 5606 2051 5647; x_wconf 90' lang='lat' dir='ltr'><strong>eos</strong></span> 
     </span>
    </p>
   </div>
   <div class='ocr_carea' id='block_1_75' title="bbox 466 5681 2050 5752">
    <p class='ocr_par' dir='ltr' id='par_1_75' title="bbox 466 5681 2050 5752">
     <span class='ocr_line' id='line_1_75' title="bbox 466 5681 2050 5752; baseline 0.004 -19"><span class='ocrx_word' id='word_1_528' title='bbox 466 5688 573 5745; x_wconf 86' lang='lat' dir='ltr'><strong>est,</strong></span> <span class='ocrx_word' id='word_1_529' title='bbox 598 5681 957 5751; x_wconf 89' lang='lat' dir='ltr'><strong>provectioris</strong></span> <span class='ocrx_word' id='word_1_530' title='bbox 993 5698 1208 5752; x_wconf 83' lang='lat' dir='ltr'><strong>quoque</strong></span> <span class='ocrx_word' id='word_1_531' title='bbox 1237 5683 1309 5736; x_wconf 82' lang='lat' dir='ltr'><strong>sit</strong></span> <span class='ocrx_word' id='word_1_532' title='bbox 1337 5684 1535 5748; x_wconf 71' lang='lat' dir='ltr'><strong>aetatis,</strong></span> <span class='ocrx_word' id='word_1_533' title='bbox 1585 5684 1671 5739; x_wconf 90' lang='lat' dir='ltr'><strong>cui</strong></span> <span class='ocrx_word' id='word_1_534' title='bbox 1721 5683 2050 5740; x_wconf 82' lang='lat' dir='ltr'><strong>tlmrihulum</strong></span> 
     </span>
    </p>
   </div>
   <div class='ocr_carea' id='block_1_76' title="bbox 469 5771 2024 5844">
    <p class='ocr_par' dir='ltr' id='par_1_76' title="bbox 469 5771 2024 5844">
     <span class='ocr_line' id='line_1_76' title="bbox 469 5771 2024 5844; baseline 0.006 -20"><span class='ocrx_word' id='word_1_535' title='bbox 469 5779 528 5825; x_wconf 90' lang='lat' dir='ltr'><strong>ct</strong></span> <span class='ocrx_word' id='word_1_536' title='bbox 557 5781 775 5826; x_wconf 86' lang='lat' dir='ltr'><strong>crucem</strong></span> <span class='ocrx_word' id='word_1_537' title='bbox 825 5773 1078 5843; x_wconf 86' lang='lat' dir='ltr'><strong>portandi</strong></span> <span class='ocrx_word' id='word_1_538' title='bbox 1112 5772 1410 5844; x_wconf 71' lang='lat' dir='ltr'><strong>injutzgitur</strong></span> <span class='ocrx_word' id='word_1_539' title='bbox 1437 5772 1687 5831; x_wconf 88' lang='lat' dir='ltr'><strong>ollicinm.</strong></span> <span class='ocrx_word' id='word_1_540' title='bbox 1723 5771 1818 5830; x_wconf 87' lang='lat' dir='ltr'><strong>llic</strong></span> <span class='ocrx_word' id='word_1_541' title='bbox 1850 5776 1903 5833; x_wconf 90' lang='lat' dir='ltr'><strong>in</strong></span> <span class='ocrx_word' id='word_1_542' title='bbox 1957 5779 2024 5833; x_wconf 87' lang='lat' dir='ltr'><strong>do</strong></span> 
     </span>
    </p>
   </div>
   <div class='ocr_carea' id='block_1_77' title="bbox 2160 1888 3708 1955">
    <p class='ocr_par' dir='ltr' id='par_1_77' title="bbox 2160 1888 3708 1955">
     <span class='ocr_line' id='line_1_77' title="bbox 2160 1888 3708 1955; baseline 0.005 -13"><span class='ocrx_word' id='word_1_543' title='bbox 2160 1888 2364 1943; x_wconf 83' lang='lat' dir='ltr'><strong>tiornm</strong></span> <span class='ocrx_word' id='word_1_544' title='bbox 2415 1904 2556 1945; x_wconf 88' lang='lat' dir='ltr'><strong>unus</strong></span> <span class='ocrx_word' id='word_1_545' title='bbox 2605 1905 2727 1945; x_wconf 89' lang='lat' dir='ltr'><strong>cum</strong></span> <span class='ocrx_word' id='word_1_546' title='bbox 2777 1905 2845 1947; x_wconf 90' lang='lat' dir='ltr'><strong>eo</strong></span> <span class='ocrx_word' id='word_1_547' title='bbox 2908 1891 3257 1955; x_wconf 84' lang='lat' dir='ltr'><strong>remanebit,</strong></span> <span class='ocrx_word' id='word_1_548' title='bbox 3310 1891 3501 1947; x_wconf 87' lang='lat' dir='ltr'><strong>ordine</strong></span> <span class='ocrx_word' id='word_1_549' title='bbox 3537 1893 3708 1949; x_wconf 82' lang='lat' dir='ltr'><strong>scilicet</strong></span> 
     </span>
    </p>
   </div>
   <div class='ocr_carea' id='block_1_78' title="bbox 2157 1981 3706 2057">
    <p class='ocr_par' dir='ltr' id='par_1_78' title="bbox 2157 1981 3706 2057">
     <span class='ocr_line' id='line_1_78' title="bbox 2157 1981 3706 2057; baseline 0.002 -21"><span class='ocrx_word' id='word_1_550' title='bbox 2157 1982 2331 2053; x_wconf 88' lang='lat' dir='ltr'><strong>prior,</strong></span> <span class='ocrx_word' id='word_1_551' title='bbox 2366 1982 2412 2038; x_wconf 89' lang='lat' dir='ltr'><strong>si</strong></span> <span class='ocrx_word' id='word_1_552' title='bbox 2434 1982 2553 2039; x_wconf 79' lang='lat' dir='ltr'><strong>ﬁeri</strong></span> <span class='ocrx_word' id='word_1_553' title='bbox 2580 1991 2781 2052; x_wconf 88' lang='lat' dir='ltr'><strong>potest.</strong></span> <span class='ocrx_word' id='word_1_554' title='bbox 2813 1981 2966 2037; x_wconf 86' lang='lat' dir='ltr'><strong>Tunc</strong></span> <span class='ocrx_word' id='word_1_555' title='bbox 3020 1982 3169 2037; x_wconf 91' lang='lat' dir='ltr'><strong>enim</strong></span> <span class='ocrx_word' id='word_1_556' title='bbox 3201 1983 3513 2039; x_wconf 79' lang='lat' dir='ltr'><strong>sacerdOtcs</strong></span> <span class='ocrx_word' id='word_1_557' title='bbox 3535 1986 3706 2057; x_wconf 79' lang='lat' dir='ltr'><strong>singula</strong></span> 
     </span>
    </p>
   </div>
   <div class='ocr_carea' id='block_1_79' title="bbox 2158 2072 3706 2144">
    <p class='ocr_par' dir='ltr' id='par_1_79' title="bbox 2158 2072 3706 2144">
     <span class='ocr_line' id='line_1_79' title="bbox 2158 2072 3706 2144; baseline 0.001 -16"><span class='ocrx_word' id='word_1_558' title='bbox 2158 2072 2435 2128; x_wconf 85' lang='lat' dir='ltr'><strong>tburibula</strong></span> <span class='ocrx_word' id='word_1_559' title='bbox 2463 2072 2535 2143; x_wconf 90' lang='lat' dir='ltr'><strong>(si</strong></span> <span class='ocrx_word' id='word_1_560' title='bbox 2560 2082 2740 2127; x_wconf 86' lang='lat' dir='ltr'><strong>tamen</strong></span> <span class='ocrx_word' id='word_1_561' title='bbox 2763 2072 2994 2129; x_wconf 89' lang='lat' dir='ltr'><strong>domnus</strong></span> <span class='ocrx_word' id='word_1_562' title='bbox 3018 2073 3156 2128; x_wconf 90' lang='lat' dir='ltr'><strong>abba</strong></span> <span class='ocrx_word' id='word_1_563' title='bbox 3209 2087 3318 2127; x_wconf 87' lang='lat' dir='ltr'><strong>non</strong></span> <span class='ocrx_word' id='word_1_564' title='bbox 3350 2073 3541 2144; x_wconf 90' lang='lat' dir='ltr'><strong>aderit)</strong></span> <span class='ocrx_word' id='word_1_565' title='bbox 3570 2075 3614 2129; x_wconf 89' lang='lat' dir='ltr'><strong>in</strong></span> <span class='ocrx_word' id='word_1_566' title='bbox 3637 2091 3706 2130; x_wconf 85' lang='lat' dir='ltr'><strong>re-</strong></span> 
     </span>
    </p>
   </div>
   <div class='ocr_carea' id='block_1_80' title="bbox 2157 2165 3709 2236">
    <p class='ocr_par' dir='ltr' id='par_1_80' title="bbox 2157 2165 3709 2236">
     <span class='ocr_line' id='line_1_80' title="bbox 2157 2165 3709 2236; baseline 0.001 -17"><span class='ocrx_word' id='word_1_567' title='bbox 2157 2166 2418 2221; x_wconf 88' lang='lat' dir='ltr'><strong>vestiario</strong></span> <span class='ocrx_word' id='word_1_568' title='bbox 2444 2174 2747 2231; x_wconf 86' lang='lat' dir='ltr'><strong>sumentes,</strong></span> <span class='ocrx_word' id='word_1_569' title='bbox 2781 2165 2965 2236; x_wconf 86' lang='lat' dir='ltr'><strong>ibique</strong></span> <span class='ocrx_word' id='word_1_570' title='bbox 3017 2166 3143 2220; x_wconf 87' lang='lat' dir='ltr'><strong>thus</strong></span> <span class='ocrx_word' id='word_1_571' title='bbox 3171 2166 3512 2235; x_wconf 77' lang='lat' dir='ltr'><strong>impatientes</strong></span> <span class='ocrx_word' id='word_1_572' title='bbox 3552 2166 3610 2219; x_wconf 88' lang='lat' dir='ltr'><strong>ad</strong></span> <span class='ocrx_word' id='word_1_573' title='bbox 3645 2167 3709 2220; x_wconf 85' lang='lat' dir='ltr'><strong>in-</strong></span> 
     </span>
    </p>
   </div>
   <div class='ocr_carea' id='block_1_81' title="bbox 2157 2256 3708 2327">
    <p class='ocr_par' dir='ltr' id='par_1_81' title="bbox 2157 2256 3708 2327">
     <span class='ocr_line' id='line_1_81' title="bbox 2157 2256 3708 2327; baseline 0.003 -18"><span class='ocrx_word' id='word_1_574' title='bbox 2157 2257 2493 2311; x_wconf 86' lang='lat' dir='ltr'><strong>censandum</strong></span> <span class='ocrx_word' id='word_1_575' title='bbox 2514 2257 2686 2311; x_wconf 85' lang='lat' dir='ltr'><strong>altare</strong></span> <span class='ocrx_word' id='word_1_576' title='bbox 2708 2257 3027 2327; x_wconf 83' lang='lat' dir='ltr'><strong>procedunt,</strong></span> <span class='ocrx_word' id='word_1_577' title='bbox 3055 2272 3197 2327; x_wconf 88' lang='lat' dir='ltr'><strong>quos</strong></span> <span class='ocrx_word' id='word_1_578' title='bbox 3217 2256 3310 2312; x_wconf 88' lang='lat' dir='ltr'><strong>isti</strong></span> <span class='ocrx_word' id='word_1_579' title='bbox 3341 2257 3575 2313; x_wconf 87' lang='lat' dir='ltr'><strong>accensis</strong></span> <span class='ocrx_word' id='word_1_580' title='bbox 3599 2272 3708 2313; x_wconf 79' lang='lat' dir='ltr'><strong>can-</strong></span> 
     </span>
    </p>
   </div>
   <div class='ocr_carea' id='block_1_82' title="bbox 2160 2348 3709 2419">
    <p class='ocr_par' dir='ltr' id='par_1_82' title="bbox 2160 2348 3709 2419">
     <span class='ocr_line' id='line_1_82' title="bbox 2160 2348 3709 2419; baseline 0.002 -16"><span class='ocrx_word' id='word_1_581' title='bbox 2160 2348 2299 2404; x_wconf 88' lang='lat' dir='ltr'><strong>delis</strong></span> <span class='ocrx_word' id='word_1_582' title='bbox 2330 2350 2755 2419; x_wconf 88' lang='lat' dir='ltr'><strong>subsequuntur.</strong></span> <span class='ocrx_word' id='word_1_583' title='bbox 2824 2348 2931 2404; x_wconf 88' lang='lat' dir='ltr'><strong>Sed</strong></span> <span class='ocrx_word' id='word_1_584' title='bbox 2974 2349 3020 2403; x_wconf 89' lang='lat' dir='ltr'><strong>si</strong></span> <span class='ocrx_word' id='word_1_585' title='bbox 3070 2350 3306 2403; x_wconf 90' lang='lat' dir='ltr'><strong>domnus</strong></span> <span class='ocrx_word' id='word_1_586' title='bbox 3355 2349 3490 2403; x_wconf 87' lang='lat' dir='ltr'><strong>abba</strong></span> <span class='ocrx_word' id='word_1_587' title='bbox 3536 2350 3595 2403; x_wconf 90' lang='lat' dir='ltr'><strong>de</strong></span> <span class='ocrx_word' id='word_1_588' title='bbox 3629 2350 3709 2406; x_wconf 84' lang='lat' dir='ltr'><strong>hoc</strong></span> 
     </span>
    </p>
   </div>
   <div class='ocr_carea' id='block_1_83' title="bbox 2156 2441 3708 2513">
    <p class='ocr_par' dir='ltr' id='par_1_83' title="bbox 2156 2441 3708 2513">
     <span class='ocr_line' id='line_1_83' title="bbox 2156 2441 3708 2513; baseline 0.002 -18"><span class='ocrx_word' id='word_1_589' title='bbox 2156 2441 2354 2507; x_wconf 88' lang='lat' dir='ltr'><strong>aderit,</strong></span> <span class='ocrx_word' id='word_1_590' title='bbox 2382 2452 2439 2498; x_wconf 92' lang='lat' dir='ltr'><strong>et</strong></span> <span class='ocrx_word' id='word_1_591' title='bbox 2463 2442 2547 2497; x_wconf 84' lang='lat' dir='ltr'><strong>vel</strong></span> <span class='ocrx_word' id='word_1_592' title='bbox 2579 2443 2693 2513; x_wconf 85' lang='lat' dir='ltr'><strong>ipse</strong></span> <span class='ocrx_word' id='word_1_593' title='bbox 2721 2458 2845 2498; x_wconf 88' lang='lat' dir='ltr'><strong>cum</strong></span> <span class='ocrx_word' id='word_1_594' title='bbox 2901 2441 3187 2499; x_wconf 89' lang='lat' dir='ltr'><strong>sacerdote</strong></span> <span class='ocrx_word' id='word_1_595' title='bbox 3244 2441 3511 2497; x_wconf 88' lang='lat' dir='ltr'><strong>voluerint</strong></span> <span class='ocrx_word' id='word_1_596' title='bbox 3556 2444 3708 2498; x_wconf 80' lang='lat' dir='ltr'><strong>inccn-</strong></span> 
     </span>
    </p>
   </div>
   <div class='ocr_carea' id='block_1_84' title="bbox 2156 2532 3708 2605">
    <p class='ocr_par' dir='ltr' id='par_1_84' title="bbox 2156 2532 3708 2605">
     <span class='ocr_line' id='line_1_84' title="bbox 2156 2532 3708 2605; baseline 0.001 -17"><span class='ocrx_word' id='word_1_597' title='bbox 2156 2548 2298 2599; x_wconf 82' lang='lat' dir='ltr'><strong>Sarc,</strong></span> <span class='ocrx_word' id='word_1_598' title='bbox 2328 2533 2412 2590; x_wconf 91' lang='lat' dir='ltr'><strong>vel</strong></span> <span class='ocrx_word' id='word_1_599' title='bbox 2463 2535 2586 2590; x_wconf 89' lang='lat' dir='ltr'><strong>aliis</strong></span> <span class='ocrx_word' id='word_1_600' title='bbox 2619 2534 2829 2589; x_wconf 87' lang='lat' dir='ltr'><strong>duobus</strong></span> <span class='ocrx_word' id='word_1_601' title='bbox 2862 2548 2959 2604; x_wconf 89' lang='lat' dir='ltr'><strong>per</strong></span> <span class='ocrx_word' id='word_1_602' title='bbox 2991 2532 3253 2605; x_wconf 84' lang='lat' dir='ltr'><strong>majorem</strong></span> <span class='ocrx_word' id='word_1_603' title='bbox 3285 2532 3508 2590; x_wconf 84' lang='lat' dir='ltr'><strong>chorum</strong></span> <span class='ocrx_word' id='word_1_604' title='bbox 3537 2535 3708 2590; x_wconf 76' lang='lat' dir='ltr'><strong>intren-</strong></span> 
     </span>
    </p>
   </div>
   <div class='ocr_carea' id='block_1_85' title="bbox 2160 2626 3706 2698">
    <p class='ocr_par' dir='ltr' id='par_1_85' title="bbox 2160 2626 3706 2698">
     <span class='ocr_line' id='line_1_85' title="bbox 2160 2626 3706 2698; baseline 0.001 -19"><span class='ocrx_word' id='word_1_605' title='bbox 2160 2626 2306 2681; x_wconf 90' lang='lat' dir='ltr'><strong>tibus</strong></span> <span class='ocrx_word' id='word_1_606' title='bbox 2327 2627 2453 2682; x_wconf 90' lang='lat' dir='ltr'><strong>thus</strong></span> <span class='ocrx_word' id='word_1_607' title='bbox 2480 2627 2817 2698; x_wconf 88' lang='lat' dir='ltr'><strong>imposuerit,</strong></span> <span class='ocrx_word' id='word_1_608' title='bbox 2843 2642 2948 2682; x_wconf 91' lang='lat' dir='ltr'><strong>non</strong></span> <span class='ocrx_word' id='word_1_609' title='bbox 2973 2641 3099 2682; x_wconf 83' lang='lat' dir='ltr'><strong>mox</strong></span> <span class='ocrx_word' id='word_1_610' title='bbox 3134 2627 3395 2682; x_wconf 83' lang='lat' dir='ltr'><strong>candelas</strong></span> <span class='ocrx_word' id='word_1_611' title='bbox 3419 2627 3706 2691; x_wconf 86' lang='lat' dir='ltr'><strong>accendunt,</strong></span> 
     </span>
    </p>
   </div>
   <div class='ocr_carea' id='block_1_86' title="bbox 2157 2717 3711 2789">
    <p class='ocr_par' dir='ltr' id='par_1_86' title="bbox 2157 2717 3711 2789">
     <span class='ocr_line' id='line_1_86' title="bbox 2157 2717 3711 2789; baseline 0.004 -21"><span class='ocrx_word' id='word_1_612' title='bbox 2157 2718 2377 2787; x_wconf 90' lang='lat' dir='ltr'><strong>quando</strong></span> <span class='ocrx_word' id='word_1_613' title='bbox 2423 2717 2492 2773; x_wconf 91' lang='lat' dir='ltr'><strong>ad</strong></span> <span class='ocrx_word' id='word_1_614' title='bbox 2542 2733 2667 2774; x_wconf 91' lang='lat' dir='ltr'><strong>eum</strong></span> <span class='ocrx_word' id='word_1_615' title='bbox 2717 2718 2986 2775; x_wconf 86' lang='lat' dir='ltr'><strong>accedunt</strong></span> <span class='ocrx_word' id='word_1_616' title='bbox 3028 2736 3044 2775; x_wconf 89' lang='lat'><strong>:</strong></span> <span class='ocrx_word' id='word_1_617' title='bbox 3102 2719 3232 2789; x_wconf 89' lang='lat' dir='ltr'><strong>quia</strong></span> <span class='ocrx_word' id='word_1_618' title='bbox 3293 2718 3561 2773; x_wconf 90' lang='lat' dir='ltr'><strong>tburibula</strong></span> <span class='ocrx_word' id='word_1_619' title='bbox 3607 2728 3711 2774; x_wconf 88' lang='lat' dir='ltr'><strong>tunc</strong></span> 
     </span>
    </p>
   </div>
   <div class='ocr_carea' id='block_1_87' title="bbox 2162 2808 3715 2884">
    <p class='ocr_par' dir='ltr' id='par_1_87' title="bbox 2162 2808 3715 2884">
     <span class='ocr_line' id='line_1_87' title="bbox 2162 2808 3715 2884; baseline 0.003 -21"><span class='ocrx_word' id='word_1_620' title='bbox 2162 2808 2424 2879; x_wconf 82' lang='lat' dir='ltr'><strong>temporis</strong></span> <span class='ocrx_word' id='word_1_621' title='bbox 2480 2820 2698 2881; x_wconf 83' lang='lat' dir='ltr'><strong>gestant</strong></span> <span class='ocrx_word' id='word_1_622' title='bbox 2738 2829 2751 2866; x_wconf 90' lang='lat'><strong>:</strong></span> <span class='ocrx_word' id='word_1_623' title='bbox 2799 2813 2894 2869; x_wconf 88' lang='lat' dir='ltr'><strong>sed</strong></span> <span class='ocrx_word' id='word_1_624' title='bbox 2945 2822 3234 2884; x_wconf 88' lang='lat' dir='ltr'><strong>postquam</strong></span> <span class='ocrx_word' id='word_1_625' title='bbox 3287 2812 3535 2883; x_wconf 84' lang='lat' dir='ltr'><strong>imposito</strong></span> <span class='ocrx_word' id='word_1_626' title='bbox 3578 2811 3715 2867; x_wconf 83' lang='lat' dir='ltr'><strong>thure</strong></span> 
     </span>
    </p>
   </div>
   <div class='ocr_carea' id='block_1_88' title="bbox 2160 2902 3709 2975">
    <p class='ocr_par' dir='ltr' id='par_1_88' title="bbox 2160 2902 3709 2975">
     <span class='ocr_line' id='line_1_88' title="bbox 2160 2902 3709 2975; baseline 0.003 -19"><span class='ocrx_word' id='word_1_627' title='bbox 2160 2916 2356 2957; x_wconf 81' lang='lat' dir='ltr'><strong>manus</strong></span> <span class='ocrx_word' id='word_1_628' title='bbox 2412 2902 2704 2958; x_wconf 86' lang='lat' dir='ltr'><strong>thuribulis</strong></span> <span class='ocrx_word' id='word_1_629' title='bbox 2758 2906 3075 2975; x_wconf 73' lang='lat' dir='ltr'><strong>expediunt.</strong></span> <span class='ocrx_word' id='word_1_630' title='bbox 3129 2903 3263 2961; x_wconf 80' lang='lat' dir='ltr'><strong>Post</strong></span> <span class='ocrx_word' id='word_1_631' title='bbox 3314 2906 3613 2961; x_wconf 76' lang='lat' dir='ltr'><strong>sacerdotes</strong></span> <span class='ocrx_word' id='word_1_632' title='bbox 3652 2906 3709 2960; x_wconf 85' lang='lat' dir='ltr'><strong>ad</strong></span> 
     </span>
    </p>
   </div>
   <div class='ocr_carea' id='block_1_89' title="bbox 2154 2996 3709 3066">
    <p class='ocr_par' dir='ltr' id='par_1_89' title="bbox 2154 2996 3709 3066">
     <span class='ocr_line' id='line_1_89' title="bbox 2154 2996 3709 3066; baseline 0.001 -16"><span class='ocrx_word' id='word_1_633' title='bbox 2154 2996 2327 3052; x_wconf 89' lang='lat' dir='ltr'><strong>altare</strong></span> <span class='ocrx_word' id='word_1_634' title='bbox 2350 2997 2651 3066; x_wconf 88' lang='lat' dir='ltr'><strong>procedunt</strong></span> <span class='ocrx_word' id='word_1_635' title='bbox 2673 3008 2730 3053; x_wconf 90' lang='lat' dir='ltr'><strong>et</strong></span> <span class='ocrx_word' id='word_1_636' title='bbox 2770 3008 2898 3053; x_wconf 90' lang='lat' dir='ltr'><strong>tunc</strong></span> <span class='ocrx_word' id='word_1_637' title='bbox 2936 3014 3031 3054; x_wconf 88' lang='lat' dir='ltr'><strong>eas</strong></span> <span class='ocrx_word' id='word_1_638' title='bbox 3078 2999 3384 3054; x_wconf 85' lang='lat' dir='ltr'><strong>accendunt</strong></span> <span class='ocrx_word' id='word_1_639' title='bbox 3417 3015 3432 3053; x_wconf 93' lang='lat'><strong>:</strong></span> <span class='ocrx_word' id='word_1_640' title='bbox 3470 2997 3568 3053; x_wconf 69' lang='lat' dir='ltr'><strong>illis</strong></span> <span class='ocrx_word' id='word_1_641' title='bbox 3603 3012 3709 3052; x_wconf 83' lang='lat' dir='ltr'><strong>vero</strong></span> 
     </span>
    </p>
   </div>
   <div class='ocr_carea' id='block_1_90' title="bbox 2151 3089 3706 3160">
    <p class='ocr_par' dir='ltr' id='par_1_90' title="bbox 2151 3089 3706 3160">
     <span class='ocr_line' id='line_1_90' title="bbox 2151 3089 3706 3160; baseline -0.001 -16"><span class='ocrx_word' id='word_1_642' title='bbox 2151 3099 2275 3160; x_wconf 91' lang='lat' dir='ltr'><strong>post</strong></span> <span class='ocrx_word' id='word_1_643' title='bbox 2297 3090 2635 3146; x_wconf 87' lang='lat' dir='ltr'><strong>incensatum</strong></span> <span class='ocrx_word' id='word_1_644' title='bbox 2657 3091 2829 3147; x_wconf 87' lang='lat' dir='ltr'><strong>altare</strong></span> <span class='ocrx_word' id='word_1_645' title='bbox 2858 3090 3224 3155; x_wconf 85' lang='lat' dir='ltr'><strong>Dotniuicum,</strong></span> <span class='ocrx_word' id='word_1_646' title='bbox 3261 3089 3329 3145; x_wconf 91' lang='lat' dir='ltr'><strong>ad</strong></span> <span class='ocrx_word' id='word_1_647' title='bbox 3381 3100 3526 3144; x_wconf 89' lang='lat' dir='ltr'><strong>retro</strong></span> <span class='ocrx_word' id='word_1_648' title='bbox 3562 3089 3706 3160; x_wconf 82' lang='lat' dir='ltr'><strong>posita</strong></span> 
     </span>
    </p>
   </div>
   <div class='ocr_carea' id='block_1_91' title="bbox 2153 3185 3713 3256">
    <p class='ocr_par' dir='ltr' id='par_1_91' title="bbox 2153 3185 3713 3256">
     <span class='ocr_line' id='line_1_91' title="bbox 2153 3185 3713 3256; baseline 0.001 -19"><span class='ocrx_word' id='word_1_649' title='bbox 2153 3186 2394 3256; x_wconf 87' lang='lat' dir='ltr'><strong>quinque</strong></span> <span class='ocrx_word' id='word_1_650' title='bbox 2447 3186 2641 3241; x_wconf 87' lang='lat' dir='ltr'><strong>altaria</strong></span> <span class='ocrx_word' id='word_1_651' title='bbox 2687 3185 2966 3251; x_wconf 90' lang='lat' dir='ltr'><strong>euntibus,</strong></span> <span class='ocrx_word' id='word_1_652' title='bbox 2988 3195 3042 3242; x_wconf 88' lang='lat' dir='ltr'><strong>et</strong></span> <span class='ocrx_word' id='word_1_653' title='bbox 3096 3185 3336 3240; x_wconf 87' lang='lat' dir='ltr'><strong>medium</strong></span> <span class='ocrx_word' id='word_1_654' title='bbox 3376 3199 3558 3241; x_wconf 88' lang='lat' dir='ltr'><strong>eorum</strong></span> <span class='ocrx_word' id='word_1_655' title='bbox 3584 3196 3713 3239; x_wconf 81' lang='lat' dir='ltr'><strong>more</strong></span> 
     </span>
    </p>
   </div>
   <div class='ocr_carea' id='block_1_92' title="bbox 2154 3275 3707 3351">
    <p class='ocr_par' dir='ltr' id='par_1_92' title="bbox 2154 3275 3707 3351">
     <span class='ocr_line' id='line_1_92' title="bbox 2154 3275 3707 3351; baseline -0.002 -17"><span class='ocrx_word' id='word_1_656' title='bbox 2154 3280 2470 3351; x_wconf 90' lang='lat' dir='ltr'><strong>principalis</strong></span> <span class='ocrx_word' id='word_1_657' title='bbox 2499 3279 2929 3347; x_wconf 88' lang='lat' dir='ltr'><strong>incensantibus,</strong></span> <span class='ocrx_word' id='word_1_658' title='bbox 2976 3286 3033 3335; x_wconf 87' lang='lat' dir='ltr'><strong>et</strong></span> <span class='ocrx_word' id='word_1_659' title='bbox 3078 3275 3203 3333; x_wconf 89' lang='lat' dir='ltr'><strong>inde</strong></span> <span class='ocrx_word' id='word_1_660' title='bbox 3238 3278 3595 3341; x_wconf 85' lang='lat' dir='ltr'><strong>redeuntibus,</strong></span> <span class='ocrx_word' id='word_1_661' title='bbox 3637 3278 3707 3331; x_wconf 81' lang='lat' dir='ltr'><strong>isti</strong></span> 
     </span>
    </p>
   </div>
   <div class='ocr_carea' id='block_1_93' title="bbox 2157 3370 3705 3445">
    <p class='ocr_par' dir='ltr' id='par_1_93' title="bbox 2157 3370 3705 3445">
     <span class='ocr_line' id='line_1_93' title="bbox 2157 3370 3705 3445; baseline -0.003 -18"><span class='ocrx_word' id='word_1_662' title='bbox 2157 3381 2284 3427; x_wconf 85' lang='lat' dir='ltr'><strong>tunc</strong></span> <span class='ocrx_word' id='word_1_663' title='bbox 2343 3372 2561 3429; x_wconf 83' lang='lat' dir='ltr'><strong>demunt</strong></span> <span class='ocrx_word' id='word_1_664' title='bbox 2615 3373 2938 3445; x_wconf 90' lang='lat' dir='ltr'><strong>procedunt.</strong></span> <span class='ocrx_word' id='word_1_665' title='bbox 2998 3370 3391 3428; x_wconf 87' lang='lat' dir='ltr'><strong>Sacerdotibus</strong></span> <span class='ocrx_word' id='word_1_666' title='bbox 3448 3381 3614 3427; x_wconf 82' lang='lat' dir='ltr'><strong>autem</strong></span> <span class='ocrx_word' id='word_1_667' title='bbox 3663 3371 3705 3424; x_wconf 89' lang='lat' dir='ltr'><strong>in</strong></span> 
     </span>
    </p>
   </div>
   <div class='ocr_carea' id='block_1_94' title="bbox 2154 3462 3708 3529">
    <p class='ocr_par' dir='ltr' id='par_1_94' title="bbox 2154 3462 3708 3529">
     <span class='ocr_line' id='line_1_94' title="bbox 2154 3462 3708 3529; baseline -0.003 -12"><span class='ocrx_word' id='word_1_668' title='bbox 2154 3463 2382 3517; x_wconf 89' lang='lat' dir='ltr'><strong>chorum</strong></span> <span class='ocrx_word' id='word_1_669' title='bbox 2430 3463 2819 3529; x_wconf 89' lang='lat' dir='ltr'><strong>redeuntibus,</strong></span> <span class='ocrx_word' id='word_1_670' title='bbox 2871 3476 3015 3518; x_wconf 88' lang='lat' dir='ltr'><strong>unus</strong></span> <span class='ocrx_word' id='word_1_671' title='bbox 3058 3462 3362 3519; x_wconf 87' lang='lat' dir='ltr'><strong>eorundem</strong></span> <span class='ocrx_word' id='word_1_672' title='bbox 3417 3463 3708 3517; x_wconf 80' lang='lat' dir='ltr'><strong>serviturum</strong></span> 
     </span>
    </p>
   </div>
   <div class='ocr_carea' id='block_1_95' title="bbox 2156 3552 3709 3625">
    <p class='ocr_par' dir='ltr' id='par_1_95' title="bbox 2156 3552 3709 3625">
     <span class='ocr_line' id='line_1_95' title="bbox 2156 3552 3709 3625; baseline -0.003 -15"><span class='ocrx_word' id='word_1_673' title='bbox 2156 3557 2404 3612; x_wconf 86' lang='lat' dir='ltr'><strong>iucensat</strong></span> <span class='ocrx_word' id='word_1_674' title='bbox 2431 3554 2687 3612; x_wconf 76' lang='lat' dir='ltr'><strong>dextrum</strong></span> <span class='ocrx_word' id='word_1_675' title='bbox 2717 3555 2971 3619; x_wconf 89' lang='lat' dir='ltr'><strong>chorum,</strong></span> <span class='ocrx_word' id='word_1_676' title='bbox 3027 3554 3172 3610; x_wconf 83' lang='lat' dir='ltr'><strong>alter</strong></span> <span class='ocrx_word' id='word_1_677' title='bbox 3211 3553 3517 3619; x_wconf 87' lang='lat' dir='ltr'><strong>sinistrum,</strong></span> <span class='ocrx_word' id='word_1_678' title='bbox 3562 3552 3709 3625; x_wconf 82' lang='lat' dir='ltr'><strong>primo</strong></span> 
     </span>
    </p>
   </div>
   <div class='ocr_carea' id='block_1_96' title="bbox 2153 3646 3708 3718">
    <p class='ocr_par' dir='ltr' id='par_1_96' title="bbox 2153 3646 3708 3718">
     <span class='ocr_line' id='line_1_96' title="bbox 2153 3646 3708 3718; baseline -0.001 -18"><span class='ocrx_word' id='word_1_679' title='bbox 2153 3647 2372 3717; x_wconf 92' lang='lat' dir='ltr'><strong>quidem</strong></span> <span class='ocrx_word' id='word_1_680' title='bbox 2404 3646 2469 3702; x_wconf 91' lang='lat' dir='ltr'><strong>ad</strong></span> <span class='ocrx_word' id='word_1_681' title='bbox 2501 3647 2789 3718; x_wconf 89' lang='lat' dir='ltr'><strong>parietem,</strong></span> <span class='ocrx_word' id='word_1_682' title='bbox 2841 3646 3036 3703; x_wconf 90' lang='lat' dir='ltr'><strong>deinde</strong></span> <span class='ocrx_word' id='word_1_683' title='bbox 3066 3648 3120 3701; x_wconf 90' lang='lat' dir='ltr'><strong>in</strong></span> <span class='ocrx_word' id='word_1_684' title='bbox 3162 3646 3361 3702; x_wconf 88' lang='lat' dir='ltr'><strong>minori</strong></span> <span class='ocrx_word' id='word_1_685' title='bbox 3401 3648 3564 3702; x_wconf 86' lang='lat' dir='ltr'><strong>choro</strong></span> <span class='ocrx_word' id='word_1_686' title='bbox 3588 3655 3708 3699; x_wconf 85' lang='lat' dir='ltr'><strong>uter-</strong></span> 
     </span>
    </p>
   </div>
   <div class='ocr_carea' id='block_1_97' title="bbox 2151 3736 3707 3811">
    <p class='ocr_par' dir='ltr' id='par_1_97' title="bbox 2151 3736 3707 3811">
     <span class='ocr_line' id='line_1_97' title="bbox 2151 3736 3707 3811; baseline -0.002 -19"><span class='ocrx_word' id='word_1_687' title='bbox 2151 3753 2258 3809; x_wconf 85' lang='lat' dir='ltr'><strong>que</strong></span> <span class='ocrx_word' id='word_1_688' title='bbox 2276 3754 2428 3795; x_wconf 89' lang='lat' dir='ltr'><strong>suam</strong></span> <span class='ocrx_word' id='word_1_689' title='bbox 2453 3746 2659 3811; x_wconf 89' lang='lat' dir='ltr'><strong>partem</strong></span> <span class='ocrx_word' id='word_1_690' title='bbox 2694 3755 2708 3806; x_wconf 92' lang='lat'><strong>;</strong></span> <span class='ocrx_word' id='word_1_691' title='bbox 2743 3741 3087 3810; x_wconf 88' lang='lat' dir='ltr'><strong>postmodum</strong></span> <span class='ocrx_word' id='word_1_692' title='bbox 3126 3752 3231 3793; x_wconf 82' lang='lat' dir='ltr'><strong>eos</strong></span> <span class='ocrx_word' id='word_1_693' title='bbox 3268 3739 3362 3809; x_wconf 92' lang='lat' dir='ltr'><strong>qui</strong></span> <span class='ocrx_word' id='word_1_694' title='bbox 3395 3747 3537 3795; x_wconf 89' lang='lat' dir='ltr'><strong>stant</strong></span> <span class='ocrx_word' id='word_1_695' title='bbox 3560 3738 3617 3791; x_wconf 87' lang='lat' dir='ltr'><strong>ad</strong></span> <span class='ocrx_word' id='word_1_696' title='bbox 3656 3736 3707 3789; x_wconf 89' lang='lat' dir='ltr'><strong>li-</strong></span> 
     </span>
    </p>
   </div>
   <div class='ocr_carea' id='block_1_98' title="bbox 2153 3830 3707 3904">
    <p class='ocr_par' dir='ltr' id='par_1_98' title="bbox 2153 3830 3707 3904">
     <span class='ocr_line' id='line_1_98' title="bbox 2153 3830 3707 3904; baseline -0.003 -17"><span class='ocrx_word' id='word_1_697' title='bbox 2153 3848 2349 3900; x_wconf 89' lang='lat' dir='ltr'><strong>neam;</strong></span> <span class='ocrx_word' id='word_1_698' title='bbox 2409 3841 2682 3904; x_wconf 87' lang='lat' dir='ltr'><strong>postremo</strong></span> <span class='ocrx_word' id='word_1_699' title='bbox 2718 3847 2832 3899; x_wconf 89' lang='lat' dir='ltr'><strong>eos,</strong></span> <span class='ocrx_word' id='word_1_700' title='bbox 2866 3832 2957 3903; x_wconf 90' lang='lat' dir='ltr'><strong>qui</strong></span> <span class='ocrx_word' id='word_1_701' title='bbox 2995 3833 3063 3886; x_wconf 87' lang='lat' dir='ltr'><strong>ad</strong></span> <span class='ocrx_word' id='word_1_702' title='bbox 3127 3831 3383 3887; x_wconf 80' lang='lat' dir='ltr'><strong>formam.</strong></span> <span class='ocrx_word' id='word_1_703' title='bbox 3432 3832 3488 3887; x_wconf 89' lang='lat' dir='ltr'><strong>Si</strong></span> <span class='ocrx_word' id='word_1_704' title='bbox 3514 3845 3628 3885; x_wconf 85' lang='lat' dir='ltr'><strong>vero</strong></span> <span class='ocrx_word' id='word_1_705' title='bbox 3651 3830 3707 3884; x_wconf 84' lang='lat' dir='ltr'><strong>ah</strong></span> 
     </span>
    </p>
   </div>
   <div class='ocr_carea' id='block_1_99' title="bbox 2153 3921 3701 3995">
    <p class='ocr_par' dir='ltr' id='par_1_99' title="bbox 2153 3921 3701 3995">
     <span class='ocr_line' id='line_1_99' title="bbox 2153 3921 3701 3995; baseline -0.002 -18"><span class='ocrx_word' id='word_1_706' title='bbox 2153 3940 2261 3981; x_wconf 92' lang='lat' dir='ltr'><strong>uno</strong></span> <span class='ocrx_word' id='word_1_707' title='bbox 2284 3923 2618 3988; x_wconf 85' lang='lat' dir='ltr'><strong>iucensatur,</strong></span> <span class='ocrx_word' id='word_1_708' title='bbox 2651 3924 2830 3995; x_wconf 88' lang='lat' dir='ltr'><strong>primo</strong></span> <span class='ocrx_word' id='word_1_709' title='bbox 2857 3923 3079 3995; x_wconf 89' lang='lat' dir='ltr'><strong>quidem</strong></span> <span class='ocrx_word' id='word_1_710' title='bbox 3112 3938 3230 3988; x_wconf 87' lang='lat' dir='ltr'><strong>eos,</strong></span> <span class='ocrx_word' id='word_1_711' title='bbox 3255 3924 3349 3993; x_wconf 92' lang='lat' dir='ltr'><strong>qui</strong></span> <span class='ocrx_word' id='word_1_712' title='bbox 3384 3921 3451 3977; x_wconf 86' lang='lat' dir='ltr'><strong>ad</strong></span> <span class='ocrx_word' id='word_1_713' title='bbox 3481 3922 3701 3978; x_wconf 67' lang='lat' dir='ltr'><strong>destruat</strong></span> 
     </span>
    </p>
   </div>
   <div class='ocr_carea' id='block_1_100' title="bbox 2150 4014 3705 4089">
    <p class='ocr_par' dir='ltr' id='par_1_100' title="bbox 2150 4014 3705 4089">
     <span class='ocr_line' id='line_1_100' title="bbox 2150 4014 3705 4089; baseline -0.004 -17"><span class='ocrx_word' id='word_1_714' title='bbox 2150 4025 2295 4073; x_wconf 85' lang='lat' dir='ltr'><strong>stant</strong></span> <span class='ocrx_word' id='word_1_715' title='bbox 2321 4018 2604 4089; x_wconf 90' lang='lat' dir='ltr'><strong>parietem,</strong></span> <span class='ocrx_word' id='word_1_716' title='bbox 2627 4017 2824 4072; x_wconf 90' lang='lat' dir='ltr'><strong>deinde</strong></span> <span class='ocrx_word' id='word_1_717' title='bbox 2876 4030 2975 4071; x_wconf 87' lang='lat' dir='ltr'><strong>eos</strong></span> <span class='ocrx_word' id='word_1_718' title='bbox 3000 4016 3090 4085; x_wconf 91' lang='lat' dir='ltr'><strong>qui</strong></span> <span class='ocrx_word' id='word_1_719' title='bbox 3127 4017 3194 4070; x_wconf 89' lang='lat' dir='ltr'><strong>ad</strong></span> <span class='ocrx_word' id='word_1_720' title='bbox 3244 4015 3524 4070; x_wconf 85' lang='lat' dir='ltr'><strong>sinistrum</strong></span> <span class='ocrx_word' id='word_1_721' title='bbox 3546 4014 3705 4067; x_wconf 82' lang='lat' dir='ltr'><strong>incen-</strong></span> 
     </span>
    </p>
   </div>
   <div class='ocr_carea' id='block_1_101' title="bbox 2151 4107 3703 4177">
    <p class='ocr_par' dir='ltr' id='par_1_101' title="bbox 2151 4107 3703 4177">
     <span class='ocr_line' id='line_1_101' title="bbox 2151 4107 3703 4177; baseline -0.003 -14"><span class='ocrx_word' id='word_1_722' title='bbox 2151 4117 2236 4163; x_wconf 88' lang='lat' dir='ltr'><strong>sat</strong></span> <span class='ocrx_word' id='word_1_723' title='bbox 2282 4125 2297 4174; x_wconf 91' lang='lat'><strong>;</strong></span> <span class='ocrx_word' id='word_1_724' title='bbox 2353 4108 2552 4164; x_wconf 84' lang='lat' dir='ltr'><strong>dehinc</strong></span> <span class='ocrx_word' id='word_1_725' title='bbox 2611 4108 2675 4163; x_wconf 90' lang='lat' dir='ltr'><strong>in-</strong></span> <span class='ocrx_word' id='word_1_726' title='bbox 2725 4107 2922 4162; x_wconf 85' lang='lat' dir='ltr'><strong>minori</strong></span> <span class='ocrx_word' id='word_1_727' title='bbox 2971 4108 3142 4163; x_wconf 91' lang='lat' dir='ltr'><strong>choro</strong></span> <span class='ocrx_word' id='word_1_728' title='bbox 3191 4108 3442 4163; x_wconf 78' lang='lat' dir='ltr'><strong>dextram</strong></span> <span class='ocrx_word' id='word_1_729' title='bbox 3489 4115 3703 4177; x_wconf 81' lang='lat' dir='ltr'><strong>partem.</strong></span> 
     </span>
    </p>
   </div>
   <div class='ocr_carea' id='block_1_102' title="bbox 2150 4199 3702 4273">
    <p class='ocr_par' dir='ltr' id='par_1_102' title="bbox 2150 4199 3702 4273">
     <span class='ocr_line' id='line_1_102' title="bbox 2150 4199 3702 4273; baseline 0.001 -17"><span class='ocrx_word' id='word_1_730' title='bbox 2150 4202 2346 4258; x_wconf 90' lang='lat' dir='ltr'><strong>deinde</strong></span> <span class='ocrx_word' id='word_1_731' title='bbox 2372 4202 2673 4267; x_wconf 88' lang='lat' dir='ltr'><strong>sinistram,</strong></span> <span class='ocrx_word' id='word_1_732' title='bbox 2703 4209 2892 4273; x_wconf 87' lang='lat' dir='ltr'><strong>postea</strong></span> <span class='ocrx_word' id='word_1_733' title='bbox 2934 4199 3164 4255; x_wconf 81' lang='lat' dir='ltr'><strong>formam</strong></span> <span class='ocrx_word' id='word_1_734' title='bbox 3189 4201 3242 4255; x_wconf 93' lang='lat' dir='ltr'><strong>in</strong></span> <span class='ocrx_word' id='word_1_735' title='bbox 3276 4210 3508 4271; x_wconf 89' lang='lat' dir='ltr'><strong>utroque</strong></span> <span class='ocrx_word' id='word_1_736' title='bbox 3545 4199 3702 4257; x_wconf 84' lang='lat' dir='ltr'><strong>choro.</strong></span> 
     </span>
    </p>
   </div>
   <div class='ocr_carea' id='block_1_103' title="bbox 2151 4290 3705 4364">
    <p class='ocr_par' dir='ltr' id='par_1_103' title="bbox 2151 4290 3705 4364">
     <span class='ocr_line' id='line_1_103' title="bbox 2151 4290 3705 4364; baseline -0.006 -13"><span class='ocrx_word' id='word_1_737' title='bbox 2151 4294 2346 4351; x_wconf 87' lang='lat' dir='ltr'><strong>deinde</strong></span> <span class='ocrx_word' id='word_1_738' title='bbox 2372 4308 2488 4360; x_wconf 90' lang='lat' dir='ltr'><strong>eos,</strong></span> <span class='ocrx_word' id='word_1_739' title='bbox 2525 4310 2615 4363; x_wconf 86' lang='lat' dir='ltr'><strong>qut</strong></span> <span class='ocrx_word' id='word_1_740' title='bbox 2642 4303 2771 4349; x_wconf 91' lang='lat' dir='ltr'><strong>sunt</strong></span> <span class='ocrx_word' id='word_1_741' title='bbox 2801 4303 2959 4349; x_wconf 79' lang='lat' dir='ltr'><strong>extra</strong></span> <span class='ocrx_word' id='word_1_742' title='bbox 2999 4294 3228 4349; x_wconf 88' lang='lat' dir='ltr'><strong>chorum</strong></span> <span class='ocrx_word' id='word_1_743' title='bbox 3256 4292 3486 4364; x_wconf 80' lang='lat' dir='ltr'><strong>singulis</strong></span> <span class='ocrx_word' id='word_1_744' title='bbox 3504 4290 3705 4345; x_wconf 85' lang='lat' dir='ltr'><strong>breviter</strong></span> 
     </span>
    </p>
   </div>
   <div class='ocr_carea' id='block_1_104' title="bbox 2132 4381 3706 4455">
    <p class='ocr_par' dir='ltr' id='par_1_104' title="bbox 2132 4381 3706 4455">
     <span class='ocr_line' id='line_1_104' title="bbox 2132 4381 3706 4455; baseline -0.006 -13"><span class='ocrx_word' id='word_1_745' title='bbox 2132 4385 2444 4442; x_wconf 89' lang='lat' dir='ltr'><strong>.inclinans.</strong></span> <span class='ocrx_word' id='word_1_746' title='bbox 2474 4384 2668 4440; x_wconf 87' lang='lat' dir='ltr'><strong>Postea</strong></span> <span class='ocrx_word' id='word_1_747' title='bbox 2696 4384 2786 4439; x_wconf 88' lang='lat' dir='ltr'><strong>illa</strong></span> <span class='ocrx_word' id='word_1_748' title='bbox 2812 4385 3025 4449; x_wconf 90' lang='lat' dir='ltr'><strong>altaria,</strong></span> <span class='ocrx_word' id='word_1_749' title='bbox 3059 4398 3180 4455; x_wconf 60' lang='lat' dir='ltr'><strong>qua</strong></span> <span class='ocrx_word' id='word_1_750' title='bbox 3236 4382 3494 4437; x_wconf 87' lang='lat' dir='ltr'><strong>sacerdos</strong></span> <span class='ocrx_word' id='word_1_751' title='bbox 3522 4396 3617 4437; x_wconf 88' lang='lat' dir='ltr'><strong>non</strong></span> <span class='ocrx_word' id='word_1_752' title='bbox 3642 4381 3706 4434; x_wconf 83' lang='lat' dir='ltr'><strong>in-</strong></span> 
     </span>
    </p>
   </div>
   <div class='ocr_carea' id='block_1_105' title="bbox 2151 4473 3706 4547">
    <p class='ocr_par' dir='ltr' id='par_1_105' title="bbox 2151 4473 3706 4547">
     <span class='ocr_line' id='line_1_105' title="bbox 2151 4473 3706 4547; baseline -0.006 -12"><span class='ocrx_word' id='word_1_753' title='bbox 2151 4479 2393 4535; x_wconf 89' lang='lat' dir='ltr'><strong>censavit</strong></span> <span class='ocrx_word' id='word_1_754' title='bbox 2416 4478 2698 4545; x_wconf 80' lang='lat' dir='ltr'><strong>inccnsat;</strong></span> <span class='ocrx_word' id='word_1_755' title='bbox 2728 4478 2772 4533; x_wconf 91' lang='lat' dir='ltr'><strong>si</strong></span> <span class='ocrx_word' id='word_1_756' title='bbox 2787 4486 2966 4533; x_wconf 90' lang='lat' dir='ltr'><strong>tamen</strong></span> <span class='ocrx_word' id='word_1_757' title='bbox 2991 4477 3120 4547; x_wconf 91' lang='lat' dir='ltr'><strong>quid</strong></span> <span class='ocrx_word' id='word_1_758' title='bbox 3133 4477 3203 4531; x_wconf 91' lang='lat' dir='ltr'><strong>de</strong></span> <span class='ocrx_word' id='word_1_759' title='bbox 3220 4476 3446 4532; x_wconf 87' lang='lat' dir='ltr'><strong>incenso</strong></span> <span class='ocrx_word' id='word_1_760' title='bbox 3471 4475 3523 4531; x_wconf 92' lang='lat' dir='ltr'><strong>in</strong></span> <span class='ocrx_word' id='word_1_761' title='bbox 3548 4473 3706 4529; x_wconf 80' lang='lat' dir='ltr'><strong>eodem</strong></span> 
     </span>
    </p>
   </div>
   <div class='ocr_carea' id='block_1_106' title="bbox 2161 4569 3706 4644">
    <p class='ocr_par' dir='ltr' id='par_1_106' title="bbox 2161 4569 3706 4644">
     <span class='ocr_line' id='line_1_106' title="bbox 2161 4569 3706 4644; baseline -0.008 -15"><span class='ocrx_word' id='word_1_762' title='bbox 2161 4580 2448 4644; x_wconf 88' lang='lat' dir='ltr'><strong>supererat</strong></span> <span class='ocrx_word' id='word_1_763' title='bbox 2479 4571 2771 4636; x_wconf 88' lang='lat' dir='ltr'><strong>tlmribulo,</strong></span> <span class='ocrx_word' id='word_1_764' title='bbox 2820 4580 3008 4627; x_wconf 86' lang='lat' dir='ltr'><strong>contra</strong></span> <span class='ocrx_word' id='word_1_765' title='bbox 3042 4569 3233 4627; x_wconf 83' lang='lat' dir='ltr'><strong>faciem</strong></span> <span class='ocrx_word' id='word_1_766' title='bbox 3261 4569 3525 4641; x_wconf 86' lang='lat' dir='ltr'><strong>cujusque</strong></span> <span class='ocrx_word' id='word_1_767' title='bbox 3547 4580 3706 4623; x_wconf 84' lang='lat' dir='ltr'><strong>eorum</strong></span> 
     </span>
    </p>
   </div>
   <div class='ocr_carea' id='block_1_107' title="bbox 2150 4672 2528 4733">
    <p class='ocr_par' dir='ltr' id='par_1_107' title="bbox 2150 4672 2528 4733">
     <span class='ocr_line' id='line_1_107' title="bbox 2150 4672 2528 4733; baseline -0.003 -16"><span class='ocrx_word' id='word_1_768' title='bbox 2150 4672 2233 4717; x_wconf 89' lang='lat' dir='ltr'><strong>ter</strong></span> <span class='ocrx_word' id='word_1_769' title='bbox 2260 4674 2528 4733; x_wconf 87' lang='lat' dir='ltr'><strong>porrecto.</strong></span> 
     </span>
    </p>
   </div>
   <div class='ocr_carea' id='block_1_108' title="bbox 2222 4752 3709 4827">
    <p class='ocr_par' dir='ltr' id='par_1_108' title="bbox 2222 4752 3709 4827">
     <span class='ocr_line' id='line_1_108' title="bbox 2222 4752 3709 4827; baseline -0.006 -16"><span class='ocrx_word' id='word_1_770' title='bbox 2222 4754 2281 4811; x_wconf 88' lang='lat' dir='ltr'><strong>Si</strong></span> <span class='ocrx_word' id='word_1_771' title='bbox 2331 4756 2549 4827; x_wconf 87' lang='lat' dir='ltr'><strong>quando</strong></span> <span class='ocrx_word' id='word_1_772' title='bbox 2600 4759 2831 4816; x_wconf 89' lang='lat' dir='ltr'><strong>domnus</strong></span> <span class='ocrx_word' id='word_1_773' title='bbox 2882 4756 3019 4812; x_wconf 88' lang='lat' dir='ltr'><strong>abba</strong></span> <span class='ocrx_word' id='word_1_774' title='bbox 3052 4754 3217 4811; x_wconf 86' lang='lat' dir='ltr'><strong>solus</strong></span> <span class='ocrx_word' id='word_1_775' title='bbox 3272 4752 3389 4808; x_wconf 87' lang='lat' dir='ltr'><strong>vult</strong></span> <span class='ocrx_word' id='word_1_776' title='bbox 3437 4752 3709 4811; x_wconf 67' lang='lat' dir='ltr'><strong>incensam,</strong></span> 
     </span>
    </p>
   </div>
   <div class='ocr_carea' id='block_1_109' title="bbox 2154 4844 3709 4923">
    <p class='ocr_par' dir='ltr' id='par_1_109' title="bbox 2154 4844 3709 4923">
     <span class='ocr_line' id='line_1_109' title="bbox 2154 4844 3709 4923; baseline -0.006 -18"><span class='ocrx_word' id='word_1_777' title='bbox 2154 4850 2385 4906; x_wconf 89' lang='lat' dir='ltr'><strong>sacrista</strong></span> <span class='ocrx_word' id='word_1_778' title='bbox 2440 4860 2693 4923; x_wconf 90' lang='lat' dir='ltr'><strong>apportat</strong></span> <span class='ocrx_word' id='word_1_779' title='bbox 2718 4852 2767 4907; x_wconf 85' lang='lat' dir='ltr'><strong>ei</strong></span> <span class='ocrx_word' id='word_1_780' title='bbox 2802 4865 3077 4916; x_wconf 87' lang='lat' dir='ltr'><strong>acerram,</strong></span> <span class='ocrx_word' id='word_1_781' title='bbox 3123 4856 3179 4904; x_wconf 88' lang='lat' dir='ltr'><strong>et</strong></span> <span class='ocrx_word' id='word_1_782' title='bbox 3223 4860 3369 4902; x_wconf 87' lang='lat' dir='ltr'><strong>unus</strong></span> <span class='ocrx_word' id='word_1_783' title='bbox 3417 4844 3709 4900; x_wconf 81' lang='lat' dir='ltr'><strong>servituram</strong></span> 
     </span>
    </p>
   </div>
   <div class='ocr_carea' id='block_1_110' title="bbox 2152 4933 3709 5008">
    <p class='ocr_par' dir='ltr' id='par_1_110' title="bbox 2152 4933 3709 5008">
     <span class='ocr_line' id='line_1_110' title="bbox 2152 4933 3709 5008; baseline -0.009 -12"><span class='ocrx_word' id='word_1_784' title='bbox 2152 4943 2511 5008; x_wconf 89' lang='lat' dir='ltr'><strong>thuribulnm,</strong></span> <span class='ocrx_word' id='word_1_785' title='bbox 2545 4945 2659 5001; x_wconf 86' lang='lat' dir='ltr'><strong>sive</strong></span> <span class='ocrx_word' id='word_1_786' title='bbox 2712 4943 2784 4999; x_wconf 91' lang='lat' dir='ltr'><strong>sit</strong></span> <span class='ocrx_word' id='word_1_787' title='bbox 2832 4943 2885 4997; x_wconf 92' lang='lat' dir='ltr'><strong>in</strong></span> <span class='ocrx_word' id='word_1_788' title='bbox 2937 4943 3137 5007; x_wconf 78' lang='lat' dir='ltr'><strong>choro,</strong></span> <span class='ocrx_word' id='word_1_789' title='bbox 3178 4940 3296 4995; x_wconf 85' lang='lat' dir='ltr'><strong>sive</strong></span> <span class='ocrx_word' id='word_1_790' title='bbox 3355 4939 3409 4992; x_wconf 89' lang='lat' dir='ltr'><strong>in</strong></span> <span class='ocrx_word' id='word_1_791' title='bbox 3465 4933 3709 4991; x_wconf 75' lang='lat' dir='ltr'><strong>vestiario.</strong></span> 
     </span>
    </p>
   </div>
   <div class='ocr_carea' id='block_1_111' title="bbox 2156 5029 3714 5105">
    <p class='ocr_par' dir='ltr' id='par_1_111' title="bbox 2156 5029 3714 5105">
     <span class='ocr_line' id='line_1_111' title="bbox 2156 5029 3714 5105; baseline -0.006 -16"><span class='ocrx_word' id='word_1_792' title='bbox 2156 5035 2356 5090; x_wconf 87' lang='lat' dir='ltr'><strong>Eodem</strong></span> <span class='ocrx_word' id='word_1_793' title='bbox 2385 5036 2547 5091; x_wconf 91' lang='lat' dir='ltr'><strong>modo</strong></span> <span class='ocrx_word' id='word_1_794' title='bbox 2576 5046 2631 5091; x_wconf 90' lang='lat' dir='ltr'><strong>et</strong></span> <span class='ocrx_word' id='word_1_795' title='bbox 2657 5036 2726 5090; x_wconf 89' lang='lat' dir='ltr'><strong>ad</strong></span> <span class='ocrx_word' id='word_1_796' title='bbox 2756 5049 3018 5105; x_wconf 83' lang='lat' dir='ltr'><strong>vesperos</strong></span> <span class='ocrx_word' id='word_1_797' title='bbox 3064 5035 3401 5088; x_wconf 88' lang='lat' dir='ltr'><strong>iucensatur.</strong></span> <span class='ocrx_word' id='word_1_798' title='bbox 3457 5029 3560 5086; x_wconf 84' lang='lat' dir='ltr'><strong>Sed</strong></span> <span class='ocrx_word' id='word_1_799' title='bbox 3606 5037 3714 5081; x_wconf 80' lang='lat' dir='ltr'><strong>tunc</strong></span> 
     </span>
    </p>
   </div>
   <div class='ocr_carea' id='block_1_112' title="bbox 2153 5121 3711 5200">
    <p class='ocr_par' dir='ltr' id='par_1_112' title="bbox 2153 5121 3711 5200">
     <span class='ocr_line' id='line_1_112' title="bbox 2153 5121 3711 5200; baseline -0.004 -18"><span class='ocrx_word' id='word_1_800' title='bbox 2153 5138 2285 5182; x_wconf 90' lang='lat' dir='ltr'><strong>ante</strong></span> <span class='ocrx_word' id='word_1_801' title='bbox 2348 5127 2613 5200; x_wconf 85' lang='lat' dir='ltr'><strong>hymnum</strong></span> <span class='ocrx_word' id='word_1_802' title='bbox 2671 5127 3083 5183; x_wconf 84' lang='lat' dir='ltr'><strong>administrator</strong></span> <span class='ocrx_word' id='word_1_803' title='bbox 3143 5122 3353 5179; x_wconf 84' lang='lat' dir='ltr'><strong>incensi</strong></span> <span class='ocrx_word' id='word_1_804' title='bbox 3411 5121 3480 5177; x_wconf 87' lang='lat' dir='ltr'><strong>ad</strong></span> <span class='ocrx_word' id='word_1_805' title='bbox 3536 5130 3711 5190; x_wconf 66' lang='grc' dir='ltr'><strong>νηνε-</strong></span> 
     </span>
    </p>
   </div>
   <div class='ocr_carea' id='block_1_113' title="bbox 2155 5217 3693 5290">
    <p class='ocr_par' dir='ltr' id='par_1_113' title="bbox 2155 5217 3693 5290">
     <span class='ocr_line' id='line_1_113' title="bbox 2155 5217 3693 5290; baseline -0.008 -16"><span class='ocrx_word' id='word_1_806' title='bbox 2155 5220 2362 5275; x_wconf 88' lang='lat' dir='ltr'><strong>randas</strong></span> <span class='ocrx_word' id='word_1_807' title='bbox 2403 5235 2609 5290; x_wconf 86' lang='lat' dir='ltr'><strong>prunas</strong></span> <span class='ocrx_word' id='word_1_808' title='bbox 2647 5221 2782 5288; x_wconf 82' lang='lat' dir='ltr'><strong>exit,</strong></span> <span class='ocrx_word' id='word_1_809' title='bbox 2814 5229 2869 5274; x_wconf 92' lang='lat' dir='ltr'><strong>et</strong></span> <span class='ocrx_word' id='word_1_810' title='bbox 2919 5219 2969 5273; x_wconf 90' lang='lat' dir='ltr'><strong>si</strong></span> <span class='ocrx_word' id='word_1_811' title='bbox 3020 5217 3337 5272; x_wconf 83' lang='lat' dir='ltr'><strong>vestiendns</strong></span> <span class='ocrx_word' id='word_1_812' title='bbox 3368 5222 3457 5269; x_wconf 89' lang='lat' dir='ltr'><strong>est</strong></span> <span class='ocrx_word' id='word_1_813' title='bbox 3484 5223 3541 5267; x_wconf 94' lang='lat' dir='ltr'><strong>ut</strong></span> <span class='ocrx_word' id='word_1_814' title='bbox 3586 5219 3693 5264; x_wconf 86' lang='lat' dir='ltr'><strong>ante</strong></span> 
     </span>
    </p>
   </div>
   <div class='ocr_carea' id='block_1_114' title="bbox 2152 5305 3711 5383">
    <p class='ocr_par' dir='ltr' id='par_1_114' title="bbox 2152 5305 3711 5383">
     <span class='ocr_line' id='line_1_114' title="bbox 2152 5305 3711 5383; baseline -0.006 -17"><span class='ocrx_word' id='word_1_815' title='bbox 2152 5328 2316 5383; x_wconf 88' lang='lat' dir='ltr'><strong>quam</strong></span> <span class='ocrx_word' id='word_1_816' title='bbox 2350 5312 2605 5368; x_wconf 86' lang='lat' dir='ltr'><strong>sacerdos</strong></span> <span class='ocrx_word' id='word_1_817' title='bbox 2630 5326 2755 5366; x_wconf 89' lang='lat' dir='ltr'><strong>eum</strong></span> <span class='ocrx_word' id='word_1_818' title='bbox 2807 5312 3189 5379; x_wconf 80' lang='lat' dir='ltr'><strong>subsequatur,</strong></span> <span class='ocrx_word' id='word_1_819' title='bbox 3235 5308 3339 5363; x_wconf 90' lang='lat' dir='ltr'><strong>hoc</strong></span> <span class='ocrx_word' id='word_1_820' title='bbox 3392 5305 3589 5369; x_wconf 79' lang='lat' dir='ltr'><strong>faciat;</strong></span> <span class='ocrx_word' id='word_1_821' title='bbox 3630 5312 3711 5353; x_wconf 61' lang='grc' dir='ltr'><strong>ην(</strong></span> 
     </span>
    </p>
   </div>
   <div class='ocr_carea' id='block_1_115' title="bbox 2155 5393 3709 5473">
    <p class='ocr_par' dir='ltr' id='par_1_115' title="bbox 2155 5393 3709 5473">
     <span class='ocr_line' id='line_1_115' title="bbox 2155 5393 3709 5473; baseline -0.006 -15"><span class='ocrx_word' id='word_1_822' title='bbox 2155 5413 2337 5459; x_wconf 87' lang='lat' dir='ltr'><strong>tamen</strong></span> <span class='ocrx_word' id='word_1_823' title='bbox 2371 5419 2565 5459; x_wconf 87' lang='lat' dir='ltr'><strong>manus</strong></span> <span class='ocrx_word' id='word_1_824' title='bbox 2594 5411 2722 5459; x_wconf 90' lang='lat' dir='ltr'><strong>tunc</strong></span> <span class='ocrx_word' id='word_1_825' title='bbox 2742 5401 2948 5469; x_wconf 89' lang='lat' dir='ltr'><strong>lavant,</strong></span> <span class='ocrx_word' id='word_1_826' title='bbox 2974 5402 3102 5473; x_wconf 86' lang='lat' dir='ltr'><strong>quia</strong></span> <span class='ocrx_word' id='word_1_827' title='bbox 3125 5409 3180 5455; x_wconf 90' lang='lat' dir='ltr'><strong>et</strong></span> <span class='ocrx_word' id='word_1_828' title='bbox 3203 5408 3333 5455; x_wconf 87' lang='lat' dir='ltr'><strong>ante</strong></span> <span class='ocrx_word' id='word_1_829' title='bbox 3358 5410 3606 5468; x_wconf 77' lang='lat' dir='ltr'><strong>vespenos</strong></span> <span class='ocrx_word' id='word_1_830' title='bbox 3628 5393 3709 5448; x_wconf 83' lang='lat' dir='ltr'><strong>hoc</strong></span> 
     </span>
    </p>
   </div>
   <div class='ocr_carea' id='block_1_116' title="bbox 2155 5498 2629 5555">
    <p class='ocr_par' dir='ltr' id='par_1_116' title="bbox 2155 5498 2629 5555">
     <span class='ocr_line' id='line_1_116' title="bbox 2155 5498 2629 5555; baseline -0.002 -2"><span class='ocrx_word' id='word_1_831' title='bbox 2155 5499 2448 5555; x_wconf 78' lang='lat' dir='ltr'><strong>faciebant.</strong></span> <span class='ocrx_word' id='word_1_832' title='bbox 2628 5498 2629 5501; x_wconf 62' lang='grc'><em>“</em></span> 
     </span>
    </p>
   </div>
   <div class='ocr_carea' id='block_1_117' title="bbox 2222 5581 3704 5660">
    <p class='ocr_par' dir='ltr' id='par_1_117' title="bbox 2222 5581 3704 5660">
     <span class='ocr_line' id='line_1_117' title="bbox 2222 5581 3704 5660; baseline -0.011 -15"><span class='ocrx_word' id='word_1_833' title='bbox 2222 5590 2304 5645; x_wconf 82' lang='lat' dir='ltr'><strong>Ad</strong></span> <span class='ocrx_word' id='word_1_834' title='bbox 2330 5588 2732 5660; x_wconf 88' lang='lat' dir='ltr'><strong>processioncm</strong></span> <span class='ocrx_word' id='word_1_835' title='bbox 2760 5590 2810 5643; x_wconf 90' lang='lat' dir='ltr'><strong>in</strong></span> <span class='ocrx_word' id='word_1_836' title='bbox 2850 5588 2940 5645; x_wconf 90' lang='lat' dir='ltr'><strong>die</strong></span> <span class='ocrx_word' id='word_1_837' title='bbox 2975 5587 3257 5644; x_wconf 90' lang='lat' dir='ltr'><strong>Dominica</strong></span> <span class='ocrx_word' id='word_1_838' title='bbox 3291 5581 3704 5641; x_wconf 75' lang='lat' dir='ltr'><strong>rerol&#39;erariornm</strong></span> 
     </span>
    </p>
   </div>
   <div class='ocr_carea' id='block_1_118' title="bbox 2159 5678 3702 5745">
    <p class='ocr_par' dir='ltr' id='par_1_118' title="bbox 2159 5678 3702 5745">
     <span class='ocr_line' id='line_1_118' title="bbox 2159 5678 3702 5745; baseline -0.006 -9"><span class='ocrx_word' id='word_1_839' title='bbox 2159 5683 2296 5737; x_wconf 88' lang='lat' dir='ltr'><strong>alter</strong></span> <span class='ocrx_word' id='word_1_840' title='bbox 2328 5697 2452 5738; x_wconf 89' lang='lat' dir='ltr'><strong>cum</strong></span> <span class='ocrx_word' id='word_1_841' title='bbox 2488 5682 2703 5737; x_wconf 89' lang='lat' dir='ltr'><strong>duabus</strong></span> <span class='ocrx_word' id='word_1_842' title='bbox 2731 5681 2972 5737; x_wconf 87' lang='lat' dir='ltr'><strong>scutellis</strong></span> <span class='ocrx_word' id='word_1_843' title='bbox 2999 5678 3077 5736; x_wconf 90' lang='lat' dir='ltr'><strong>sal</strong></span> <span class='ocrx_word' id='word_1_844' title='bbox 3117 5687 3496 5735; x_wconf 88' lang='lat' dir='ltr'><strong>consecratum</strong></span> <span class='ocrx_word' id='word_1_845' title='bbox 3518 5680 3702 5745; x_wconf 71' lang='lat' dir='ltr'><strong>portans</strong></span> 
     </span>
    </p>
   </div>
   <div class='ocr_carea' id='block_1_119' title="bbox 2158 5761 3698 5849">
    <p class='ocr_par' dir='ltr' id='par_1_119' title="bbox 2158 5761 3698 5849">
     <span class='ocr_line' id='line_1_119' title="bbox 2158 5761 3698 5849; baseline -0.008 -18"><span class='ocrx_word' id='word_1_846' title='bbox 2158 5775 2413 5849; x_wconf 66' lang='lat' dir='ltr'><strong>praecedit</strong></span> <span class='ocrx_word' id='word_1_847' title='bbox 2466 5772 2690 5844; x_wconf 82' lang='lat' dir='ltr'><strong>fratres,</strong></span> <span class='ocrx_word' id='word_1_848' title='bbox 2717 5774 2854 5832; x_wconf 87' lang='lat' dir='ltr'><strong>alter</strong></span> <span class='ocrx_word' id='word_1_849' title='bbox 2892 5790 3013 5831; x_wconf 81' lang='lat' dir='ltr'><strong>cum</strong></span> <span class='ocrx_word' id='word_1_850' title='bbox 3067 5789 3204 5843; x_wconf 84' lang='lat' dir='ltr'><strong>aqua</strong></span> <span class='ocrx_word' id='word_1_851' title='bbox 3238 5770 3529 5830; x_wconf 80' lang='lat' dir='ltr'><strong>benedicta.</strong></span> <span class='ocrx_word' id='word_1_852' title='bbox 3577 5765 3620 5820; x_wconf 80' lang='lat' dir='ltr'><strong>is</strong></span> <span class='ocrx_word' id='word_1_853' title='bbox 3642 5761 3698 5816; x_wconf 74' lang='grc' dir='ltr'><strong>ἱη·</strong></span> 
     </span>
    </p>
   </div>
  </div>
