3890 6314
118 422 238 483 1025

1220 408 1631 470 CONSTITUT.
1674 406 2243 467 HlRS.\UG.—LIB.
2281 407 2322 464 I.

3207 413 3349 471 4036

118 547 243 592 trans
267 530 317 585 in
344 525 723 591 iulirmariam,
749 524 996 596 singulos
1034 524 1233 580 ibidem
1288 526 1342 580 in
1390 525 1549 582 lectis
1578 539 1667 580 se-
1699 530 1738 584 A
1772 522 1935 578 modo
1956 522 2072 579 haec
2100 535 2269 578 missa
2293 531 2509 595 agatur,
2534 525 3017 586 ministrosaltaris
3043 528 3098 585 in
3128 531 3356 588 vestien-

114 623 293 684 dcntes,
337 621 550 685 (omnes
597 616 739 671 enim
803 624 931 670 tunc
979 615 1049 671 ibi
1088 616 1281 672 sedere
1314 615 1534 687 debent)
1576 630 1661 671 as-

116 712 282 786 pergit,
309 724 469 780 quem
521 719 701 763 tamen
755 707 1030 772 sacerdos,
1063 707 1212 763 ﬁnita
1241 709 1516 777 oratione,
1553 724 1657 765 non

114 809 380 874 aspectat.
420 800 478 854 In
515 798 639 854 aliis
687 805 868 853 autem
896 798 1150 854 omnibus
1196 797 1425 855 oﬂicinis
1474 814 1661 870 aSper-

114 894 292 948 sionem
322 890 458 944 ultra
487 888 649 944 tinem
672 888 937 944 orationis
962 903 1308 960 nequaquam
1343 888 1660 961 protelatur.

115 982 190 1037 Sal
228 993 445 1054 portans
498 981 556 1037 in
604 981 828 1035 introitu
887 966 1163 1036 refectorii
1206 994 1370 1050 super
1418 994 1662 1035 mensam

114 1074 231 1130 ostio
251 1074 551 1145 proximam
580 1087 701 1127 cum
752 1071 975 1127 scutella
1015 1071 1187 1141 ponit,
1216 1080 1277 1125 ut
1330 1071 1395 1125 ad
1430 1070 1659 1127 fratrum

115 1167 457 1223 necessitatem
488 1165 622 1220 inibi
671 1163 982 1219 refectiouis
1013 1164 1144 1218 hora
1177 1162 1512 1228 inveniatur,
1549 1163 1663 1232 ipse

115 1262 309 1317 alteram
333 1259 384 1314 in
406 1257 695 1315 ecclesiam
739 1255 1010 1312 deferens.
1042 1254 1300 1311 lnchoata
1352 1254 1518 1309 missa
1560 1254 1663 1308 rite

115 1355 398 1409 ordinantur
430 1352 485 1406 in
516 1344 793 1416 sacris'tia,
824 1359 883 1404 ut
905 1350 1033 1405 dum
1058 1348 1243 1405 Gloria
1283 1348 1433 1403 Patri
1466 1364 1496 1402 a
1528 1363 1673 1404 can-r

116 1456 211 1503 tore
237 1446 493 1509 initiatur,
519 1446 638 1501 sine
667 1460 819 1501 mora
857 1444 923 1499 ad
955 1443 1126 1498 altare
1156 1444 1506 1512 procedatur,
1532 1456 1662 1496 con-

118 1535 316 1591 fessione
364 1535 654 1590 terminata
695 1534 928 1590 servitor
968 1533 1248 1589 incensum
1282 1533 1509 1604 porrigit
1540 1532 1660 1588 dia-

117 1641 250 1690 cono,
280 1640 494 1680 manum
526 1624 645 1693 ejus
696 1625 1014 1681 osculando.
1054 1625 1121 1680 Et
1144 1634 1433 1695 postquam
1479 1625 1546 1679 ab
1569 1639 1655 1691 eo,

115 1717 374 1773 incensatis
424 1717 712 1783 altaribus,
769 1733 988 1774 reverso
1033 1717 1163 1772 illud
1218 1716 1429 1787 recipit,
1482 1715 1659 1786 primo

116 1810 482 1879 ipsum,deiude
509 1809 794 1865 ministros
818 1809 1029 1876 altaris,
1055 1818 1109 1864 et
1128 1818 1313 1879 postea
1333 1818 1655 1863 conventum

1767 614 1835 670 do
1877 628 1958 681 se,
1984 615 2068 671 vel
2096 617 2346 673 cauendo
2391 632 2473 681 se,
2496 628 2756 687 quantum
2779 630 3028 690 possunt,
3069 621 3355 694 adjuvant.

2342 705 2573 764 CAPUT
2609 707 2788 765 XCIII.

2262 796 2337 852 De
2359 799 2612 854 minis‘ris
2644 798 2853 857 altaris.

1836 890 1855 912 ⁴
1886 891 1959 947 De
1988 890 2073 947 his
2095 906 2231 961 quos
2257 894 2540 949 ministros
2585 892 2772 950 altaris
2798 894 3152 965 appellamus,
3184 912 3359 967 quan~

1767 987 1880 1034 tum
1909 980 2192 1037 videbatur
2225 983 2540 1049 dicendum,
2593 983 2842 1054 superius
2884 992 2969 1040 est
2994 985 3359 1055 praemissum.

1765 1069 2004 1138 Quorum
2052 1088 2195 1131 unus
2224 1085 2467 1142 tempore
2512 1075 2732 1140 mstivo,
2783 1074 2964 1131 calore
3006 1076 3192 1146 augeri
3222 1076 3360 1137 inci-3

1767 1162 1971 1231 piente,
1997 1164 2065 1219 de
2106 1166 2212 1220 hoc
2262 1167 2462 1221 cotidie
2505 1164 2574 1219 ad
2615 1166 2870 1236 majorem
2915 1166 3159 1234 missam,
3188 1167 3359 1223 inter~

1763 1253 1892 1308 dum
1942 1268 2113 1324 prope
2166 1255 2415 1312 dextrum
2441 1271 2612 1313 cornu
2645 1256 2854 1321 altaris,
2907 1256 3184 1311 interdum
3230 1272 3358 1311 vero

1767 1354 1892 1417 post
1931 1355 2142 1417 tergum
2175 1349 2477 1404 sacerdotis
2527 1349 2721 1406 stando
2753 1348 3035 1415 ventilare,
3065 1364 3133 1404 ne
3159 1363 3361 1409 musca!

1763 1438 2065 1504 venientes,
2112 1440 2163 1494 ei
2207 1440 2318 1495 sint
2373 1441 2782 1511 impedimento,
2833 1441 3015 1497 debet.
3068 1439 3357 1512 (θυέων.)

1764 1527 1966 1584 Horum
1991 1540 2169 1586 autem
2193 1533 2376 1595 statio,
2404 1534 2833 1604 sacerdotisque,
2864 1534 3108 1598 diaconi,
3131 1532 3356 1588 subdia-

1763 1620 1885 1675 coui
1907 1630 1964 1675 et
1985 1620 2320 1689 ceroferarii,
2358 1624 2413 1679 in
2453 1626 2684 1696 privatis
2711 1626 2904 1681 diebus
2934 1624 3241 1693 hujnsmodi
3270 1634 3358 1681 est

1761 1711 1905 1768 sicut
1946 1714 2016 1768 ad
2071 1714 2258 1770 horam
2310 1725 2436 1770 ante
2482 1717 2737 1779 missam,
2797 1716 2885 1772 cui
2942 1717 3042 1786 ipsi
3081 1717 3356 1773 intersunt

1762 1804 1944 1860 albati.
1968 1804 2207 1875 Quisque
2237 1806 2290 1860 in
2308 1807 2475 1861 choro
2497 1822 2597 1863 suo
2617 1808 2804 1863 stabit.
2837 1806 3025 1863 Nullus
3045 1806 3149 1863 nisi
3169 1804 3357 1877 jussus

114 1916 166 1957 eo
184 1903 374 1967 ordine,
402 1918 513 1974 quo
540 1919 704 1975 supra
729 1903 798 1958 ad
841 1902 1167 1959 matutinum
1199 1900 1540 1957 meminimus
1577 1901 1657 1955 in-
1691 1898 1732 1957 Β
1759 1895 1827 1951 de
1852 1911 1959 1951 uno
1981 1897 2147 1952 choro
2180 1896 2373 1953 transit
2405 1898 2459 1953 in
2486 1898 2736 1954 alterum.

114 2003 312 2062 censat;
345 1997 449 2052 hoc
500 2006 714 2052 tantum
771 1998 999 2065 variato,
1038 1997 1182 2068 quod
1231 1996 1437 2065 pariter
1469 2003 1523 2049 et
1573 1995 1660 2049 his

113 2088 184 2156 qui
205 2095 339 2144 stant
363 2089 429 2157 ad
449 2089 662 2146 formas
685 2099 739 2146 et
760 2090 845 2146 liis
874 2090 966 2162 qui
989 2100 1111 2161 post
1138 2090 1259 2145 illos
1275 2089 1341 2144 ad
1368 2088 1656 2159 parietem,

114 2177 352 2235 incensum
383 2181 639 2253 porrigit,
672 2182 890 2252 etquod
931 2190 1056 2252 post
1101 2181 1439 2236 incensatmn
1482 2179 1660 2233 miuo-

113 2284 203 2324 rem
250 2271 492 2338 chorum,
534 2273 692 2344 prius
719 2274 840 2338 bos,
874 2275 964 2344 qui
995 2282 1144 2339 stant
1193 2272 1260 2328 ad
1308 2274 1656 2329 secretariam

112 2371 295 2430 servat;
323 2364 413 2421 sed
448 2374 583 2421 tunc
608 2364 676 2420 ad
707 2366 1091 2437 imponendum
1119 2365 1242 2421 llius
1263 2378 1507 2419 acerram
1534 2379 1658 2419 cum

112 2450 344 2509 tburibulo
375 2455 447 2520 ei,
503 2456 601 2526 qui
631 2456 858 2512 chorum
910 2457 1072 2529 regit,
1121 2467 1393 2529 apportat.
1434 2456 1491 2513 Si
1527 2460 1663 2511 vero

111 2542 301 2601 domnus
331 2547 489 2615 abba,
553 2550 639 2605 vel
688 2549 792 2604 alia
850 2550 972 2607 talis
1008 2566 1240 2621 persona
1290 2551 1465 2613 adest,
1512 2550 1655 2606 idem

112 2645 267 2693 cantor
293 2654 565 2709 acerram,
604 2651 661 2698 et
686 2642 1000 2700 Conversus
1033 2644 1368 2699 thuribulum
1394 2644 1442 2701 ei
1474 2643 1654 2699 all‘ert.

111 2725 155 2782 In
178 2731 375 2797 privatis
404 2735 601 2791 diebus
640 2736 809 2791 semel
837 2745 1070 2805 tantum,
1117 2737 1170 2792 id
1199 2745 1305 2803 est,
1338 2745 1461 2808 post
1487 2736 1649 2793 offer-

112 2825 269 2880 torium
292 2827 555 2896 praedicto
578 2830 738 2886 modo
761 2830 1031 2887 inccnsat.

164 2915 249 2972 Sed
274 2922 567 2977 notandum
613 2923 756 2994 quod
800 2924 855 2979 in
895 2922 1183 2979 duodecim
1230 2922 1555 2979 lectionibus
1584 2923 1654 2978 ad

111 3006 286 3063 missam
320 3010 581 3079 majorem
618 3013 701 3069 his
744 3013 1004 3069 fratribus
1045 3013 1323 3069 incensum
1360 3023 1447 3070 est
1474 3013 1652 3069 admi-

110 3099 409 3165 nistramlum,
439 3103 589 3159 sicut
613 3103 776 3159 etiam
799 3121 922 3160 cum
942 3103 1133 3160 festive
1156 3105 1334 3173 agitur
1360 3104 1427 3159 ad
1456 3105 1677 3175 missas

107 3188 452 3251 defunctorum.
486 3195 657 3267 Kyrie
678 3196 868 3251 elcison
907 3197 1145 3268 incepto,
1177 3196 1490 3252 cerofetarii
1519 3214 1649 3252 can-

106 3280 279 3338 delabra
304 3298 505 3357 ponunt
544 3288 688 3344 inter
733 3289 835 3343 alia
882 3287 1129 3358 majora:
1165 3300 1219 3344 et
1247 3289 1372 3358 quia
1405 3290 1459 3343 in
1511 3287 1651 3345 Sab-

107 3370 201 3427 bato
220 3374 271 3431 S.
305 3378 655 3436 Pentecostcs
685 3381 848 3435 missa
874 3397 904 3435 a
930 3379 1092 3451 Kyrie
1118 3379 1309 3436 eleison
1338 3379 1647 3443 inchoatur,

107 3479 199 3519 ntox
240 3477 295 3523 ut
336 3470 734 3542 ingrediuntur,
788 3487 852 3527 ea
911 3480 1140 3541 ponunt,
1210 3485 1310 3525 nec
1354 3477 1644 3539 antequam

107 3550 402 3627 Evangelium
435 3561 542 3632 legi
591 3562 769 3625 debet,
797 3578 861 3618 ea
910 3562 1110 3617 levant.
1142 3562 1259 3628 Quo
1285 3560 1523 3632 perlecto
1547 3561 1645 3615 ite-

107 3656 197 3698 rutn
226 3663 279 3703 ea
304 3660 543 3720 ponunt;
583 3654 679 3707 sed
712 3652 860 3721 prius
886 3668 950 3708 ea
999 3668 1104 3707 non
1137 3652 1336 3717 levant,
1369 3666 1530 3721 quam
1557 3665 1644 3705 sa-

103 3736 254 3794 cerdos
278 3755 453 3812 apace
492 3744 742 3809 redierit,
771 3754 825 3798 et
864 3752 992 3798 tunc
1030 3758 1094 3797 ea
1133 3758 1346 3797 sursum
1374 3750 1641 3805 tenentes,

105 3823 314 3886 tlturibuli
337 3844 616 3903 perlatore
641 3835 694 3888 in
719 3834 894 3888 medio
916 3846 1102 3889 eorum
1129 3847 1253 3888 cum
1282 3831 1560 3887 tburibnlo
1584 3841 1641 3886 et

104 3914 295 3990 Incenso,
340 3927 480 3994 quod
524 3926 776 3997 imponit,
829 3927 919 3997 qui
970 3933 1170 3996 portat,
1219 3934 1417 3992 stante,
1470 3926 1643 3981 donec

103 4022 195 4079 P051
232 4022 659 4077 communionem
714 4020 887 4090 prima
928 4018 1154 4074 collecta
1204 4032 1375 4089 usque
1418 4016 1484 4072 ad
1534 4015 1641 4071 Per

103 4102 333 4165 Dominum
360 4125 600 4168 nostrum
634 4112 784 4167 finita
810 4112 903 4175 sit,
939 4112 1062 4166 inde
1092 4128 1199 4167 non
1229 4110 1451 4168 recedit.
1492 4108 1638 4164 Infra

104 4192 445 4260 hebdomadam
480 4221 610 4261 cum
648 4220 753 4259 non
790 4212 874 4259 est
905 4202 1100 4258 festum
1138 4204 1422 4260 duodecim
1451 4203 1639 4269 lectio-

103 4301 218 4357 num,
264 4295 484 4354 invicem
535 4298 851 4363 observant,
899 4305 960 4351 ut
1009 4297 1241 4366 quisque
1303 4298 1361 4363 in
1414 4296 1500 4350 die
1533 4294 1635 4349 sibi

102 4382 340 4442 terminato
367 4385 759 4443 candelabrum
800 4394 855 4441 et
896 4385 1229 4441 thuribulum
1257 4392 1457 4455 portet.
1489 4382 1634 4438 Idem

101 4465 141 4521 in
162 4478 377 4544 sequenti
402 4477 747 4534 bebdomada
772 4477 838 4531 ad
866 4478 1103 4547 priorem
1136 4477 1378 4541 missam,
1418 4473 1462 4529 si
1486 4472 1639 4529 festi-

2338 1988 2567 2045 CAPUT
2596 1988 2780 2045 XCIV.

1987 2076 2061 2133 De
2097 2078 2179 2133 Itis
2210 2079 2300 2149 qui
2347 2079 2606 2149 jubentur
2660 2081 2876 2143 chorum
2931 2088 3157 2145 mutare,

1833 2172 1849 2191 '
1894 2168 1950 2224 Si
1982 2171 2105 2241 quis
2132 2184 2313 2228 autem
2357 2173 2478 2228 alba
2517 2174 2740 2229 indutus
2766 2174 2869 2229 hoc
2920 2174 3083 2228 modo
3122 2174 3354 2230 chorum

1760 2270 1975 2317 mutare
2018 2264 2260 2334 jubetur,
2287 2280 2410 2319 mox
2440 2266 2493 2321 in
2546 2266 2792 2335 sequenti
2852 2264 2986 2321 hora
3028 2263 3353 2335 regreditur.

1760 2354 1856 2409 Sin
1899 2365 2104 2422 autem,
2155 2356 2362 2428 absque
2404 2355 2558 2426 jussu
2616 2374 2721 2413 non
2774 2358 2934 2424 redit,
2965 2358 3071 2414 nisi
3099 2357 3224 2428 quis
3284 2358 3353 2414 de

1758 2446 2051 2503 illitteratis
2078 2450 2168 2504 sit.
2202 2448 2470 2504 Sacerdos
2510 2464 2675 2520 supra
2708 2450 2956 2505 seniores
2996 2458 3106 2505 stat
3130 2449 3199 2504 ad
3226 2464 3356 2505 eam

1761 2543 1951 2610 cellos,
1992 2544 2078 2602 vel
2117 2546 2164 2602 si
2208 2546 2379 2602 abbas
2410 2546 2606 2617 aliquis
2656 2546 2712 2601 in
2741 2559 2810 2602 eo
2851 2547 3019 2602 choro
3053 2555 3159 2608 est.
3208 2544 3352 2601 infra
3430 2570 3439 2581 ι

1762 2651 1910 2692 cum.
1945 2636 2217 2693 Diaconus
2254 2647 2311 2693 et
2335 2638 2723 2704 subdiaconus,
2751 2640 2797 2693 si
2821 2640 2939 2693 sine
2965 2646 3196 2708 uterque
3222 2644 3353 2695 sunt

1757 2727 2004 2782 custodia
2037 2728 2395 2799 provectioris
2414 2730 2611 2797 :etatis,
2649 2727 2884 2786 ministri
2913 2745 3132 2801 quoque
3158 2730 3351 2785 altaris

1759 2818 1804 2873 si
1841 2827 1970 2875 sunt
1991 2817 2241 2885 litterati,
2271 2829 2328 2875 et
2352 2828 2506 2875 extra
2542 2822 2843 2876 custodiam
2875 2823 2941 2876 ad
2964 2821 3267 2887 cancellos;
3303 2822 3351 2879 si

1756 2926 1887 2968 vero
1914 2913 2175 2970 custodia:
2199 2914 2512 2984 mancipati,
2533 2915 2620 2970 vel
2644 2914 3099 2971 adolescentiores
3126 2916 3255 2980 sint,
3294 2916 3349 2972 in

1756 3006 2068 3061 summitate
2118 3004 2560 3073 liueaefstabuut.
2617 3006 2781 3061 Iidem
2832 3006 3091 3071 ministri,
3124 3007 3173 3063 si
3220 3014 3351 3063 sunt

1757 3098 2028 3164 conversi,
2079 3098 2331 3168 quamvis
2359 3106 2485 3153 sunt
2523 3098 2758 3169 acolytbi
2804 3098 2890 3153 vel
2942 3099 3256 3155 subdiaconi
3290 3106 3351 3154 et

1755 3186 2075 3243 cercferarii
2108 3188 2162 3242 in
2205 3189 2517 3243 summitate
2548 3188 2772 3259 parietis
2813 3197 3003 3247 contra
3033 3187 3206 3244 altare
3234 3188 3346 3244 sint

1677 3254 1723 3315 (ἶ
1754 3278 1938 3334 locati.
1975 3278 2375 3336 Providentiam
2427 3292 2512 3334 est
2540 3289 2720 3334 autem
2767 3296 2837 3337 ne
2864 3296 2933 3337 ex
2975 3283 3060 3337 bis
3091 3280 3346 3339 omnibus

1751 3370 1933 3440 plures
1948 3369 2057 3425 sint
2079 3371 2131 3425 in
2160 3369 2407 3427 custodia
2434 3385 2598 3440 quam
2618 3370 2746 3427 duo.

2324 3458 2554 3517 CAPUT
2602 3460 2765 3517 XCV.

2246 3575 2323 3631 De
2378 3591 2570 3630 mensa-
2620 3576 2830 3630 lectore.

1867 3668 2067 3724 Mensa:
2106 3668 2299 3736 lector,
2325 3670 2368 3724 si
2398 3684 2503 3723 non
2546 3678 2630 3723 est
2674 3670 2725 3722 in
2758 3667 3025 3734 custodia,
3052 3670 3105 3723 in
3138 3670 3338 3727 minori

1745 3765 1914 3823 choro
1947 3764 2086 3818 infra
2140 3772 2425 3834 utramque
2458 3762 2677 3817 missam
2704 3778 2771 3817 ex
2804 3770 2916 3817 toto
2960 3763 3189 3818 intendit
3231 3762 3339 3830 liis,

1744 3875 1866 3929 qme
1897 3857 2137 3913 lecturus
2186 3865 2297 3912 cst:
2349 3857 2432 3912 sin
2476 3865 2656 3912 autem
2709 3856 2763 3910 in
2822 3854 3012 3925 majori
3056 3855 3224 3912 choro
3263 3857 3334 3912 ad

1744 3947 1906 4004 linem
1932 3948 2119 4004 forma:
2136 3947 2526 4004 occidentalem
2561 3946 2791 4002 residet:
2815 3948 2959 4018 quod
2986 3947 3029 4001 si
3063 3946 3115 4001 in
3139 3947 3336 4017 aliqui‘

1743 4040 1845 4096 bus
1864 4039 2077 4096 dubitat
2104 4040 2174 4096 ab
2199 4041 2453 4106 armario,
2494 4039 2579 4094 vel
2627 4042 2696 4093 ab
2728 4039 2835 4094 alio
2875 4038 3115 4110 quolibet
3159 4040 3337 4108 perito

1743 4134 1913 4192 fratre
1938 4135 2250 4207 percuntari
2272 4148 2335 4189 ea
2367 4135 2570 4190 licitum
2602 4135 2782 4189 habet.
2826 4133 2960 4189 Cum
2988 4135 3141 4200 prior
3169 4134 3335 4189 missa

1741 4227 1884 4299 apud
1906 4228 2196 4283 ecclesiam
2224 4227 2282 4281 S.
2320 4226 2499 4281 Mariae
2520 4226 2848 4291 celebratur,
2890 4227 2935 4281 si
2961 4237 3043 4281 est
3072 4227 3123 4281 in
3150 4235 3339 4282 custo-

1740 4319 1850 4384 dia,
1888 4318 2119 4382 ibidem;
2153 4317 2234 4371 sin
2265 4318 2535 4373 autem'in
2568 4316 2885 4372 revcstiario
2905 4317 3078 4371 sedet.
3103 4316 3335 4384 Quando

1739 4407 1938 4463 fratres
1975 4408 2337 4462 communiter
2365 4406 2504 4463 albis
2532 4405 2616 4461 vel
2642 4405 2827 4476 cappis
2857 4405 3186 4470 vcstiuntur,
3216 4406 3334 4475 ipse

1737 4514 1951 4571 quoque
1974 4497 2043 4553 ad
2062 4498 2380 4552 firmandam
2405 4497 2692 4554 lectionem
2712 4497 2762 4551 in
2806 4495 2923 4551 alba
2955 4496 3108 4551 sedet
3132 4511 3237 4551 non
3270 4498 3327 4553 in

99 4560 149 4667 fe
166 4566 1014 4667 agitem-ministerium.portandi
1060 4569 1301 4667 luminis,
1328 4564 1631 4649 et‘incensi
1667 4612 1711 4667 Β
1740 4560 1933 4664 c'app'a.
1965 4593 2056 4664 (ω)
2083 4591 2103 4663 )
2127 4591 2279 4659 Quod
2309 4591 2353 4647 si
2392 4591 2510 4662 ipsa
2543 4589 2632 4646 die
2658 4590 2941 4660 smmum
2995 4590 3229 4657 mnium
3267 4606 3333 4646 ea

98 4647 289 4726 faciunt;
318 4660 362 4714 si
415 4674 599 4717 autem
628 4660 820 4716 festive
863 4676 968 4717 non
1009 4661 1209 4731 agitur,
1260 4647 1410 4714 unus
1443 4673 1631 4714 eorum

99 4736 240 4801 lumen
289 4760 482 4820 portat.
530 4751 632 4820 Qui
664 4753 827 4807 etiam
868 4765 926 4808 se
979 4767 1087 4806 non
1128 4751 1307 4816 exuit;
1363 4750 1458 4805 sed
1490 4749 1635 4804 inter

90 4844 556 4898 'mmtnunicandum
610 4854 800 4901 tenens
859 4842 1243 4901 candelabrum
1302 4858 1407 4898 non
1456 4843 1632 4915 prius,

96 4935 224 4994 quam
244 4944 355 5001 post
376 4934 828 4993 Commuuionem
874 4936 1050 5007 prima
1086 4934 1307 4991 collecta
1338 4933 1489 4989 finita
1518 4934 1635 4990 fue-

96 5014 174 5073 rit:
206 5024 297 5080 nisi
320 5025 453 5083 forte
482 5028 553 5083 ad
586 5027 874 5084 ecclesiam
900 5026 961 5083 S.
993 5026 1197 5095 Mariae,
1240 5026 1325 5084 vel
1363 5028 1429 5083 ad
1460 5028 1634 5083 altare

96 5104 141 5164 Β.
166 5112 332 5176 Crucis
358 5122 519 5178 missa
558 5132 815 5189 canatur;
858 5130 987 5177 tunc
1028 5121 1173 5177 enim
1202 5120 1541 5178 sacerdotem
1576 5131 1633 5176 et

98 5203 292 5277 rEliquos
314 5195 586 5272 ministros
613 5214 976 5285 praestolatur.
1000 5211 1128 5269 Sive
1155 5222 1336 5269 autem
1370 5212 1445 5269 sit
1486 5227 1631 5277 unus

96 5295 162 5349 vel
182 5307 293 5371 tres,
320 5305 697 5362 administrata
726 5306 959 5363 diacono
989 5321 1134 5376 aqua
1155 5305 1352 5362 oll'erre
1377 5321 1486 5362 non
1514 5314 1630 5360 tar-

98 5382 199 5440 dant
220 5406 234 5444 :
253 5392 434 5451 deinde
469 5412 603 5453 vero
631 5396 739 5453 duo
761 5411 829 5453 ex
858 5397 963 5453 illis
990 5397 1141 5451 albas
1163 5407 1393 5459 exuunt,
1424 5398 1626 5453 iterum

94 5484 318 5539 reversuri
340 5486 404 5542 ad
432 5489 845 5545 ministrantium
887 5504 1083 5561 aquam
1111 5489 1407 5556 sacerdoti;
1440 5490 1633 5544 tertius

95 5574 200 5623 vero
226 5574 309 5644 qui
339 5578 458 5634 thus
500 5582 657 5639 debet
692 5581 1066 5647 circumferre,
1103 5580 1322 5636 interim
1362 5578 1631 5639 senditl‘ert

96 5666 276 5717 exuere.
298 5664 626 5727 Candelabra
671 5679 855 5729 autem
890 5671 1123 5728 sacrista
1161 5669 1629 5727 llebdomadarius

96 5746 218 5807 llnita
243 5768 358 5825 post
375 5760 813 5821 Commuuionem
841 5766 1014 5837 prima
1042 5762 1267 5822 collecta
1295 5780 1418 5823 cum
1463 5763 1591 5819 lumi
1609 5793 1627 5804 -

95 5840 223 5901 nibus
267 5856 467 5921 reponit
506 5857 556 5913 in
597 5859 774 5915 locum
820 5874 998 5914 suum.
1041 5858 1395 5932 Quocumque
1443 5868 1624 5916 autem

1741 4687 2016 4751 inclinata,
2044 4686 2269 4740 chorum
2296 4685 2485 4747 intrat,
2509 4684 2767 4754 finitoque
2794 4683 3085 4755 Evangelia
3109 4684 3334 4741 reverti—

1738 4788 1845 4834 tur.
1870 4774 2069 4833 Finitis
2082 4775 2301 4846 majoris
2322 4776 2502 4831 missre
2526 4774 2834 4841 solemniis;
2862 4773 2944 4830 vel
2972 4773 3331 4844 sialiquamlo

1736 4871 1826 4927 illa
1874 4880 2029 4927 extra
2078 4867 2465 4925 monasterium
2522 4867 2760 4931 canitur,
2815 4866 2885 4921 ad
2935 4866 3095 4923 linem
3131 4866 3332 4936 prioris

1735 4968 1936 5032 missae,
1966 4965 2191 5023 veniens
2217 4964 2285 5019 ad
2331 4962 2561 5033 gradum
2597 4959 2725 5019 fecit
2771 4972 2900 5018 ante
2945 4971 3001 5017 et
3060 4969 3224 5028 retro,
3269 4966 3329 5015 et

1736 5067 1864 5114 tunc
1889 5072 2106 5115 versum
2153 5055 2297 5110 hunc
2329 5069 2454 5111 cum
2481 5063 2750 5110 conventu
2791 5054 3157 5124 respondente
3182 5068 3317 5122 pro-

1736 5149 1985 5205 nunciat:
2006 5144 2406 5211 Domine,labia
2434 5160 2549 5200 mea
2577 5146 2800 5211 aperias,
2823 5152 2958 5211 etc.,
2979 5143 3330 5214 prosequitur

1733 5241 1988 5297 sacerdos
2009 5256 2072 5296 ea
2100 5239 2479 5296 benedictione
2508 5256 2522 5293 :
2555 5238 2771 5294 Salvum
2803 5238 2889 5307 [ac
2921 5253 3124 5292 servum
3147 5246 3322 5291 tuum.

1736 5332 1965 5399 Mitteei,
1979 5330 2219 5386 Domine.
2244 5329 2501 5385 Dominus
2522 5329 2744 5384 custodit
2770 5338 2841 5383 te.
2873 5327 3131 5385 Dominus
3147 5338 3325 5383 custo-

1733 5423 1844 5478 diat
1873 5424 2146 5478 introitum
2186 5432 2334 5476 tuum
2362 5431 2409 5475 et
2457 5423 2652 5476 exitum
2685 5431 2860 5488 tuum,
2890 5431 2939 5475 et
2965 5419 3173 5489 auferat
3207 5437 3240 5475 a
3274 5431 3328 5475 te

1731 5515 1977 5584 spiritum
2030 5514 2294 5569 elationis.
2365 5511 2461 5569 Vel
2517 5513 2695 5579 istam.
2748 5514 2951 5578 Averte,
2996 5530 3319 5584 quwsumus,

1733 5608 1973 5675 Domine,
2004 5608 2068 5662 ab
2102 5606 2198 5661 hoc
2221 5603 2421 5675 [urnula
2447 5614 2537 5658 tuo
2564 5604 2805 5673 spiritum
2827 5603 3069 5659 elationis
3097 5616 3143 5659 et
3168 5606 3323 5676 igno-

1731 5701 1940 5765 rantiaz,
2006 5708 2063 5752 ut
2116 5696 2385 5751 humiliter
2427 5694 2598 5766 legens
2640 5713 2850 5751 sensum
2901 5707 2950 5750 et
3000 5696 3318 5753 intellectum

1729 5793 1901 5862 rapiat
1943 5791 2200 5847 lectionis.
2239 5789 2341 5848 Per
2380 5790 2686 5847 Dominum.
2738 5790 2916 5846 Finita
2941 5790 3323 5848 benedictione

1731 5886 1900 5943 lector
1930 5885 2152 5941 inclinat
2174 5895 2297 5943 ante
2317 5894 2372 5940 et
2395 5892 2561 5943 retro.
2591 5884 2686 5940 Sin
2729 5896 2913 5941 autem
2942 5883 3123 5955 aliquo
3155 5883 3321 5939 inter-
