3872 6306
504 366 632 421 1027

1622 352 1680 419 3.
1721 358 2097 420 GUILLELMI
2133 359 2424 416 aeearts
2461 360 2791 420 mnsam}.
3594 375 3693 437 im

494 479 746 533 veniente
797 492 923 530 casu
960 475 1088 530 huic
1144 463 1325 531 versui
1375 475 1607 531 defuerit
1635 517 1649 539 ,
1673 476 1810 531 alius
1869 492 1965 546 pro
2009 490 2074 530 eo
2104 480 2149 539 Λ
2180 474 2234 529 Si
2266 476 2442 530 altiori
2473 477 2739 531 interdum
2774 492 2901 532 voce
2921 493 3080 547 quam
3103 480 3341 549 expedit,
3366 481 3503 553 legit,
3529 498 3696 549 mutato

497 570 641 622 hunc
695 568 842 634 dicit,
898 576 951 621 et
1006 583 1101 637 pro
1137 567 1381 636 neglecta
1439 567 1812 622 benedictione
1862 566 2074 621 veniam

496 660 650 729 petit.
2064 642 2067 649 ’

564 749 584 771 ’
613 747 751 803 Ante
791 747 1093 817 generalem
1146 746 1491 802 refectionem
1534 746 1599 801 de
1642 761 1782 815 pane
1833 745 2077 815 prtelibat

487 833 642 897 juxta
691 844 1014 906 prmceptum
1075 835 1133 889 S.
1184 835 1481 889 Benedicti.
1542 836 1705 904 (cap.
1748 834 1871 904 38).
1913 834 2077 888 Cavct

493 935 756 993 praeterea
793 942 861 980 ne
912 935 1037 981 ante
1078 925 1235 980 ﬁnem
1284 927 1460 980 missae
1484 925 1564 979 vel
1594 926 1858 980 orationis
1904 927 2076 980 inter-

496 1018 620 1071 dum
665 1017 883 1072 missam
908 1019 1183 1087 sequentis
1213 1019 1301 1071 illo
1329 1033 1552 1089 pergere
1587 1028 1908 1088 prxsumat,
1942 1032 2066 1072 cum

494 1122 596 1161 nec
628 1108 750 1181 inde
780 1110 1029 1167 recedere
1070 1109 1225 1163 debet
1269 1110 1383 1163 sine
1432 1111 1675 1179 coquinte
1706 1109 2071 1164 hebdomada-

494 1198 609 1252 riis.
634 1194 1151 1260 Prandioinchoato.
1178 1199 1220 1255 si
1237 1200 1302 1255 ad
1326 1199 1554 1255 ofﬁciunt
1585 1201 1821 1257 defuncti
1839 1202 2071 1256 tabulam

495 1288 727 1342 audierit
776 1290 1001 1356 percuti,
1066 1304 1291 1361 surgens
1351 1291 1607 1345 continuo
1660 1292 1726 1345 ad
1790 1292 2071 1346 ecclesiam

494 1379 659 1443 vadit,
692 1381 785 1433 sed
831 1379 994 1435 ﬁnitis
1023 1380 1198 1435 tribus
1236 1380 1558 1436 lectionibus
1585 1381 1745 1447 redit,
1776 1382 2073 1450 eodemque

494 1471 654 1523 modo
677 1470 879 1524 carteri.
918 1471 975 1526 Si
1023 1485 1150 1526 vero
1178 1488 1274 1541 pro
1301 1473 1515 1527 obituro
1545 1472 1713 1528 fratre
1751 1473 2070 1543 percutitur,

491 1574 872 1618 concurrentes
917 1572 970 1617 et
1021 1564 1118 1633 ipsi
1171 1579 1510 1634 nequaquam
1565 1566 1963 1635 rcgrediuntur.
2013 1563 2068 1616 In

492 1653 839 1708 refectorium
895 1653 1114 1708 veniens
1144 1662 1198 1707 et
1236 1663 1384 1708 stans
1415 1654 1467 1708 in
1492 1654 1608 1709 loco
1650 1668 1769 1718 suo,
1799 1668 1904 1707 nou
1943 1652 2071 1707 facit

493 1754 618 1800 ante
660 1754 715 1801 et
766 1755 911 1801 retro
939 1746 1165 1816 aliisque
1208 1748 1493 1802 adversum
1527 1745 1922 1807 inclinantibus,
1955 1743 2068 1814 ipse

2180 579 2299 620 eam
2335 577 2701 635 competenter
2731 570 2890 633 vaiet,
2920 570 2962 625 si
3004 571 3104 624 sibi
3141 570 3336 640 placet:
3369 572 3426 629 In
3452 589 3590 631 C(Bna
3621 580 3698 637 Do-

2178 657 2309 711 mini
2337 668 2391 713 et
2416 659 2469 713 in
2493 658 2788 715 Parascevc
2820 661 2967 716 ﬁnita
3003 661 3236 718 lectione
3266 663 3492 720 solerter
3519 668 3697 728 intendit

2179 744 2432 800 domuum
2465 749 2732 813 abbatem,
2757 759 2811 803 et
2833 750 2948 804 viso
2974 752 3089 820 ejus
3118 754 3302 822 signo,
3323 752 3494 823 legere
3512 757 3694 816 desiuit.

2178 836 2246 891 Et
2273 838 2316 890 si
2358 837 2409 891 in
2439 836 2545 892 ﬁne
2580 853 2767 893 versus
2801 838 3027 907 alicujus
3078 840 3181 895 sibi
3214 842 3475 908 innuitur,
3510 845 3695 912 ejusdem

2177 940 2365 982 versus
2392 928 2568 996 aliqua
2588 930 2750 985 verba
2779 931 2990 999 repetit,
3015 940 3069 984 ιιι
3096 947 3162 986 eo
3180 937 3562 1004 competentius
3582 938 3698 995 lectio

2176 1015 2412 1071 ﬁniatur.
2456 1018 2710 1075 Lectione
2759 1020 2930 1087 ﬁnita,
2972 1023 3194 1078 veniens
3234 1024 3299 1077 ad
3351 1027 3563 1095 gradnm
3603 1029 3698 1085 facit

2174 1117 2300 1162 ante
2342 1118 2396 1162 et
2425 1119 2587 1173 retro,
2619 1119 2672 1164 et
2704 1111 2747 1167 si
2779 1127 2882 1165 non
2927 1123 3009 1167 est
3055 1115 3107 1168 in
3159 1117 3428 1183 custodia,
3466 1119 3639 1174 secedit
3660 1122 3698 1175 in

2174 1197 2547 1252 dormitorium
2578 1198 2661 1253 vel
2696 1200 2749 1254 in
2782 1201 3079 1271 regularem
3130 1204 3452 1284 coquinam;
3496 1207 3537 1259 si
3561 1216 3696 1262 autem

2172 1295 2253 1341 est
2280 1288 2330 1342 in
2355 1290 2617 1357 custodia,
2649 1289 2713 1343 ad
2735 1289 3000 1358 justitiam
3028 1299 3180 1347 suam
3216 1294 3387 1359 vadit,
3416 1302 3469 1349 et
3496 1295 3590 1350 illic
3610 1311 3700 1351 erc-

2172 1379 2303 1449 ctusj
2326 1390 2604 1449 ex3pectat
2642 1396 2919 1451 quousque
2953 1396 3141 1437 versus
3184 1382 3421 1437 ﬁniatur.
3458 1384 3563 1451 Quo
3585 1385 3699 1441 ﬁnito

2171 1478 2296 1524 ante
2323 1478 2379 1524 et
2404 1480 2547 1525 retro
2584 1486 2687 1525 non
2724 1472 2948 1538 faciens,
3001 1475 3210 1530 custodi
3242 1490 3343 1530 suo
3378 1489 3436 1531 se
3469 1475 3639 1547 jungit,
3659 1488 3699 1533 et

2172 1567 2296 1614 tunc
2326 1561 2574 1616 similiter
2597 1564 2736 1618 sicut
2779 1565 2831 1619 in
2886 1566 3172 1622 refectorio
3215 1580 3344 1621 ante
3380 1575 3434 1622 et
3472 1579 3598 1624 retm
3620 1586 3697 1625 non

2170 1651 2395 1717 faciens,
2424 1653 2593 1707 ascito
2621 1657 2843 1710 custode
2871 1655 3129 1711 refectum
3179 1658 3343 1721 vadit,
3385 1666 3439 1712 et
3482 1668 3592 1713 tunc
3615 1662 3698 1729 pri-

2174 1757 2319 1796 mum
2350 1744 2417 1797 ad
2446 1743 2621 1799 locum
2650 1760 2804 1800 suum
2845 1756 2968 1801 ante
2996 1757 3049 1802 et
3078 1758 3224 1804 retro
3255 1748 3403 1803 facit.
3438 1748 3508 1803 Ibi
3533 1765 3699 1820 quoque

492 1844 602 1890 stat
627 1845 854 1899 erectus,
888 1845 937 1891 et
963 1838 1005 1891 si
1030 1838 1094 1890 ad
1117 1835 1543 1892 benedictionem
1567 1837 1645 1891 sic
1667 1835 1849 1889 venire
1870 1842 2065 1903 potest,
2104 1829 2145 1887 Β
2177 1845 2207 1884 a
2256 1832 2479 1887 custode
2536 1848 2634 1888 suo
2688 1838 3100 1891 commendatur
3156 1838 3386 1893 fratrum
3425 1840 3591 1903 alicui,
3632 1844 3698 1910 qui

492 1937 552 1980 ιιι
579 1936 730 1983 veste
773 1944 866 1984 sua
910 1929 1137 1983 fratrum
1169 1930 1345 1997 capita
1378 1944 1483 1983 non
1518 1936 1723 1999 tangat,
1753 1927 1930 1980 locum
1957 1939 2063 1979 non

494 2028 695 2084 mutat;
727 2020 809 2074 sin
843 2030 1044 2088 autetn,
1098 2037 1217 2075 cum
1251 2020 1540 2074 inchoatur
1582 2032 1797 2083 versus,
1828 2019 1919 2072 tali
1948 2018 2066 2071 loco

462 2115 464 2118 ’
492 2124 551 2164 se
581 2110 834 2180 applicat,
862 2112 1004 2166 unde
1046 2112 1113 2165 ad
1144 2112 1367 2180 gradum
1400 2109 1608 2179 absque
1636 2108 1862 2163 fratrum
1894 2109 2064 2175 impe-

496 2201 738 2256 dimento
767 2201 951 2255 venire
990 2202 1186 2256 valeat.
1220 2203 1354 2273 (ω.)
1381 2202 1448 2256 Et
1477 2200 1600 2270 quia
1628 2200 1807 2253 nullus
1839 2197 2063 2251 fratrum

489 2295 781 2365 quidquam
811 2294 1067 2365 gustabit,
1100 2296 1408 2366 priusquam
1444 2293 1604 2348 lectio
1632 2292 1844 2360 incepta
1879 2288 2064 2352 fuerit,

482 2401 611 2442 cum
636 2388 867 2458 primum
898 2389 1126 2443 domnus
1156 2388 1318 2452 abba,
1348 2386 1432 2441 vel
1464 2386 1612 2456 prior
1640 2384 1962 2449 consederit,
1988 2383 2068 2437 le-

488 2486 607 2533 ctor
647 2479 1075 2534 benedictionem
1106 2481 1261 2548 petit,
1290 2478 1385 2533 sed
1437 2478 1488 2532 in
1520 2477 1685 2532 Coma
1710 2484 1764 2530 et
1794 2476 1845 2529 in
1890 2474 2061 2528 Para-

488 2585 647 2626 sceve
666 2572 766 2627 sub
790 2572 1004 2626 silentio
1035 2580 1088 2626 et
1132 2570 1399 2626 accelerat
1441 2568 1720 2623 lectionem
1760 2567 2018 2622 adordiri.
2043 2576 2065 2599 ⁶

490 2662 597 2719 Sed
647 2665 690 2720 si
746 2665 886 2720 liber
915 2664 1203 2734 aliquando
1244 2678 1308 2718 ex
1351 2662 1673 2733 negligentia
1711 2669 1910 2731 praesto
1958 2676 2063 2716 non

486 2754 672 2819 fuerit,
711 2756 823 2826 ipse
853 2756 897 2810 si
927 2755 1053 2825 quid
1078 2765 1205 2809 tunc
1226 2754 1402 2823 legere
1426 2752 1740 2807 memoriter
1761 2766 2062 2822 congruum

484 2848 707 2917 poterit,
756 2848 901 2918 legit.
947 2847 1043 2901 Ille
1092 2861 1242 2912 vero,
1290 2862 1353 2900 ex
1403 2843 1555 2914 cujus
1602 2843 1925 2915 negligentia
1965 2843 2067 2898 hoc

487 2943 671 2994 evenit
700 2938 1033 2994 in'crastino
1061 2938 1309 3007 capitulo
1361 2952 1458 3006 pro
1513 2938 1614 2991 hoc
1666 2935 1880 2991 veniam
1912 2935 2066 3004 petit.

488 3031 545 3086 Si
574 3030 848 3086 bomiliam
899 3030 1132 3084 lecturus
1169 3039 1271 3096 est,
1303 3043 1422 3097 quae
1451 3027 1772 3099 praecedenti
1820 3034 1974 3080 nocte
1998 3026 2064 3079 ad

489 3126 809 3179 matutinum
844 3122 977 3177 lecta
1008 3131 1111 3185 est,
1138 3122 1300 3177 verba
1330 3128 1535 3176 tantum
1555 3118 1909 3191 Evangelistae
1930 3133 2067 3189 prte-

488 3215 674 3281 miltit,
703 3232 754 3269 v.
780 3232 832 3286 g.
867 3214 995 3270 Cum
1020 3215 1291 3268 audieritis
1320 3213 1501 3283 prwlia
1542 3227 1647 3266 non
1678 3211 1994 3283 adjungens,
2017 3222 2063 3265 et

488 3307 706 3375 reliqua,
737 3321 833 3360 nec
872 3306 1191 3374 expositoris
1221 3304 1453 3373 aliquam
1485 3302 1811 3358 mentionem
1836 3302 2061 3357 faciens.

489 3394 545 3448 Si
592 3404 769 3448 autem
812 3395 920 3456 illa,
970 3409 1087 3463 quae
1118 3394 1183 3447 ad
1228 3394 1553 3448 matutinum
1600 3408 1705 3448 non
1760 3394 2061 3462 praecessit,

488 3494 613 3539 tunc
661 3486 820 3539 verba
860 3485 1129 3553 Evangelii
1169 3486 1299 3539 item
1331 3484 1630 3555 praemittit,
1678 3493 1733 3537 et
1780 3484 2064 3553 subjuncto

485 3575 809 3642 expositoris
862 3576 1079 3629 nomine
1108 3573 1380 3628 humilium
1415 3573 1618 3643 incipit.
1666 3573 2065 3639 Quotienscum-

487 3680 593 3734 que
632 3681 759 3720 vero
792 3664 1072 3735 epistolam
1103 3664 1184 3719 vel
1217 3663 1548 3735 passionem,
1575 3662 1658 3717 vel
1705 3662 1868 3715 vitam
1893 3661 2061 3715 alicu-

481 3758 570 3828 jus
616 3757 791 3821 sancti
855 3756 957 3827 legi
1011 3756 1273 3817 evenerit,
1334 3752 1695 3823 praecedentia
1760 3767 1946 3805 eorum
2009 3758 2064 3804 et

487 3850 865 3920 subsequentia
912 3863 1186 3916 nunquam
1216 3846 1318 3900 sub
1353 3845 1569 3901 silentio
1599 3845 1859 3914 prtelerit.
1910 3844 2062 3910 Quod

485 3942 644 3997 etiam
686 3942 737 3995 in
763 3938 1002 3996 exordiis
1029 3948 1083 3992 et
1125 3936 1228 3991 ﬁne
1276 3936 1690 4006 Prophetarum,
1720 3943 2063 3989 cmterorum-

487 4050 591 4103 que
641 4033 901 4089 librorum
955 4029 1257 4083 faciendum
1304 4044 1424 4083 esse
1467 4036 1673 4083 certum
1732 4035 1948 4092 teneat;
2006 4027 2060 4081 in

485 4127 823 4181 sermonibus
869 4132 1049 4176 autem
1100 4121 1459 4190 prtecedentia
1505 4135 1693 4174 eorum
1739 4128 1966 4172 tantum.
2004 4106 2059 4170 Si

495 4218 660 4271 vitatu
699 4215 781 4269 vel
824 4214 1127 4284 passionem
1151 4210 1378 4279 alicujus
1411 4210 1583 4266 sancti
1626 4209 1906 4279 inceperit,
1941 4209 2059 4262 etsi

489 4316 615 4361 ante
645 4305 759 4375 ejus
792 4304 953 4359 ﬁnem
994 4303 1271 4358 Dominica
1303 4300 1384 4356 vel
1420 4301 1561 4355 aliud
1594 4298 1787 4355 festum
1811 4313 2062 4371 occurre-

489 4396 575 4456 rit.
610 4410 729 4464 quze
768 4405 893 4448 sunt
937 4393 1317 4463 competentia,
1371 4391 1516 4463 legit.
1567 4391 1771 4458 Quibus
1808 4389 2057 4462 peractis,

2170 1931 2346 1977 tamen
2377 1934 2559 1993 postea
2601 1941 2722 1980 cum
2772 1926 2978 1996 psalmo
3013 1944 3117 1982 non
3161 1929 3316 1999 juxta
3357 1943 3477 1984 eum
3523 1931 3697 1997 incedit,

2168 2014 2257 2082 qui
2277 2015 2341 2068 ad
2369 2016 2573 2070 scillam
2596 2018 2835 2072 sedebat.
2862 2018 2919 2074 Si
2942 2034 3163 2076 necesse
3194 2021 3352 2074 habet
3385 2029 3505 2075 ante
3530 2035 3697 2076 caenam

2167 2120 2288 2160 cum
2318 2107 2531 2162 licentia
2561 2109 2716 2175 bibit,
2747 2111 2960 2180 quando
2987 2120 3287 2167 conventus
3319 2114 3545 2167 nondum
3569 2114 3702 2167 intra—

2166 2200 2262 2255 vit.
2293 2201 2348 2255 In
2377 2202 2731 2268 hebdomada,
2763 2204 2808 2258 si
2835 2203 3039 2260 duobus
3086 2206 3274 2261 diebus
3302 2220 3400 2276 pro
3426 2209 3702 2262 necessitate

2168 2292 2345 2362 aliqua
2376 2292 2536 2347 alium
2564 2292 2811 2369 fratrem,
2842 2302 2900 2348 ιιι
2926 2308 3023 2363 pro
3044 2308 3103 2348 se
3130 2294 3297 2365 legat,
3326 2296 3597 2365 rogaverit,
3619 2310 3699 2349 non

2170 2385 2578 2451 reprehenditur
2604 2403 2618 2440 :
2650 2387 2793 2451 quod
2819 2385 2864 2440 si
2890 2386 3189 2455 amplius...
3225 2386 3339 2457 (eo.
3368 2385 3497 2458 car.)
3520 2387 3606 2441 nisi
3626 2401 3702 2456 pm

2169 2475 2503 2539 inﬁrmitate,
2551 2486 2604 2531 et
2648 2478 2718 2532 ob
2757 2478 2859 2531 hoc
2893 2487 3084 2547 petens
3130 2479 3367 2544 veniam,
3418 2479 3470 2532 in
3508 2478 3703 2547 capitqu

2166 2566 2572 2620 monstraverit.

2170 2644 2175 2649 ’
2736 2658 2961 2716 CAPUT
3000 2659 3181 2715 XCVI.

2592 2749 2671 2803 De
2707 2750 2896 2806 lectore
2928 2753 3308 2807 ministrorum.
3356 2804 3359 2807 ,
3440 2804 3445 2805 ,

2240 2838 2349 2910 (eo.
2388 2839 2522 2911 var.)
2551 2838 2772 2895 Librum
2812 2841 2864 2894 in
2913 2857 3021 2911 quo
3069 2841 3356 2912 legendum
3390 2850 3486 2906 est,
3517 2844 3561 2898 in
3592 2844 3706 2899 refc-

2169 2930 2398 2984 ctorium
2428 2941 2610 3001 portat
2635 2943 2689 2988 et
2716 2942 2953 3004 reportat
2985 2935 3031 2989 is
3059 2936 3150 3005 qui
3180 2936 3309 3006 legit
3334 2936 3399 2991 ad
3433 2939 3702 2996 servitorcs.

2168 3018 2456 3086 adiuvante
2505 3038 2626 3078 eum
2676 3025 2813 3094 ipso,
2845 3025 2888 3079 si
2926 3040 3061 3095 opus
3106 3035 3208 3088 est,
3259 3043 3457 3082 mensa:
3500 3028 3703 3083 lectore:

2168 3110 2257 3180 qui
2283 3120 2337 3166 et
2366 3128 2487 3168 mox
2519 3130 2642 3170 cum
2671 3130 2791 3170 cum
2822 3116 3154 3187 deposuerit,
3177 3118 3321 3187 quod
3356 3117 3613 3188 legendum
3639 3130 3705 3172 cst

2171 3203 2390 3257 invenit.
2418 3207 2437 3224 '
2469 3203 2606 3259 Huic
2650 3205 2812 3261 etiam
2845 3220 2906 3261 ea
2947 3222 3067 3276 quae
3118 3206 3358 3262 lecturus
3397 3216 3496 3275 est,
3522 3207 3705 3263 ﬁrmare

2167 3292 2312 3359 licet,
2354 3296 2782 3366 quandocunque
2830 3298 3073 3367 exceptis
3120 3300 3407 3352 missarum
3449 3300 3615 3368 spatiis
3656 3300 3706 3352 li-

2167 3386 2321 3441 brum
2348 3394 2403 3441 et
2424 3386 2592 3441 otium
2622 3388 2805 3442 habet.
2833 3389 2913 3442 Ad
2959 3388 3238 3459 legendum
3269 3404 3419 3455 vero,
3444 3390 3558 3444 inde
3583 3390 3706 3443 exire

2168 3494 2272 3534 non
2307 3478 2559 3543 tardabit,
2594 3494 2716 3533 mox
2764 3488 2825 3534 ut
2871 3490 2990 3550 post
3037 3480 3386 3535 refectionem
3423 3490 3705 3537 conventum

2165 3584 2233 3623 ex
2263 3578 2377 3623 toto
2400 3570 2622 3624 chorum
2661 3586 2780 3624 cum
2807 3571 3012 3640 psalmo
3058 3572 3291 3625 intrasse
3330 3570 3634 3641 cognoverit,
3659 3579 3707 3624 et

2167 3660 2211 3715 si
2243 3671 2325 3714 est
2354 3660 2405 3713 in
2430 3661 2677 3715 custodia
2704 3662 2893 3716 eodem
2921 3661 3134 3724 ordine,
3165 3677 3271 3729 quo
3312 3662 3623 3731 praedictum,
3650 3661 3708 3713 de

2164 3752 2394 3808 ecclesia
2428 3753 2576 3817 exit;
2606 3754 2685 3808 sie
2721 3768 2933 3823 quoque
2963 3765 3012 3807 et
3048 3754 3137 3807 ille
3178 3753 3339 3808 alicui
3372 3753 3424 3807 in
3460 3752 3706 3806 refcctorio

2164 3845 2534 3900 committatur
2576 3864 2588 3898 :
2634 3853 2690 3899 at
2736 3845 2778 3899 si
2825 3846 2876 3898 in
2912 3845 3152 3899 custodia
3207 3860 3312 3899 non
3360 3853 3441 3905 est
3481 3845 3539 3897 de
3569 3844 3706 3895 choro

2165 3939 2372 4003 exiens,
2397 3938 2559 3993 faciet
2581 3946 2705 3992 ante
2734 3945 2787 3991 et
2811 3945 2974 4001 retro,
3005 3946 3057 3989 et
3087 3936 3234 3989 ﬁnita
3267 3935 3554 3992 refectione
3576 3932 3705 3987 mini-

2164 4041 2403 4087 strorum
2438 4032 2687 4100 factaque
2720 4036 2975 4084 consueta
3019 4029 3370 4083 inclinatione
3412 4029 3477 4083 ad
3516 4027 3702 4098 gradum

2164 4132 2343 4194 potest
2370 4124 2422 4177 in
2453 4124 2640 4177 eodem
2662 4119 2779 4175 loco
2808 4120 3078 4179 licentiam
3101 4118 3319 4174 bibendi
3349 4118 3602 4188 accipere;
3628 4115 3702 4167 sed

2164 4215 2359 4268 iterum
2390 4213 2583 4267 ibidem
2623 4212 2935 4282 priusquam
2967 4210 3115 4267 bibat
3162 4218 3286 4265 ante
3322 4218 3378 4264 et
3415 4218 3553 4265 retro
3579 4207 3704 4260 debet

2164 4303 2367 4369 facere,
2418 4304 2464 4359 si
2517 4318 2655 4359 nona
2703 4306 2966 4372 sequitur,
3004 4301 3127 4370 quia
3185 4310 3317 4356 tunc
3371 4316 3491 4356 cum
3539 4298 3702 4353 eisdem

2162 4397 2427 4454 ministris
2454 4411 2573 4453 eam
2606 4403 2688 4451 est
2714 4404 3050 4456 cantaturus,
3098 4394 3163 4448 ad
3192 4393 3481 4449 ecclesiam
3510 4390 3706 4461 regredi-

486 4484 629 4551 quod
682 4484 746 4537 de
782 4483 889 4536 vita
919 4484 1004 4538 vel
1036 4483 1285 4553 passione
1308 4482 1578 4537 residuum
1607 4481 1799 4546 fuerat,
1828 4487 2057 4551 repetet.

2171 4499 2271 4545 tttr.
2304 4488 2741 4557 Quandocunque
2781 4494 2957 4541 autem
3004 4486 3055 4539 id
3091 4500 3251 4555 agere
3292 4501 3399 4539 non
3432 4484 3600 4544 habet,
3631 4493 3706 4533 ne-

487 4575 638 4641 Quod
666 4574 711 4628 si
743 4583 949 4644 tempus
976 4574 1213 4643 legenda:
1257 4573 1482 4644 alicujus
1529 4573 1768 4627 bistorim
1814 4570 1897 4627 vel
1934 4586 2062 4642 pro-

486 4668 703 4736 phetiae,
750 4682 869 4736 quae
910 4666 1264 4736 subscquenti
1299 4674 1805 4736 temporecongrue
1834 4662 1938 4733 legi
1970 4678 2063 4716 va-

487 4760 616 4824 leat,
650 4759 862 4813 interim
896 4757 1289 4829 supervenerit,
1335 4764 1556 4825 propter
1611 4754 1751 4808 hanc
1789 4753 2059 4821 inceptum

486 4866 591 4904 non
619 4849 840 4905 omittit.

554 4941 814 4995 luchoans
859 4939 1167 5003 lectionem,
1196 4939 1240 4993 si
1269 4936 1533 4992 submissa
1576 4949 1708 4990 voce
1755 4933 1963 5004 legerit,
1991 4934 2058 4989 ah

484 5034 719 5089 armario
758 5033 1076 5088 adveniente
1104 5030 1316 5100 signum
1347 5028 1503 5082 altius
1530 5026 1734 5097 legendi
1760 5025 1982 5093 accipit;
2016 5024 2061 5079 si

483 5136 756 5197 corrupte,
780 5125 928 5197 prior
958 5125 1028 5191 ei,
1072 5132 1129 5176 ut
1169 5121 1424 5193 corrigat,
1449 5120 1531 5174 vel
1559 5120 1711 5189 signo
1749 5116 1947 5188 aliquo,
1978 5117 2063 5171 vel

484 5217 657 5293 ipsum
720 5218 942 5271 verbum
1020 5214 1353 5269 emendando
1419 5213 1725 5267 innotescit.
1799 5209 2062 5265 Observat

486 5325 699 5381 quoque
726 5309 865 5363 idem
906 5306 1075 5361 lector
1107 5314 1186 5372 ut,
1222 5305 1434 5375 quando
1474 5303 1621 5383 scilla
1668 5311 1751 5357 est
1776 5300 2057 5370 pulsanda,

487 5403 925 5472 impedimentum
958 5399 1321 5469 protrahendo
1350 5397 1630 5453 lectionem
1655 5394 1931 5464 pulsaturo
1955 5408 2059 5447 non

486 5493 675 5557 faciat;
704 5492 797 5545 sed
836 5500 1116 5561 postquam
1155 5490 1299 5543 illum
1344 5504 1544 5544 mensa:
1591 5501 1711 5540 cum
1742 5483 1944 5537 ferculo
1969 5499 2064 5552 ap-

483 5581 931 5653 propinquantem
966 5582 1180 5644 viderit,
1211 5589 1302 5633 aut
1353 5578 1595 5641 tacendo,
1643 5576 1686 5628 si
1732 5572 1855 5643 apte
1895 5574 2059 5639 valet,

486 5673 568 5745 vel
598 5672 827 5727 celerius
876 5655 1033 5728 solito
1077 5671 1236 5740 legat.
1277 5669 1559 5738 Respirarc
1610 5665 1774 5720 etiam
1812 5663 2062 5733 frequen-

492 5768 615 5826 tius,
665 5767 708 5821 si
749 5781 967 5819 necesse
1007 5764 1187 5826 habet,
1228 5770 1430 5829 potest;
1471 5757 1809 5813 mediocriter
1857 5764 2059 5810 tamen.

2163 4593 2431 4649 quaquam
2456 4578 2576 4632 illos
2602 4584 2920 4646 exspectare
2948 4575 3103 4631 solet.
3130 4574 3253 4628 Sive
3280 4584 3462 4628 autem
3488 4575 3536 4626 in
3562 4578 3705 4626 custo-

2164 4671 2250 4725 dia
2272 4672 2359 4733 sit,
2393 4670 2504 4725 sive
2533 4684 2661 4730 non,
2690 4669 2755 4722 de
2779 4667 3029 4737 analogio
3056 4665 3316 4719 recedens
3340 4664 3532 4718 librum
3557 4671 3702 4715 serunt

2162 4774 2361 4835 portat,
2394 4778 2553 4833 quem
2594 4770 2649 4816 et
2695 4775 2859 4829 super
2904 4774 3145 4813 mensam
3199 4757 3265 4810 ad
3321 4755 3516 4809 lineam
3565 4750 3701 4823 ponit,

2161 4853 2339 4909 donec
2364 4861 2489 4907 ante
2514 4861 2567 4906 et
2599 4860 2742 4904 retro
2765 4847 2947 4901 faciat.

2715 4937 2941 4993 CAPUT
2980 4935 3185 4991 XCVII.

2538 5031 2613 5085 De
2650 5028 3070 5084 hebdomadariis
3105 5027 3363 5096 coquintc.

2233 5126 2249 5148 ⁴¹
2292 5124 2703 5180 Hebdomadarii
2734 5120 2979 5191 coquinre
3029 5119 3202 5174 solent
3238 5113 3560 5185 essequanti
3585 5096 3709 5167 sum!

2163 5214 2351 5268 ciunt:
2388 5229 2615 5283 quorum
2661 5213 2750 5282 qui
2798 5212 2950 5283 prior
3002 5220 3084 5264 est
3130 5207 3243 5261 sive
3285 5202 3699 5260 obedientiarius.

2164 5306 2275 5361 sive
2317 5303 2477 5370 alius,
2507 5304 2725 5359 omnino
2771 5317 2879 5356 non
2929 5300 3245 5371 prohibetur
3288 5296 3522 5351 breviter
3556 5291 3702 5346 verbis

2164 5406 2288 5451 ante
2323 5395 2598 5450 cellarium
2630 5394 2730 5463 ipsi
2760 5390 3042 5446 cellerario
3071 5388 3333 5452 indicare,
3359 5388 3403 5441 si
3436 5383 3627 5453 aliquid
3640 5376 3702 5431 est

2163 5488 2318 5542 valde
2346 5486 2732 5547 necessarium,
2763 5483 2903 5551 quod
2928 5497 3024 5552 per
3054 5481 3203 5550 signa
3228 5494 3335 5531 non
3367 5486 3536 5547 potest
3560 5468 3699 5539 expli-

2163 5594 2307 5633 care.
2350 5574 2463 5630 Hoc
2498 5574 2747 5629 similiter
2784 5571 3083 5626 inﬁrmario
3118 5580 3174 5623 et
3217 5566 3554 5622 refectorart'o
3580 5562 3697 5614 licet.

2165 5667 2279 5733 (eo.
2309 5666 2441 5735 cur.)
2472 5665 2625 5732 Quod
2656 5664 2830 5733 primo
2862 5662 3064 5716 faciunt
3092 5660 3328 5714 cantatis
3361 5658 3413 5712 in
3453 5652 3696 5711 duodecim

2165 5756 2477 5826 lectionibus
2518 5755 2755 5826 vesperis
2793 5755 2856 5809 de
2901 5752 3154 5809 omnibus
3206 5749 3407 5805 sanctis
3453 5758 3605 5816 usque
3641 5740 3697 5791 ad
