3890 6314
92 388 210 445 itii?

1224 380 1633 440 CONSTITUT.
1674 380 2004 441 lllltSAUG.
2037 412 2108 425 —
2129 382 2258 438 LIB.
2287 382 2320 436 l.

3218 387 3346 450 14330

95 501 232 571 Kyrie
256 498 481 571 eleison;
516 504 603 552 aut
640 498 693 551 in
726 496 953 566 privatis
994 495 1184 551 diebus
1214 505 1445 568 pergunt
1471 497 1527 552 in
1557 512 1651 551 co-
1680 498 1721 554 Α
1752 498 1989 564 (luenda.
2019 495 2172 564 Quod
2199 497 2241 550 si
2270 496 2545 552 matutina:
2582 500 2788 555 tardius
2814 501 3128 571 explentur,
3157 510 3216 557 ut
3245 501 3345 561 ali‘

92 596 284 664 quinam
312 600 369 645 ut
397 592 666 663 accipiant
708 590 904 646 fabas:
943 590 1137 660 quibus
1181 592 1416 662 acceptis
1462 590 1645 645 lavant

91 701 167 739 eas
218 681 496 753 diligenter
546 696 698 750 aqua:
757 689 882 735 tunc
936 679 1152 747 infusrc;
1220 681 1271 734 in
1318 696 1423 750 qua
1481 680 1645 734 etiam

92 776 265 830 faciunt
300 789 390 828 eas
420 782 742 844 pernoctare
771 773 1011 829 caldario
1054 774 1193 828 bene
1220 782 1494 842 c00pcrto.
1536 771 1645 827 Ma-

92 868 251 922 tutinis
277 867 573 922 Dominica:
603 866 707 922 diei
746 866 994 934 expletis,
1028 866 1244 935 quando
1282 864 1354 918 illi
1385 864 1474 934 qui
1507 879 1645 932 prte-

91 961 221 1014 tcrita
268 960 604 1014 hebdomada
655 960 985 1025 servierunt,
1023 960 1088 1012 ad
1117 957 1341 1028 gradum
1369 957 1645 1011 venientes

91 1052 178 1105 Deo
203 1051 398 1121 gratias
423 1062 591 1121 agunt
631 1068 729 1122 pro
752 1053 1219 1107 consummatione
1260 1052 1465 1122 peracti
1493 1052 1644 1107 obse-

90 1146 182 1215 quii
210 1147 341 1200 hunc
373 1162 589 1201 versum
623 1156 703 1201 ter
732 1162 856 1202 cum
904 1148 1069 1202 totius
1096 1155 1392 1202 conventus
1421 1162 1645 1216 respou-

89 1239 216 1292 sione
237 1238 474 1294 dicentes
500 1255 516 1293 :
548 1240 881 1306 Benedictus,
924 1241 1143 1295 Domine
1181 1241 1344 1309 Deus,
1367 1242 1456 1311 qui
1485 1242 1644 1311 adju-

92 1332 184 1385 riui
202 1349 294 1397 me,
324 1343 371 1386 et
400 1334 705 1388 consolatus
734 1352 787 1388 es
810 1352 910 1399 me,
944 1333 1031 1389 isti
1073 1334 1199 1389 item
1240 1335 1291 1388 in
1323 1334 1642 1403 obsequium

94 1423 275 1489 facturi,
314 1424 405 1480 Dei
454 1425 783 1494 adjutorium
815 1434 1005 1495 petunt
1052 1426 1122 1480 ita
1156 1426 1397 1481 dicentes
1432 1444 1444 1478 :
1480 1425 1640 1488 Deus,

94 1514 135 1565 in
158 1512 463 1582 ndjntorium
491 1532 661 1569 meum
693 1516 923 1581 intende,
951 1525 1060 1571 etc.
1087 1516 1107 1536 ⁴
1136 1517 1286 1582 Quod
1311 1518 1353 1570 si
1384 1515 1505 1584 quis
1535 1515 1645 1569 illo-

96 1619 191 1656 rum
216 1604 278 1659 ibi
308 1620 552 1674 praesens
596 1623 700 1661 non
726 1608 905 1672 fuerit,
946 1608 1036 1677 qui
1063 1618 1187 1662 tunc
1233 1607 1510 1677 proximus
1538 1614 1644 1660 stat

94 1695 489 1761 benedictionem
538 1715 637 1769 pro
671 1701 892 1756 absente
939 1702 1161 1771 accipit;
1199 1701 1293 1755 sed
1330 1700 1418 1756 ille
1462 1709 1640 1754 tamen

92 1786 134 1838 in
164 1788 379 1842 crastino
427 1805 527 1859 pro
567 1790 665 1844 hac
705 1791 950 1861 neglecta
980 1792 1187 1846 veniam
1220 1792 1373 1860 petit.
1417 1808 1504 1847 un.
1535 1791 1641 1846 Pro

92 1879 380 1935 exeuntibus
405 1890 535 1935 sunt
577 1882 787 1937 dicendi
819 1882 1066 1937 versiculi
1100 1898 1130 1936 a
1159 1881 1439 1938 sacerdote
1472 1900 1484 1936 :
1519 1880 1638 1937 Sal-

91 1984 156 2020 ros
181 1970 254 2038 [ac
277 1987 441 2025 servos
458 1988 479 2035 ;
508 1970 782 2035 Converte,
824 1971 1067 2038 Domine,
1116 1988 1377 2042 usquequo
1395 2012 1410 2036 ,
1465 1986 1637 2040 eaque

89 2058 301 2126 collecta;
334 2060 471 2115 Deus
496 2063 585 2115 cui
615 2078 816 2131 semper
854 2062 1152 2127 humilium,
1185 2071 1297 2126 etc;
1336 2060 1635 2114 Misericors

91 2168 137 2202 ac
153 2153 355 2218 piissime
380 2154 545 2219 Deus,
570 2155 658 2224 qui
683 2156 867 2224 ubique
889 2154 1116 2223 [nuntios
1140 2166 1275 2207 mos.
1304 2152 1407 2207 Pro
1431 2153 1637 2206 intran-

91 2244 203 2298 tibus
243 2260 360 2299 vero
412 2244 601 2301 Salvos
653 2246 739 2316 [ac
797 2263 1003 2311 servos;
1057 2246 1207 2301 illiue
1251 2248 1348 2312 eis,
1394 2246 1631 2301 Domine.

91 2334 254 2390 Oratio.

142 2423 274 2479 Prius
312 2427 470 2481 etiam
516 2442 680 2496 quam
732 2436 1029 2482 conventus
1064 2434 1260 2482 exeunt
1301 2427 1366 2482 de
1405 2427 1631 2483 eccles'a

91 2510 134 2564 S.
160 2510 334 2578 llarim,
362 2524 420 2569 ut
453 2532 513 2570 se
557 2516 767 2585 possint
811 2516 1042 2587 calciare
1076 2526 1130 2569 et
1164 2517 1380 2570 interim
1410 2516 1634 2571 descen-

92 2601 208 2669 dere,
238 2603 353 2659 dum
383 2617 686 2662 conventus
721 2610 787 2663 ad
831 2610 1166 2663 necessarias
1196 2619 1305 2675 est;
1359 2626 1549 2665 manus
1578 2621 1632 2665 et

93 2690 223 2747 facies
253 2696 422 2751 lavant
450 2710 503 2752 et
530 2700 841 2768 pectinaut;
870 2700 1075 2755 faciunt
1116 2698 1542 2770 tres'orationes,
1575 2712 1631 2756 ut

93 2784 221 2837 moris
246 2795 319 2839 est
366 2787 417 2841 in
464 2790 721 2854 ecclesia,
757 2790 800 2845 si
851 2792 1055 2846 intrare
1093 2782 1389 2862 potuerint,
1431 2795 1475 2848 si
1523 2810 1626 2846 non

94 2888 219 2945 prope
269 2877 403 2935 fores
467 2881 737 2937 ecclesiae.
777 2885 793 2901 ⁶
842 2886 883 2938 Α
947 2885 1186 2941 calcndis
1247 2897 1428 2941 autem
1479 2896 1629 2941 octo-

92 2964 177 3019 bris
196 2985 340 3040 usque
370 2974 435 3027 ad
481 2973 693 3029 Pascha
738 2976 883 3029 finita
939 2979 1110 3046 prima
1160 2978 1361 3033 vadunt
1404 2979 1454 3032 in
1509 2979 1628 3033 dor-

94 3056 315 3115 mitorium
339 3072 392 3117 et
420 3065 764 3119 dinrualthns
789 3082 845 3120 se
877 3066 1137 3133 calciant;
1177 3083 1365 3122 manus
1386 3077 1439 3123 et
1463 3067 1629 3124 facies

1749 588 1966 655 quando
1988 586 2296 656 contigerit,
2322 589 2556 643 maxime
2590 590 2641 644 in
2675 591 2826 646 festis
2849 593 3132 662 pramipuis
3166 605 3218 649 et
3240 611 3344 652 ais-

1751 679 2020 745 tivalibtts,
2050 688 2102 734 ct
2124 680 2336 750 signum
2369 680 2433 735 ad
2467 682 2693 750 primam
2719 683 2980 737 maturius
3008 694 3091 739 est
3119 686 3342 753 pulsan-

1750 770 1900 835 dum,
1931 779 2058 824 tunc
2089 770 2239 840 prius
2266 786 2426 839 quam
2462 771 2591 841 quid
2616 771 2759 825 aliud
2786 772 3014 839 faciant,
3050 776 3225 829 tabtila
3258 792 3343 830 re-

1748 865 1974 929 cliuala,
2022 866 2186 920 horas
2214 866 2583 920 adordiantur.
2620 864 2676 920 Si
2713 867 2839 935 quid
2883 874 3146 933 remanet,
3197 870 3340 938 quo.l

1748 969 1872 1011 ante
1897 958 2124 1028 primam
2158 974 2264 1012 non
2312 959 2684 1023 cantavcrint,
2719 974 2825 1013 non
2879 969 2962 1013 cst
3005 962 3339 1016 consuetudo

1749 1059 1804 1102 ιιι
1832 1059 1954 1119 post
1994 1050 2222 1120 primam
2267 1060 2516 1105 cantetur
2559 1051 2611 1104 in
2654 1051 2960 1107 manifesto.
3014 1052 3126 1118 Qua
3162 1052 3334 1115 finita,

1748 1143 1830 1198 vel
1859 1143 1901 1197 si
1930 1151 2015 1197 εει
2041 1144 2093 1197 in
2141 1143 2368 1211 privatis
2398 1143 2586 1197 diebus
2621 1152 2742 1213 post
2785 1142 3122 1213 evangelium
3163 1144 3340 1198 missa:

1746 1236 2084 1289 matutinalia
2111 1236 2257 1290 olera
2286 1235 2524 1290 caldario
2550 1236 2869 1305 immittunt,
2897 1244 2953 1292 et
2984 1244 3105 1307 post
3131 1238 3340 1306 capitu-

1746 1326 1856 1383 lum
1889 1329 1939 1381 in
1967 1328 2196 1385 alterum
2227 1328 2382 1383 fabas
2415 1328 2628 1383 iterato.

1815 1419 2105 1501 Accipiunt
2152 1419 2361 1473 lardum
2416 1418 2584 1490 (ιιδ),
2634 1419 2723 1488 qui
2769 1435 2891 1474 cum
2947 1419 3336 1497 aliquantulum

1744 1509 2148 1577 coctusfuerit,
2180 1526 2302 1565 cum
2334 1510 2573 1565 oleribus
2595 1511 2905 1580 exprimunt
2938 1513 3063 1565 inde
3091 1512 3347 1580 sagimen.

1746 1600 1885 1658 fabis
1910 1601 2426 1673 superfundemlum.
2462 1603 2687 1672 Propter
2722 1593 2862 1671 riuod
2896 1612 3074 1656 tamen
3108 1603 3173 1655 ad
3218 1618 3336 1655 ma-

1738 1691 1913 1769 jorem
1952 1694 2173 1748 missam
2222 1710 2328 1747 non
2374 1710 2564 1747 omnes
2606 1710 2664 1748 se
2697 1693 3053 1758 subtrahunt,
3096 1693 3188 1748 sed
3229 1693 3335 1747 duo

1749 1790 1958 1837 tantum
1988 1792 2042 1837 et
2073 1786 2374 1853 prmeiptte,
2405 1784 2565 1854 siqui
2599 1799 2785 1839 eorum
2817 1793 2942 1838 sunt
2970 1784 3177 1846 idiotzc,
3209 1785 3332 1853 qui-

1743 1875 1844 1930 bus
1887 1882 2066 1928 autem
2122 1889 2227 1928 non
2282 1875 2443 1930 debet
2491 1891 2520 1928 a
2562 1875 3015 1930 commilitonibus
3070 1875 3334 1929 indultum

1742 1980 1883 2029 esse,
1920 1975 1976 2018 ut
2016 1964 2253 2034 aliquam
2295 1967 2562 2035 privatam
2611 1969 2832 2021 missam
2880 1968 3089 2035 possint
3123 1968 3330 2022 audire.

1741 2053 1829 2118 Hi,
1878 2065 1935 2110 ut
1963 2058 2300 2126 prtemissum
2330 2068 2437 2122 est,
2463 2058 2701 2127 sagimeu
2737 2060 2990 2122 fundunt,
3023 2068 3077 2113 et
3110 2074 3332 2124 pencos

1740 2146 1933 2201 iterum
1968 2148 2104 2201 fabae
2135 2148 2407 2202 calefiunt.
2442 2148 2535 2212 lli,
2568 2149 2613 2203 si
2648 2164 2783 2217 opus
2820 2151 3052 2203 viderint
3090 2166 3187 2219 pro
3216 2167 3330 2204 mo-

1738 2250 1860 2292 rosa
1889 2238 2155 2302 coctione,
2188 2247 2245 2291 ut
2281 2239 2513 2308 amplius
2538 2254 2677 2308 aqua
2703 2256 2863 2309 super
2889 2241 3034 2295 olera
3061 2242 3331 2308 mittatur,

1737 2340 1997 2399 quantum
2032 2332 2247 2385 mittere
2278 2331 2483 2398 volunt,
2522 2334 2757 2402 primum
2792 2333 2846 2386 in
2882 2335 3156 2404 sartagine
3188 2334 3334 2389 cale-

1735 2420 1969 2485 faciunt;
1999 2422 2125 2492 quia
2155 2438 2217 2477 ea
2255 2431 2446 2477 natura
2491 2435 2573 2478 est
2599 2423 2804 2477 olerum
2847 2434 2903 2478 ut
2954 2426 3018 2479 de
3064 2442 3201 2495 aqua
3236 2425 3330 2479 fri-

1736 2513 1857 2583 gida
1908 2528 2157 2582 saporem
2210 2514 2446 2569 habeant
2496 2515 2841 2570 deteriorem.
2891 2516 3123 2571 Cavetur
3164 2519 3328 2572 etiam

1734 2618 1855 2677 cum
1910 2604 2172 2659 mittenda
2220 2616 2346 2659 sunt
2376 2606 2428 2659 in
2453 2606 2791 2673 caldarium,
2817 2615 2874 2660 ut
2904 2622 3009 2661 non
3041 2607 3143 2660 alia
3189 2623 3327 2676 aqua

1733 2712 1897 2767 quam
1947 2698 2012 2751 de
2061 2698 2268 2752 fervida
2319 2698 2582 2754 laventur.
2633 2699 2793 2754 Faba:
2844 2686 2950 2754 non
3001 2701 3329 2759 condiuntur

1735 2804 1833 2843 nec
1869 2788 2027 2860 adipe
2052 2802 2404 2861 sparguntur,
2436 2792 2535 2847 nisi
2568 2793 2786 2861 quando
2811 2801 3075 2861 percocta:
3109 2790 3326 2855 fuerint,

1731 2897 1797 2938 ne
1824 2884 1964 2938 forte
1987 2899 2134 2938 mora
2169 2884 2395 2954 longiori
2429 2885 2506 2938 sal
2536 2893 2847 2940 evanescat.
2885 2884 2954 2938 Et
2983 2885 3026 2939 si
3062 2900 3203 2939 unus
3225 2900 3322 2938 co-

1731 2997 1959 3051 qnorum
1982 2982 2246 3044 voluerit,
2276 2998 2381 3035 non
2411 2992 2494 3037 est
2522 2981 2791 3048 illicitum,
2824 2985 2890 3036 de
2920 2982 3034 3052 ipsa
3068 2981 3323 3037 labarum

1729 3089 1867 3144 aqua
1899 3072 2172 3143 paululum
2212 3074 2533 3143 praelibare,
2584 3082 2641 3127 ut
2682 3074 2903 3143 probet,
2950 3072 2993 3128 si
3035 3073 3173 3131 bene
3212 3074 3325 3128 sint

94 3144 233 3203 latant
258 3164 301 3205 et
324 3148 626 3224 pectinant,
654 3166 727 3221 et,
763 3159 804 3212 si
840 3158 954 3212 fieri
987 3168 1194 3228 potest,
1226 3160 1403 3230 ignem
1431 3175 1623 3215 accen—
1660 3205 1702 3263 Ο
1736 3167 1984 3222 conditae.

96 3240 190 3263 .1”-..
268 3255 278 3263 .
306 3248 332 3263 η
376 3251 408 3263 .Δ
483 3251 539 3263 ..κ
628 3251 638 3262 ι
779 3252 791 3263 .
1419 3254 1430 3263 .
1823 3259 1831 3263 .
1876 3258 1887 3263 -
1976 3259 1984 3263 .

94 3240 209 3310 dunt,
234 3255 283 3299 ut
305 3248 446 3304 finita
483 3251 694 3313 litania,
728 3252 791 3305 ad
820 3268 982 3323 quam
1023 3268 1363 3322 nequaquam
1400 3254 1629 3321 desunt,

94 3329 199 3387 idem
230 3336 356 3408 ignis
380 3342 448 3395 sit
478 3342 534 3396 in
578 3351 826 3411 protnptu
865 3345 930 3396 ad
962 3342 1419 3412 supermitteudas
1459 3343 1630 3399 fabas.

94 3440 158 3479 cn.
180 3426 417 3488 lntrantes
442 3435 736 3503 coquinum
766 3434 950 3488 lavant
990 3434 1141 3489 fabas
1178 3438 1343 3491 ternis
1364 3437 1547 3506 aquis,
1580 3447 1634 3493 et

94 3520 150 3573 sic
176 3524 361 3580 mittunt
398 3543 565 3597 super
603 3527 802 3597 ignem.
837 3527 987 3598 Aqua
1036 3528 1272 3584 caldaria
1301 3527 1633 3609 Γιτιννρδρθιιιε

94 3617 339 3680 etspnntas
371 3618 670 3672 ebulliente
706 3619 931 3689 ejiciunt
959 3635 1052 3674 eas
1076 3620 1282 3690 iugiter
1327 3631 1634 3677 transverso

93 3702 325 3767 cochleari,
356 3724 420 3762 ne
450 3709 592 3763 forte
636 3710 794 3763 simul
821 3727 944 3764 cum
985 3714 1189 3781 spumis
1219 3723 1633 3783 snpernatantes

93 3788 195 3847 (ulla!
227 3798 585 3867 proiiciantur.
619 3802 763 3869 Quas
791 3806 952 3857 etiam
999 3821 1027 3858 a
1069 3805 1233 3860 fundo
1272 3807 1467 3877 sacpius
1511 3824 1630 3863 cum

95 3878 180 3948 ipso
204 3890 448 3944 cochleari
480 3892 795 3956 diversam,
830 3908 894 3947 ne
927 3910 1048 3948 cum
1084 3896 1264 3950 mandi
1309 3897 1629 3967 debuerint,

94 3971 261 4037 sapiant
289 3977 418 4049 ignis
445 3981 693 4034 odorem.
731 3982 971 4037 lt‘olliculi
1013 3982 1259 4039 fabarum
1297 4002 1419 4041 cum
1458 4003 1517 4041 se
1548 3991 1631 4045 iu-

93 4059 253 4158 cipiiint
289 4073 516 4138 aperire,
567 4086 669 4124 non
714 4074 1031 4141 permittunt
1071 4090 1165 4129 eas
1197 4077 1431 4147 amplius
1470 4095 1633 4151 super

94 4165 250 4218 ignem.
286 4159 428 4230 Aqua
461 4162 662 4232 frigida
701 4163 894 4218 iterum
939 4165 1358 4238 refrigerantur,
1403 4170 1630 4225 iterum-

93 4254 171 4308 que
194 4250 437 4307 cochleari
476 4256 588 4309 huc
612 4264 669 4309 et
701 4256 827 4310 illuc
859 4258 1227 4314 diversantur.
1261 4260 1544 4317 Mittuntur
1578 4264 1630 4317 in

98 4348 222 4392 unam
251 4359 467 4414 ceppam
502 4347 791 4403 habentem
823 4352 1201 4419 conpercnlum
1244 4353 1379 4409 bene
1408 4370 1630 4426 compa-

93 4426 304 4494 ginatuin.
335 4437 643 4494 Caldarium
670 4457 883 4512 quoque
909 4443 959 4497 in
984 4460 1093 4514 quo
1125 4448 1517 4515 coquebantur,
1553 4449 1633 4502 iii-

1806 3258 1889 3314 Ad
1918 3259 2147 3312 mixtum
2196 3272 2302 3311 non
2343 3257 2647 3326 accipiunt,
2677 3257 2779 3311 nisi
2809 3257 2951 3327 quod
2996 3256 3051 3312 S.
3089 3256 3325 3312 Benedi-

1742 3356 1865 3402 ctus
1892 3347 2156 3417 prtecipit,
2196 3356 2444 3414 quartam
2489 3356 2697 3416 partem
2735 3351 2888 3415 panis
2935 3346 3137 3415 absque
3185 3346 3323 3401 libra

1742 3454 1868 3506 sua,
1899 3447 1954 3491 et
1990 3439 2057 3492 de
2097 3437 2251 3501 vitio;
2280 3438 2373 3492 sed
2406 3450 2582 3491 tamen
2612 3454 2674 3492 ea
2702 3439 2816 3502 die,
2843 3454 2947 3507 qua
2993 3437 3187 3505 aliquis
3215 3436 3325 3491 fra-

1739 3540 1881 3584 trum
1920 3538 2041 3600 post
2069 3528 2325 3597 majorem
2358 3530 2575 3583 missam
2608 3529 2885 3598 sepelitur,
2919 3530 3086 3583 mixto
3116 3538 3321 3584 carent.

1736 3621 1912 3674 Finita
1944 3620 2075 3673 hora
2105 3628 2386 3689 postquam
2420 3627 2545 3671 sunt
2592 3618 2850 3673 refecturi
2899 3618 3126 3682 fratres,
3177 3618 3323 3674 cele-

1738 3712 1871 3763 riter
1898 3717 2122 3773 cvcnnt,
2150 3718 2209 3761 ut
2245 3707 2393 3762 fabas
2425 3708 2846 3774 administrent,
2881 3709 2963 3762 vel
3010 3709 3078 3762 ad
3112 3710 3322 3763 inibunt

1737 3801 1927 3872 [ISalnIi
1960 3801 2208 3854 Miserere
2235 3816 2298 3854 ea
2324 3800 2409 3854 die
2438 3817 2541 3869 qua
2575 3802 2862 3867 raduntur,
2892 3811 2985 3855 aut
3014 3802 3058 3856 si
3088 3802 3325 3871 psalmus

1738 3911 1843 3949 non
1874 3904 2130 3949 cantatur
2169 3894 2234 3948 ad
2267 3909 2455 3964 preces
2484 3903 2706 3949 exeunt.
2745 3895 3015 3961 Quorum,
3048 3896 3138 3966 qui
3176 3896 3325 3966 prior

1734 3997 1839 4051 est,
1871 3988 1913 4041 si
1948 3996 2126 4042 tamen
2174 3988 2310 4043 bene
2351 3991 2593 4053 noverit,
2646 3997 2701 4043 et
2750 3987 2911 4057 hujus
2957 4000 3039 4043 est
3087 3988 3322 4055 virtutis,

1735 4093 1855 4133 cum
1889 4078 2162 4134 cnehleari
2186 4079 2252 4133 ad
2282 4080 2384 4134 hoc
2416 4079 2559 4135 facto
2588 4079 2740 4134 fabas
2773 4080 2938 4133 mittit
2970 4080 3021 4132 in
3047 4078 3321 4144 scutellas;

1734 4170 1823 4224 alii
1876 4180 2098 4242 portant
2145 4172 2212 4225 ad
2267 4187 2510 4235 mensas,
2572 4186 2604 4224 a
2661 4170 2941 4240 principali
3006 4170 3322 4237 incipientes

1735 4279 1943 4317 mensa.
1984 4263 2061 4316 De
2103 4261 2342 4317 oleribus
2367 4278 2397 4317 e
2427 4263 2703 4323 contrario
2738 4261 2855 4317 fieri
2900 4261 3056 4325 solet,
3087 4278 3207 4331 qme
3251 4264 3325 4317 ita

1735 4354 2139 4420 administrant,
2170 4361 2229 4407 ut
2256 4370 2286 4407 a
2315 4354 2609 4410 novissimo
2640 4353 2920 4422 incipiant.
3230 4410 3233 4411 ν

1807 4444 2048 4501 Scutclla
2079 4445 2251 4499 nosita
2290 4460 2410 4498 cum
2456 4444 2587 4513 ipsis
2625 4444 2862 4499 oleribus
2902 4452 3027 4499 ante
3063 4442 3322 4501 domuum

94 4517 313 4610 trinsecus
340 4546 511 4599 usque
545 4533 612 4586 ad
643 4533 870 4588 nitidum
900 4534 1128 4590 lavatur.
1159 4538 1295 4609 (ιω.)
1320 4538 1633 4595 ῐιθειίιιιιιιιι·
1661 4547 1709 4607 ι)
1739 4538 1984 4593 abbatem
2020 4553 2101 4592 vet
2134 4538 2394 4609 priorem,
2431 4537 2522 4606 qui
2554 4553 2676 4593 eam
2708 4538 2980 4608 apposuit,
3010 4554 3135 4593 cum
3164 4539 3324 4610 signo

91 4606 217 4698 etiam
254 4618 421 4673 tabula
452 4621 521 4675 ad
565 4623 826 4693 parietem
871 4606 1173 4685 inclinata,
1205 4606 1477 4698 inquam,
1504 4647 1626 4686 cum

92 4694 242 4797 lavate
269 4708 480 4776 fuerint,
505 4723 809 4782 ponuntur;
837 4724 890 4769 et
917 4716 1031 4785 ipsa
1060 4718 1235 4771 tabula
1264 4727 1371 4774 tota
1397 4721 1630 4792 desuper

92 4789 345 4852 infunditur
369 4816 506 4871 aqua
537 4812 589 4857 et
617 4806 843 4873 tergitur
865 4807 1041 4876 scopis
1070 4826 1082 4861 :
1117 4810 1262 4878 prius
1292 4820 1468 4866 tamen
1501 4789 1627 4869 con-

92 4889 208 4936 sueta
230 4885 562 4949 inclinatione
598 4897 895 4963 pnemissa,
933 4907 1013 4953 ter
1046 4915 1235 4954 rursus
1272 4902 1455 4958 dicunt
1484 4904 1628 4960 hunc

91 4979 287 5042 Versum,
316 4998 471 5051 quem
518 4986 571 5039 in
620 4986 787 5041 choro
829 4988 1081 5043 dixerunt
1119 5009 1131 5043 :
1180 4992 1273 5046 sed
1322 5002 1496 5048 tamen
1541 4997 1629 5051 hic

93 5060 295 5128 adjuncta
331 5075 464 5129 trina
496 5077 614 5131 vice
645 5076 829 5133 Gloria
860 5078 1031 5145 Patri,
1053 5081 1324 5137 Dominica
1358 5086 1624 5155 oratione,

94 5166 216 5211 versu
243 5162 563 5233 Adjntorivm
593 5182 848 5240 nostrum,
886 5182 993 5227 etc.
1023 5173 1218 5228 lterum
1250 5176 1394 5233 facto
1422 5191 1546 5241 ante
1572 5190 1627 5236 et

94 5253 226 5311 retro,
251 5252 316 5307 ita
341 5256 551 5312 demum
582 5260 818 5316 tabulam
857 5263 1145 5319 reclinant.
1170 5266 1404 5323 Cantant
1438 5288 1630 5328 omnes

94 5331 533 5437 horas-regulares
572 5368 673 5421 pro
718 5370 867 5411 more
914 5360 1321 5425 canonicorum.
1364 5362 1630 5437 Vesperos

97 5435 172 5487 Pro
197 5428 420 5494 fidelibus
447 5441 714 5499 defunctis
750 5446 869 5501 loco
895 5462 992 5502 suo
1021 5449 1302 5518 imponunt
1331 5461 1385 5508 et
1414 5428 1486 5508 ad
1510 5456 1633 5510 ulti-

96 5525 212 5609 illam
247 5518 400 5581 Verba
438 5547 571 5587 mea.
610 5533 788 5591 Effusa
828 5546 1007 5592 autem
1047 5554 1187 5609 aqua
1225 5541 1475 5598 lavantur
1508 5563 1627 5601 scu-

100 5600 235 5674 tella,
276 5612 558 5678 infunditur
604 5640 667 5681 ea
704 5627 1019 5695 calefientla,
1050 5600 1153 5701 qua
1188 5632 1333 5687 olera
1367 5646 1491 5691 sunt
1535 5654 1625 5691 co—

1738 4629 1992 4685 mediocii
2025 4630 2298 4685 licentiam
2330 4630 2523 4700 quaerit
2556 4646 2587 4684 a
2632 4630 2988 4701 praesidente,
3019 4641 3077 4686 ut
3115 4633 3323 4687 scillam

1730 4718 1918 4788 juLcat
1949 4736 2166 4776 sonare.
2194 4724 2206 4738 '
2238 4719 2355 4787 Quo
2376 4731 2652 4777 annuente
2677 4721 2951 4792 paululum
2986 4723 3239 4791 inclinat,
3269 4733 3325 4780 et

1736 4813 1802 4867 ad
1830 4811 2035 4866 scillam
2068 4812 2293 4869 veniens
2334 4814 2536 4869 tamdiu
2565 4825 2759 4879 sonat,
2789 4829 3068 4884 quousque
3104 4814 3323 4883 juvenis

1737 4901 2033 4957 Beuedicile
2067 4902 2289 4972 incipiat
2318 4904 2688 4973 pronuntiare.
2715 4905 2853 4976 (ιω.)
2887 4904 3069 4974 Βούλει
3102 4906 3318 4960 interim

1738 4995 1863 5049 dum
1906 4995 2211 5050 benedictio
2260 5010 2291 5050 a
2330 4998 2612 5054 sacerdote
2654 5000 3015 5066 compleatur,
3063 4998 3320 5067 praefatus

1737 5085 1947 5156 dapifer
1997 5096 2103 5142 stat
2149 5087 2366 5143 inclinis
2413 5099 2539 5143 ante
2578 5090 3060 5153 architriclinium,
3102 5097 3158 5142 et
3193 5099 3322 5142 tunc

1737 5179 1866 5235 facit
1909 5191 2034 5235 ante
2078 5191 2131 5235 et
2163 5190 2327 5237 retro.
2360 5182 2513 5249 Quod
2544 5184 2781 5239 medium
2813 5184 2972 5238 datur
2994 5183 3131 5235 inter
3168 5180 3322 5234 fabas

1736 5284 1792 5349 et
1819 5274 1992 5339 olera,
2031 5285 2143 5332 tres
2173 5278 2290 5333 dies
2337 5279 2389 5333 in
2444 5278 2783 5348 septimana,
2834 5279 2884 5332 id
2929 5286 3015 5332 cst
3050 5276 3187 5330 feria
3233 5291 3321 5331 se-

1736 5367 1909 5423 cunda
1938 5378 1992 5422 et
2015 5377 2228 5437 quarta,
2255 5377 2309 5424 et
2334 5378 2485 5423 sexta
2516 5368 2654 5424 solet
2681 5383 2801 5423 esse
2827 5366 3123 5438 pictantia,
3150 5382 3319 5435 quam

1734 5460 1857 5516 aliis
1885 5461 2078 5517 diebus
2108 5462 2427 5534 generale...
2472 5461 2726 5535 Generale
2755 5463 3089 5534 appellamus
3113 5502 3131 5529 ,
3174 5464 3321 5534 quod

1736 5553 1789 5608 in
1819 5554 2048 5625 singulis
2072 5556 2313 5611 scutellis
2356 5556 2536 5612 datur.
2563 5554 2907 5620 Pietamiam,
2951 5558 3095 5625 quod
3125 5557 3179 5611 in
3210 5571 3317 5611 uita

1733 5645 1957 5701 scutella
1982 5647 2189 5701 duobus
2221 5648 2368 5703 verbi
2412 5647 2606 5723 gratia.
2640 5648 2940 5717 Aliquando
2984 5664 3082 5718 pro
3105 5649 3322 5718 pictan-

156 5790 280 5857 (“5l
317 5796 443 5863 “inc
485 5810 658 5869 oleum
696 5812 985 5885 lardinum,
1037 5833 1131 5875 seu
1179 5818 1348 5889 lardi,
1379 5826 1523 5895 quod
1556 5826 1628 5884 ob
1655 5828 1926 5888 defectum
1949 5830 2052 5889 olei
2085 5831 2348 5889 olivarum
2380 5835 2659 5894 monachis
2684 5850 3000 5893 concessum
3034 5833 3149 5889 fuit.
