1936 3153
228 203 290 232 ιθῦι

794 169 822 223 εξ
841 192 1027 223 GUILLELIII
1046 190 1190 219 ABBATIS
1211 188 1372 218 IIIRSAUG.

1783 187 1838 217 I03!

228 263 263 290 tia
280 261 360 289 datur
375 259 478 295 absque
492 256 605 286 scutella
622 262 704 283 unum
728 252 803 282 crudi
818 255 890 280 casei
906 251 1022 278 frustum
1038 250 1060 280 Α
1075 249 1097 276 si
1113 251 1155 276 est
1167 252 1272 283 tempus
1289 246 1392 274 aestatis
1410 253 1459 282 per
1475 249 1559 274 totam
1579 243 1652 272 illam
1670 240 1843 274 hebdomadam

229 306 268 335 vel
278 310 394 342 quatuor
405 312 465 332 ova.
478 302 554 331 Tune
566 308 664 330 caseus
675 299 782 336 quidem
796 298 833 325 ita
842 296 1022 328 ministratur,

229 357 257 380 ut
267 340 302 379 ad
315 350 420 379 scillam
439 348 544 377 sedenti
561 348 588 375 in
602 346 714 375 scutella
731 348 896 380 apponatur,
912 340 1023 371 caeteris

229 404 292 425 vero
305 404 354 433 per
367 395 489 431 singulas
505 401 613 422 mensas
634 391 746 428 singula:
766 390 942 426 porrigantur
961 395 1025 415 scu-

229 442 297 470 tellae
307 432 382 470 casei
404 439 500 468 frustis
522 438 620 474 plenze,
638 442 668 465 ut
686 439 753 472 quot
770 435 821 463 sibi
837 434 937 470 placet,
950 432 1025 468 quis-

230 495 282 523 que
298 486 436 522 accipiat:
456 485 477 513 si
497 492 548 512 ova
563 489 625 512 octo
646 482 751 511 duobus
770 480 853 509 simul
883 479 910 507 in
938 478 1025 515 prima

231 533 342 562 scutalia
354 536 528 568 apponuntur
543 540 550 558 :
567 534 696 558 ueterum
710 527 852 564 pietantia,
877 533 937 562 qua:
957 526 1027 553 duo-

232 581 282 609 bus
296 579 376 608 simul
389 579 470 607 datur
486 578 518 604 ad
534 577 639 605 scillam
651 575 754 603 sedenti
771 573 813 601 vel
829 572 913 609 priori
930 572 1028 600 inloco

233 634 282 654 suo
296 634 348 654 non
359 624 525 652 dimidiatur.
541 622 593 650 Pro
605 621 725 658 generali
739 628 789 648 ora
797 620 916 655 quinque
928 618 1029 660 dantur

234 673 389 707 unicuique,
416 677 443 698 et
473 678 569 697 caseus
597 676 735 704 nunquam
766 667 817 694 nisi
845 670 950 694 coctus.
976 664 1029 692 Sed

234 717 364 753 quidquid
380 721 418 743 est
435 715 563 751 generale
588 722 601 741 ιι
619 713 769 741 novissimo
793 711 926 746 incipitur.
947 709 1032 737 aduli-

235 764 356 795 nislrari,
375 768 401 790 et
412 763 444 789 ad
459 763 509 788 hoc
523 761 599 788 scilla
615 761 686 788 sicut
700 763 729 788 et
744 759 777 786 ad
792 759 877 790 olera,
894 761 1030 785 senatur:

236 809 367 846 pietantia
383 817 447 836 vero
466 816 479 835 a
497 808 587 842 priore
609 811 634 834 ct
650 806 683 833 de
700 806 751 833 hac
770 803 972 833 hebdomadarii
986 810 1033 830 co-

237 856 328 891 quinte
343 865 349 882 ι
362 855 408 881 ibil
431 854 541 880 omnino
567 859 598 879 ex
618 852 709 879 debito
724 858 754 879 se
768 849 962 881 inlromittunt,
981 847 1032 875 nisi

238 900 310 932 quod
327 901 354 928 in
371 900 424 927 fine
439 898 545 934 prandii
570 897 720 934 fragmenta
734 895 793 931 ejus
817 895 961 931 colligunt;
986 893 1033 922 sed

1074 298 1135 332 post
1156 302 1254 322 nonam
1290 293 1317 321 iu
1341 291 1484 321 refectorio
1509 291 1654 328 propinant
1670 290 1845 326 aquam.'Sed

1075 340 1133 368 inec
1157 338 1310 376 propiuatio
1335 338 1408 367 sicut
1434 341 1462 366 ct
1486 337 1637 365 meridiana
1663 335 1805 371 repausatio
1824 337 1845 365 in

1075 386 1178 414 Paimis
1192 385 1315 413 initiatur
1330 388 1357 412 et
1371 391 1456 420 usque
1474 383 1507 411 ad
1524 382 1661 410 Kalendas
1673 381 1789 410 Octobris
1797 389 1845 417 pro-

1077 432 1209 460 tenditur.
1234 431 1380 459 Sciendum
1399 438 1462 458 vero
1486 434 1537 463 est,
1562 434 1634 464 quoa
1660 428 1688 455 in
1711 434 1849 463 quacunque

1077 478 1120 506 die
1134 477 1352 513 Quadragesimm
1372 476 1470 504 fratres
1485 482 1538 503 una
1553 476 1612 502 vice
1634 474 1787 506 comedunt,
1803 479 1851 509 post

1078 523 1221 558 prandium
1237 522 1294 549 ﬁeri
1308 521 1389 550 debet
1404 521 1542 557 praemissa
1562 519 1686 547 lat/atorii
1705 519 1850 551 emundatin.

1079 577 1139 605 quae
1154 574 1254 602 tamen,
1275 577 1336 596 cum
1350 568 1392 595 his
1406 567 1569 601 comeditur,
1583 573 1670 601 usque
1687 570 1747 601 post
1770 572 1852 593 nonam

1080 614 1220 647 differtur;
1238 615 1285 641 sed
1301 613 1327 644 in
1343 609 1555 648 Quadragesima
1575 611 1667 640 statim
1689 615 1748 647 post
1766 614 1852 637 sextam

1080 661 1229 697 peragitur,
1240 668 1348 695 semper
1358 659 1466 695 quidem
1483 659 1593 686 mundis
1605 657 1696 692 scopis
1710 655 1744 683 ab
1757 656 1854 684 eleemo-

1081 707 1191 743 synario
1204 707 1275 735 datis
1294 708 1328 734 ad
1343 706 1393 734 hoc
1406 705 1493 733 solum
1513 713 1580 740 epos
1596 703 1716 731 timidis.
1732 701 1855 730 Sciendum

1082 757 1124 780 est
1137 753 1230 784 etiam,
1246 752 1318 787 quod
1333 751 1438 787 prasfati
1455 750 1570 778 ministri
1587 750 1613 777 in
1626 746 1824 782 Quadragesima
1835 755 1856 774 ει

1083 799 1138 826 alio
1153 803 1274 834 tempore
1286 797 1413 833 quotiens
1433 801 1494 832 post
1515 803 1622 824 cmnatn
1642 793 1759 822 officium
1778 793 1856 820 deluu-

1084 850 1190 873 ctorum
1207 848 1249 872 est
1262 843 1408 879 agendum,
1422 850 1437 870 a
1453 846 1588 870 conventu
1603 846 1799 876 exspectantur.
1817 839 1857 866 nisi

1085 900 1147 920 cum
1161 891 1272 920 maxims
1292 891 1344 918 ritu
1359 894 1465 926 agatur,
1476 889 1520 917 vel
1530 889 1621 917 brevis
1636 886 1748 921 alicujus
1759 882 1856 914 defuncti

239 948 354 975 cellcrsr
367 945 514 980 ns.quibns
522 944 554 972 ad
566 945 617 971 hoc
631 942 762 975 iunuerit,
778 949 840 969 cum
857 941 899 968 bis
912 948 971 968 eam
988 939 1035 966 ad-
1053 927 1073 957 Β
1088 937 1226 971 adveniat,
1237 941 1286 973 pro
1301 944 1354 972 quo
1370 935 1450 964 simul
1463 935 1554 964 omnia
1569 934 1647 970 signa
1662 931 1803 969 pulsentur,
1816 930 1857 963 vel,

241 994 389 1021 ministrat.
413 991 551 1026 Quidquid
576 994 617 1018 est
646 989 783 1026 generale,
812 989 863 1016 hoc
888 990 1038 1023 apponunt,

241 1040 292 1068 nisi
320 1040 409 1075 pisces
425 1039 489 1070 sint,
517 1045 586 1073 quos
609 1036 774 1064 Cellcrarius
800 1035 857 1070 ipse
873 1033 986 1073 singulis
999 1033 1039 1060 eis

241 1085 449 1121 suggerentibus
462 1092 496 1119 ap
503 1083 590 1118 ponit.
603 1082 728 1116 adiutore
742 1089 791 1109 suo
803 1089 836 1109 ex
854 1080 941 1108 altera
959 1084 1036 1115 parte

242 1131 367 1159 similiter
398 1129 529 1157 faciente.

242 1178 300 1214 ipse
322 1178 427 1205 scillam
451 1176 581 1213 pulsabit.
606 1175 633 1203 Si
649 1180 739 1202 autem
757 1178 799 1201 est
813 1172 881 1199 alius
894 1170 1039 1207 generalis,

243 1224 277 1251 ad
292 1224 342 1251 hoc
358 1223 434 1258 prior
459 1229 552 1249 eorum
569 1220 672 1248 scillam
695 1219 793 1256 pulsat.
806 1219 813 1228 ⁴
829 1218 906 1252 Quod
923 1218 945 1244 si
961 1217 1041 1244 solito

244 1268 350 1297 tardius
364 1267 584 1298 administratur,
597 1266 672 1301 prior
687 1265 792 1292 scillam
807 1269 871 1291 ante
886 1270 916 1290 se
930 1262 1041 1297 pulsare

244 1322 298 1343 non
314 1318 448 1342 moratur.
466 1312 549 1341 Poma
568 1319 633 1340 vero
646 1310 729 1339 cruda
748 1310 790 1338 vel
806 1310 897 1337 herbae
910 1309 944 1336 ad
960 1316 1043 1344 prau-

244 1360 331 1393 dium,
345 1360 367 1388 si
381 1360 423 1388 bis
438 1359 575 1390 reficiunt,
590 1364 727 1392 nunquam
744 1355 825 1383 alicui
840 1355 939 1383 duntur
952 1354 978 1381 in
997 1360 1042 1381 re-

246 1406 372 1434 fectorio.
386 1406 455 1441 (υο.)
472 1404 606 1432 Scutellas
614 1402 743 1438 colligunt
757 1409 805 1429 eas
818 1399 1043 1435 solas,inquibus

245 1448 325 1484 fabre,
349 1450 479 1485 oleraque
514 1448 705 1476 administrata
730 1451 810 1480 sunt,
839 1450 951 1481 propter
974 1451 1044 1480 quas

245 1497 330 1525 etiam
348 1503 417 1524 unus
431 1494 533 1530 iugiter
546 1498 668 1522 remanet
685 1492 711 1520 in
726 1492 860 1527 coquina,
874 1491 921 1527 qui
941 1490 978 1517 ita
995 1497 1039 1517 re-

247 1549 313 1571 cens
328 1542 402 1578 (116)
419 1541 511 1569 oliitas
523 1541 627 1572 abluat,
643 1540 793 1574 eademque
809 1546 890 1573 aqua,
906 1545 957 1573 qua
973 1536 1045 1565 dilu-

248 1590 311 1618 culo
327 1594 390 1618 suut
402 1588 517 1622 ablutzc,
535 1596 569 1616 ne
582 1588 605 1616 si
623 1592 805 1615 comestorum
827 1586 950 1621 reliquiae
965 1585 1044 1613 indu-

248 1635 365 1669 ruerint,
387 1634 473 1670 major
494 1634 540 1662 fiat
555 1633 679 1662 abluendi
702 1632 855 1661 difﬁcultas.
877 1632 977 1659 Eadem
1002 1636 1045 1659 est

249 1679 387 1716 diligentia
401 1681 434 1708 de
448 1680 588 1712 caldariis.
605 1684 634 1707 ut
647 1683 675 1706 et
690 1679 747 1714 ipsa
764 1678 853 1705 iavala
867 1678 934 1709 sint.
948 1677 971 1704 si
990 1684 1045 1704 non

250 1731 322 1759 ante,
336 1727 410 1762 prius
430 1730 520 1754 tamen
542 1732 624 1760 quam
647 1724 812 1752 serviturum
840 1722 953 1758 refectio
970 1722 1047 1749 ﬁnia-

251 1776 307 1800 tur.
323 1772 412 1800 Foeus
426 1772 508 1799 etiam
523 1776 602 1799 caute
618 1771 783 1806 cooperitur,
805 1774 834 1797 ut
849 1769 875 1796 in
898 1769 1046 1796 crastinum

250 1818 329 1846 vivus
345 1818 506 1853 reperiatur.
533 1817 598 1846 Post
623 1824 753 1853 vesperos
781 1817 879 1844 iterntn
904 1814 974 1842 fabis
991 1814 1047 1850 jam

252 1864 351 1891 Iavatis
366 1871 415 1899 pro
429 1863 580 1899 gratiarum
597 1863 706 1891 actione
720 1862 814 1890 dicunt
829 1861 971 1897 prmfatum
990 1868 1049 1888 vcr-

252 1917 324 1942 snm,
344 1908 501 1937 Benedictus
517 1917 552 1941 es,
572 1908 693 1941 Domine,
710 1908 755 1943 qui
773 1907 900 1942 adjuristi
925 1914 981 1939 me;
1007 1913 1051 1934 e0-

254 1955 317 1982 tiem
329 1955 420 1987 modo,
438 1962 492 1990 quo
508 1954 624 1982 alterum
638 1954 765 1981 dixerunt
787 1953 813 1980 in
830 1952 973 1979 matutino.
996 1951 1050 1979 Sed

254 2001 278 2029 si
306 2001 456 2034 voluerint,
477 2000 546 2028 duos
567 2000 626 2028 dies
653 1999 781 2035 expedire
809 2003 923 2034 possunt
948 1998 982 2025 de
1012 1997 1051 2025 la-

254 2046 365 2074 vatione
389 2046 585 2080 scutellarmn,
610 2045 636 2073 id
659 2050 701 2073 est
725 2045 751 2072 in
781 2044 901 2073 secunda
928 2043 994 2072 feria
1025 2048 1052 2071 et

255 2095 365 2127 quarta,
382 2091 408 2118 in
424 2091 523 2127 quibus
540 2097 591 2126 pro
604 2089 801 2118 consuetudine
820 2089 979 2117 celierarius
998 2096 1051 2117 non

255 2141 346 2173 potest
372 2137 578 2169 contradicere,
603 2141 633 2163 ut
656 2143 703 2163 eas
728 2136 754 2162 in
771 2135 911 2163 cellarium
934 2134 1053 2162 diluculo

256 2189 381 2219 portatas
405 2192 458 2211 non
471 2182 651 2212 .commendet
674 2181 784 2212 famulis
808 2181 865 2209 suis
878 2181 1053 2216 propensiore

257 2231 348 2259 studio
377 2229 516 2258 Iavandas.
535 2230 605 2266 (ιω.)
635 2230 766 2257 Veniente
780 2227 894 2256 sabbato
918 2231 979 2262 post
1003 2235 1052 2255 no-

573 1128 676 1162 Quibus
710 1127 840 1163 appositis
883 1125 1040 1153 cellerarius

1090 985 1111 1013 si
1129 984 1211 1012 nimis
1232 991 1294 1011 sero
1308 987 1362 1016 est,
1383 982 1486 1010 eirdem
1502 980 1637 1009 ministris
1658 979 1721 1006 licet
1734 978 1772 1006 bis
1784 976 1819 1004 rei
1828 983 1859 1004 ter

1090 1031 1117 1059 in
1132 1029 1301 1058 'ncbdomada
1324 1029 1392 1057 alios
1407 1028 1506 1055 fratres
1527 1033 1624 1063 rogare
1635 1046 1643 1059 ,
1658 1029 1689 1052 nt
1704 1031 1753 1060 pro
1772 1030 1796 1051 se
1812 1029 1859 1051 ser-

1090 1078 1176 1105 viai-tt.

1364 1119 1479 1150 CAPUT
1496 1116 1612 1148 XCVIII.

1316 1166 1355 1195 De
1370 1166 1525 1194 ulenxilibus
1536 1160 1667 1200 aeq-cium.

1127 1223 1197 1260 (ιω.)
1204 1223 1266 1251 Ha-c
1274 1228 1362 1251 autem
1370 1227 1432 1250 sunt
1438 1221 1575 1253 utensilia.
1582 1228 1644 1256 qua:
1651 1226 1784 1253 nunquam
1790 1218 1863 1247 deesse

1092 1271 1191 1299 debent
1204 1269 1230 1296 iu
1245 1268 1372 1304 coquina.
1384 1268 1506 1296 Pronum
1529 1267 1582 1294 tria.
1598 1266 1728 1297 caldaria,
1747 1272 1819 1292 unum
1836 1264 1863 1292 ad

1093 1316 1179 1348 fabas,
1196 1315 1311 1343 alterunt
1327 1314 1360 1342 ad
1379 1314 1453 1342 olera
1464 1334 1473 1347 ,
1487 1311 1697 1342 tertium'simul
1711 1318 1768 1339 cum
1780 1310 1864 1345 tripoda

1094 1362 1192 1393 ferrea.
1207 1365 1237 1388 ut
1258 1360 1282 1388 si
1297 1360 1359 1395 quis
1380 1367 1485 1395 pannos
1499 1366 1563 1386 suos
1577 1358 1672 1385 lavare
1685 1356 1804 1388 voluerit,
1818 1355 1865 1382 Illi-

1093 1409 1168 1436 vium
1192 1407 1282 1435 facere
1297 1406 1393 1442 possit.
1407 1399 1515 1440 'Cuppa:
1539 1408 1673 1439 quatuor,
1691 1410 1743 1430 una
1762 1401 1791 1429 ad
1804 1400 1866 1428 fabas

1095 1453 1287 1485 reservamlas,
1303 1452 1413 1487 quando
1436 1449 1540 1478 fuerint
1556 1450 1594 1477 ita
1616 1449 1778 1480 scmieoctze;
1795 1447 1866 1475 altera

1095 1500 1123 1528 in
1136 1507 1218 1535 quam
1230 1497 1303 1526 cadit
1316 1496 1507 1532 aquatductus,
1520 1500 1547 1524 et
1565 1496 1592 1523 in
1606 1502 1662 1530 qua
1678 1493 1750 1522 olera
1764 1492 1827 1528 prius
1837 1490 1867 1518 ι»-

1096 1550 1206 1577 vantur,
1222 1551 1305 1580 quam
1318 1543 1345 1570 in
1359 1542 1508 1570 caldarium
1529 1541 1690 1574 mittantur;
1705 1539 1779 1567 tertia
1792 1538 1814 1565 in
1826 1544 1867 1572 qua

1057 1607 1082 1640 c
1098 1591 1227 1624 scutellac,
1250 1593 1349 1626 quarta
1368 1590 1402 1617 ad
1427 1589 1479 1617 hoc
1505 1587 1604 1620 solum,
1626 1592 1657 1615 ut
1679 1594 1747 1621 aqua
1761 1583 1868 1640 calidain

1097 1646 1157 1667 eam
1174 1638 1296 1665 mittatur
1311 1637 1344 1664 ad
1360 1637 1487 1664 mandatu
1500 1644 1515 1662 ιι
1530 1640 1558 1663 et
1570 1641 1705 1667 rasuram,
1720 1632 1810 1668 quibus
1821 1630 1865 1657 fra-

1099 1689 1156 1712 tres
1178 1683 1249 1711 inter
1275 1682 1425 1710 radendum
1447 1685 1575 1714 utuntur;
1592 1687 1675 1716 quam
1695 1683 1723 1707 et
1744 1677 1869 1706 calefacere

1099 1730 1211 1762 debent.
1238 1728 1283 1764 qui
1304 1729 1331 1756 in
1355 1727 1439 1763 priori
1460 1727 1612 1763 septimana
1637 1724 1793 1753 servierunt.
1817 1721 1868 1748 Item

1099 1781 1217 1812 quatuor
1239 1773 1405 1806 cochlearia,
1427 1780 1510 1801 unum
1536 1772 1570 1799 ad
1599 1771 1692 1803 fabas,
1720 1768 1823 1796 alterum
1842 1766 1868 1793 ad

1099 1822 1183 1854 olera,
1197 1821 1305 1849 tertium
1318 1828 1370 1847 non
1385 1820 1453 1846 adeo
1464 1817 1576 1854 grande,
1590 1817 1637 1845 sed
1655 1815 1787 1843 mediocre
1799 1812 1828 1840 ad
1835 1819 1871 1839 sa-

1101 1869 1190 1904 ginam
1205 1867 1428 1903 exprimendam;
1447 1869 1575 1900 quartum
1588 1868 1632 1891 est
1652 1862 1781 1893 ferreum,
1795 1861 1823 1886 ad
1839 1858 1872 1885 fo-

1100 1921 1163 1941 cum
1178 1913 1315 1941 cineribus
1334 1911 1544 1946 cooperiendum
1556 1930 1563 1942 ,
1580 1910 1613 1937 ad
1632 1916 1714 1944 quem
1736 1911 1873 1941 componen-

1102 1958 1164 1985 dum
1186 1957 1227 1985 vel
1253 1956 1459 1986 distrahendum
1481 1961 1524 1983 est
1545 1954 1627 1982 etiam
1649 1953 1769 1988 ejusdem
1788 1948 1872 1987 generis

1103 2002 1219 2038 forceps.
1234 2002 1301 2030 Item
1311 2006 1428 2038 quatuor
1441 2001 1517 2037 paria
1532 2001 1718 2032 manicarum,
1734 2007 1767 2027 ne
1784 1997 1873 2025 mania:

1103 2048 1299 2077 stamiueorum
1323 2047 1439 2075 fratrum
1459 2046 1494 2074 de
1517 2045 1659 2081 nigredine
1676 2044 1795 2079 sequium
1813 2041 1874 2069 eis.

1105 2095 1165 2122 liari
1181 2093 1365 2122 sordidentur.

1140 2140 1209 2167 Sunt
1225 2145 1252 2168 et
1265 2139 1301 2167 ibi
1317 2138 1369 2166 duo
1381 2138 1456 2174 paria
1472 2137 1666 2174 palmariarum
1681 2136 1831 2173 (li7),gua
1845 2134 1873 2161 ita

1106 2185 1255 2213 Romanice
1278 2184 1463 2221 appellantur,
1483 2191 1581 2211 manus
1594 2191 1656 2219 qua:
1669 2183 1808 2212 defendunt
1819 2188 1874 2209 ω-

1107 2232 1163 2260 lore
1177 2231 1302 2266 caldarii,
1324 2232 1432 2267 quando
1452 2238 1546 2259 recens
1561 2230 1682 2259 ablatum
1704 2231 1738 2259 ab
1753 2231 1809 2266 igne
1822 2235 1874 2264 qne-

257 2284 320 2305 nam
336 2276 378 2304 vel
393 2281 454 2312 post
466 2283 593 2312 vesperos
613 2280 726 2310 scopant
747 2275 907 2309 coquinam,
930 2281 1054 2310 totasque
1073 2282 1093 2310 υ
1106 2286 1188 2313 quam
1211 2281 1254 2305 est
1267 2277 1429 2304 movendum
1452 2276 1492 2304 rei
1507 2276 1703 2305 inclinandum.
1724 2277 1783 2304 Tria
1803 2282 1875 2303 mann-

259 2323 363 2355 sordes,
386 2330 446 2357 qua:
469 2322 570 2349 liebant
589 2329 637 2357 per
658 2321 830 2349 occasionem
855 2322 989 2354 cinerum,
1013 2320 1055 2348 vel

259 2368 396 2405 lignorum
411 2368 479 2396 foris
498 2368 598 2395 ostium
621 2366 805 2400 accumulant,
823 2371 853 2395 ut
872 2366 934 2394 inde
952 2374 1002 2402 per
1018 2367 1057 2394 fa-

260 2414 349 2443 mulos
367 2414 502 2443 cellerarii
526 2413 685 2441 efferantur.
713 2412 883 2441 Calefaciunt
903 2420 1001 2448 aquam
1024 2413 1057 2440 ad

262 2461 421 2488 mandatutn
433 2463 461 2487 et
474 2466 508 2486 eo
520 2458 565 2486 die
578 2457 707 2486 differunt
715 2466 824 2486 versum
833 2468 840 2485 :
850 2458 1008 2486 Benedictus
1019 2467 1057 2492 es,

262 2504 387 2537 Domine,
402 2511 488 2539 usque
501 2503 565 2531 dum
585 2503 745 2532 mandatum
766 2504 802 2531 sit
822 2508 975 2539 peractum,
991 2508 1019 2531 et
1032 2504 1058 2531 in

264 2551 408 2584 refectorio
419 2549 503 2578 etiam
513 2549 594 2577 lectio
606 2550 759 2578 collationis
768 2550 824 2586 jam
841 2551 961 2579 finiatur.
977 2550 1005 2578 lu
1017 2558 1059 2578 se-

264 2596 357 2632 quenti
372 2600 462 2623 autem
475 2595 605 2630 sabbato,
620 2603 682 2624 cum
701 2601 794 2624 noster
810 2604 888 2632 aqua:
910 2596 1008 2624 ductus
1028 2595 1060 2623 li-

266 2649 369 2670 mosam
381 2642 479 2671 habeat
493 2651 603 2680 aquam,
619 2644 807 2679 qualecunque
823 2645 857 2670 sit
873 2643 970 2671 festum
980 2663 987 2675 ,
1002 2650 1062 2670 sco-

266 2693 332 2723 pant
345 2693 489 2725 utrumque
504 2690 679 2722 lavatorium,
691 2694 745 2717 tam
758 2689 829 2725 quod
842 2693 884 2717 est
894 2688 928 2716 ad
940 2688 1061 2717 ecclesiae

266 2741 332 2762 usus
342 2742 423 2770 quam
434 2736 505 2770 quod
520 2736 553 2763 ad
567 2743 676 2763 manus.

302 2780 368 2807 Item
399 2785 514 2816 scopant
539 2781 710 2808 necessarias
732 2779 841 2815 fenique
863 2780 992 2816 reliquias
1014 2789 1063 2817 per

267 2829 351 2854 totam
366 2827 561 2855 hebdomadam
571 2827 682 2863 expensi
694 2832 843 2863 congerunt
858 2827 892 2855 ad
906 2835 1023 2862 murum,
1037 2833 1063 2857 et

304 2893 377 2928 (liti)
399 2893 425 2919 |.l
438 2899 490 2926 est,
502 2893 558 2921 oleo
576 2894 669 2922 illitas.

1110 2324 1233 2360 tergiola,
1250 2331 1311 2359 quae
1330 2323 1357 2351 in
1376 2322 1451 2351 omni
1468 2321 1561 2358 quinta
1576 2322 1645 2350 feris
1660 2327 1804 2354 mutantur,
1817 2320 1875 2349 mini-

1109 2376 1205 2404 meque
1219 2376 1315 2396 tnanus
1329 2368 1362 2396 ad
1377 2368 1454 2396 solita
1472 2371 1582 2402 tergunt
1592 2369 1761 2403 manutergia
1775 2367 1876 2397 fratrum,

1109 2421 1169 2448 qua:
1182 2413 1300 2449 pendent
1313 2413 1339 2441 in
1361 2414 1489 2441 claustro.
1507 2412 1583 2441 Unus
1597 2414 1686 2441 culter
1697 2415 1730 2441 ad
1746 2413 1835 2441 lardum
1846 2411 1877 2438 in—

1109 2460 1263 2492 cidendum.
1282 2464 1309 2487 et
1328 2460 1409 2487 simul
1428 2467 1476 2487 cos
1490 2463 1525 2490 ad
1543 2460 1708 2490 acuendurn.
1731 2459 1784 2490 Una
1802 2457 1877 2494 patella

1111 2505 1144 2532 ad
1156 2512 1266 2541 aquam,
1289 2505 1311 2533 si
1332 2513 1400 2541 opus
1414 2505 1509 2539 fuerit,
1522 2507 1736 2535 calefaciendum
1752 2510 1779 2534 et
1795 2505 1824 2533 ad
1834 2502 1879 2530 alia

1110 2555 1171 2585 pem
1193 2550 1369 2578 fundendum.
1388 2551 1481 2579 Altera
1494 2572 1501 2585 ,
1523 2560 1584 2588 qua:
1607 2553 1762 2588 permodica
1780 2548 1878 2579 infando

1111 2595 1255 2624 minuatim
1272 2596 1424 2631 perforata,
1439 2603 1469 2625 ut
1487 2597 1545 2632 ipse
1558 2599 1644 2634 adeps
1658 2606 1707 2634 per
1717 2605 1776 2625 eam
1787 2595 1877 2624 coletur.

1113 2641 1171 2670 Una
1187 2642 1258 2678 pixis
1269 2642 1294 2671 iu
1306 2651 1358 2678 qua
1377 2643 1417 2671 sal
1431 2645 1604 2678 recondatur,
1617 2649 1646 2672 et
1661 2652 1743 2672 unum
1759 2642 1877 2673 scrinium.

1112 2686 1139 2715 ia
1154 2694 1208 2723 quo
1222 2689 1326 2716 minora
1342 2697 1457 2725 qumque
1474 2691 1668 2718 recondantur.
1688 2689 1743 2718 Una
1758 2696 1825 2720 uma,
1835 2692 1879 2721 qua

1113 2741 1183 2770 aqua
1208 2734 1358 2769 hauriatur,
1388 2744 1529 2772 scopaaque
1552 2736 1628 2769 dum,
1657 2737 1755 2772 quibus
1780 2732 1880 2763 caldaria

1112 2784 1173 2816 post
1187 2781 1337 2809 coctionem
1366 2787 1521 2817 scopentur.
1539 2781 1604 2809 Duas
1625 2782 1694 2810 retis
1713 2779 1878 2809 abseissioncs.

1113 2825 1211 2860 quibus
1234 2831 1346 2854 utantur
1368 2827 1401 2855 ad
1417 2828 1583 2856 ablutionem
1606 2827 1785 2859 seutellarum,
1799 2822 1880 2852 etesi-

1149 2894 1225 2929 (Ii'i)
1245 2894 1338 2922 Genus
1349 2894 1581 2927 ehirotbecarum,
1595 2894 1666 2928 quod
1681 2900 1782 2921 manum
1794 2889 1882 2925 palatus

1115 2930 1193 2964 tegit,
1209 2935 1238 2956 ut
1250 2930 1276 2957 in
1288 2930 1347 2958 0rd.
1361 2929 1531 2958 Cluniacensi
1545 2929 1601 2965 jam
1616 2930 1772 2958 notavimus.
