3890 6314
108 344 219 401 1033

1095 339 1509 398 CONSTITUT.
1559 335 1880 392 lllliSAUG.
1923 365 1991 375 -—-
2030 334 2156 389 LIB.
2199 335 2238 388 Ι.

3180 338 3316 395 1854

105 460 354 515 dariorum.
396 453 519 506 Duae
570 450 760 506 tabulas
817 452 883 506 ad
942 454 1217 519 scutellas,
1266 472 1375 510 una
1431 457 1482 509 in
1525 472 1628 525 qua
1666 464 1710 520 Α
1739 466 1993 521 vesperos
2017 451 2199 506 statim
2227 451 2448 506 mutatis
2470 421 2806 508 diurnalibus
2835 452 3040 524 agitur;
3067 453 3111 508 si
3136 462 3318 512 tamen

106 559 330 622 ponantur
374 556 490 617 post
548 544 891 600 refectionem
941 552 1213 618 nt‘cuuque
1259 549 1432 603 lavata
1464 567 1495 603 γε
1553 549 1634 602 al-

107 653 195 697 tera
228 640 274 694 in
331 653 430 707 qua
467 636 736 700 diluculo,
785 651 907 706 qua:
964 638 1030 692 ad
1084 633 1384 708 perfectum
1441 639 1636 694 debent

107 749 198 788 esse
233 731 421 785 lavataz.
457 729 570 785 Duo
608 723 816 795 sedilia,
860 733 980 800 quae
1019 727 1210 786 bantur
1255 730 1413 803 vulgo
1449 732 1636 804 appel-

108 823 218 888 lant;
260 837 353 876 una
416 821 543 876 sella
597 821 926 892 quadripoda
987 829 1043 878 et
1098 825 1416 898 summissa,
1477 839 1639 895 super

110 932 234 983 quam
258 907 476 982 ponatur
512 927 682 982 euppa
717 927 840 967 cum
888 905 1148 978 oleribus,
1180 915 1396 986 quando
1426 925 1552 969 sum
1585 915 1636 968 in

115 1005 360 1059 caldarium
393 1004 670 1058 mittenda.
705 1003 821 1058 Una
857 1015 1041 1075 petra,
1084 1007 1247 1061 etiam
1279 1005 1450 1073 major
1475 1021 1638 1076 quam

113 1096 306 1158 molaris,
336 1110 493 1164 super
515 1108 676 1165 quam
702 1096 896 1150 iterum
925 1097 1142 1165 ponitur
1167 1095 1490 1161 caldarium,
1525 1095 1640 1150 sive

113 1191 194 1242 siut
237 1188 377 1251 fabaz,
423 1187 538 1241 sive
586 1187 762 1248 olera,
799 1205 920 1258 qua:
951 1189 1432 1254 administrantur;
1470 1187 1639 1241 altera

113 1296 238 1349 Super
261 1295 408 1347 quam
435 1289 490 1333 et
515 1277 685 1333 altera
714 1295 884 1350 euppa
915 1281 1132 1349 ponitur
1160 1280 1226 1334 de
1261 1295 1366 1350 qua
1405 1277 1642 1334 scutella:

115 1374 314 1424 l:l\';lllll|l'
359 1373 496 1424 inter
528 1373 898 1426 reficiendum.
939 1370 1090 1427 Unus
1141 1371 1282 1426 follis
1322 1372 1387 1425 ad
1429 1369 1644 1426 sufﬂan-

113 1463 208 1512 dum
239 1462 417 1530 ignem.
467 1460 642 1515 Unum
685 1459 958 1516 flabellum
1011 1461 1303 1516 vimineum
1351 1462 1418 1516 ad
1465 1462 1639 1516 venti-

118 1550 308 1604 landum.
353 1549 497 1605 Unus
542 1555 737 1607 contus
775 1552 842 1606 ad
871 1552 1334 1622 subportationem
1373 1552 1644 1607 caldario-

114 1649 231 1706 runt;
255 1640 380 1695 alter
400 1641 466 1695 ad
492 1642 633 1712 ig‘nis
656 1643 1026 1698 dimotionem.
1063 1644 1210 1699 linus
1237 1643 1445 1699 Canalis
1468 1644 1644 1713 inqua

115 1731 310 1784 lixivium
336 1747 548 1802 semper
576 1732 826 1797 habetur,
856 1743 1076 1803 propter
1089 1747 1282 1788 manus
1310 1734 1647 1804 frequentius

1741 563 1844 600 non
1875 555 1959 600 est
1982 547 2336 612 cmnandum;
2365 546 2523 601 debet
2552 546 2803 616 prmmitti
2823 587 2838 611 ,
2869 545 3105 600 cilicium
3132 549 3318 616 sequi,

1736 639 1899 694 etiam
1928 639 1974 693 si
2001 639 2115 708 ipsa
2146 639 2276 694 hora
2313 638 2824 706 hujusmodi'brcvis
2848 639 3194 707 superveniat
3219 654 3320 709 pro

1737 731 1842 800 Qua
1883 729 2064 784 omnia
2094 729 2246 798 signa
2291 728 2452 783 simul
2489 729 2693 800 pulsari
2741 729 2992 784 debeant.
3035 730 3235 784 Verum
3265 739 3324 785 et

1737 819 2011 874 diurnales
2041 819 2184 874 facta
2217 820 2516 876 mutatione
2556 823 2609 876 in
2660 819 2954 878 claustrum
2995 831 3124 877 sunt
3165 834 3324 890 repo-

1738 908 1921 964 nendi.
1955 908 2090 975 Quia
2125 907 2301 962 nullus
2340 909 2443 964 nisi
2488 927 2659 981 nuper
2691 912 2930 966 minutus
2959 911 3116 966 debet
3143 911 3326 965 dim-it-

1746 1011 1879 1067 tere,
1904 1003 2017 1058 sive
2037 1017 2175 1072 opus
2204 1003 2298 1069 sit,
2325 1004 2438 1059 sive
2483 1021 2622 1072 non,
2653 1005 2783 1076 quin
2815 1005 3202 1076 aliquantulum
3229 1021 3324 1060 eos

1740 1095 1952 1160 abluat;
1979 1096 2102 1164 quia
2135 1096 2250 1149 lucc
2275 1096 2395 1151 talis
2418 1099 2751 1154 consuetudo
2773 1113 2838 1153 ex
2867 1098 3086 1166 antiqua
3108 1109 3322 1167 patrum

1741 1186 2079 1240 institutione
2111 1191 2337 1240 tenenda
2361 1198 2444 1242 est
2475 1189 2644 1258 magis
2693 1189 2788 1259 pro
2827 1186 3132 1243 humilitate
3161 1201 3323 1256 quam

1740 1293 1840 1348 pro
1891 1277 2232 1331 necessitate.
2272 1276 2406 1331 Nam
2449 1289 2575 1334 sunt
2622 1279 2861 1334 nonnulli
2914 1280 3084 1333 nostri
3119 1276 3327 1333 ordinis

1744 1377 1908 1447 tanta:
1951 1367 2296 1433 humilitatis,
2347 1378 2404 1423 ut
2451 1370 2717 1426 slaminea
2773 1387 2867 1426 sua
2917 1380 2973 1425 et
3019 1369 3125 1424 alia
3163 1369 3330 1424 vcsti-

1743 1468 1924 1514 tnenta
1958 1475 2231 1530 nunquam
2261 1460 2330 1514 ab
2373 1459 2481 1515 alio
2509 1475 2806 1530 quoquam,
2835 1461 2936 1515 nisi
2967 1476 2997 1514 a
3038 1460 3230 1528 seipsis
3258 1459 3331 1511 la-

1743 1553 1858 1607 vari
1892 1553 2185 1623 patiantur.
2229 1552 2486 1608 Attamen
2533 1553 2633 1622 soli
2660 1553 3036 1608 obedientiarii
3063 1592 3079 1618 ,
3109 1552 3200 1622 qui
3231 1568 3331 1623 pro

1757 1646 1935 1716 aliqua
1967 1647 2288 1702 necessitate
2309 1657 2493 1716 postea
2523 1656 2649 1700 sunt
2683 1645 2881 1700 exituri
2922 1644 3194 1699 diurnales
3222 1659 3330 1700 non

1747 1739 1984 1805 mittant,
2029 1739 2123 1793 sed
2161 1724 2412 1809 corrigiis
2449 1736 2588 1792 infra
2621 1735 2936 1804 compositis
2978 1751 3100 1790 cum
3127 1734 3330 1790 eisdem

117 1825 341 1879 lavandas.
372 1825 484 1880 Duo
507 1840 725 1896 quoque
762 1826 990 1897 tigroni,
1024 1837 1252 1896 uterque
1278 1827 1344 1882 d'e
1382 1827 1554 1882 tribus
1585 1826 1650 1881 li-
1680 1813 1724 1872 Β
1752 1831 1915 1886 etiam
1952 1832 2208 1886 mandato
2234 1831 2524 1886 intersunt.
2551 1827 2649 1882 Est
2701 1838 2881 1882 autem
2911 1828 3243 1883 consuetudo
3275 1839 3336 1883 ut

117 1913 210 1982 guis
232 1912 342 1969 licet
365 1915 663 1984 imparibus
685 1916 894 1986 angulis
921 1916 1031 1970 sint
1053 1915 1202 1976 facti.
1227 1917 1316 1986 qui
1350 1917 1402 1969 in
1428 1915 1647 1970 modmn

115 2007 329 2062 ostiorum
359 2008 460 2064 huc
485 2019 541 2064 et
566 2009 690 2065 lllue
710 2009 910 2064 versari
937 2018 1183 2079 possunt.
1218 2007 1272 2063 ln
1306 2008 1390 2063 his
1414 2006 1651 2077 pendent

116 2105 299 2165 cateufe,
325 2101 516 2170 quibus
543 2101 782 2156 caldaria
813 2101 1234 2172 suspenduntur,
1267 2115 1527 2171 suSpensa
1552 2100 1651 2154 im-

116 2191 288 2260 plentur
312 2209 445 2263 aqua
473 2209 645 2265 prepe
673 2207 825 2264 aqua:
855 2196 1096 2258 ductum,
1130 2205 1186 2250 et
1215 2196 1286 2249 ita
1316 2195 1654 2250 deducuntur

117 2285 280 2351 absque
303 2283 477 2340 labore
501 2300 677 2354 usque
707 2300 870 2355 super
893 2285 1090 2355 igncut.

169 2374 424 2431 Sciendum
450 2392 668 2449 quoque
699 2378 842 2448 quod
869 2393 968 2448 pro
1000 2379 1144 2432 nulla
1167 2378 1487 2433 necessitate
1509 2375 1652 2431 aliud

115 2465 214 2532 quid
236 2468 469 2538 coquitur
511 2468 568 2522 in
600 2468 832 2539 eoquiua
865 2469 1134 2540 regulari,
1186 2477 1384 2538 przeter
1422 2468 1576 2523 fabas
1600 2477 1654 2522 et

116 2556 251 2623 olera,
293 2574 387 2615 nec
425 2560 593 2633 etiam
641 2559 786 2615 aliud
833 2575 1002 2632 genus
1052 2560 1360 2632 leguminis.
1399 2562 1416 2580 ‘
1457 2559 1563 2614 Sed
1607 2559 1652 2614 si

117 2645 224 2702 faba:
238 2648 439 2716 desunt,
463 2650 753 2721 praefatum
780 2659 958 2707 tamen
980 2657 1198 2709 cursum
1223 2661 1279 2705 et
1300 2650 1654 2722 psalmodiam

119 2739 171 2793 ibi
195 2749 394 2799 cantare
419 2757 525 2797 non
565 2743 851 2808 omittunt;
881 2743 1009 2814 quia
1052 2741 1197 2798 aliud
1232 2742 1511 2812 multiplex
1542 2757 1656 2794 ser-

120 2828 265 2883 vitium
296 2846 394 2885 non
423 2830 559 2885 sinit
585 2845 682 2888 eos
709 2846 935 2895 vacare,
979 2841 1041 2887 ut
1085 2840 1169 2887 est
1217 2832 1370 2887 focus
1419 2832 1657 2886 nutrien-

117 2921 211 2988 dus,
233 2939 354 2993 aqua
383 2929 447 2982 ad
473 2927 812 2984 ablutionem
833 2914 1194 2982 caldariOrum
1224 2933 1278 2978 et
1305 2923 1656 2979 scutellarum

118 3013 390 3087 ealelienda,
420 3019 612 3074 Iardus
635 3034 758 3073 cum
785 3015 1023 3073 oleribus
1051 3016 1399 3085 coquendus,
1430 3031 1496 3070 ac
1539 3021 1660 3085 post

119 3104 214 3161 inde
231 3111 398 3179 sagina
429 3109 817 3183 exprimenda,
859 3116 912 3165 et
940 3117 1134 3163 cmtera
1168 3106 1254 3162 his
1288 3105 1506 3170 similia,
1536 3121 1658 3176 qua:

117 3199 204 3270 ipsa
225 3207 502 3262 necessitas
534 3203 729 3260 melius
755 3203 912 3259 docet
939 3217 1046 3257 non
1076 3199 1558 3271 praetermittenda.

171 3294 285 3364 (eo)
317 3296 584 3352 Caeterum
638 3293 775 3349 fabre
827 3293 992 3348 etiam
1023 3292 1237 3362 quando
1269 3290 1343 3345 ita
1394 3299 1521 3345 sunt
1562 3305 1658 3344 no-

118 3384 255 3452 vellae,
291 3399 341 3443 et
375 3405 470 3460 pro
504 3386 834 3458 quibusdam
877 3385 1086 3441 deliciis
1124 3399 1248 3440 cum
1295 3384 1483 3454 pipere
1528 3397 1653 3437 con-

119 3475 316 3543 diuutur,
348 3493 447 3533 non
478 3496 508 3533 a
543 3477 802 3533 fratribus
822 3477 915 3533 sed
943 3493 973 3531 a
995 3471 1217 3530 famulis
1241 3483 1568 3545 ecquuntur.
1597 3473 1654 3526 In

120 3568 208 3635 ipsa
255 3570 471 3639 eoquiua
521 3567 758 3639 regulari
815 3567 1050 3636 scriptor
1089 3573 1322 3630 tantum,
1381 3565 1424 3619 si
1474 3563 1659 3618 incau-

117 3667 226 3712 stum
245 3660 378 3730 (H8)
405 3671 714 3730 temperare
740 3658 993 3723 voluerit,
1023 3672 1130 3712 non
1157 3655 1506 3726 prohibetur,
1531 3662 1587 3710 et
1611 3655 1656 3710 si

119 3752 212 3818 quis
233 3753 446 3809 voluerit
476 3753 695 3809 calceos
718 3767 844 3807 suos
875 3765 1098 3820 ungere,
1131 3741 1437 3820 providebit
1467 3747 1656 3802 horam

118 3854 487 3912 competentem,
525 3844 580 3898 itl
623 3852 708 3897 est
748 3843 800 3896 in
849 3850 1036 3896 testate
1075 3849 1200 3895 ante
1230 3840 1494 3910 primam,
1520 3847 1577 3894 et
1604 3837 1656 3892 in

119 3929 274 4000 liyi-me
315 3945 434 3989 ante
463 3933 704 3998 tertiam,
736 3939 793 3988 et
839 3932 883 3985 si
923 3931 1280 3986 meridianum
1310 3946 1416 3985 non
1459 3930 1656 4000 agitur,

118 4036 210 4089 post
238 4041 458 4092 nonam;
501 4027 553 4083 si
597 4039 777 4082 tamen
820 4026 1115 4081 servitores
1159 4040 1264 4079 non
1307 4024 1509 4078 habent
1538 4038 1654 4076 am-

119 4114 227 4179 plius
269 4120 666 4175 administrare;
711 4117 872 4172 Pueri
915 4131 1131 4188 quoque
1173 4115 1426 4170 candelas
1464 4114 1660 4184 quibus

118 4219 223 4274 opus
261 4209 561 4277 habuerint,
597 4209 804 4265 faciunt
847 4209 900 4264 in
948 4207 1066 4279 ipsa
1103 4207 1334 4276 eoquiua
1379 4221 1502 4260 cum
1547 4221 1660 4259 iitu-

117 4297 262 4362 gistris
281 4303 405 4357 suis.

643 4405 874 4468 CAPUT
912 4410 1096 4466 XCIX.

1750 1939 1874 1979 cum
1900 1924 2070 1979 calcei
2114 1924 2187 1977 ita
2234 1923 2285 1977 in
2331 1922 2581 1977 manibus
2610 1928 2922 1990 portantur,
2957 1927 3184 1974 extenso
3209 1920 3336 1975 bra-

1752 2015 1876 2070 chio
1905 2031 2002 2084 per
2031 2015 2276 2084 corrigas
2307 2022 2516 2069 tantum
2552 2023 2827 2077 leuantur,
2859 2012 2929 2065 ita
2957 2021 3018 2064 ut
3057 2011 3199 2066 inter
3225 2029 3336 2066 ma-

1753 2123 1880 2160 num
1930 2105 2198 2175 portantis
2247 2116 2303 2160 et
2331 2104 2543 2161 calceos
2572 2104 2938 2176 dependentes
2975 2101 3130 2171 quasi
3178 2104 3338 2158 unius

1755 2194 1921 2250 eubiti
1951 2195 2024 2248 sit
2057 2193 2422 2248 intervallum.
2457 2194 2607 2250 Lotis
2635 2211 2763 2266 ergo
2794 2196 3018 2266 pedibus
3044 2208 3099 2254 et
3124 2199 3338 2254 diurna-

1754 2275 1896 2340 libus
1947 2284 2336 2355 aliquantisper
2387 2287 2659 2343 ablutissl
2707 2287 2794 2344 cui
2841 2287 2973 2345 libet
3011 2306 3215 2360 ungues
3243 2307 3338 2361 pe-

1754 2376 1881 2430 dum
1930 2391 2202 2443 resecare,
2252 2378 2355 2432 hoc
2403 2378 2455 2432 in
2502 2378 2690 2434 eodem
2747 2379 2865 2436 loco
2921 2382 3085 2438 debet
3134 2381 3336 2450 facere,

1755 2471 1955 2540 quippe
1985 2471 2072 2525 cui
2117 2479 2245 2526 tunc
2295 2473 2554 2543 temporis
2597 2463 2869 2529 cultellum
2917 2476 2984 2531 ad
3033 2477 3138 2532 hoc
3165 2478 3337 2532 solum

1755 2567 1940 2614 secum
1975 2570 2193 2631 portare
2236 2562 2602 2632 permittitur;
2653 2564 2746 2619 sed
2775 2573 2830 2621 et
2869 2581 3060 2622 soccos
3103 2567 3175 2621 ibi
3210 2577 3338 2622 tunc

1755 2660 2008 2706 excutere
2047 2652 2386 2708 conoeditur.
2437 2637 2534 2709 llis
2563 2664 2744 2708 autem
2795 2660 3054 2725 peractis,
3074 2672 3179 2712 non
3231 2675 3343 2713 mo-

1758 2752 1948 2797 rantur
1995 2741 2205 2798 caleeos
2232 2758 2354 2797 cum
2405 2743 2598 2799 cultris
2642 2753 2710 2800 ad
2759 2744 2956 2801 lectum
2993 2754 3242 2818 portare,
3287 2759 3344 2803 et

1757 2848 1880 2888 mox
1930 2833 2219 2889 redeuntes
2269 2833 2323 2888 in
2375 2833 2670 2890 claustrum
2723 2851 2912 2892 manus
2949 2837 3155 2904 lavant,
3207 2849 3260 2894 et
3294 2840 3338 2893 si

1757 2923 1988 2981 cilicium
2017 2924 2396 2981 defunctorum
2441 2940 2545 2981 non
2585 2936 2668 2982 est
2701 2928 2996 2998 agendum,
3043 2931 3344 2998 percussio-

1759 3033 1882 3072 nem
1913 3007 2109 3073 tabula:
2136 3018 2203 3072 ad
2235 3018 2570 3083 mandatum,
2602 3019 2715 3073 sive
2764 3020 2998 3090 cynibali
3042 3022 3109 3076 ad
3155 3023 3344 3076 biben-

1761 3109 1909 3176 dum,
1947 3109 1991 3165 si
2027 3124 2134 3164 non
2178 3110 2541 3174 omnaverint,
2579 3110 2646 3163 ad
2685 3109 2884 3165 lectum
2929 3111 3177 3167 sedentes
3218 3128 3352 3170 cum,

1763 3217 1976 3257 summo
2012 3201 2226 3258 silentio
2251 3210 2588 3271 exspectant.
2618 3199 2676 3256 Si
2704 3212 2882 3257 autem
2903 3244 2919 3269 ,
2964 3212 3024 3256 ut
3053 3203 3345 3273 aliquando

1759 3294 1991 3364 hyemali
2038 3302 2279 3364 tempore
2327 3293 2624 3363 contingit,
2677 3294 3024 3349 cmnautibus
3078 3297 3346 3353 ministris

1758 3394 1978 3454 propter
2011 3383 2325 3440 instantiam
2358 3385 2536 3439 nectis
2573 3399 2602 3438 a
2631 3393 2898 3439 conventu
2935 3381 3096 3440 lectio
3127 3385 3344 3441 interim

1759 3475 1946 3530 haberi
1976 3492 2082 3534 non
2123 3483 2321 3550 potest,
2367 3476 2614 3546 accensis
2665 3476 2957 3536 luminibus
3004 3479 3058 3534 in
3106 3478 3347 3546 capitulo

1759 3571 1955 3626 tabulae
1981 3569 2256 3642 percussio
2285 3577 2650 3638 exspectatur.
2680 3567 2809 3625 Post
2833 3584 3043 3625 canam
3073 3584 3203 3628 vero
3241 3570 3344 3622 mi-

1759 3664 2053 3722 nistrorum
2075 3663 2158 3718 vel
2187 3677 2529 3720 communem
2566 3660 2883 3717 bibitionem
2917 3660 3157 3730 inquiret
3193 3661 3347 3730 prior

1760 3769 1790 3808 a
1820 3754 2018 3809 domno
2047 3756 2263 3819 abbate,
2291 3754 2334 3810 si
2369 3753 2500 3809 velit
2528 3753 2784 3808 mandato
2817 3753 3100 3828 interesse.
3127 3751 3222 3807 illo
3251 3768 3347 3806 au-

1762 3857 1870 3903 tem
1918 3849 2031 3904 sive
2060 3848 2276 3904 volente
2332 3848 2448 3902 sive
2503 3846 2743 3913 nolente,
2796 3846 2948 3917 prior
2999 3854 3176 3901 tamen
3238 3861 3346 3900 nou

1761 3940 1967 3995 omittit
2005 3941 2241 3996 tabulam
2266 3944 2571 4010 percutere.

2396 4016 2625 4086 CAPUT
2663 4028 2724 4082 c.

2244 4110 2322 4177 De
2341 4123 2598 4184 mandato
2621 4121 2868 4189 fratrum.

1833 4218 1860 4248 '
1890 4215 2058 4286 Igitur
2099 4229 2352 4286 percussa
2411 4212 2589 4267 tabula
2637 4209 3040 4270 hebdomadarii
3079 4209 3348 4278 coquitur,

1759 4305 1852 4376 qui
1893 4305 2140 4376 przesenti
2202 4301 2884 4358 hebdomadaserviernnt
2914 4299 2996 4357 .ad
3039 4299 3347 4362 lavandum,

1761 4394 1853 4463 qui
1880 4393 2136 4448 servituri
2164 4400 2292 4447 sunt
2326 4393 2379 4446 in
2413 4391 2659 4462 sequenti
2703 4392 2768 4444 ad
2818 4389 3347 4467 tergendunrpedes,

118 4497 304 4564 (hume
329 4506 517 4574 fratres
547 4505 828 4570 anlicipent
857 4502 1166 4574 nnindatum
1194 4502 1248 4554 in
1272 4500 1454 4571 quinta
1486 4501 1620 4568 [cria
1644 4542 1651 4563 ι

1761 4496 1821 4540 se
1847 4494 2061 4555 parant.
2094 4485 2404 4539 Conventus
2435 4481 2727 4552 capitulum
2775 4482 2961 4547 intrat,
2991 4482 3177 4550 sicque
3207 4480 3351 4536 facto

450 4587 497 4630 et
526 4575 787 4645 quomodo
811 4573 964 4641 pedes
986 4571 1284 4641 praelucent.

173 4667 185 4682 '
220 4664 646 4735 Quotiescunque
685 4665 901 4734 aliquod
941 4664 1157 4730 festum,
1212 4665 1264 4718 in
1287 4679 1396 4733 quo
1425 4663 1662 4732 psalmus

123 4750 318 4812 i’enitea
349 4771 584 4831 quatuor
621 4769 705 4812 est
754 4757 1053 4812 cantandus
1097 4757 1151 4810 in
1205 4754 1453 4819 sabbato,
1493 4757 1575 4810 vel
1609 4757 1659 4810 in

120 4845 355 4905 lioruinica
379 4851 618 4907 occurrit
649 4849 939 4918 agendum,
978 4848 1030 4901 in
1065 4848 1249 4917 quinta
1272 4847 1421 4901 feria
1463 4858 1665 4915 praece-

117 4938 247 4996 dente
269 4943 584 4996 .mandatum
611 4950 696 4995 est
720 4937 1144 5009 anticlpandum.
1174 4930 1324 4991 Tunc
1363 4937 1526 4992 etiam
1555 4936 1662 4990 fra-

118 5039 204 5086 tres
245 5034 534 5102 przelavant
581 5033 767 5103 pedes,
806 5041 862 5086 ct
882 5030 928 5085 si
982 5029 1105 5099 quis
1144 5029 1382 5098 podagra
1429 5029 1511 5083 vel
1554 5029 1662 5084 alio

118 5125 276 5177 morbo
303 5125 374 5180 ita
405 5123 710 5178 infirmatur
742 5122 794 5176 in
818 5120 1064 5190 pedibus,
1091 5130 1148 5172 ut
1171 5135 1264 5175 eos
1289 5131 1662 5189 competenter

119 5212 160 5263 iu
197 5214 418 5270 claustro
468 5232 590 5270 eum
637 5214 767 5282 ipsis
806 5211 1025 5267 abluere
1069 5228 1175 5265 non
1222 5212 1411 5281 possit,
1444 5228 1565 5266 cum
1599 5212 1662 5265 Ii-

118 5307 264 5358 reutia
311 5305 508 5361 lavabit
553 5306 608 5360 in
657 5304 976 5367 inlirmaria,
1008 5311 1062 5356 et
1093 5301 1325 5356 famulus
1375 5302 1657 5358 infirmarii

118 5410 283 5463 aquam
329 5397 721 5452 administrabit
764 5396 872 5462 illi;
914 5395 1220 5463 sedpostca
1250 5395 1315 5448 ad
1349 5396 1659 5448 mandatum

117 5485 199 5552 ll’Si
229 5492 379 5557 pedes
410 5505 513 5544 non
541 5489 808 5542 lavantur.

175 5579 268 5632 Sed
294 5580 391 5635 hoc
425 5580 732 5646 sciendum,
761 5577 905 5649 quod
947 5578 1061 5632 haec
1093 5576 1288 5648 pedum
1319 5576 1514 5632 lavatio
1539 5589 1662 5646 post

1765 4589 1892 4631 ante
1915 4585 1970 4630 et
1997 4585 2142 4631 retro
2163 4575 2378 4641 sedens,
2403 4573 2692 4629 intrantem
2721 4572 2970 4626 abbatem
3002 4572 3085 4628 vel
3113 4571 3350 4643 priorem

1764 4677 2063 4738 exspectat.
2090 4667 2264 4723 Priori
2300 4666 2606 4738 assurgitur
2641 4665 2866 4722 erectim
2895 4681 3056 4735 super
3082 4664 3348 4729 seabclla;

1766 4759 1947 4813 abbati
1976 4774 2105 4814 vero
2136 4758 2360 4812 intranti
2387 4757 2599 4820 stando,
2631 4743 2726 4811 sed
2756 4771 2860 4810 non
2888 4755 3216 4811 iuclinando.
3245 4756 3352 4809 lm-

1767 4859 1999 4920 ponente
2057 4849 2410 4918 antiphonam
2458 4848 2656 4904 domno
2698 4847 2911 4907 abbate.
2965 4847 3071 4912 vel,
3141 4847 3185 4900 si
3241 4847 3355 4916 ipse

1769 4945 1966 4998 absens
1994 4952 2100 5006 est,
2124 4942 2387 5006 armario,
2418 4940 2494 4996 illi
2522 4941 2611 5009 qui
2659 4940 2822 5010 pedes
2861 4938 3089 4994 fratrum
3123 4938 3353 4992 lavaturi

1769 5042 1914 5099 sunt,
1946 5031 2255 5102 prazcedunt
2280 5030 2478 5086 tersuri
2521 5045 2644 5086 cum
2675 5028 2883 5092 linteis;
2915 5027 3195 5098 pratcincti
3228 5042 3352 5081 cum

1769 5123 1949 5180 linteis
1993 5123 2413 5192 subsequuntur,
2460 5129 2515 5176 et
2550 5121 2630 5176 sic
2676 5119 2969 5189 capitulum
3015 5117 3274 5187 ingressi;
3307 5116 3352 5172 si

1769 5222 2002 5282 quatuor
2033 5223 2182 5279 sunt,
2214 5214 2424 5284 primus
2457 5221 2513 5266 et
2549 5211 2740 5266 tertius
2767 5210 2821 5265 in
2849 5209 3040 5264 ordine
3080 5207 3133 5263 in
3163 5208 3352 5265 dextra

1770 5302 1953 5359 lavant
1978 5313 2152 5374 parte,
2203 5305 2472 5360 secundus
2497 5313 2553 5368 et
2580 5315 2804 5374 Quartus
2853 5301 2907 5355 in
2942 5299 3182 5365 sinistra,
3229 5300 3350 5368 pedi

1768 5410 1928 5463 quem
1957 5395 2207 5450 laverunt
2231 5395 2414 5453 statim
2454 5393 2694 5448 calceum
2723 5403 3024 5462 supponere
3049 5406 3153 5444 non
3182 5388 3353 5460 negli-

1768 5493 1975 5554 gentes.
2008 5483 2189 5557 Quem
2214 5483 2458 5540 ordinem
2503 5489 2721 5537 servant
2741 5491 2795 5536 et
2825 5481 2914 5550 qui
2943 5479 3105 5546 pedes
3131 5487 3352 5551 tergent

1768 5577 1966 5632 domno
1997 5576 2178 5632 abbati
2204 5585 2259 5632 et
2288 5575 2372 5630 his
2398 5574 2655 5630 fratribus
2683 5582 2888 5628 tantum
2911 5572 3002 5643 qui
3043 5584 3206 5644 super
3226 5586 3354 5644 sca-

180 5765 309 5833 (ll8)
350 5764 675 5829 Incausmm,
723 5775 1057 5826 encanstum,
1109 5761 1287 5827 Italis,
1347 5762 1666 5826 luchioslro,
1693 5762 1810 5815 Lat.
1848 5769 2219 5814 atramentum.

284 5861 548 5921 Parnm.
599 5859 722 5920 CL.

2957 5842 3031 5900 33
