3872 6306
532 300 687 355 1038

513 415 711 468 bellum
739 421 828 467 aut
859 428 1021 483 super
1046 413 1271 484 juncum
1300 414 1508 476 sedent,
1551 414 1705 468 flexis
1745 416 1796 468 in
1841 424 1981 469 terra
2015 429 2103 481 ge-

515 506 693 567 nibus,
727 504 890 572 pedes
930 504 1159 558 fratrum
1206 505 1390 560 lavant
1438 514 1494 561 et
1543 513 1781 574 tergunt.
1812 504 1915 572 Qui
1952 506 2105 573 prius

512 605 721 665 partem
762 610 915 649 suam
960 598 1311 665 perlavcrint,
1354 598 1407 652 iu
1452 597 1621 652 altera
1666 607 1817 667 parte
1860 595 2104 651 lavantes

511 696 787 763 adjuvant,
824 709 932 763 quo
963 694 1124 750 citius
1152 712 1210 751 se
1243 696 1552 765 expediant.

580 790 805 845 Peracta
851 801 1031 845 autem
1067 793 1264 861 pedum
1297 792 1570 845 lavatione
1615 789 1773 843 simul
1819 797 1874 843 el
1910 802 2103 843 manu-

510 883 805 951 tergiorum
837 923 851 946 ,
905 892 1056 936 extra
1114 881 1407 953 capitulum
1461 880 1548 935 ubi
1606 895 1743 950 aqua
1797 878 2103 937 lavantibus

509 974 927 1029 ministrabatnr
958 989 1054 1043 per
1091 990 1431 1038 conversum,
1479 972 1562 1026 cui
1597 973 1696 1026 hoc
1723 970 1957 1027 cilicium
1988 973 2102 1026 fue-

508 1075 592 1121 rat
622 1066 946 1134 injunctum,
980 1067 1031 1119 in
1061 1066 1249 1121 eodem
1282 1066 1421 1130 low,
1474 1065 1575 1119 sibi
1617 1063 1848 1118 invicem
1902 1076 2098 1132 aquam

507 1158 570 1209 ad
622 1172 815 1211 manus
865 1157 1264 1221 administrant,
1309 1170 1445 1225 quas
1492 1164 1674 1209 tamen
1718 1169 1821 1207 non
1863 1161 2099 1221 tergunt.

504 1247 657 1302 Tunc
681 1245 1109 1319 ingredientibus
1130 1247 1237 1303 illis
1258 1262 1379 1301 cum
1406 1244 1649 1301 baccinis
1672 1245 1738 1299 ad
1762 1243 2094 1299 ablutionem

504 1346 764 1391 manuum
805 1338 983 1392 nullus
1014 1337 1240 1393 absente
1272 1339 1467 1393 abbate
1496 1336 1661 1407 priori
1699 1337 1966 1407 assurgit;
2001 1335 2094 1391 sed

505 1428 878 1497 unusquisque
941 1430 1135 1485 sedens
1210 1429 1515 1484 ministrum
1576 1445 1731 1498 aqua:
1795 1437 2090 1499 exspectat.

504 1518 706 1573 Verum
742 1519 789 1573 si
830 1521 1116 1591 episcopus
1162 1521 1491 1591 aliquistvel
1543 1520 1712 1575 abbas
1757 1519 1827 1573 ibi
1874 1519 1926 1573 in
1978 1519 2094 1574 loco

501 1610 682 1665 doumi
712 1610 924 1665 abbatis
954 1612 1124 1676 sedet,
1150 1611 1394 1683 surgenti
1440 1624 1629 1665 omnes
1676 1617 1987 1677 assurgunt,
2038 1620 2092 1662 et

500 1703 546 1756 si
575 1719 737 1774 super
776 1705 1070 1761 scabellutn
1115 1705 1349 1769 steterit,
1383 1713 1510 1758 tunc
1546 1719 1645 1757 nec
1689 1718 1984 1757 conversus
2024 1702 2089 1755 ad

501 1806 705 1849 terram
737 1798 1035 1863 descendit,
1070 1799 1161 1851 sed
1193 1798 1387 1853 stando
1411 1813 1572 1868 super
1610 1796 1839 1853 scabella
1872 1805 2091 1867 praesto-

499 1886 643 1940 latur
673 1888 842 1942 donec
881 1889 1179 1943 consident.

568 1975 738 2032 Facta
789 1987 968 2034 autem
1026 1988 1080 2035 et
1129 1994 1387 2037 manuum
1442 1976 1715 2036 ahlutioue
1762 1979 1949 2037 eodem
2001 1996 2092 2039 or—

496 2069 621 2123 dine
663 2086 769 2138 quo
798 2079 852 2124 et
878 2072 1096 2141 pedum,
1130 2071 1172 2125 si
1215 2074 1337 2142 quis
1365 2072 1434 2127 ibi
1468 2088 1572 2127 non
1616 2074 2091 2138 hebdomadarius,

495 2162 588 2217 sed
649 2174 867 2234 rogatus
928 2163 997 2218 ab
1053 2163 1238 2232 aliquo
1292 2165 1715 2220 hebdomadario
1776 2164 1893 2219 vice
1950 2164 2092 2220 illius

495 2258 789 2325 ministrat,
825 2260 915 2315 hic
956 2276 1078 2316 cum
1124 2261 1258 2317 foris
1287 2263 1578 2332 capitulum
1608 2262 1892 2317 bacciuutn
1925 2264 2090 2332 depo-

494 2352 686 2415 suerit,
731 2367 1009 2424 regressus
1053 2354 1103 2408 in
1157 2354 1334 2410 locum
1376 2370 1530 2410 suum
1575 2355 1808 2419 secedit,
1861 2354 2089 2409 faciens-

493 2458 599 2510 que
649 2444 719 2497 ibi
772 2453 901 2499 ante
944 2454 994 2500 et
1038 2456 1206 2507 retro.
1238 2448 1411 2502 sedet.
1444 2448 1492 2502 ls
1520 2462 1647 2515 ergo
1677 2462 1705 2500 a
1730 2462 1837 2516 quo
1868 2457 2088 2516 rogatus

494 2534 674 2590 fuerat
716 2536 906 2593 exiens
947 2546 1073 2593 ante
1124 2540 1416 2608 capitulum
1474 2554 1534 2593 se
1580 2540 1795 2593 caeteris
1818 2539 1869 2593 in
1895 2538 2086 2593 ordino

496 2638 596 2681 suo
614 2626 807 2698 jungit,
837 2631 1023 2699 sicque
1046 2631 1501 2698 praecedentibus,
1519 2629 1610 2699 qui
1634 2630 1797 2700 pedes
1817 2629 2083 2694 laverunt,

489 2730 680 2771 omnes
732 2718 893 2773 simul
947 2729 1072 2774 ante
1124 2722 1304 2775 sedem
1353 2721 1536 2775 domui
1596 2721 1808 2775 abbatis
1860 2729 1984 2774 ante
2031 2731 2085 2775 et

488 2819 637 2863 retro
667 2809 891 2865 facittnt.
928 2810 1078 2866 Tunc
1111 2813 1322 2867 tandem
1364 2812 1609 2882 sequitur
1630 2826 1733 2866 reos
1764 2826 2082 2877 conversus,

487 2899 578 2968 qui
606 2914 803 2971 aquam
850 2901 1175 2957 ministravit
1204 2905 1283 2958 eis
1323 2904 1643 2967 lavantibus,
1681 2914 1735 2958 et
1769 2903 1992 2959 veniens
2027 2903 2082 2958 in

485 2992 662 3047 locum
701 3008 856 3048 suum
894 2994 963 3047 ibi
991 3003 1116 3049 ante
1150 3004 1205 3050 et
1240 3004 1384 3050 retro
1413 2995 1543 3050 facit
1572 3005 1623 3050 et
1652 2995 1789 3065 ipse.
1817 2995 2081 3051 Lecturus

485 3090 664 3135 autem
694 3084 759 3135 ad
787 3080 1131 3138 collationem
1172 3085 1660 3154 surgens-statim,‘
1685 3099 1806 3139 cum
1852 3084 2078 3139 sacrista

483 3180 702 3241 acet9pta
732 3172 943 3229 licentia
973 3177 1038 3229 ad
1080 3176 1397 3245 pulsandum
1444 3176 1656 3239 exierit,
1699 3174 1864 3244 petita
1909 3174 2075 3230 bene-

484 3260 741 3327 dictidne,
777 3262 1061 3319 lectionem
1092 3266 1302 3319 orditur
1329 3265 1509 3320 statim
1540 3274 1595 3318 ut
1619 3273 1835 3318 cautum
1866 3264 2076 3319 finitum

485 3353 738 3408 audierit.
773 3355 936 3411 Lecto
966 3371 1072 3410 uno
1121 3356 1203 3411 vel
1242 3356 1458 3411 duobus
1497 3354 1760 3420 versibus,
1808 3355 1898 3425 qui
1953 3364 2078 3410 tunc

482 3455 631 3501 tenet
676 3448 922 3502 ordinem
960 3449 1155 3504 sedens
1190 3449 1243 3502 in
1290 3448 1575 3519 principali
1622 3447 1763 3512 loco,
1810 3448 1990 3504 innuit
2029 3449 2076 3502 ei

484 3537 573 3606 qui
604 3538 705 3593 sibi
742 3539 795 3591 in
831 3539 1063 3594 tenendo
1101 3539 1292 3594 ordine
1341 3539 1413 3594 ibi
1448 3538 1730 3609 proximus
1760 3548 1863 3603 est,
1896 3549 1965 3594 et.
1990 3539 2076 3594 ille

482 3629 635 3683 facto
663 3639 788 3685 ante
828 3639 884 3685 et
930 3640 1076 3686 retro
1118 3631 1269 3686 suavi
1302 3632 1578 3702 egreditur
1609 3634 1821 3688 incessu
1851 3631 1916 3687 ad
1949 3644 2072 3701 pere

481 3720 793 3775 cutiendum
824 3721 1151 3792 cymbalum,
1186 3722 1230 3777 si
1258 3732 1433 3778 tamen
1462 3723 1660 3779 lectum
1701 3723 1946 3779 audierit
1960 3738 2075 3777 ver-

482 3828 599 3867 sum
619 3830 632 3879 ;
659 3828 817 3883 quem
841 3814 1002 3869 etiam
1026 3815 1409 3871 refectorarius
1431 3816 1545 3887 pari
1564 3816 1812 3886 sequitur
1839 3818 2070 3873 incessu.

479 3905 681 3959 Audito
722 3905 902 3974 itaque
928 3906 1192 3976 cytnbalo,
1224 3908 1418 3963 fratres
1461 3908 1710 3963 ordinate
1751 3908 1803 3962 in
1839 3907 2075 3964 refecto-

480 3996 618 4049 rium
644 3997 959 4066 procedunt,
997 4004 1049 4051 ct
1077 3998 1165 4068 qui
1206 3998 1257 4053 in
1298 3998 1476 4054 eundo
1516 3999 1721 4054 dexteri
1754 4010 1899 4065 sunt,
1925 3999 2075 4054 incli-

480 4096 609 4141 nant
641 4104 698 4144 se
736 4088 1040 4160 cymbalum
1070 4090 1420 4159 percutienti,
1452 4090 1573 4161 ipse
1595 4105 1810 4162 quoque
1845 4092 2073 4147 inclina-

481 4189 564 4232 tus
610 4194 716 4235 non
773 4196 831 4235 se
888 4182 953 4235 ad
1004 4182 1219 4252 plenum
1277 4184 1475 4253 erigit,
1521 4186 1833 4255 priusquam
1884 4202 2075 4241 onun-s

474 4272 911 4337 pertransierint.
948 4272 1100 4327 Tunc
1127 4274 1290 4329 etiam
1338 4273 1509 4329 lector
1537 4277 1715 4331 eundo
1744 4277 1797 4330 in
1842 4278 2073 4345 refecto-

478 4362 617 4415 n'um
659 4378 834 4432 neque
862 4364 1067 4433 primus
1093 4375 1197 4433 est,
1225 4380 1402 4437 neque
1426 4367 1471 4421 si
1496 4366 1704 4422 altioris
1732 4375 1814 4423 est
1840 4369 2067 4431 ordinis,

1520 301 1576 356 S.
1622 300 2003 357 GUII.|.ELMI
2038 299 2328 356 ABBATIS
2369 301 2690 358 lllllSAl'G.

2107 3126 2150 3184 C

3638 310 3771 368 l036.

2133 417 2176 472 Α
2199 412 2310 481 jam
2339 414 2586 469 lectionis
2607 397 2993 485 exspectat,’ac
3017 425 3127 470 tutu
3156 412 3340 470 tandiu
3365 414 3562 471 scillam
3583 420 3763 487 pulsat,

2208 520 2488 577 quousque
2518 506 2738 575 juvenis
2784 505 2865 561 vel
2910 521 3205 583 puerorum
3236 506 3453 577 aliquis,
3495 508 3536 563 si
3572 524 3746 575 assunt,

2206 601 2507 655 Benedicite
2534 599 2775 669 incipiat.
2798 598 2971 665 Tunc,
2994 599 3116 654 data
3152 614 3248 667 per
3272 600 3594 654 sacerdotem
3616 602 3749 660 bene

2205 693 2460 758 dictione,
2499 709 2618 748 mox
2667 693 2758 762 qui
2800 692 3007 762 primus
3052 705 3239 746 eorum
3289 691 3357 745 ad
3394 692 3605 761 gradum
3642 710 3748 749 con-

2206 790 2286 836 tra
2314 782 2548 855 priorem
2594 784 2826 851 steterit,
2864 784 2962 854 ipsi
3004 782 3258 854 poculum
3296 783 3542 851 porrigit,
3574 794 3620 840 et
3652 787 3745 856 ipse

2203 884 2405 944 patera:
2430 891 2542 930 sua:
2575 875 2831 943 infundit,
2852 875 3032 931 caeteri
3076 889 3206 931 vero
3245 873 3460 929 caeteris
3481 876 3742 946 pr0pinant,

2203 966 2523 1037 incipientes
2553 983 2583 1021 a
2611 968 2885 1039 prioribus
2912 967 2978 1021 ad
3006 976 3295 1036 utrumque
3325 964 3584 1022 refectorii
3610 968 3742 1037 latos,

2201 1067 2475 1129 postremo
2507 1060 2559 1114 in
2587 1061 2764 1116 medio
2802 1059 3227 1116 considentibus.
3258 1060 3395 1115 Cum
3437 1070 3603 1115 autem
3625 1063 3742 1132 quis-

2200 1166 2305 1220 que
2333 1159 2534 1219 patera:
2556 1167 2667 1207 smn
2702 1150 3243 1221 infnderitquantum
3270 1150 3377 1206 sibi
3406 1152 3571 1207 visum
3593 1153 3739 1221 fuerit,

2193 1241 2346 1313 juxta
2376 1258 2433 1296 se
2458 1243 2665 1297 sedenti
2690 1243 2934 1313 porrigit.
2974 1241 3080 1297 Sed
3107 1241 3153 1297 si
3177 1242 3413 1297 domnus
3436 1243 3593 1298 abbas
3611 1243 3738 1300 aﬂue-

2198 1333 2269 1388 rit
2294 1334 2391 1403 ipsi
2416 1333 2514 1388 soli
2540 1332 2814 1387 vasculum
2849 1334 2901 1387 in
2934 1347 3041 1402 quo
3078 1332 3180 1387 sibi
3210 1332 3548 1404 propinatum
3591 1332 3736 1398 fuerit,

2197 1425 2309 1489 dat,
2351 1426 2465 1481 sive
2503 1426 2574 1480 sit
2613 1425 2815 1495 phiala,
2846 1425 2962 1481 sive
3000 1436 3187 1496 patera
3237 1441 3367 1491 sua;
3415 1440 3533 1480 cum
3563 1426 3735 1495 biberit,

2195 1532 2322 1575 ante
2348 1536 2407 1576 se
2440 1519 2622 1590 ponit;
2660 1520 2803 1590 quod
2830 1520 2992 1575 etiam
3031 1519 3159 1575 licet
3203 1519 3427 1575 cuilibet
3474 1520 3637 1591 abbati
3673 1538 3736 1597 νει

2192 1612 2358 1683 priori
2377 1614 2531 1683 juxta
2564 1628 2621 1668 se
2646 1612 2879 1676 sedenti,
2910 1611 2993 1665 vel
3025 1626 3124 1682 per
3152 1611 3391 1680 seipsum
3422 1611 3646 1667 ordinem
3678 1623 3734 1668 te-

2195 1707 2366 1761 nenti.
2391 1707 2802 1777 Propinantium
2824 1714 3042 1775 pateras
3059 1705 3157 1775 ipsi
3180 1705 3456 1775 piucernae
3477 1704 3732 1771 infundunt;

2126 1766 2169 1821 Β
2196 1797 2268 1850 illi
2294 1807 2494 1863 autem,
2530 1805 2749 1867 peracto
2794 1811 2894 1851 suo
2933 1795 3125 1859 ollicio,
3175 1811 3282 1851 non
3330 1804 3392 1849 ut
3441 1796 3583 1865 prius
3624 1798 3733 1852 ordi-

2096 1940 2099 1943 λ
2191 1890 2322 1954 nati,
2355 1891 2447 1946 sed
2476 1899 2740 1961 quotquot
2778 1890 3167 1946 convenienter
3198 1890 3249 1943 in
3292 1888 3453 1944 simul
3478 1888 3616 1959 jungi
3643 1904 3732 1957 pos-

2191 1994 2339 2051 sunt,
2362 1991 2731 2055 praecedentes
2753 1982 2933 2040 caeteri
2958 1980 3147 2039 eodem
3178 1980 3368 2039 ordine
3396 1982 3733 2054 subsequi-mes

2192 2080 2255 2135 ad
2279 2079 2503 2151 gradum
2530 2079 2781 2135 similiter
2807 2095 2871 2134 ex
2911 2087 3140 2147 utraque
3180 2086 3333 2148 parte
3375 2076 3558 2131 media:
3582 2077 3733 2132 tabula:

2190 2180 2315 2225 ante
2342 2180 2397 2226 et
2425 2179 2572 2226 retro
2613 2169 2837 2237 faciunt;
2868 2179 2923 2225 et
2966 2170 3129 2227 sicin
3170 2167 3353 2224 locum
3380 2182 3532 2223 suum
3556 2168 3733 2223 bibitnri

2191 2264 2438 2318 redeunt.

2260 2356 2316 2410 Si
2341 2355 2463 2425 quis
2493 2355 2720 2410 fratrum
2748 2354 2962 2409 interim
2984 2353 3362 2425 supenenerit
3393 2352 3603 2407 lectione
3626 2366 3726 2405 non-

2188 2445 2312 2499 dum
2364 2445 2534 2510 finita,
2582 2444 2797 2501 bibendi
2847 2444 3118 2500 licentiam
3152 2445 3372 2514 accipit.
3402 2443 3458 2498 Si
3492 2443 3726 2513 quibusdc

2186 2548 2314 2607 potu
2345 2538 2473 2607 quid
2498 2546 2741 2593 remanet
2766 2538 3094 2603 bibentibus,
3118 2539 3223 2593 hoc
3249 2536 3527 2592 infundunt
3546 2536 3723 2605 jnstitiis

2186 2629 2319 2694 suis,
2351 2638 2405 2684 et
2434 2638 2651 2701 pateras
2674 2640 3047 2701 superponunt
3086 2630 3354 2685 inversas.
3389 2627 3554 2682 Finita
3582 2638 3721 2682 autem

2185 2718 2415 2774 lectione
2446 2719 2630 2781 lector
2659 2721 2812 2790 ponit
2850 2721 3045 2777 librum
3091 2721 3142 2776 in
3192 2719 3538 2789 supretnitate
3567 2734 3721 2773 mense

2186 2804 2328 2859 illius
2357 2804 2531 2870 linem,
2569 2821 2690 2874 quae
2727 2814 2806 2860 est
2837 2806 3054 2875 propior
3074 2805 3185 2862 sedi
3214 2820 3349 2869 sum,
3383 2804 3606 2872 factoque
3623 2815 3720 2858 ante

2183 2908 2236 2953 et
2273 2908 2436 2962 retro,
2478 2897 2674 2952 librum
2706 2898 2919 2967 recipit,
2963 2907 3017 2954 et
3060 2898 3286 2953 veniens
3324 2899 3380 2953 in
3410 2897 3570 2953 locum
3595 2911 3714 2951 suum

2183 2996 2310 3043 ante
2339 3003 2399 3043 se
2435 2988 2609 3058 ponit,
2636 2999 2689 3044 et
2718 2988 2796 3044 sic
2824 2988 3020 3044 sedens
3047 2989 3200 3044 bibit.
3233 2980 3437 3045 Deinde
3458 3005 3564 3044 cum
3587 2987 3714 3058 priori

2181 3080 2353 3135 visum
2396 3078 2557 3136 fuerit
2587 3080 2794 3135 scillam
2820 3080 2887 3135 ad
2920 3082 3246 3152 surgendum
3277 3090 3403 3137 tunc
3429 3081 3713 3151 percutit,ac

2186 3171 2238 3226 in
2260 3170 2448 3227 eodem
2476 3170 2596 3227 loco
2623 3180 2772 3227 stans
2796 3186 2984 3228 versus
3012 3173 3079 3229 ad
3107 3183 3430 3229 conventum
3456 3173 3712 3243 pronuntiat

2184 3276 2400 3317 versum
2431 3260 2770 3326 Adintorium
2802 3273 3038 3317 nostrum
3069 3264 3122 3318 in
3161 3265 3369 3319 nomine
3403 3264 3610 3331 Domini,
3635 3263 3715 3318 sio-

2183 3366 2288 3421 que
2318 3352 2462 3407 facto
2493 3361 2620 3431 ante
2664 3361 2717 3408 et
2752 3361 2898 3409 retro
2948 3354 3070 3410 inde
3115 3355 3346 3410 redeunt
3383 3357 3434 3410 in
3461 3354 3710 3412 ecclesiam.

2183 3444 2432 3498 Attamen
2461 3443 2743 3500 sciendum
2775 3451 2855 3500 est
2881 3445 3023 3515 quod
3068 3446 3121 3501 in
3157 3446 3262 3501 hac
3288 3446 3400 3503 sola
3429 3446 3714 3517 processinne

2183 3533 2381 3589 fratres
2408 3533 2648 3601 vicissim
2672 3544 2898 3605 possunt
2926 3544 3155 3602 mutare,
3182 3547 3406 3608 prepter
3434 3538 3714 3592 discedentcs

2182 3626 2630 3692 obedientiarios,
2656 3627 2748 3698 qui
2783 3637 2908 3683 tunc
2937 3630 3060 3684 inde
3086 3645 3208 3684 eum
3248 3630 3464 3703 licentia
3492 3630 3713 3685 discedete

2178 3726 2427 3790 possunt".
2457 3718 2629 3786 Quam
2664 3721 3016 3776 mutationem
3049 3737 3153 3776 non
3183 3722 3311 3778 licet
3339 3724 3391 3778 in
3420 3724 3517 3778 alia
3543 3737 3714 3793 proces-

2180 3811 2353 3876 siouc,
2381 3810 2484 3865 nisi
2530 3810 2581 3866 in
2615 3810 2718 3866 fine
2759 3810 2897 3866 fieri.

2795 3904 3022 3961 CAPUT
3070 3905 3154 3961 Cl.

2360 3996 2585 4062 Quando
2627 3997 2819 4066 fratres
2850 3999 2988 4068 infra
3019 3998 3357 4053 collationem
3391 4000 3574 4053 bibant.

2250 4091 2264 4108 ⁶
2300 4088 2431 4160 Item
2495 4088 2923 4160 quotiescunque
2979 4090 3180 4157 fratres
3227 4092 3370 4146 inter
3417 4091 3706 4147 collationem

2183 4181 2392 4244 bibunt,
2426 4183 2567 4236 hunc
2598 4183 2975 4253 pra’sct'iptum
3022 4185 3270 4239 ordinent
3306 4187 3566 4241 tenebunt.
3606 4187 3706 4251 Quia

2178 4286 2308 4326 vero
2339 4271 2390 4325 id
2416 4272 2631 4327 occasio
2657 4273 2872 4337 obtulit,
2902 4274 3099 4343 quibus
3135 4276 3229 4331 fiat
3262 4279 3591 4347 temporibus,
3628 4291 3703 4331 non

2179 4362 2339 4417 debet
2364 4361 2597 4417 reticcri.
2641 4363 2697 4418 ln
2730 4363 2982 4421 omnibus
3035 4365 3209 4431 festis,
3236 4384 3358 4437 qua:
3386 4369 3598 4423 maxime
3630 4366 3705 4419 ritu

472 4454 651 4509 locum
681 4470 836 4510 suum
865 4464 1079 4522 servat,
1111 4459 1204 4512 sed
1234 4459 1478 4513 ordinem
1499 4458 1592 4527 qni
1618 4458 1666 4512 ei
1691 4458 1833 4512 inter
1868 4460 2070 4528 primos
2101 4483 2149 4544 ο
2177 4450 2675 4523 celebrantur,ipso
2698 4442 2781 4509 die
2806 4465 2993 4510 sancto
3022 4455 3160 4510 infra
3184 4458 3519 4515 collationem
3540 4458 3705 4515 bibunt,

478 4557 671 4601 eventu
729 4548 985 4615 occurrit,
1041 4550 1094 4603 in
1151 4549 1499 4605 refectorium
1552 4566 1723 4621 usque
1771 4560 1936 4606 tenet.
1996 4550 2071 4604 llii

477 4652 695 4706 quoque
731 4645 961 4694 'versum
1012 4640 1189 4710 legere
1250 4642 1409 4696 debet
1468 4648 1617 4695 stans
1658 4659 1671 4693 :
1729 4641 1980 4697 similiter
2020 4649 2074 4694 ct

471 4740 623 4783 totus
674 4740 968 4785 conventus
1016 4739 1301 4801 exspectat
1357 4731 1527 4785 donec
1560 4731 1828 4786 ordinem
1884 4742 2071 4785 tenens

480 4826 940 4892 unumquemque,
987 4837 1145 4891 quem
1197 4823 1473 4891 pnrleriit,
1518 4823 1864 4877 inclinantem
1896 4823 2074 4878 conisi-2

478 4911 651 4977 derat,
683 4932 710 4966 a
743 4930 847 4983 quo
881 4917 1045 4969 etiam
1078 4916 1322 4969 innuitur
1351 4917 1399 4971 ei
1431 4917 1639 4979 statim,
1679 4926 1734 4970 ut
1769 4917 1931 4985 legat.
1969 4915 2072 4970 Re-

465 5004 798 5081 ffectorarius’
848 5014 1027 5059 autem
1086 5021 1231 5073 mox,
1281 5018 1339 5060 ut
1384 5022 1570 5061 vocem
1624 5008 1852 5078 legentis
1897 5008 2065 5074 audit,

466 5094 682 5155 ‘st-illam
731 5098 895 5153 semel
927 5116 1093 5154 manu
1125 5104 1376 5156 resonare
1402 5102 1571 5166 facit,
1601 5110 1659 5156 ut
1686 5102 1871 5157 audito
1911 5102 2069 5170 hujus

466 5185 655 5263 sonitu
682 5190 928 5245 conversi
955 5190 1280 5259 acjuveues,
1308 5192 1505 5263 quibus
1534 5192 1637 5248 hoe
1655 5203 1739 5247 est
1767 5194 2065 5262 proprium,
2154 5221 2159 5227 ι

478 5289 703 5351 surgant
732 5282 797 5334 ad
829 5283 1246 5351 propinandum,
1269 5286 1466 5354 quibus
1498 5299 1619 5338 cum
1659 5285 1781 5352 ipse
1828 5283 1946 5338 sine
1977 5300 2067 5339 or-

460 5372 617 5426 ‘dinis
646 5386 831 5425 eorum
861 5374 1312 5439 consideratione,
1345 5383 1501 5444 prout
1530 5374 1882 5441 accesserint,
1913 5383 2063 5443 pate-

476 5477 568 5515 ras
593 5472 719 5531 potu
754 5463 1074 5534 impleverit,
1122 5474 1176 5520 et
1228 5464 1327 5533 ipsi
1362 5464 1637 5529 similiter,
1673 5474 1834 5534 prout
1868 5465 1939 5519 ab
1976 5464 2066 5518 illo

476 5552 737 5607 recedunt
768 5564 893 5611 ante
941 5556 1189 5627 gradum,
1234 5566 1461 5624 utraque
1508 5564 1661 5622 parte
1705 5555 1897 5609 tabulzc
1948 5570 2065 5624 qur

478 5645 819 5702 refectorium
858 5647 1047 5702 dividit
1086 5649 1138 5703 in
1182 5648 1433 5718 longum,
1485 5647 1564 5701 vel
1603 5647 1737 5702 alter
1767 5659 1886 5718 post
1934 5650 2063 5702 alte.-

472 5753 593 5791 rum
636 5740 882 5794 steterint
925 5748 1167 5796 extremo
1212 5740 1316 5796 iam
1347 5741 1726 5809 progrediente
1755 5742 2060 5809 proxim-nn

2178 4544 2293 4599 sive
2330 4545 2566 4614 vigiliam
2598 4544 2797 4601 habeat
2826 4546 2926 4615 ipsi
2976 4546 3269 4615 festivitas,
3295 4551 3409 4605 sive
3437 4564 3551 4604 non.
3592 4547 3705 4615 Quod

2173 4635 2221 4690 si
2253 4635 2487 4706 vigiliam
2520 4636 2705 4701 habet,
2734 4637 2787 4692 in
2815 4651 2879 4692 ea
2907 4638 3016 4704 die,
3058 4656 3180 4710 qua:
3212 4641 3450 4712 vigiliam
3475 4641 3702 4712 pnecedit,

2175 4726 2374 4781 fratres
2403 4728 2545 4781 inter
2575 4728 2918 4784 collationem
2947 4729 3160 4786 bibunt.
3188 4731 3387 4787 llibunt
3427 4735 3574 4788 etiam
3607 4748 3701 4799 quo

2175 4822 2491 4891 tiescunque
2535 4824 2588 4876 iu
2631 4830 2820 4878 aestate
2850 4824 2904 4878 in
2937 4824 3177 4879 crastina
3203 4825 3292 4881 die
3321 4824 3705 4896 debentjejuna-

2173 4929 2250 4979 re,
2298 4924 2351 4969 et
2395 4917 2612 4985 quoties
2654 4916 2879 4986 insuper
2925 4917 3093 4986 priori
3138 4918 3374 4984 videtur,
3412 4920 3490 4973 vel
3532 4930 3705 4988 propter

2170 5003 2398 5057 nimittm
2443 5004 2710 5070 calorem,
2750 5005 2834 5060 vel
2884 5015 3108 5075 propter
3180 5008 3486 5075 hujusn'todi
3528 5020 3700 5063 causam

2166 5096 2567 5162 rationabilem,
2599 5108 2648 5152 et
2676 5112 2846 5168 usque
2868 5098 2934 5152 ad
2966 5098 3089 5152 ιιιιιε
3116 5097 3469 5169 Septembris.

2774 5189 3003 5245 CAPUT
3040 5188 3149 5245 Cll.

2506 5278 2584 5332 De
2618 5279 2868 5333 mandato
2901 5280 3074 5348 prium
3102 5297 3413 5352 pauperum.

2154 5417 2159 5422 .
2240 5371 2380 5440 (υυ.)
2414 5371 2603 5427 Brevis
2628 5372 2681 5426 in
2705 5372 2944 5442 capitulo
2983 5372 3257 5429 clauditur
3287 5391 3408 5431 cum
3438 5377 3514 5432 his
3548 5376 3695 5437 tribus,

2167 5463 2259 5531 qui
2298 5462 2365 5516 ad
2394 5463 2766 5531 quotidianum
2800 5464 3114 5525 mandatum
3147 5477 3405 5527 notantur
3438 5487 3450 5522 :
3492 5468 3614 5538 quod
3634 5466 3695 5520 in.

2168 5556 2395 5611 choatur
2426 5557 2478 5611 in
2510 5557 2692 5626 capite
2714 5557 2938 5627 jejunii,
2968 5571 3023 5633 et
3064 5564 3327 5634 perdurat
3354 5579 3511 5637 usque
3538 5563 3595 5616 ad
3617 5559 3695 5613 lia-

2169 5647 2353 5703 lendas
2389 5648 2722 5704 Novembris.
2771 5649 2929 5707 Omni
2978 5654 3092 5720 die,
3127 5656 3276 5713 'sive
3306 5674 3403 5712 una
3433 5659 3570 5715 vice.
3605 5652 3695 5707 site

2170 5739 2377 5793 duabus
2420 5740 2761 5807 comedalur,
2797 5752 2913 5811 post
2947 5757 3158 5800 cmnam
3204 5748 3396 5817 agitur.
3427 5746 3553 5803 Sane
3592 5755 3692 5795 con-
