3872 6306
189 290 314 347 1037

1174 284 1585 342 CONSTITUT.
1615 283 1939 341 IIIRSAL'C.
1974 316 2039 327 -—
2080 288 2207 347 LIB.
2233 292 2295 346 ll.
2332 312 2337 313 ί

3263 307 3400 364 1058

184 414 325 460 ventu
350 403 404 456 in
426 394 691 456 eccleSiam
712 407 835 467 post
855 414 1067 455 caenam
1085 414 1207 455 cum
1231 400 1441 470 psalmo
1462 401 1718 466 intrante,
1748 409 1793 465 Α
1821 408 1876 453 ct
1898 415 1977 456 sic
2001 405 2327 472 pauperinns
2349 407 2707 466 litinislrawr.
2732 411 2894 468 panis
2922 413 3000 469 είς
3022 415 3073 470 in
3099 416 3399 472 acueram,

175 496 253 566 qui
280 495 325 549 id
358 494 538 547 facturi
570 500 708 557 sunt,
733 507 829 561 per
852 493 1115 549 minorem
1146 494 1372 547 chorum
1406 502 1708 560 transeunt,

172 598 218 642 et
248 587 317 641 sic
362 603 416 641 se
457 599 613 653 prope
657 584 852 638 ostium
914 585 968 639 in
1017 600 1181 639 unum
1227 584 1507 655 colligunt.
1544 589 1559 607 ‘
1589 584 1710 640 Mox

174 689 277 749 post
306 692 504 731 versum
535 674 743 729 ﬁnitum
777 675 960 731 tabula
990 676 1309 747 percutitur,
1335 686 1391 730 et
1421 676 1521 746 ipsi
1550 677 1709 746 primi

169 769 237 823 vel
266 770 399 823 inter
430 767 625 836 primos
674 762 895 833 exeunt,
953 777 1008 822 et
1039 767 1303 837 psalmum
1339 766 1579 821 Laudate
1604 767 1709 821 int-

167 869 362 931 ponunt.
399 858 673 929 Presbyter
718 859 771 912 in
800 850 999 923 medio,
1037 859 1127 913 alii
1177 852 1306 914 vero
1335 858 1462 913 hinc
1490 869 1545 914 et
1587 859 1710 915 inde

165 951 467 1005 collatcralcs
513 949 583 1003 illi
633 949 866 1004 eundem
900 949 1170 1018 psalmum
1224 961 1510 1005 cantantes
1555 952 1708 1006 ince-

171 1042 299 1095 dunt.
325 1041 447 1093 (lum
472 1046 644 1093 autem
675 1038 741 1093 ad
767 1037 989 1106 jaimam
1023 1050 1243 1095 ventum
1284 1041 1466 1107 fuerit,
1498 1042 1591 1112 qui
1624 1044 1706 1096 in-

164 1144 232 1186 ter
255 1143 354 1185 tres
399 1131 572 1198 junior
590 1140 670 1185 est
709 1132 984 1202 paululum
1033 1133 1311 1202 praecedit,
1333 1133 1554 1203 januam
1581 1150 1710 1204 ape-

162 1223 240 1288 rit,
271 1235 316 1276 et
348 1224 542 1291 prinms
570 1224 705 1288 exit,
730 1239 792 1277 ac
830 1234 946 1293 post
990 1241 1110 1279 eum
1136 1224 1275 1278 alter
1305 1225 1412 1291 ille,
1447 1238 1707 1295 sequente

162 1315 246 1366 hoc
272 1312 555 1374 sacerdol“,
594 1313 780 1379 sicque
812 1313 877 1367 ad
923 1314 1101 1368 locum
1133 1315 1258 1368 huic
1289 1317 1439 1385 operi
1478 1316 1704 1385 deputa-

160 1413 254 1456 tum
280 1411 513 1472 pergunt,
559 1417 653 1456 eo.
686 1401 937 1458 videlicet
990 1404 1062 1457 ibi
1106 1414 1215 1457 tres
1248 1419 1514 1475 pauperes
1560 1406 1701 1460 inre.

157 1493 289 1547 niunt
317 1490 427 1558 jant'
451 1492 674 1559 pedibus
719 1491 959 1558 ItlltL‘tliS,
1000 1504 1058 1547 et
1096 1509 1126 1545 a
1172 1492 1375 1548 famulo
1411 1494 1704 1566 cleetnosy-

156 1581 272 1635 uarii
319 1580 629 1648 pra-lavatis.
667 1584 682 1600 '
717 1581 860 1635 Ante
886 1598 1023 1651 quos
1060 1584 1225 1638 etiam
1254 1599 1321 1640 eo
1352 1585 1564 1651 ordine,
1596 1602 1704 1654 quo

156 1674 262 1727 illnc
287 1682 555 1735 venerunt,
574 1671 969 1742 qualiscunque
998 1674 1067 1728 sit
1098 1675 1462 1739 dies,\'ettiam
1495 1686 1698 1744 petunt.

1814 505 1973 564 potus
2003 497 2054 550 in
2088 498 2365 555 sinistram
2395 502 2649 569 mittitur,
2690 517 2744 560 et
2776 522 2966 562 manus
2992 518 3219 579 utraque
3246 524 3403 566 oscu-

1813 586 1975 642 latur.
2007 588 2211 645 Deinde
2253 602 2521 649 mutantes
2544 611 2622 660 se,
2669 606 2815 652 stant
2856 610 2912 653 et
2942 598 3205 655 inclinant
3242 616 3303 655 se
3333 603 3403 657 ad

1810 677 2055 734 ordinem
2082 680 2408 751 ltujusmodi.
2450 684 2615 756 (var.)
2649 687 2876 743 Ostende
2904 693 3074 760 nobis,
3104 692 3265 761 Deus,
3294 704 3398 750 etc.

1814 769 1999 842 Kyrie.
2024 772 2249 843 Christe,
2274 775 2459 847 Kyrie,
2505 777 2665 834 Pater
2688 792 2878 836 noster.
2913 783 2980 836 Et
3004 802 3066 857 ne
3102 802 3214 840 nos.
3269 786 3401 841 Sus-

1808 864 2057 931 cepimus,
2090 865 2331 931 Domine,
2364 879 2471 926 etc.
2524 870 2603 925 Tu
2672 874 2935 929 mandasti
2978 876 3231 931 mandata
3283 891 3396 942 tua,

1808 961 1918 1008 etc.
1946 952 2134 1011 Oratio
2179 957 2432 1014 Dominus
2463 962 2751 1016 uobiscum.
2786 962 3028 1018 Oremus.
3050 965 3263 1032 Adesto,
3279 966 3400 1021 .Do-

1808 1045 1964 1113 mine,
2001 1056 2109 1102 etc.
2152 1048 2328 1121 Facto
2383 1060 2564 1106 autem
2614 1063 2740 1109 ante
2773 1062 2828 1108 et
2877 1052 3025 1110 retro
3074 1063 3128 1109 et
3174 1055 3397 1126 pra-fato

1806 1140 2015 1208 psalmo
2044 1141 2300 1211 imposito
2345 1145 2621 1201 recedunt.
2657 1146 2790 1201 Cum
2824 1157 3002 1202 autem
3041 1149 3291 1203 venerint
3328 1150 3396 1203 ad

1806 1228 2003 1286 fratres
2056 1231 2108 1286 in
2140 1232 2376 1288 claustro
2422 1237 2693 1304 sedentes,
2742 1237 2970 1293 inclines
3014 1238 3290 1307 incedunt,
3340 1257 3397 1296 et

1806 1322 2002 1377 fratres
2030 1324 2113 1378 eis
2147 1327 2553 1383 transeuntibus
2597 1328 2848 1384 similiter
2883 1314 3108 1385 inclines
3144 1332 3394 1402 aliquan-

1807 1409 1976 1463 tulum
2012 1423 2326 1482 assurgunt.
2358 1414 2744 1473 l‘ertcuientes
2773 1434 2895 1475 cum
2927 1420 3043 1490 ipso
3094 1422 3303 1490 psalmo
3337 1422 3391 1477 in

1804 1499 2029 1554 chorum
2058 1501 2123 1554 ad
2153 1503 2401 1570 gradum,
2453 1505 2646 1560 iterum
2687 1507 2872 1562 dicunt
2902 1510 3233 1565 Dominicam
3271 1527 3396 1565 ora-

1806 1590 2044 1653 tionem.
2082 1607 2297 1646 versum
2346 1592 2416 1645 Et
2459 1595 2631 1649 veniat
2667 1613 2825 1667 super
2872 1614 2965 1651 nos
3008 1600 3389 1655 mislricordiu.

1804 1682 2118 1737 Collectam.
2179 1683 2425 1739 Actiones
2478 1702 2705 1742 nostras.
2782 1688 3041 1745 Dominus
3107 1692 3391 1747 vobiscum.

155 1780 226 1820 eo.
258 1758 444 1819 Deinde
473 1764 625 1817 linito
651 1765 861 1834 psalmo
891 1766 1141 1835 superior
1160 1766 1335 1821 locum
1369 1767 1459 1821 dat
1482 1769 1699 1836 prestay-
1736 1765 1776 1818 Β
1803 1772 2201 1829 Benedicamus.
2236 1776 2253 1794 ‘
2280 1775 2347 1830 Et
2382 1776 2578 1831 iterum
2620 1776 2826 1834 faciunt
2848 1790 2973 1833 ante
2994 1790 3054 1836 et
3079 1776 3249 1835 retro.

157 1866 271 1917 tero,
300 1853 543 1907 secedens
573 1854 685 1921 ipse
728 1854 782 1907 in
810 1855 1047 1909 medium
1077 1866 1132 1909 et
1154 1855 1449 1927 antipbona
1478 1856 1699 1908 manda-

151 1956 241 1994 tum
264 1960 437 1995 norum
468 1943 740 2011 imposita,
767 1945 935 2012 pedes
962 1959 1259 2014 pauperum
1281 1945 1484 2008 lavant,
1516 1948 1532 1966 ‘
1562 1945 1697 1999 lotos

155 2043 256 2103 post
278 2049 394 2088 cum
424 2035 585 2088 linteo
611 2034 803 2089 deinde
828 2036 1045 2105 capillis
1092 2051 1285 2105 parum
1344 2045 1582 2107 tergunt,
1610 2052 1699 2088 os-

148 2125 384 2185 colantur,
432 2126 703 2195 simulque
732 2126 908 2181 oculis
958 2136 1206 2198 tangunt.
1237 2127 1337 2194 Qui
1389 2137 1696 2198 postremus

146 2223 214 2268 est
253 2215 298 2267 in
335 2215 513 2268 ordine
553 2214 692 2270 idem
736 2214 961 2271 linteum
1003 2232 1033 2270 a
1081 2216 1287 2272 l‘atnulo
1315 2226 1599 2286 acceptum
1642 2217 1695 2272 in

155 2312 345 2359 manuni
377 2305 466 2359 dat
509 2307 801 2373 sacerdoti,
853 2306 1047 2363 deinde
1094 2310 1352 2364 sacerdos
1409 2310 1606 2377 medio,
1644 2318 1700 2363 et

152 2396 334 2450 taedius
362 2396 562 2451 ultimo.

208 2490 329 2556 (υυ.)
374 2486 559 2543 Postea
595 2488 790 2544 lavatis
819 2490 1052 2560 pritnum
1076 2490 1322 2546 manibus
1349 2493 1605 2561 propriis,
1628 2493 1695 2548 ad

149 2592 313 2631 uiantis
336 2596 541 2648 quoque
575 2596 869 2651 pauperum
909 2598 1103 2652 aquam
1130 2584 1373 2652 praebent
1402 2593 1455 2639 ct
1506 2601 1696 2643 manus

147 2670 363 2740 tcrgium.
396 2669 616 2726 Scillula
646 2687 675 2725 a
704 2674 984 2728 sacerdote
1010 2672 1176 2729 semel
1225 2689 1477 2743 percussa
1509 2692 1697 2745 cessa-

146 2773 217 2816 tur
248 2781 273 2816 a
316 2773 491 2819 cantu.
524 2763 775 2819 Pulsatur
828 2767 1043 2820 tandem
1090 2766 1245 2821 scilla
1290 2784 1305 2820 :
1337 2783 1442 2837 qua
1473 2767 1698 2824 dimissa

142 2852 409 2911 Benedicite
438 2857 597 2911 datur
637 2873 800 2926 super
840 2858 1017 2912 cibum
1046 2869 1097 2914 ct
1126 2869 1328 2927 potum,
1355 2861 1399 2915 si
1449 2860 1697 2927 habetur,

139 2997 157 3030 ῒ

161 3004 3103 3029 mm

2408 1868 2639 1925 CAPUT
2679 1870 2807 1926 Clll.

1805 1954 1910 2020 Qui
1936 1946 2037 2010 sini
2065 1960 2135 2011 ad
2163 1960 2261 2012 ltoc
2297 1960 2608 2014 mandatum
2649 1962 3015 2032 quotidianum
3056 1964 3389 2019 admittendi.

1875 2050 1981 2104 Sed
2031 2051 2310 2107 sciendum
2358 2054 2501 2122 quod
2545 2055 2801 2109 sacerdos
2846 2054 3390 2112 bebdomadariusal

1804 2140 1905 2195 ltoc
1957 2142 2270 2201 mandatum
2327 2160 2603 2213 nunquam
2656 2132 2740 2199 est
2780 2145 3067 2201 notandus.
3098 2146 3393 2219 Presbyter

1799 2247 1927 2285 vero
1957 2231 2122 2287 etiam
2146 2233 2215 2287 ab
2236 2233 2412 2288 ollicio
2437 2249 2534 2289 suo
2550 2248 2843 2304 suspensus
2864 2234 3008 2290 sicut
3042 2244 3096 2290 et
3131 2236 3392 2290 diaconus

1799 2335 2030 2389 [iussum
2082 2322 2186 2376 hoc
2231 2324 2540 2377 mandatum
2584 2324 2764 2379 facere
2810 2323 2864 2379 in
2914 2323 3214 2379 sacerdotis
3247 2324 3387 2381 loco.

1799 2409 1936 2475 Quia
1969 2412 2109 2465 idem
2157 2413 2413 2467 sacerdos
2466 2414 2566 2468 etsi
2612 2431 2717 2469 non
2779 2414 3037 2486 fatigatur
3064 2416 3389 2471 sacerdotali

1798 2502 1997 2567 ollicio,
2042 2504 2243 2572 ubique
2283 2505 2414 2559 dicit
2446 2504 2701 2560 Dominus
2742 2507 3024 2559 vobiscum.
3078 2506 3381 2563 Conversus

1799 2592 1891 2662 qui
1922 2608 2044 2648 cum
2077 2595 2393 2663 presbytero
2425 2606 2520 2650 aut
2549 2596 2779 2652 diacono
2814 2608 2866 2652 et
2886 2597 2989 2652 alio
3016 2598 3254 2653 litterato
3281 2597 3385 2655 hoc

1800 2678 2050 2734 facturus
2084 2690 2166 2734 est
2196 2681 2528 2747 mandatum,
2562 2682 2615 2736 in
2658 2683 2894 2739 secundo
2936 2682 3075 2750 loco,
3110 2684 3156 2739 si
3202 2693 3382 2740 tamen

1797 2784 1926 2824 suus
1958 2769 2095 2824 ordo
2144 2771 2348 2841 exigit,
2380 2773 2559 2826 notari
2597 2774 2776 2828 debet.
2821 2773 2919 2829 llic
2946 2773 3059 2845 jam
3088 2772 3385 2829 claudenda

1798 2872 1882 2917 est
1910 2871 2089 2917 nostra
2118 2862 2351 2931 loquela.
2381 2864 2571 2918 Amen.

3112 3011 3348 3040 Ο--ιια

1165 3164 1436 3252 LIBE
1461 3166 1522 3252 [ἰ
1564 3164 1931 3255 SECUN
1956 3165 2213 3255 DUS.

437 3460 815 3518 PRIEFATIO
856 3462 914 3518 S.
954 3461 1326 3516 WILIIELMI.

139 3618 143 3622 _
190 3550 311 3619 Quia
340 3554 639 3623 superioris
682 3554 807 3609 libri
834 3555 1197 3625 descriptione
1224 3553 1457 3624 primum
1482 3552 1549 3609 de
1586 3569 1682 3608 no-

132 3642 355 3698 ritiorum
403 3643 711 3714 disciplina,
743 3658 807 3698 ac
864 3644 1057 3698 deinde
1086 3644 1151 3697 de
1184 3642 1411 3711 reliquis
1452 3657 1680 3697 consue-

132 3730 302 3785 tudinis
329 3741 523 3787 noslrae
555 3731 822 3787 institutis
853 3732 1089 3787 maxime
1116 3730 1257 3785 infra
1288 3730 1506 3786 claustri
1539 3730 1682 3783 litui-

139 3832 227 3877 tent
248 3824 476 3892 quotidie
503 3826 725 3894 agendis
769 3824 1007 3894 regulam
1040 3823 1321 3888 dedimus,
1368 3838 1511 3876 nunc
1538 3820 1681 3890 quod

132 3922 275 3967 restat
302 3916 365 3971 de
416 3916 642 3987 singulis
687 3916 1021 3986 singulorum
1072 3914 1394 3969 obedientiis
1436 3913 1567 3968 foris
1595 3912 1680 3966 vel

131 4003 252 4060 intus
275 4008 592 4062 necessariis
628 4009 680 4063 in
705 4007 1002 4063 secundum
1034 4004 1231 4059 librum
1270 4003 1675 4073 distinguimus.

127 4094 181 4147 Et
203 4096 314 4166 quia
354 4082 528 4153 omnis
566 4097 887 4153 obedientia:
930 4105 1130 4150 nostra:
1181 4105 1339 4163 caput
1377 4104 1431 4147 et
1483 4092 1683 4162 inagis-

129 4194 272 4250 trum,
311 4196 491 4257 utpote
539 4188 742 4243 Christi
792 4190 910 4243 rice
940 4186 1175 4256 positum
1207 4183 1454 4238 abbatem
1507 4183 1681 4236 credi-

124 4292 243 4342 mus,
273 4278 438 4348 ipsum
472 4280 527 4335 in
560 4278 720 4348 hujus
742 4278 1036 4334 voluminis
1064 4274 1285 4332 exordio
1308 4274 1372 4329 de
1401 4273 1682 4328 electionis

125 4380 222 4433 ejus
246 4369 513 4440 diligentia
534 4410 548 4433 ,
571 4386 636 4424 ac
678 4371 746 4426 de
792 4366 1150 4439 impendenda
1176 4364 1350 4419 electo
1381 4364 1680 4419 reverentia

124 4456 343 4524 locuturi,
366 4461 751 4530 pra'ponimus.

594 4548 822 4621 carur
880 4548 1168 4604 ramum.

147 4639 212 4694 De
230 4641 463 4697 electione
496 4642 731 4711 speciali,
759 4652 805 4696 et
831 4642 1159 4695 ordinatione
1190 4642 1369 4696 damni
1411 4639 1638 4693 abbatis.

195 4731 535 4801 rar.)l£leetio
566 4731 747 4785 domni
778 4730 988 4786 abbatis
1013 4731 1114 4786 boc
1131 4731 1310 4795 habet,
1328 4730 1478 4800 quasi
1505 4727 1681 4798 legiti-

1714 3468 1761 3530 (ζ
1791 3462 1979 3526 fuerit.
2031 3463 2208 3533 primo
2240 3472 2384 3518 totus
2432 3471 2732 3520 conventus
2778 3479 2838 3519 se
2880 3463 2937 3518 in
2982 3463 3099 3533 ipso
3146 3463 3383 3532 capitulo

1787 3554 2103 3625 prosternit,
2140 3564 2197 3610 et
2238 3555 2303 3609 de
2336 3556 2563 3611 canticis
2594 3555 2904 3625 quindecim
2939 3554 3202 3625 graduum
3231 3555 3380 3625 (129)

1784 3658 1991 3716 septem
2029 3646 2202 3717 prima
2229 3647 2483 3701 decantat
2511 3656 2772 3715 sequente
2791 3646 3038 3701 oratione
3062 3644 3341 3700 Dominica
3372 3706 3377 3709 ἶ

1783 3745 1837 3791 et
1865 3737 1978 3808 ipse
2010 3737 2157 3808 prior
2186 3737 2307 3791 aliis
2353 3737 2533 3792 adhuc
2582 3735 2869 3805 prostratis
2907 3750 2966 3791 se
2999 3728 3187 3789 levans
3236 3748 3379 3802 prat~

1791 3830 1958 3884 misso
1981 3843 2139 3884 versu
2171 3847 2185 3881 :
2214 3827 2442 3882 Ostende
2472 3828 2640 3893 nobis,
2674 3827 2917 3892 Domine,
2962 3824 3380 3880 misericordiam

1783 3928 1953 3982 tuam,
1985 3918 2126 3973 lianc
2154 3918 2286 3974 dicit
2315 3918 2615 3973 orationem
2655 3916 2825 3989 uso).
2847 3917 3126 3981 Assumus,
3156 3914 3380 3969 Domine

1784 4008 1845 4064 S.
1882 4007 2134 4079 Spiritus,
2165 4025 2412 4064 assumus
2439 4008 2648 4078 quidem
2687 4008 2883 4077 peccati
2921 4006 3250 4060 immanitate
3281 4004 3378 4061 dc-

1784 4102 1909 4154 tenti
1934 4118 1952 4165 ;
1983 4102 2074 4155 sed
2102 4101 2153 4153 in
2177 4101 2386 4155 nomine
2411 4112 2502 4156 tuo
2530 4100 2826 4177 specialiter
2846 4100 3137 4169 aggregati,
3166 4114 3282 4151 vent
3306 4098 3377 4151 ad

1785 4207 1898 4255 nos,
1931 4201 1977 4244 et
2022 4200 2129 4243 esto
2161 4190 2453 4254 nobiscum,
2484 4200 2533 4244 et
2565 4190 2783 4259 dignare
2834 4189 2983 4242 illabi
3027 4188 3082 4241 in
3131 4187 3375 4241 cordibus

1785 4283 1997 4335 nostris.
2039 4280 2179 4334 Doce
2234 4297 2328 4334 nos
2368 4280 2496 4350 quid
2528 4295 2767 4349 agamus,
2796 4294 2899 4349 quo
2947 4277 3279 4347 gradimnu.,
3325 4288 3373 4330 et

1783 4374 1991 4427 ostende
2016 4372 2143 4443 quid
2176 4373 2369 4442 efﬁcere
2391 4364 2693 4437 debeamus,
2723 4380 2777 4424 ut
2808 4379 2857 4423 te
2879 4368 3173 4423 auxiliante
3194 4369 3287 4422 tibi
3319 4369 3375 4422 in

1784 4464 2022 4517 omnibus
2055 4463 2262 4532 placere
2299 4461 2563 4516 valeamus
2594 4476 2613 4514 :
2643 4471 2751 4515 esto
2777 4459 2922 4515 salus
2942 4469 2990 4514 et
3018 4470 3293 4529 suggestor
3326 4470 3375 4513 ct

1780 4555 1992 4623 e/fector
2039 4553 2363 4623 judiciorum
2402 4561 2738 4617 nostrorum;
2786 4550 2876 4621 qui
2907 4548 3049 4604 solus
3100 4566 3218 4602 cum
3266 4548 3374 4601 Deo

1788 4643 1945 4697 Patre
1961 4654 2005 4697 et
2025 4644 2140 4713 ejus
2169 4640 2311 4696 Filio
2330 4657 2514 4696 nomen
2539 4642 2773 4711 possides
2809 4641 3129 4711 gloriosum:
3153 4656 3255 4693 non
3280 4654 3373 4693 nos

1782 4730 2002 4801 patiaris
2054 4731 2437 4799 perturbatores
2491 4746 2601 4783 esse
2649 4730 2916 4798 justitite,
2966 4728 3056 4798 qui
3104 4744 3366 4782 summum

119 4836 241 4874 tnnm
278 4826 686 4893 sempiternum,
722 4826 864 4892 quod
907 4823 971 4877 ad
1000 4838 1116 4877 eam
1162 4822 1338 4877 nullus
1369 4820 1677 4876 mortalium
1712 4834 1755 4888 ι)
1781 4822 1957 4891 diligis
1988 4826 2305 4891 (equitatem,
2344 4831 2399 4874 ut
2432 4821 2486 4874 in
2511 4820 2784 4873 sinistrum
2825 4835 2918 4873 nos
2943 4835 3047 4872 non
3070 4819 3370 4888 ignoratum

118 4910 350 4969 interesse
394 4917 550 4982 solet,
586 4924 781 4987 praeter
820 4930 913 4969 eos
941 4914 1109 4975 solos.
1134 4914 1222 4983 qui
1262 4923 1389 4969 sunt
1431 4912 1673 4968 ecclesiae

117 5013 288 5057 nostrae
341 5006 587 5073 professi.
642 5006 782 5076 Ergo
828 5005 1097 5074 imprimis
1148 5020 1235 5057 res
1298 5004 1411 5073 ipsa
1471 5001 1672 5057 sedulis

115 5090 587 5152 υξιιιιὶιιιηΐνυῑΐυιιι
627 5097 878 5167 precibus
934 5094 1328 5150 studiosissime
1377 5095 1485 5148 Deo
1520 5108 1666 5147 eom-

115 5187 386 5249 tuendatur,
423 5205 488 5243 ac
517 5189 711 5243 deinde
766 5188 1069 5241 coadunato
1124 5185 1399 5240 seniorum
1445 5184 1671 5240 consilio

114 5273 167 5326 de
209 5275 312 5345 ipsa
343 5277 605 5332 electione
659 5286 948 5340 tractatur,
992 5284 1047 5330 et
1074 5274 1346 5344 quomodo
1376 5272 1668 5328 secundum

113 5362 369 5422 Dominum
417 5369 534 5423 fieri
585 5369 756 5436 possit
808 5377 917 5422 tota
969 5366 1266 5420 intentione
1314 5362 1668 5432 perquiritur.

111 5454 225 5510 Cum
264 5470 440 5515 autem
492 5461 558 5513 ad
606 5459 904 5513 orationem
943 5458 1113 5529 ipsius
1141 5456 1421 5512 electionis
1450 5461 1666 5507 ventum

172 5595 304 5665 (H9)
344 5598 399 5651 ld
435 5605 537 5659 est,
568 5598 630 5650 de
664 5595 876 5665 psalmis
912 5592 1254 5665 grndualibns

1778 4914 1980 4978 trahat,
2023 4929 2127 4967 non
2155 4913 2304 4982 favor
2333 4914 2587 4983 inﬂectat,
2638 4931 2739 4968 non
2769 4915 2967 4985 accepti
2998 4914 3250 4975 numeris,
3288 4928 3366 4963 ou

1777 5022 2014 5075 persona:
2033 5021 2184 5059 amor
2215 5017 2535 5075 corrumpat,
2573 5005 2663 5061 sed
2686 5006 2851 5075 junge
2873 5020 2965 5058 nos
3001 5005 3093 5056 tibi
3120 5003 3369 5057 veraciter

1775 5095 1940 5149 solius
1990 5104 2095 5149 tua:
2140 5098 2350 5165 gratim,
2379 5107 2427 5150 et
2457 5097 2639 5166 gloria:
2684 5097 2854 5159 dono;
2898 5106 2954 5147 ut
3004 5098 3166 5147 cintus
3213 5094 3267 5145 in
3316 5102 3366 5144 te

1776 5203 1961 5251 unum,
1990 5197 2036 5240 et
2060 5188 2114 5240 in
2139 5187 2281 5241 nullo
2304 5189 2565 5242 deviemus
2584 5203 2771 5251 avero,
2795 5196 3051 5257 quatenus
3078 5186 3131 5236 in
3156 5184 3365 5236 nomine

1775 5284 1865 5328 tuo
1894 5275 2119 5343 collecti,
2148 5280 2223 5330 sic
2248 5278 2301 5331 in
2332 5278 2531 5332 cunctis
2557 5290 2823 5332 teneamus
2852 5292 2969 5329 cum
3007 5273 3364 5327 moderamine

1777 5364 1986 5432 pietatis
2012 5366 2304 5435 justitiam,
2337 5379 2391 5421 ut
2419 5379 2466 5421 et
2514 5369 2599 5421 hic
2644 5385 2674 5421 a
2716 5378 2763 5420 te
2803 5368 2858 5419 in
2912 5365 3056 5419 nullo
3109 5364 3363 5418 dissentia

1777 5457 2029 5510 sententia
2057 5468 2256 5525 nostra,
2287 5468 2335 5511 et
2358 5460 2410 5512 in
2439 5462 2618 5527 {usuro
2633 5473 2726 5526 pro
2753 5456 2876 5510 bene
2901 5459 3055 5526 gestis
3077 5471 3362 5527 consequa-

172 5599 284 5663 (119
344 5599 399 5651 ld
435 5605 537 5659 est,
568 5599 630 5650 de
664 5599 876 5665 psalmis
912 5599 1254 5662 grndualibns
1481 5657 1491 5669 .

171 5599 306 5738 (12υῇ
344 5668 534 5724 Oratio
564 5668 676 5723 lucc
710 5683 738 5721 a
786 5666 843 5721 S.
901 5665 1121 5734 Ilngone
1157 5660 1588 5716 ClllniaCCllSllllll
1615 5654 1690 5708 abl

1795 5669 1811 5709 ξ
1835 5653 1974 5709 facta
2001 5662 2104 5721 est,
2135 5663 2195 5709 ut
2221 5653 2489 5726 colligitur
2518 5670 2585 5710 es
2612 5654 2796 5711 codice
2826 5655 3082 5712 Udalriei.
