  <div class='ocr_page' id='page_1' title='image "/cluster/home/n/w/nwhite01/storage/ocr_20150623/150/hvd.32044015473788/523.png"; bbox 0 0 3872 6306; ppageno 0'>
   <div class='ocr_carea' id='block_1_1' title="bbox 488 286 643 365">
    <p class='ocr_par' dir='ltr' id='par_1_1' title="bbox 488 286 643 365">
     <span class='ocr_line' id='line_1_1' title="bbox 488 286 643 365; baseline -0.019 0"><span class='ocrx_word' id='word_1_1' title='bbox 488 286 643 365; x_wconf 51' lang='lat' dir='ltr'><strong>tneo&quot;</strong></span> 
     </span>
    </p>
   </div>
   <div class='ocr_carea' id='block_1_2' title="bbox 1474 276 3694 349">
    <p class='ocr_par' dir='ltr' id='par_1_2' title="bbox 1474 276 3694 349">
     <span class='ocr_line' id='line_1_2' title="bbox 1474 276 3694 349; baseline -0.001 -1"><span class='ocrx_word' id='word_1_2' title='bbox 1474 296 1524 348; x_wconf 81' lang='lat' dir='ltr'><strong>S.</strong></span> <span class='ocrx_word' id='word_1_3' title='bbox 1565 286 1933 349; x_wconf 77' lang='lat' dir='ltr'><strong>GUILLELMI</strong></span> <span class='ocrx_word' id='word_1_4' title='bbox 1966 286 2256 344; x_wconf 73' lang='lat' dir='ltr'><strong>ABBATIS</strong></span> <span class='ocrx_word' id='word_1_5' title='bbox 2291 284 2592 342; x_wconf 69' lang='lat' dir='ltr'><strong>lliiiSAUG</strong></span> <span class='ocrx_word' id='word_1_6' title='bbox 3594 276 3694 345; x_wconf 67' lang='grc'><strong>1010</strong></span> 
     </span>
    </p>
   </div>
   <div class='ocr_carea' id='block_1_3' title="bbox 485 397 3695 485">
    <p class='ocr_par' dir='ltr' id='par_1_3' title="bbox 485 397 3695 485">
     <span class='ocr_line' id='line_1_3' title="bbox 485 397 3695 485; baseline -0.007 -14"><span class='ocrx_word' id='word_1_7' title='bbox 485 431 601 471; x_wconf 72' lang='lat' dir='ltr'><strong>mar</strong></span> <span class='ocrx_word' id='word_1_8' title='bbox 629 429 845 485; x_wconf 69' lang='lat' dir='ltr'><strong>prauum</strong></span> <span class='ocrx_word' id='word_1_9' title='bbox 872 421 1090 468; x_wconf 76' lang='lat' dir='ltr'><strong>a&#39;lema.</strong></span> <span class='ocrx_word' id='word_1_10' title='bbox 1149 406 1531 479; x_wconf 73' lang='lat' dir='ltr'><strong>Respondetur</strong></span> <span class='ocrx_word' id='word_1_11' title='bbox 1560 413 1765 460; x_wconf 88' lang='lat' dir='ltr'><strong>tantum</strong></span> <span class='ocrx_word' id='word_1_12' title='bbox 1800 404 1960 473; x_wconf 79' lang='lat' dir='ltr'><strong>Amen</strong></span> <span class='ocrx_word' id='word_1_13' title='bbox 2009 401 2077 455; x_wconf 88' lang='lat' dir='ltr'><strong>ab</strong></span> <span class='ocrx_word' id='word_1_14' title='bbox 2105 408 2146 464; x_wconf 75' lang='grc' dir='ltr'><strong>Α</strong></span> <span class='ocrx_word' id='word_1_15' title='bbox 2180 400 2411 455; x_wconf 82' lang='lat' dir='ltr'><strong>debeant</strong></span> <span class='ocrx_word' id='word_1_16' title='bbox 2434 398 2580 452; x_wconf 81' lang='lat' dir='ltr'><strong>finita</strong></span> <span class='ocrx_word' id='word_1_17' title='bbox 2608 397 2833 459; x_wconf 83' lang='lat' dir='ltr'><strong>lectione</strong></span> <span class='ocrx_word' id='word_1_18' title='bbox 2862 404 3085 451; x_wconf 78' lang='lat' dir='ltr'><strong>r&#39;m&#39;stttn</strong></span> <span class='ocrx_word' id='word_1_19' title='bbox 3112 402 3227 466; x_wconf 77' lang='lat' dir='ltr'><strong>Ipse</strong></span> <span class='ocrx_word' id='word_1_20' title='bbox 3264 398 3497 460; x_wconf 85' lang='lat' dir='ltr'><strong>notatur,</strong></span> <span class='ocrx_word' id='word_1_21' title='bbox 3520 398 3535 416; x_wconf 84' lang='lat'>&#39;</span> <span class='ocrx_word' id='word_1_22' title='bbox 3566 412 3695 470; x_wconf 78' lang='lat' dir='ltr'><strong>usque</strong></span> 
     </span>
    </p>
   </div>
   <div class='ocr_carea' id='block_1_4' title="bbox 456 495 2061 570">
    <p class='ocr_par' dir='ltr' id='par_1_4' title="bbox 456 495 2061 570">
     <span class='ocr_line' id='line_1_4' title="bbox 456 495 2061 570; baseline -0.009 -9"><span class='ocrx_word' id='word_1_23' title='bbox 456 500 753 561; x_wconf 80' lang='lat' dir='ltr'><strong>omnibus.</strong></span> <span class='ocrx_word' id='word_1_24' title='bbox 783 502 927 570; x_wconf 88' lang='lat' dir='ltr'><strong>Quos</strong></span> <span class='ocrx_word' id='word_1_25' title='bbox 953 502 1147 556; x_wconf 92' lang='lat' dir='ltr'><strong>iterum</strong></span> <span class='ocrx_word' id='word_1_26' title='bbox 1192 498 1523 554; x_wconf 84' lang='lat' dir='ltr'><strong>confidentes</strong></span> <span class='ocrx_word' id='word_1_27' title='bbox 1564 497 1717 567; x_wconf 83' lang='lat' dir='ltr'><strong>prior</strong></span> <span class='ocrx_word' id='word_1_28' title='bbox 1759 495 2061 566; x_wconf 86' lang='lat' dir='ltr'><strong>compellat,</strong></span> 
     </span>
    </p>
   </div>
   <div class='ocr_carea' id='block_1_5' title="bbox 484 588 2063 663">
    <p class='ocr_par' dir='ltr' id='par_1_5' title="bbox 484 588 2063 663">
     <span class='ocr_line' id='line_1_5' title="bbox 484 588 2063 663; baseline -0.009 -12"><span class='ocrx_word' id='word_1_29' title='bbox 484 597 735 658; x_wconf 81' lang='lat' dir='ltr'><strong>suadens,</strong></span> <span class='ocrx_word' id='word_1_30' title='bbox 774 604 833 648; x_wconf 83' lang='lat' dir='ltr'><strong>ut</strong></span> <span class='ocrx_word' id='word_1_31' title='bbox 870 594 935 647; x_wconf 91' lang='lat' dir='ltr'><strong>de</strong></span> <span class='ocrx_word' id='word_1_32' title='bbox 962 590 1255 663; x_wconf 77' lang='lat' dir='ltr'><strong>praesentia</strong></span> <span class='ocrx_word' id='word_1_33' title='bbox 1286 590 1478 646; x_wconf 77' lang='lat' dir='ltr'><strong>divina:</strong></span> <span class='ocrx_word' id='word_1_34' title='bbox 1503 588 1690 659; x_wconf 73' lang='lat' dir='ltr'><strong>gratia:</strong></span> <span class='ocrx_word' id='word_1_35' title='bbox 1721 601 2063 656; x_wconf 79' lang='lat' dir='ltr'><strong>nequaquam</strong></span> 
     </span>
    </p>
   </div>
   <div class='ocr_carea' id='block_1_6' title="bbox 482 678 2063 754">
    <p class='ocr_par' dir='ltr' id='par_1_6' title="bbox 482 678 2063 754">
     <span class='ocr_line' id='line_1_6' title="bbox 482 678 2063 754; baseline -0.007 -12"><span class='ocrx_word' id='word_1_36' title='bbox 482 689 748 742; x_wconf 78' lang='lat' dir='ltr'><strong>dubitent.</strong></span> <span class='ocrx_word' id='word_1_37' title='bbox 775 685 1038 754; x_wconf 88' lang='lat' dir='ltr'><strong>Loquitur</strong></span> <span class='ocrx_word' id='word_1_38' title='bbox 1063 685 1227 738; x_wconf 88' lang='lat' dir='ltr'><strong>etiam</strong></span> <span class='ocrx_word' id='word_1_39' title='bbox 1262 680 1517 737; x_wconf 78' lang='lat' dir='ltr'><strong>nonnulla</strong></span> <span class='ocrx_word' id='word_1_40' title='bbox 1552 694 1728 735; x_wconf 80' lang='lat' dir='ltr'><strong>causae</strong></span> <span class='ocrx_word' id='word_1_41' title='bbox 1756 690 1811 733; x_wconf 88' lang='lat' dir='ltr'><strong>et</strong></span> <span class='ocrx_word' id='word_1_42' title='bbox 1835 678 2063 747; x_wconf 77' lang='lat' dir='ltr'><strong>tempori</strong></span> 
     </span>
    </p>
   </div>
   <div class='ocr_carea' id='block_1_7' title="bbox 482 787 861 834">
    <p class='ocr_par' dir='ltr' id='par_1_7' title="bbox 482 787 861 834">
     <span class='ocr_line' id='line_1_7' title="bbox 482 787 861 834; baseline -0.008 0"><span class='ocrx_word' id='word_1_43' title='bbox 482 787 861 834; x_wconf 85' lang='lat' dir='ltr'><strong>consentanea.</strong></span> 
     </span>
    </p>
   </div>
   <div class='ocr_carea' id='block_1_8' title="bbox 550 859 2072 939">
    <p class='ocr_par' dir='ltr' id='par_1_8' title="bbox 550 859 2072 939">
     <span class='ocr_line' id='line_1_8' title="bbox 550 859 2072 939; baseline -0.005 -16"><span class='ocrx_word' id='word_1_44' title='bbox 550 872 569 890; x_wconf 84' lang='lat'><strong><em>‘</em></strong></span> <span class='ocrx_word' id='word_1_45' title='bbox 606 869 752 924; x_wconf 86' lang='lat' dir='ltr'><strong>Inter</strong></span> <span class='ocrx_word' id='word_1_46' title='bbox 781 870 897 923; x_wconf 67' lang='lat' dir='ltr'><strong>itme</strong></span> <span class='ocrx_word' id='word_1_47' title='bbox 919 868 1035 925; x_wconf 81' lang='lat' dir='ltr'><strong>sive</strong></span> <span class='ocrx_word' id='word_1_48' title='bbox 1063 868 1176 939; x_wconf 86' lang='lat' dir='ltr'><strong>ipse</strong></span> <span class='ocrx_word' id='word_1_49' title='bbox 1204 866 1373 936; x_wconf 86' lang='lat' dir='ltr'><strong>prior,</strong></span> <span class='ocrx_word' id='word_1_50' title='bbox 1404 864 1518 920; x_wconf 84' lang='lat' dir='ltr'><strong>sive</strong></span> <span class='ocrx_word' id='word_1_51' title='bbox 1531 863 1671 918; x_wconf 85' lang='lat' dir='ltr'><strong>alius</strong></span> <span class='ocrx_word' id='word_1_52' title='bbox 1690 861 1889 927; x_wconf 87' lang='lat' dir='ltr'><strong>senior,</strong></span> <span class='ocrx_word' id='word_1_53' title='bbox 1915 859 2072 930; x_wconf 86' lang='lat' dir='ltr'><strong>cujus</strong></span> 
     </span>
    </p>
   </div>
   <div class='ocr_carea' id='block_1_9' title="bbox 482 957 2069 1032">
    <p class='ocr_par' dir='ltr' id='par_1_9' title="bbox 482 957 2069 1032">
     <span class='ocr_line' id='line_1_9' title="bbox 482 957 2069 1032; baseline -0.005 -18"><span class='ocrx_word' id='word_1_54' title='bbox 482 961 716 1015; x_wconf 80' lang='lat' dir='ltr'><strong>animam</strong></span> <span class='ocrx_word' id='word_1_55' title='bbox 746 960 907 1032; x_wconf 73' lang='lat' dir='ltr'><strong>timor</strong></span> <span class='ocrx_word' id='word_1_56' title='bbox 934 959 1146 1014; x_wconf 87' lang='lat' dir='ltr'><strong>Domini</strong></span> <span class='ocrx_word' id='word_1_57' title='bbox 1177 957 1468 1030; x_wconf 81' lang='lat' dir='ltr'><strong>possideat,</strong></span> <span class='ocrx_word' id='word_1_58' title='bbox 1492 962 1742 1010; x_wconf 86' lang='lat' dir='ltr'><strong>monetur</strong></span> <span class='ocrx_word' id='word_1_59' title='bbox 1761 963 1816 1008; x_wconf 91' lang='lat' dir='ltr'><strong>et</strong></span> <span class='ocrx_word' id='word_1_60' title='bbox 1847 961 2069 1024; x_wconf 78' lang='lat' dir='ltr'><strong>rogatur</strong></span> 
     </span>
    </p>
   </div>
   <div class='ocr_carea' id='block_1_10' title="bbox 483 1046 2069 1121">
    <p class='ocr_par' dir='ltr' id='par_1_10' title="bbox 483 1046 2069 1121">
     <span class='ocr_line' id='line_1_10' title="bbox 483 1046 2069 1121; baseline -0.006 -13"><span class='ocrx_word' id='word_1_61' title='bbox 483 1070 513 1108; x_wconf 79' lang='grc' dir='ltr'><strong>ιι</strong></span> <span class='ocrx_word' id='word_1_62' title='bbox 549 1053 760 1108; x_wconf 81' lang='lat' dir='ltr'><strong>caeteris</strong></span> <span class='ocrx_word' id='word_1_63' title='bbox 790 1050 1104 1120; x_wconf 71' lang='lat' dir='ltr'><strong>majoribus,</strong></span> <span class='ocrx_word' id='word_1_64' title='bbox 1136 1061 1191 1105; x_wconf 91' lang='lat' dir='ltr'><strong>ut</strong></span> <span class='ocrx_word' id='word_1_65' title='bbox 1241 1050 1449 1121; x_wconf 90' lang='lat' dir='ltr'><strong>primus</strong></span> <span class='ocrx_word' id='word_1_66' title='bbox 1489 1048 1665 1104; x_wconf 88' lang='lat' dir='ltr'><strong>cdicat</strong></span> <span class='ocrx_word' id='word_1_67' title='bbox 1720 1046 1847 1117; x_wconf 91' lang='lat' dir='ltr'><strong>quid</strong></span> <span class='ocrx_word' id='word_1_68' title='bbox 1888 1046 1953 1101; x_wconf 87' lang='lat' dir='ltr'><strong>de</strong></span> <span class='ocrx_word' id='word_1_69' title='bbox 1979 1059 2069 1115; x_wconf 83' lang='lat' dir='ltr'><strong>ge—</strong></span> 
     </span>
    </p>
   </div>
   <div class='ocr_carea' id='block_1_11' title="bbox 485 1136 2066 1209">
    <p class='ocr_par' dir='ltr' id='par_1_11' title="bbox 485 1136 2066 1209">
     <span class='ocr_line' id='line_1_11' title="bbox 485 1136 2066 1209; baseline -0.003 -13"><span class='ocrx_word' id='word_1_70' title='bbox 485 1143 647 1198; x_wconf 86' lang='lat' dir='ltr'><strong>renda</strong></span> <span class='ocrx_word' id='word_1_71' title='bbox 704 1141 967 1198; x_wconf 89' lang='lat' dir='ltr'><strong>electione</strong></span> <span class='ocrx_word' id='word_1_72' title='bbox 1016 1142 1234 1196; x_wconf 80' lang='lat' dir='ltr'><strong>sentiat.</strong></span> <span class='ocrx_word' id='word_1_73' title='bbox 1295 1140 1356 1195; x_wconf 76' lang='lat' dir='ltr'><strong>Si</strong></span> <span class='ocrx_word' id='word_1_74' title='bbox 1413 1138 1479 1195; x_wconf 93' lang='lat' dir='ltr'><strong>de</strong></span> <span class='ocrx_word' id='word_1_75' title='bbox 1520 1154 1588 1195; x_wconf 91' lang='lat' dir='ltr'><strong>eo</strong></span> <span class='ocrx_word' id='word_1_76' title='bbox 1624 1152 1782 1209; x_wconf 83' lang='lat' dir='ltr'><strong>quem</strong></span> <span class='ocrx_word' id='word_1_77' title='bbox 1828 1136 2066 1206; x_wconf 79' lang='lat' dir='ltr'><strong>primum</strong></span> 
     </span>
    </p>
   </div>
   <div class='ocr_carea' id='block_1_12' title="bbox 483 1228 2067 1305">
    <p class='ocr_par' dir='ltr' id='par_1_12' title="bbox 483 1228 2067 1305">
     <span class='ocr_line' id='line_1_12' title="bbox 483 1228 2067 1305; baseline -0.006 -14"><span class='ocrx_word' id='word_1_78' title='bbox 483 1235 877 1304; x_wconf 86' lang='lat' dir='ltr'><strong>nomlnavcrit,</strong></span> <span class='ocrx_word' id='word_1_79' title='bbox 924 1252 1050 1305; x_wconf 88' lang='lat' dir='ltr'><strong>pars</strong></span> <span class='ocrx_word' id='word_1_80' title='bbox 1105 1234 1281 1304; x_wconf 85' lang='lat' dir='ltr'><strong>aliqua</strong></span> <span class='ocrx_word' id='word_1_81' title='bbox 1337 1233 1563 1288; x_wconf 89' lang='lat' dir='ltr'><strong>fratrum</strong></span> <span class='ocrx_word' id='word_1_82' title='bbox 1619 1229 1959 1295; x_wconf 80' lang='lat' dir='ltr'><strong>dissenserit,</strong></span> <span class='ocrx_word' id='word_1_83' title='bbox 2013 1228 2067 1283; x_wconf 91' lang='lat' dir='ltr'><strong>in</strong></span> 
     </span>
    </p>
   </div>
   <div class='ocr_carea' id='block_1_13' title="bbox 484 1319 2067 1398">
    <p class='ocr_par' dir='ltr' id='par_1_13' title="bbox 484 1319 2067 1398">
     <span class='ocr_line' id='line_1_13' title="bbox 484 1319 2067 1398; baseline -0.003 -20"><span class='ocrx_word' id='word_1_84' title='bbox 484 1339 795 1398; x_wconf 73' lang='lat' dir='ltr'><strong>sequentem</strong></span> <span class='ocrx_word' id='word_1_85' title='bbox 828 1328 911 1382; x_wconf 92' lang='lat' dir='ltr'><strong>vel</strong></span> <span class='ocrx_word' id='word_1_86' title='bbox 958 1327 1000 1381; x_wconf 88' lang='lat' dir='ltr'><strong>si</strong></span> <span class='ocrx_word' id='word_1_87' title='bbox 1034 1341 1190 1396; x_wconf 91' lang='lat' dir='ltr'><strong>opus,</strong></span> <span class='ocrx_word' id='word_1_88' title='bbox 1224 1340 1393 1394; x_wconf 90' lang='lat' dir='ltr'><strong>usque</strong></span> <span class='ocrx_word' id='word_1_89' title='bbox 1424 1323 1475 1377; x_wconf 90' lang='lat' dir='ltr'><strong>in</strong></span> <span class='ocrx_word' id='word_1_90' title='bbox 1511 1323 1732 1377; x_wconf 89' lang='lat' dir='ltr'><strong>tertium</strong></span> <span class='ocrx_word' id='word_1_91' title='bbox 1776 1320 1914 1376; x_wconf 87' lang='lat' dir='ltr'><strong>diem</strong></span> <span class='ocrx_word' id='word_1_92' title='bbox 1966 1319 2067 1374; x_wconf 85' lang='lat' dir='ltr'><strong>dif-</strong></span> 
     </span>
    </p>
   </div>
   <div class='ocr_carea' id='block_1_14' title="bbox 484 1411 2061 1488">
    <p class='ocr_par' dir='ltr' id='par_1_14' title="bbox 484 1411 2061 1488">
     <span class='ocr_line' id='line_1_14' title="bbox 484 1411 2061 1488; baseline -0.006 -15"><span class='ocrx_word' id='word_1_93' title='bbox 484 1421 674 1484; x_wconf 68' lang='lat' dir='ltr'><strong>fertur,</strong></span> <span class='ocrx_word' id='word_1_94' title='bbox 707 1429 762 1474; x_wconf 88' lang='lat' dir='ltr'><strong>et</strong></span> <span class='ocrx_word' id='word_1_95' title='bbox 792 1419 1005 1474; x_wconf 90' lang='lat' dir='ltr'><strong>interim</strong></span> <span class='ocrx_word' id='word_1_96' title='bbox 1042 1416 1285 1488; x_wconf 89' lang='lat' dir='ltr'><strong>jejuniis,</strong></span> <span class='ocrx_word' id='word_1_97' title='bbox 1318 1414 1690 1478; x_wconf 75' lang='lat' dir='ltr'><strong>orationibus,</strong></span> <span class='ocrx_word' id='word_1_98' title='bbox 1738 1421 1792 1468; x_wconf 92' lang='lat' dir='ltr'><strong>et</strong></span> <span class='ocrx_word' id='word_1_99' title='bbox 1826 1411 2061 1467; x_wconf 88' lang='lat' dir='ltr'><strong>eleemo-</strong></span> 
     </span>
    </p>
   </div>
   <div class='ocr_carea' id='block_1_15' title="bbox 484 1504 2069 1581">
    <p class='ocr_par' dir='ltr' id='par_1_15' title="bbox 484 1504 2069 1581">
     <span class='ocr_line' id='line_1_15' title="bbox 484 1504 2069 1581; baseline -0.005 -17"><span class='ocrx_word' id='word_1_100' title='bbox 484 1510 633 1581; x_wconf 84' lang='lat' dir='ltr'><strong>synis</strong></span> <span class='ocrx_word' id='word_1_101' title='bbox 657 1510 944 1564; x_wconf 85' lang='lat' dir='ltr'><strong>instantius</strong></span> <span class='ocrx_word' id='word_1_102' title='bbox 980 1522 1143 1579; x_wconf 88' lang='lat' dir='ltr'><strong>super</strong></span> <span class='ocrx_word' id='word_1_103' title='bbox 1186 1507 1288 1563; x_wconf 86' lang='lat' dir='ltr'><strong>ltoc</strong></span> <span class='ocrx_word' id='word_1_104' title='bbox 1327 1505 1419 1562; x_wconf 88' lang='lat' dir='ltr'><strong>Dei</strong></span> <span class='ocrx_word' id='word_1_105' title='bbox 1452 1504 1822 1560; x_wconf 85' lang='lat' dir='ltr'><strong>misericordia</strong></span> <span class='ocrx_word' id='word_1_106' title='bbox 1849 1504 2069 1558; x_wconf 88' lang='lat' dir='ltr'><strong>invoca-</strong></span> 
     </span>
    </p>
   </div>
   <div class='ocr_carea' id='block_1_16' title="bbox 486 1587 2069 1663">
    <p class='ocr_par' dir='ltr' id='par_1_16' title="bbox 486 1587 2069 1663">
     <span class='ocr_line' id='line_1_16' title="bbox 486 1587 2069 1663; baseline -0.006 -13"><span class='ocrx_word' id='word_1_107' title='bbox 486 1607 589 1651; x_wconf 79' lang='lat' dir='ltr'><strong>tur.</strong></span> <span class='ocrx_word' id='word_1_108' title='bbox 639 1596 878 1652; x_wconf 86' lang='lat' dir='ltr'><strong>Tandem</strong></span> <span class='ocrx_word' id='word_1_109' title='bbox 924 1609 1051 1651; x_wconf 84' lang='lat' dir='ltr'><strong>vero</strong></span> <span class='ocrx_word' id='word_1_110' title='bbox 1081 1593 1374 1650; x_wconf 84' lang='lat' dir='ltr'><strong>secundum</strong></span> <span class='ocrx_word' id='word_1_111' title='bbox 1425 1591 1664 1663; x_wconf 78' lang='lat' dir='ltr'><strong>regulam</strong></span> <span class='ocrx_word' id='word_1_112' title='bbox 1702 1590 1760 1645; x_wconf 93' lang='lat' dir='ltr'><strong>S.</strong></span> <span class='ocrx_word' id='word_1_113' title='bbox 1795 1587 2069 1644; x_wconf 85' lang='lat' dir='ltr'><strong>Benedicti</strong></span> 
     </span>
    </p>
   </div>
   <div class='ocr_carea' id='block_1_17' title="bbox 486 1678 2073 1755">
    <p class='ocr_par' dir='ltr' id='par_1_17' title="bbox 486 1678 2073 1755">
     <span class='ocr_line' id='line_1_17' title="bbox 486 1678 2073 1755; baseline -0.004 -18"><span class='ocrx_word' id='word_1_114' title='bbox 486 1690 627 1755; x_wconf 80' lang='lat' dir='ltr'><strong>(cap.</strong></span> <span class='ocrx_word' id='word_1_115' title='bbox 660 1685 749 1753; x_wconf 77' lang='grc'><strong>61)</strong></span> <span class='ocrx_word' id='word_1_116' title='bbox 796 1686 972 1741; x_wconf 90' lang='lat' dir='ltr'><strong>electo</strong></span> <span class='ocrx_word' id='word_1_117' title='bbox 1020 1682 1236 1746; x_wconf 83' lang='lat' dir='ltr'><strong>abbate,</strong></span> <span class='ocrx_word' id='word_1_118' title='bbox 1285 1682 1339 1736; x_wconf 94' lang='lat' dir='ltr'><strong>in</strong></span> <span class='ocrx_word' id='word_1_119' title='bbox 1377 1681 1493 1752; x_wconf 86' lang='lat' dir='ltr'><strong>ipso</strong></span> <span class='ocrx_word' id='word_1_120' title='bbox 1544 1679 1780 1751; x_wconf 87' lang='lat' dir='ltr'><strong>capitulo</strong></span> <span class='ocrx_word' id='word_1_121' title='bbox 1840 1678 2073 1749; x_wconf 83' lang='lat' dir='ltr'><strong>imponit</strong></span> 
     </span>
    </p>
   </div>
   <div class='ocr_carea' id='block_1_18' title="bbox 485 1770 2143 1864">
    <p class='ocr_par' dir='ltr' id='par_1_18' title="bbox 485 1770 2143 1864">
     <span class='ocr_line' id='line_1_18' title="bbox 485 1770 2143 1864; baseline -0.006 -31"><span class='ocrx_word' id='word_1_122' title='bbox 485 1780 633 1849; x_wconf 86' lang='lat' dir='ltr'><strong>prior</strong></span> <span class='ocrx_word' id='word_1_123' title='bbox 683 1777 1052 1847; x_wconf 88' lang='lat' dir='ltr'><strong>antipbonam.</strong></span> <span class='ocrx_word' id='word_1_124' title='bbox 1100 1774 1369 1843; x_wconf 72' lang='lat' dir='ltr'><strong>Con/imm</strong></span> <span class='ocrx_word' id='word_1_125' title='bbox 1422 1775 1541 1840; x_wconf 74' lang='lat' dir='ltr'><strong>hoc,</strong></span> <span class='ocrx_word' id='word_1_126' title='bbox 1578 1770 1734 1827; x_wconf 79' lang='lat' dir='ltr'><strong>Deus.</strong></span> <span class='ocrx_word' id='word_1_127' title='bbox 1796 1770 2066 1827; x_wconf 84' lang='lat' dir='ltr'><strong>Cantatur</strong></span> <span class='ocrx_word' id='word_1_128' title='bbox 2101 1805 2143 1864; x_wconf 73' lang='grc' dir='ltr'><strong>Β</strong></span> 
     </span>
    </p>
   </div>
   <div class='ocr_carea' id='block_1_19' title="bbox 485 1862 2070 1939">
    <p class='ocr_par' dir='ltr' id='par_1_19' title="bbox 485 1862 2070 1939">
     <span class='ocr_line' id='line_1_19' title="bbox 485 1862 2070 1939; baseline -0.003 -16"><span class='ocrx_word' id='word_1_129' title='bbox 485 1870 762 1939; x_wconf 79' lang='lat' dir='ltr'><strong>psalmus:</strong></span> <span class='ocrx_word' id='word_1_130' title='bbox 803 1868 1068 1937; x_wconf 77' lang='lat' dir='ltr'><strong>Exsurgat</strong></span> <span class='ocrx_word' id='word_1_131' title='bbox 1100 1865 1260 1931; x_wconf 82' lang='lat' dir='ltr'><strong>Deus,</strong></span> <span class='ocrx_word' id='word_1_132' title='bbox 1301 1864 1550 1920; x_wconf 87' lang='lat' dir='ltr'><strong>tonaliter</strong></span> <span class='ocrx_word' id='word_1_133' title='bbox 1576 1873 1630 1919; x_wconf 90' lang='lat' dir='ltr'><strong>et</strong></span> <span class='ocrx_word' id='word_1_134' title='bbox 1671 1863 1751 1919; x_wconf 90' lang='lat' dir='ltr'><strong>sic</strong></span> <span class='ocrx_word' id='word_1_135' title='bbox 1788 1862 2070 1919; x_wconf 88' lang='lat' dir='ltr'><strong>deducitur</strong></span> 
     </span>
    </p>
   </div>
   <div class='ocr_carea' id='block_1_20' title="bbox 486 1954 2070 2028">
    <p class='ocr_par' dir='ltr' id='par_1_20' title="bbox 486 1954 2070 2028">
     <span class='ocr_line' id='line_1_20' title="bbox 486 1954 2070 2028; baseline -0.002 -13"><span class='ocrx_word' id='word_1_136' title='bbox 486 1963 541 2015; x_wconf 91' lang='lat' dir='ltr'><strong>in</strong></span> <span class='ocrx_word' id='word_1_137' title='bbox 565 1960 867 2017; x_wconf 86' lang='lat' dir='ltr'><strong>ecclesiam.</strong></span> <span class='ocrx_word' id='word_1_138' title='bbox 897 1958 971 2014; x_wconf 89' lang='lat' dir='ltr'><strong>lbi</strong></span> <span class='ocrx_word' id='word_1_139' title='bbox 1009 1957 1152 2028; x_wconf 84' lang='lat' dir='ltr'><strong>jacet</strong></span> <span class='ocrx_word' id='word_1_140' title='bbox 1178 1967 1484 2028; x_wconf 80' lang='lat' dir='ltr'><strong>prostratus</strong></span> <span class='ocrx_word' id='word_1_141' title='bbox 1512 1955 1578 2011; x_wconf 80' lang='lat' dir='ltr'><strong>ad</strong></span> <span class='ocrx_word' id='word_1_142' title='bbox 1607 1954 1855 2026; x_wconf 75' lang='lat' dir='ltr'><strong>gradum,</strong></span> <span class='ocrx_word' id='word_1_143' title='bbox 1897 1955 2070 2012; x_wconf 82' lang='lat' dir='ltr'><strong>donec</strong></span> 
     </span>
    </p>
   </div>
   <div class='ocr_carea' id='block_1_21' title="bbox 488 2046 2075 2124">
    <p class='ocr_par' dir='ltr' id='par_1_21' title="bbox 488 2046 2075 2124">
     <span class='ocr_line' id='line_1_21' title="bbox 488 2046 2075 2124; baseline -0.003 -18"><span class='ocrx_word' id='word_1_144' title='bbox 488 2054 706 2109; x_wconf 86' lang='lat' dir='ltr'><strong>liniatur</strong></span> <span class='ocrx_word' id='word_1_145' title='bbox 738 2053 976 2124; x_wconf 88' lang='lat' dir='ltr'><strong>psalmus</strong></span> <span class='ocrx_word' id='word_1_146' title='bbox 1003 2059 1056 2107; x_wconf 92' lang='lat' dir='ltr'><strong>ct</strong></span> <span class='ocrx_word' id='word_1_147' title='bbox 1083 2050 1399 2120; x_wconf 87' lang='lat' dir='ltr'><strong>antipbona,</strong></span> <span class='ocrx_word' id='word_1_148' title='bbox 1438 2063 1560 2103; x_wconf 91' lang='lat' dir='ltr'><strong>cum</strong></span> <span class='ocrx_word' id='word_1_149' title='bbox 1601 2046 1849 2103; x_wconf 88' lang='lat' dir='ltr'><strong>oratione</strong></span> <span class='ocrx_word' id='word_1_150' title='bbox 1891 2046 2075 2102; x_wconf 86' lang='lat' dir='ltr'><strong>Domi-</strong></span> 
     </span>
    </p>
   </div>
   <div class='ocr_carea' id='block_1_22' title="bbox 488 2141 2075 2213">
    <p class='ocr_par' dir='ltr' id='par_1_22' title="bbox 488 2141 2075 2213">
     <span class='ocr_line' id='line_1_22' title="bbox 488 2141 2075 2213; baseline -0.004 -14"><span class='ocrx_word' id='word_1_151' title='bbox 488 2144 635 2211; x_wconf 90' lang='lat' dir='ltr'><strong>niea,</strong></span> <span class='ocrx_word' id='word_1_152' title='bbox 658 2146 907 2213; x_wconf 90' lang='lat' dir='ltr'><strong>dictoque</strong></span> <span class='ocrx_word' id='word_1_153' title='bbox 933 2148 1091 2199; x_wconf 87' lang='lat' dir='ltr'><strong>versu</strong></span> <span class='ocrx_word' id='word_1_154' title='bbox 1122 2141 1186 2195; x_wconf 86' lang='lat' dir='ltr'><strong>Et</strong></span> <span class='ocrx_word' id='word_1_155' title='bbox 1219 2143 1385 2196; x_wconf 77' lang='lat' dir='ltr'><strong>veniat</strong></span> <span class='ocrx_word' id='word_1_156' title='bbox 1434 2156 1590 2208; x_wconf 70' lang='lat' dir='ltr'><strong>super</strong></span> <span class='ocrx_word' id='word_1_157' title='bbox 1633 2156 1746 2206; x_wconf 80' lang='lat' dir='ltr'><strong>nos,</strong></span> <span class='ocrx_word' id='word_1_158' title='bbox 1788 2154 1911 2196; x_wconf 91' lang='lat' dir='ltr'><strong>cum</strong></span> <span class='ocrx_word' id='word_1_159' title='bbox 1952 2155 2075 2194; x_wconf 89' lang='lat' dir='ltr'><strong>ora-</strong></span> 
     </span>
    </p>
   </div>
   <div class='ocr_carea' id='block_1_23' title="bbox 493 2231 2072 2304">
    <p class='ocr_par' dir='ltr' id='par_1_23' title="bbox 493 2231 2072 2304">
     <span class='ocr_line' id='line_1_23' title="bbox 493 2231 2072 2304; baseline -0.003 -15"><span class='ocrx_word' id='word_1_160' title='bbox 493 2238 636 2293; x_wconf 70' lang='lat' dir='ltr'><strong>tione</strong></span> <span class='ocrx_word' id='word_1_161' title='bbox 668 2238 897 2292; x_wconf 81' lang='lat' dir='ltr'><strong>actiones</strong></span> <span class='ocrx_word' id='word_1_162' title='bbox 921 2233 1499 2304; x_wconf 76' lang='lat' dir='ltr'><strong>nostras,etc.,3urgit,</strong></span> <span class='ocrx_word' id='word_1_163' title='bbox 1530 2232 1789 2287; x_wconf 72' lang='lat' dir='ltr'><strong>statuitur</strong></span> <span class='ocrx_word' id='word_1_164' title='bbox 1813 2232 1866 2286; x_wconf 93' lang='lat' dir='ltr'><strong>in</strong></span> <span class='ocrx_word' id='word_1_165' title='bbox 1896 2231 2072 2287; x_wconf 84' lang='lat' dir='ltr'><strong>locum</strong></span> 
     </span>
    </p>
   </div>
   <div class='ocr_carea' id='block_1_24' title="bbox 487 2322 2071 2398">
    <p class='ocr_par' dir='ltr' id='par_1_24' title="bbox 487 2322 2071 2398">
     <span class='ocr_line' id='line_1_24' title="bbox 487 2322 2071 2398; baseline -0.004 -16"><span class='ocrx_word' id='word_1_166' title='bbox 487 2330 698 2385; x_wconf 81' lang='lat' dir='ltr'><strong>Domini</strong></span> <span class='ocrx_word' id='word_1_167' title='bbox 712 2328 942 2393; x_wconf 84' lang='lat' dir='ltr'><strong>abbatis,</strong></span> <span class='ocrx_word' id='word_1_168' title='bbox 957 2326 1491 2398; x_wconf 86' lang='lat' dir='ltr'><strong>imponiturbymnus</strong></span> <span class='ocrx_word' id='word_1_169' title='bbox 1507 2323 1576 2378; x_wconf 89' lang='lat' dir='ltr'><strong>Te</strong></span> <span class='ocrx_word' id='word_1_170' title='bbox 1594 2324 1756 2378; x_wconf 70' lang='lat' dir='ltr'><strong>Deum</strong></span> <span class='ocrx_word' id='word_1_171' title='bbox 1769 2322 2071 2389; x_wconf 77' lang='lat' dir='ltr'><strong>laudamus,</strong></span> 
     </span>
    </p>
   </div>
   <div class='ocr_carea' id='block_1_25' title="bbox 493 2414 2074 2490">
    <p class='ocr_par' dir='ltr' id='par_1_25' title="bbox 493 2414 2074 2490">
     <span class='ocr_line' id='line_1_25' title="bbox 493 2414 2074 2490; baseline -0.003 -15"><span class='ocrx_word' id='word_1_172' title='bbox 493 2430 547 2475; x_wconf 88' lang='lat' dir='ltr'><strong>ct</strong></span> <span class='ocrx_word' id='word_1_173' title='bbox 577 2430 971 2490; x_wconf 86' lang='lat' dir='ltr'><strong>consequenter</strong></span> <span class='ocrx_word' id='word_1_174' title='bbox 997 2417 1185 2489; x_wconf 86' lang='lat' dir='ltr'><strong>incipit</strong></span> <span class='ocrx_word' id='word_1_175' title='bbox 1204 2426 1388 2473; x_wconf 79' lang='lat' dir='ltr'><strong>custos</strong></span> <span class='ocrx_word' id='word_1_176' title='bbox 1426 2417 1640 2488; x_wconf 90' lang='lat' dir='ltr'><strong>pulsare</strong></span> <span class='ocrx_word' id='word_1_177' title='bbox 1670 2417 1735 2471; x_wconf 88' lang='lat' dir='ltr'><strong>ad</strong></span> <span class='ocrx_word' id='word_1_178' title='bbox 1764 2414 2074 2471; x_wconf 85' lang='lat' dir='ltr'><strong>classicum.</strong></span> 
     </span>
    </p>
   </div>
   <div class='ocr_carea' id='block_1_26' title="bbox 557 2503 2075 2577">
    <p class='ocr_par' dir='ltr' id='par_1_26' title="bbox 557 2503 2075 2577">
     <span class='ocr_line' id='line_1_26' title="bbox 557 2503 2075 2577; baseline -0.007 -10"><span class='ocrx_word' id='word_1_179' title='bbox 557 2513 759 2567; x_wconf 81' lang='lat' dir='ltr'><strong>Eadem</strong></span> <span class='ocrx_word' id='word_1_180' title='bbox 789 2520 969 2566; x_wconf 89' lang='lat' dir='ltr'><strong>autem</strong></span> <span class='ocrx_word' id='word_1_181' title='bbox 1000 2510 1132 2564; x_wconf 77' lang='lat' dir='ltr'><strong>liora</strong></span> <span class='ocrx_word' id='word_1_182' title='bbox 1164 2509 1231 2563; x_wconf 90' lang='lat' dir='ltr'><strong>ad</strong></span> <span class='ocrx_word' id='word_1_183' title='bbox 1278 2508 1571 2563; x_wconf 86' lang='lat' dir='ltr'><strong>secundum</strong></span> <span class='ocrx_word' id='word_1_184' title='bbox 1606 2505 1856 2577; x_wconf 61' lang='lat' dir='ltr'><strong>praedicti</strong></span> <span class='ocrx_word' id='word_1_185' title='bbox 1887 2503 2075 2577; x_wconf 83' lang='lat' dir='ltr'><strong>hymni</strong></span> 
     </span>
    </p>
   </div>
   <div class='ocr_carea' id='block_1_27' title="bbox 486 2596 2075 2675">
    <p class='ocr_par' dir='ltr' id='par_1_27' title="bbox 486 2596 2075 2675">
     <span class='ocr_line' id='line_1_27' title="bbox 486 2596 2075 2675; baseline -0.006 -17"><span class='ocrx_word' id='word_1_186' title='bbox 486 2620 702 2660; x_wconf 75' lang='lat' dir='ltr'><strong>versum</strong></span> <span class='ocrx_word' id='word_1_187' title='bbox 754 2602 946 2675; x_wconf 80' lang='lat' dir='ltr'><strong>singuli</strong></span> <span class='ocrx_word' id='word_1_188' title='bbox 1000 2601 1199 2656; x_wconf 80' lang='lat' dir='ltr'><strong>fratres</strong></span> <span class='ocrx_word' id='word_1_189' title='bbox 1242 2600 1457 2655; x_wconf 84' lang='lat' dir='ltr'><strong>veniam</strong></span> <span class='ocrx_word' id='word_1_190' title='bbox 1514 2606 1760 2669; x_wconf 84' lang='lat' dir='ltr'><strong>petentes</strong></span> <span class='ocrx_word' id='word_1_191' title='bbox 1809 2596 2075 2666; x_wconf 74' lang='lat' dir='ltr'><strong>incipiunt</strong></span> 
     </span>
    </p>
   </div>
   <div class='ocr_carea' id='block_1_28' title="bbox 487 2689 2076 2759">
    <p class='ocr_par' dir='ltr' id='par_1_28' title="bbox 487 2689 2076 2759">
     <span class='ocr_line' id='line_1_28' title="bbox 487 2689 2076 2759; baseline -0.005 -12"><span class='ocrx_word' id='word_1_192' title='bbox 487 2711 608 2749; x_wconf 85' lang='lat' dir='ltr'><strong>eum</strong></span> <span class='ocrx_word' id='word_1_193' title='bbox 634 2692 886 2748; x_wconf 87' lang='lat' dir='ltr'><strong>osculari.</strong></span> <span class='ocrx_word' id='word_1_194' title='bbox 914 2691 1029 2759; x_wconf 86' lang='lat' dir='ltr'><strong>Quo</strong></span> <span class='ocrx_word' id='word_1_195' title='bbox 1060 2690 1203 2747; x_wconf 86' lang='lat' dir='ltr'><strong>facto</strong></span> <span class='ocrx_word' id='word_1_196' title='bbox 1227 2691 1404 2746; x_wconf 84' lang='lat' dir='ltr'><strong>cuncti</strong></span> <span class='ocrx_word' id='word_1_197' title='bbox 1429 2703 1554 2745; x_wconf 91' lang='lat' dir='ltr'><strong>cum</strong></span> <span class='ocrx_word' id='word_1_198' title='bbox 1580 2689 1697 2759; x_wconf 89' lang='lat' dir='ltr'><strong>ipso</strong></span> <span class='ocrx_word' id='word_1_199' title='bbox 1726 2696 2076 2744; x_wconf 86' lang='lat' dir='ltr'><strong>revertuntur</strong></span> 
     </span>
    </p>
   </div>
   <div class='ocr_carea' id='block_1_29' title="bbox 488 2773 2076 2853">
    <p class='ocr_par' dir='ltr' id='par_1_29' title="bbox 488 2773 2076 2853">
     <span class='ocr_line' id='line_1_29' title="bbox 488 2773 2076 2853; baseline -0.006 -16"><span class='ocrx_word' id='word_1_200' title='bbox 488 2782 554 2837; x_wconf 70' lang='lat' dir='ltr'><strong>aii</strong></span> <span class='ocrx_word' id='word_1_201' title='bbox 600 2781 923 2853; x_wconf 88' lang='lat' dir='ltr'><strong>capitulum,</strong></span> <span class='ocrx_word' id='word_1_202' title='bbox 976 2793 1274 2849; x_wconf 83' lang='lat' dir='ltr'><strong>omnesque</strong></span> <span class='ocrx_word' id='word_1_203' title='bbox 1331 2775 1706 2833; x_wconf 88' lang='lat' dir='ltr'><strong>obedientiarii</strong></span> <span class='ocrx_word' id='word_1_204' title='bbox 1761 2773 2076 2831; x_wconf 88' lang='lat' dir='ltr'><strong>monasterii</strong></span> 
     </span>
    </p>
   </div>
   <div class='ocr_carea' id='block_1_30' title="bbox 486 2865 2077 2946">
    <p class='ocr_par' dir='ltr' id='par_1_30' title="bbox 486 2865 2077 2946">
     <span class='ocr_line' id='line_1_30' title="bbox 486 2865 2077 2946; baseline -0.008 -17"><span class='ocrx_word' id='word_1_205' title='bbox 486 2883 695 2946; x_wconf 85' lang='lat' dir='ltr'><strong>ponunt</strong></span> <span class='ocrx_word' id='word_1_206' title='bbox 723 2872 902 2928; x_wconf 85' lang='lat' dir='ltr'><strong>claves</strong></span> <span class='ocrx_word' id='word_1_207' title='bbox 929 2887 1056 2927; x_wconf 91' lang='lat' dir='ltr'><strong>suas</strong></span> <span class='ocrx_word' id='word_1_208' title='bbox 1099 2871 1164 2925; x_wconf 89' lang='lat' dir='ltr'><strong>ad</strong></span> <span class='ocrx_word' id='word_1_209' title='bbox 1204 2869 1367 2940; x_wconf 90' lang='lat' dir='ltr'><strong>pedes</strong></span> <span class='ocrx_word' id='word_1_210' title='bbox 1415 2865 1556 2935; x_wconf 82' lang='lat' dir='ltr'><strong>ejus,</strong></span> <span class='ocrx_word' id='word_1_211' title='bbox 1585 2877 1639 2921; x_wconf 88' lang='lat' dir='ltr'><strong>et</strong></span> <span class='ocrx_word' id='word_1_212' title='bbox 1686 2866 1798 2936; x_wconf 88' lang='lat' dir='ltr'><strong>ipse</strong></span> <span class='ocrx_word' id='word_1_213' title='bbox 1830 2865 2077 2935; x_wconf 71' lang='lat' dir='ltr'><strong>praecipit</strong></span> 
     </span>
    </p>
   </div>
   <div class='ocr_carea' id='block_1_31' title="bbox 488 2957 2078 3031">
    <p class='ocr_par' dir='ltr' id='par_1_31' title="bbox 488 2957 2078 3031">
     <span class='ocr_line' id='line_1_31' title="bbox 488 2957 2078 3031; baseline -0.007 -12"><span class='ocrx_word' id='word_1_214' title='bbox 488 2963 714 3028; x_wconf 87' lang='lat' dir='ltr'><strong>eisdem,</strong></span> <span class='ocrx_word' id='word_1_215' title='bbox 745 2970 804 3017; x_wconf 86' lang='lat' dir='ltr'><strong>ut</strong></span> <span class='ocrx_word' id='word_1_216' title='bbox 826 2961 1088 3031; x_wconf 82' lang='lat' dir='ltr'><strong>recipiant</strong></span> <span class='ocrx_word' id='word_1_217' title='bbox 1116 2974 1228 3015; x_wconf 89' lang='lat' dir='ltr'><strong>cas.</strong></span> <span class='ocrx_word' id='word_1_218' title='bbox 1254 2958 1449 3013; x_wconf 84' lang='lat' dir='ltr'><strong>Postea</strong></span> <span class='ocrx_word' id='word_1_219' title='bbox 1465 2972 1586 3012; x_wconf 87' lang='lat' dir='ltr'><strong>cum</strong></span> <span class='ocrx_word' id='word_1_220' title='bbox 1611 2957 1857 3026; x_wconf 78' lang='lat' dir='ltr'><strong>proxime</strong></span> <span class='ocrx_word' id='word_1_221' title='bbox 1884 2970 2078 3025; x_wconf 87' lang='lat' dir='ltr'><strong>oppor-</strong></span> 
     </span>
    </p>
   </div>
   <div class='ocr_carea' id='block_1_32' title="bbox 493 3047 2073 3119">
    <p class='ocr_par' dir='ltr' id='par_1_32' title="bbox 493 3047 2073 3119">
     <span class='ocr_line' id='line_1_32' title="bbox 493 3047 2073 3119; baseline -0.006 -11"><span class='ocrx_word' id='word_1_222' title='bbox 493 3066 679 3108; x_wconf 82' lang='lat' dir='ltr'><strong>lttnttnt</strong></span> <span class='ocrx_word' id='word_1_223' title='bbox 718 3053 905 3117; x_wconf 88' lang='lat' dir='ltr'><strong>fuerit,</strong></span> <span class='ocrx_word' id='word_1_224' title='bbox 940 3052 1198 3104; x_wconf 88' lang='lat' dir='ltr'><strong>invitatur</strong></span> <span class='ocrx_word' id='word_1_225' title='bbox 1218 3051 1503 3119; x_wconf 87' lang='lat' dir='ltr'><strong>episcopus</strong></span> <span class='ocrx_word' id='word_1_226' title='bbox 1542 3049 1608 3101; x_wconf 87' lang='lat' dir='ltr'><strong>ad</strong></span> <span class='ocrx_word' id='word_1_227' title='bbox 1648 3047 2073 3103; x_wconf 88' lang='lat' dir='ltr'><strong>benedicendum</strong></span> 
     </span>
    </p>
   </div>
   <div class='ocr_carea' id='block_1_33' title="bbox 2166 487 3695 559">
    <p class='ocr_par' dir='ltr' id='par_1_33' title="bbox 2166 487 3695 559">
     <span class='ocr_line' id='line_1_33' title="bbox 2166 487 3695 559; baseline 0.001 -13"><span class='ocrx_word' id='word_1_228' title='bbox 2166 493 2292 546; x_wconf 89' lang='lat' dir='ltr'><strong>dum</strong></span> <span class='ocrx_word' id='word_1_229' title='bbox 2315 491 2653 547; x_wconf 76' lang='lat' dir='ltr'><strong>surrexerint</strong></span> <span class='ocrx_word' id='word_1_230' title='bbox 2675 491 2740 544; x_wconf 86' lang='lat' dir='ltr'><strong>ad</strong></span> <span class='ocrx_word' id='word_1_231' title='bbox 2756 489 2938 545; x_wconf 78' lang='lat' dir='ltr'><strong>Gloria</strong></span> <span class='ocrx_word' id='word_1_232' title='bbox 2960 487 3108 545; x_wconf 78' lang='lat' dir='ltr'><strong>Patri</strong></span> <span class='ocrx_word' id='word_1_233' title='bbox 3130 488 3457 559; x_wconf 79' lang='lat' dir='ltr'><strong>responsorii</strong></span> <span class='ocrx_word' id='word_1_234' title='bbox 3485 495 3695 548; x_wconf 79' lang='lat' dir='ltr'><strong>cantanti.</strong></span> 
     </span>
    </p>
   </div>
   <div class='ocr_carea' id='block_1_34' title="bbox 2166 579 3703 639">
    <p class='ocr_par' dir='ltr' id='par_1_34' title="bbox 2166 579 3703 639">
     <span class='ocr_line' id='line_1_34' title="bbox 2166 579 3703 639; baseline 0.001 -1"><span class='ocrx_word' id='word_1_235' title='bbox 2166 583 2318 638; x_wconf 87' lang='lat' dir='ltr'><strong>Tunc</strong></span> <span class='ocrx_word' id='word_1_236' title='bbox 2344 583 2559 639; x_wconf 87' lang='lat' dir='ltr'><strong>rediens</strong></span> <span class='ocrx_word' id='word_1_237' title='bbox 2593 590 2718 637; x_wconf 82' lang='lat' dir='ltr'><strong>ante</strong></span> <span class='ocrx_word' id='word_1_238' title='bbox 2745 583 2928 638; x_wconf 84' lang='lat' dir='ltr'><strong>sedem</strong></span> <span class='ocrx_word' id='word_1_239' title='bbox 2974 596 3129 637; x_wconf 84' lang='lat' dir='ltr'><strong>suam</strong></span> <span class='ocrx_word' id='word_1_240' title='bbox 3182 579 3314 635; x_wconf 83' lang='lat' dir='ltr'><strong>facit</strong></span> <span class='ocrx_word' id='word_1_241' title='bbox 3352 588 3476 635; x_wconf 83' lang='lat' dir='ltr'><strong>ante</strong></span> <span class='ocrx_word' id='word_1_242' title='bbox 3500 590 3549 637; x_wconf 88' lang='lat' dir='ltr'><strong>et</strong></span> <span class='ocrx_word' id='word_1_243' title='bbox 3590 593 3703 639; x_wconf 82' lang='lat' dir='ltr'><strong>retro</strong></span> 
     </span>
    </p>
   </div>
   <div class='ocr_carea' id='block_1_35' title="bbox 2167 671 3703 747">
    <p class='ocr_par' dir='ltr' id='par_1_35' title="bbox 2167 671 3703 747">
     <span class='ocr_line' id='line_1_35' title="bbox 2167 671 3703 747; baseline -0.003 -17"><span class='ocrx_word' id='word_1_244' title='bbox 2167 676 2306 731; x_wconf 78' lang='lat' dir='ltr'><strong>sicut</strong></span> <span class='ocrx_word' id='word_1_245' title='bbox 2333 685 2390 731; x_wconf 89' lang='lat' dir='ltr'><strong>et</strong></span> <span class='ocrx_word' id='word_1_246' title='bbox 2415 675 2585 747; x_wconf 86' lang='lat' dir='ltr'><strong>prius.</strong></span> <span class='ocrx_word' id='word_1_247' title='bbox 2619 673 2677 729; x_wconf 87' lang='lat' dir='ltr'><strong>ln</strong></span> <span class='ocrx_word' id='word_1_248' title='bbox 2714 674 2886 729; x_wconf 89' lang='lat' dir='ltr'><strong>tribus</strong></span> <span class='ocrx_word' id='word_1_249' title='bbox 2912 683 3092 728; x_wconf 86' lang='lat' dir='ltr'><strong>autem</strong></span> <span class='ocrx_word' id='word_1_250' title='bbox 3122 680 3249 727; x_wconf 83' lang='lat' dir='ltr'><strong>ante</strong></span> <span class='ocrx_word' id='word_1_251' title='bbox 3275 671 3480 726; x_wconf 69' lang='lat' dir='ltr'><strong>Pascha</strong></span> <span class='ocrx_word' id='word_1_252' title='bbox 3494 676 3703 732; x_wconf 78' lang='lat' dir='ltr'><strong>noctibus</strong></span> 
     </span>
    </p>
   </div>
   <div class='ocr_carea' id='block_1_36' title="bbox 2167 762 3698 837">
    <p class='ocr_par' dir='ltr' id='par_1_36' title="bbox 2167 762 3698 837">
     <span class='ocr_line' id='line_1_36' title="bbox 2167 762 3698 837; baseline -0.001 -16"><span class='ocrx_word' id='word_1_253' title='bbox 2167 769 2234 823; x_wconf 89' lang='lat' dir='ltr'><strong>ad</strong></span> <span class='ocrx_word' id='word_1_254' title='bbox 2285 777 2498 823; x_wconf 78' lang='lat' dir='ltr'><strong>sextum</strong></span> <span class='ocrx_word' id='word_1_255' title='bbox 2553 769 2956 837; x_wconf 79' lang='lat' dir='ltr'><strong>responsorium</strong></span> <span class='ocrx_word' id='word_1_256' title='bbox 3003 766 3175 821; x_wconf 86' lang='lat' dir='ltr'><strong>etad</strong></span> <span class='ocrx_word' id='word_1_257' title='bbox 3227 779 3427 820; x_wconf 87' lang='lat' dir='ltr'><strong>nonam</strong></span> <span class='ocrx_word' id='word_1_258' title='bbox 3468 762 3698 829; x_wconf 82' lang='lat' dir='ltr'><strong>lectionem</strong></span> 
     </span>
    </p>
   </div>
   <div class='ocr_carea' id='block_1_37' title="bbox 2169 854 3705 930">
    <p class='ocr_par' dir='ltr' id='par_1_37' title="bbox 2169 854 3705 930">
     <span class='ocr_line' id='line_1_37' title="bbox 2169 854 3705 930; baseline -0.003 -18"><span class='ocrx_word' id='word_1_259' title='bbox 2169 867 2408 914; x_wconf 79' lang='lat' dir='ltr'><strong>notatur.</strong></span> <span class='ocrx_word' id='word_1_260' title='bbox 2436 857 2574 930; x_wconf 76' lang='grc' dir='ltr'><strong>(υυ.)</strong></span> <span class='ocrx_word' id='word_1_261' title='bbox 2608 856 2666 913; x_wconf 88' lang='lat' dir='ltr'><strong>Si</strong></span> <span class='ocrx_word' id='word_1_262' title='bbox 2710 856 2929 928; x_wconf 89' lang='lat' dir='ltr'><strong>quando</strong></span> <span class='ocrx_word' id='word_1_263' title='bbox 2952 855 3035 911; x_wconf 89' lang='lat' dir='ltr'><strong>vel</strong></span> <span class='ocrx_word' id='word_1_264' title='bbox 3065 855 3247 911; x_wconf 83' lang='lat' dir='ltr'><strong>omnia</strong></span> <span class='ocrx_word' id='word_1_265' title='bbox 3278 854 3364 911; x_wconf 82' lang='lat' dir='ltr'><strong>vel</strong></span> <span class='ocrx_word' id='word_1_266' title='bbox 3395 854 3616 925; x_wconf 70' lang='lat' dir='ltr'><strong>quaedam</strong></span> <span class='ocrx_word' id='word_1_267' title='bbox 3640 871 3705 908; x_wconf 74' lang='lat' dir='ltr'><strong>rc-</strong></span> 
     </span>
    </p>
   </div>
   <div class='ocr_carea' id='block_1_38' title="bbox 2168 948 3699 1021">
    <p class='ocr_par' dir='ltr' id='par_1_38' title="bbox 2168 948 3699 1021">
     <span class='ocr_line' id='line_1_38' title="bbox 2168 948 3699 1021; baseline -0.004 -14"><span class='ocrx_word' id='word_1_268' title='bbox 2168 949 2448 1020; x_wconf 82' lang='lat' dir='ltr'><strong>sponsoria</strong></span> <span class='ocrx_word' id='word_1_269' title='bbox 2478 958 2773 1006; x_wconf 76' lang='lat' dir='ltr'><strong>cantantnr</strong></span> <span class='ocrx_word' id='word_1_270' title='bbox 2816 950 2883 1003; x_wconf 86' lang='lat' dir='ltr'><strong>ad</strong></span> <span class='ocrx_word' id='word_1_271' title='bbox 2932 950 3153 1021; x_wconf 69' lang='lat' dir='ltr'><strong>gradus,</strong></span> <span class='ocrx_word' id='word_1_272' title='bbox 3199 948 3343 1018; x_wconf 87' lang='lat' dir='ltr'><strong>quod</strong></span> <span class='ocrx_word' id='word_1_273' title='bbox 3396 949 3506 1018; x_wconf 84' lang='lat' dir='ltr'><strong>ipse</strong></span> <span class='ocrx_word' id='word_1_274' title='bbox 3540 958 3699 1013; x_wconf 71' lang='lat' dir='ltr'><strong>canta,</strong></span> 
     </span>
    </p>
   </div>
   <div class='ocr_carea' id='block_1_39' title="bbox 2168 1039 3702 1108">
    <p class='ocr_par' dir='ltr' id='par_1_39' title="bbox 2168 1039 3702 1108">
     <span class='ocr_line' id='line_1_39' title="bbox 2168 1039 3702 1108; baseline -0.001 -9"><span class='ocrx_word' id='word_1_275' title='bbox 2168 1052 2353 1100; x_wconf 87' lang='lat' dir='ltr'><strong>cantat</strong></span> <span class='ocrx_word' id='word_1_276' title='bbox 2392 1042 2446 1097; x_wconf 92' lang='lat' dir='ltr'><strong>in</strong></span> <span class='ocrx_word' id='word_1_277' title='bbox 2495 1056 2593 1098; x_wconf 87' lang='lat' dir='ltr'><strong>sua</strong></span> <span class='ocrx_word' id='word_1_278' title='bbox 2639 1043 2768 1099; x_wconf 82' lang='lat' dir='ltr'><strong>sede</strong></span> <span class='ocrx_word' id='word_1_279' title='bbox 2794 1056 2919 1098; x_wconf 79' lang='lat' dir='ltr'><strong>eum</strong></span> <span class='ocrx_word' id='word_1_280' title='bbox 2944 1040 3368 1097; x_wconf 85' lang='lat' dir='ltr'><strong>concentoribus</strong></span> <span class='ocrx_word' id='word_1_281' title='bbox 3416 1040 3543 1106; x_wconf 85' lang='lat' dir='ltr'><strong>suis,</strong></span> <span class='ocrx_word' id='word_1_282' title='bbox 3587 1039 3702 1108; x_wconf 72' lang='lat' dir='ltr'><strong>juxta</strong></span> 
     </span>
    </p>
   </div>
   <div class='ocr_carea' id='block_1_40' title="bbox 2169 1132 3705 1205">
    <p class='ocr_par' dir='ltr' id='par_1_40' title="bbox 2169 1132 3705 1205">
     <span class='ocr_line' id='line_1_40' title="bbox 2169 1132 3705 1205; baseline -0.001 -14"><span class='ocrx_word' id='word_1_283' title='bbox 2169 1150 2314 1201; x_wconf 77' lang='lat' dir='ltr'><strong>eum,</strong></span> <span class='ocrx_word' id='word_1_284' title='bbox 2342 1136 2383 1191; x_wconf 93' lang='lat' dir='ltr'><strong>si</strong></span> <span class='ocrx_word' id='word_1_285' title='bbox 2415 1134 2530 1190; x_wconf 74' lang='lat' dir='ltr'><strong>ﬁeri</strong></span> <span class='ocrx_word' id='word_1_286' title='bbox 2552 1142 2759 1205; x_wconf 69' lang='lat' dir='ltr'><strong>potest,</strong></span> <span class='ocrx_word' id='word_1_287' title='bbox 2786 1135 2868 1190; x_wconf 88' lang='lat' dir='ltr'><strong>sin</strong></span> <span class='ocrx_word' id='word_1_288' title='bbox 2895 1142 3097 1198; x_wconf 81' lang='lat' dir='ltr'><strong>autem,</strong></span> <span class='ocrx_word' id='word_1_289' title='bbox 3146 1143 3295 1188; x_wconf 83' lang='lat' dir='ltr'><strong>retro</strong></span> <span class='ocrx_word' id='word_1_290' title='bbox 3316 1132 3589 1189; x_wconf 87' lang='lat' dir='ltr'><strong>stantibus.</strong></span> <span class='ocrx_word' id='word_1_291' title='bbox 3616 1136 3705 1202; x_wconf 76' lang='lat' dir='ltr'><strong>Qud</strong></span> 
     </span>
    </p>
   </div>
   <div class='ocr_carea' id='block_1_41' title="bbox 2169 1222 3702 1294">
    <p class='ocr_par' dir='ltr' id='par_1_41' title="bbox 2169 1222 3702 1294">
     <span class='ocr_line' id='line_1_41' title="bbox 2169 1222 3702 1294; baseline -0.003 -11"><span class='ocrx_word' id='word_1_292' title='bbox 2169 1241 2292 1283; x_wconf 91' lang='lat' dir='ltr'><strong>cum</strong></span> <span class='ocrx_word' id='word_1_293' title='bbox 2322 1225 2430 1281; x_wconf 82' lang='lat' dir='ltr'><strong>illis</strong></span> <span class='ocrx_word' id='word_1_294' title='bbox 2444 1222 2595 1279; x_wconf 86' lang='lat' dir='ltr'><strong>linito</strong></span> <span class='ocrx_word' id='word_1_295' title='bbox 2614 1224 2682 1279; x_wconf 85' lang='lat' dir='ltr'><strong>de</strong></span> <span class='ocrx_word' id='word_1_296' title='bbox 2711 1227 2837 1280; x_wconf 88' lang='lat' dir='ltr'><strong>sede</strong></span> <span class='ocrx_word' id='word_1_297' title='bbox 2856 1223 3131 1294; x_wconf 78' lang='lat' dir='ltr'><strong>paululum</strong></span> <span class='ocrx_word' id='word_1_298' title='bbox 3156 1225 3454 1293; x_wconf 83' lang='lat' dir='ltr'><strong>procedens</strong></span> <span class='ocrx_word' id='word_1_299' title='bbox 3474 1223 3590 1277; x_wconf 80' lang='lat' dir='ltr'><strong>facit</strong></span> <span class='ocrx_word' id='word_1_300' title='bbox 3609 1234 3702 1279; x_wconf 82' lang='lat' dir='ltr'><strong>ante</strong></span> 
     </span>
    </p>
   </div>
   <div class='ocr_carea' id='block_1_42' title="bbox 2168 1312 3701 1386">
    <p class='ocr_par' dir='ltr' id='par_1_42' title="bbox 2168 1312 3701 1386">
     <span class='ocr_line' id='line_1_42' title="bbox 2168 1312 3701 1386; baseline -0.002 -15"><span class='ocrx_word' id='word_1_301' title='bbox 2168 1327 2223 1372; x_wconf 89' lang='lat' dir='ltr'><strong>et</strong></span> <span class='ocrx_word' id='word_1_302' title='bbox 2251 1328 2414 1373; x_wconf 88' lang='lat' dir='ltr'><strong>retro.</strong></span> <span class='ocrx_word' id='word_1_303' title='bbox 2444 1317 2550 1374; x_wconf 89' lang='lat' dir='ltr'><strong>Sed</strong></span> <span class='ocrx_word' id='word_1_304' title='bbox 2582 1327 2636 1373; x_wconf 90' lang='lat' dir='ltr'><strong>et</strong></span> <span class='ocrx_word' id='word_1_305' title='bbox 2662 1325 2853 1379; x_wconf 87' lang='lat' dir='ltr'><strong>cantor</strong></span> <span class='ocrx_word' id='word_1_306' title='bbox 2880 1316 3030 1386; x_wconf 90' lang='lat' dir='ltr'><strong>prius</strong></span> <span class='ocrx_word' id='word_1_307' title='bbox 3058 1314 3126 1369; x_wconf 84' lang='lat' dir='ltr'><strong>ad</strong></span> <span class='ocrx_word' id='word_1_308' title='bbox 3171 1329 3295 1369; x_wconf 87' lang='lat' dir='ltr'><strong>eum</strong></span> <span class='ocrx_word' id='word_1_309' title='bbox 3322 1312 3487 1379; x_wconf 88' lang='lat' dir='ltr'><strong>venit,</strong></span> <span class='ocrx_word' id='word_1_310' title='bbox 3509 1328 3701 1384; x_wconf 83' lang='lat' dir='ltr'><strong>pronun-</strong></span> 
     </span>
    </p>
   </div>
   <div class='ocr_carea' id='block_1_43' title="bbox 2172 1403 3703 1479">
    <p class='ocr_par' dir='ltr' id='par_1_43' title="bbox 2172 1403 3703 1479">
     <span class='ocr_line' id='line_1_43' title="bbox 2172 1403 3703 1479; baseline -0.003 -17"><span class='ocrx_word' id='word_1_311' title='bbox 2172 1408 2334 1473; x_wconf 89' lang='lat' dir='ltr'><strong>tians,</strong></span> <span class='ocrx_word' id='word_1_312' title='bbox 2362 1408 2407 1465; x_wconf 90' lang='lat' dir='ltr'><strong>si</strong></span> <span class='ocrx_word' id='word_1_313' title='bbox 2436 1424 2556 1479; x_wconf 75' lang='lat' dir='ltr'><strong>qua:</strong></span> <span class='ocrx_word' id='word_1_314' title='bbox 2582 1407 2873 1477; x_wconf 87' lang='lat' dir='ltr'><strong>antipbona</strong></span> <span class='ocrx_word' id='word_1_315' title='bbox 2913 1415 2999 1461; x_wconf 89' lang='lat' dir='ltr'><strong>est</strong></span> <span class='ocrx_word' id='word_1_316' title='bbox 3041 1406 3110 1460; x_wconf 89' lang='lat' dir='ltr'><strong>ab</strong></span> <span class='ocrx_word' id='word_1_317' title='bbox 3138 1403 3259 1475; x_wconf 88' lang='lat' dir='ltr'><strong>ipso</strong></span> <span class='ocrx_word' id='word_1_318' title='bbox 3289 1404 3612 1473; x_wconf 83' lang='lat' dir='ltr'><strong>imponenda.</strong></span> <span class='ocrx_word' id='word_1_319' title='bbox 3643 1404 3703 1457; x_wconf 83' lang='lat' dir='ltr'><strong>vel</strong></span> 
     </span>
    </p>
   </div>
   <div class='ocr_carea' id='block_1_44' title="bbox 2173 1496 3707 1573">
    <p class='ocr_par' dir='ltr' id='par_1_44' title="bbox 2173 1496 3707 1573">
     <span class='ocr_line' id='line_1_44' title="bbox 2173 1496 3707 1573; baseline -0.003 -17"><span class='ocrx_word' id='word_1_320' title='bbox 2173 1501 2574 1573; x_wconf 89' lang='lat' dir='ltr'><strong>responsorium</strong></span> <span class='ocrx_word' id='word_1_321' title='bbox 2605 1499 2953 1555; x_wconf 88' lang='lat' dir='ltr'><strong>cantandum.</strong></span> <span class='ocrx_word' id='word_1_322' title='bbox 2984 1499 3001 1518; x_wconf 79' lang='lat'><strong><em>‘</em></strong></span> <span class='ocrx_word' id='word_1_323' title='bbox 3039 1497 3192 1565; x_wconf 82' lang='lat' dir='ltr'><strong>Quod</strong></span> <span class='ocrx_word' id='word_1_324' title='bbox 3218 1497 3263 1551; x_wconf 83' lang='lat' dir='ltr'><strong>si</strong></span> <span class='ocrx_word' id='word_1_325' title='bbox 3288 1496 3404 1567; x_wconf 88' lang='lat' dir='ltr'><strong>ipse</strong></span> <span class='ocrx_word' id='word_1_326' title='bbox 3429 1503 3626 1551; x_wconf 80' lang='lat' dir='ltr'><strong>cantare</strong></span> <span class='ocrx_word' id='word_1_327' title='bbox 3646 1496 3707 1551; x_wconf 76' lang='lat' dir='ltr'><strong>vel</strong></span> 
     </span>
    </p>
   </div>
   <div class='ocr_carea' id='block_1_45' title="bbox 2172 1588 3709 1664">
    <p class='ocr_par' dir='ltr' id='par_1_45' title="bbox 2172 1588 3709 1664">
     <span class='ocr_line' id='line_1_45' title="bbox 2172 1588 3709 1664; baseline -0.002 -17"><span class='ocrx_word' id='word_1_328' title='bbox 2172 1593 2520 1664; x_wconf 86' lang='lat' dir='ltr'><strong>antipbonam</strong></span> <span class='ocrx_word' id='word_1_329' title='bbox 2575 1592 2854 1664; x_wconf 89' lang='lat' dir='ltr'><strong>lmponere</strong></span> <span class='ocrx_word' id='word_1_330' title='bbox 2902 1589 3155 1654; x_wconf 90' lang='lat' dir='ltr'><strong>noluerit,</strong></span> <span class='ocrx_word' id='word_1_331' title='bbox 3190 1588 3274 1643; x_wconf 83' lang='lat' dir='ltr'><strong>vel</strong></span> <span class='ocrx_word' id='word_1_332' title='bbox 3320 1589 3484 1643; x_wconf 87' lang='lat' dir='ltr'><strong>etiant</strong></span> <span class='ocrx_word' id='word_1_333' title='bbox 3517 1604 3709 1658; x_wconf 69' lang='lat' dir='ltr'><strong>praesens</strong></span> 
     </span>
    </p>
   </div>
   <div class='ocr_carea' id='block_1_46' title="bbox 2172 1681 3705 1760">
    <p class='ocr_par' dir='ltr' id='par_1_46' title="bbox 2172 1681 3705 1760">
     <span class='ocr_line' id='line_1_46' title="bbox 2172 1681 3705 1760; baseline -0.001 -21"><span class='ocrx_word' id='word_1_334' title='bbox 2172 1702 2279 1741; x_wconf 90' lang='lat' dir='ltr'><strong>non</strong></span> <span class='ocrx_word' id='word_1_335' title='bbox 2310 1685 2490 1750; x_wconf 80' lang='lat' dir='ltr'><strong>fuerit.</strong></span> <span class='ocrx_word' id='word_1_336' title='bbox 2524 1686 2671 1743; x_wconf 75' lang='lat' dir='ltr'><strong>idem</strong></span> <span class='ocrx_word' id='word_1_337' title='bbox 2691 1695 2884 1760; x_wconf 81' lang='lat' dir='ltr'><strong>cantor</strong></span> <span class='ocrx_word' id='word_1_338' title='bbox 2914 1685 3087 1740; x_wconf 79' lang='lat' dir='ltr'><strong>vicem</strong></span> <span class='ocrx_word' id='word_1_339' title='bbox 3115 1682 3231 1751; x_wconf 69' lang='lat' dir='ltr'><strong>eius</strong></span> <span class='ocrx_word' id='word_1_340' title='bbox 3256 1683 3309 1738; x_wconf 89' lang='lat' dir='ltr'><strong>in</strong></span> <span class='ocrx_word' id='word_1_341' title='bbox 3345 1681 3449 1737; x_wconf 83' lang='lat' dir='ltr'><strong>hoc</strong></span> <span class='ocrx_word' id='word_1_342' title='bbox 3475 1683 3590 1751; x_wconf 78' lang='lat' dir='ltr'><strong>agit.</strong></span> <span class='ocrx_word' id='word_1_343' title='bbox 3620 1682 3705 1752; x_wconf 80' lang='lat' dir='ltr'><strong>Ipse</strong></span> 
     </span>
    </p>
   </div>
   <div class='ocr_carea' id='block_1_47' title="bbox 2171 1772 3707 1839">
    <p class='ocr_par' dir='ltr' id='par_1_47' title="bbox 2171 1772 3707 1839">
     <span class='ocr_line' id='line_1_47' title="bbox 2171 1772 3707 1839; baseline -0.003 -9"><span class='ocrx_word' id='word_1_344' title='bbox 2171 1777 2333 1831; x_wconf 79' lang='lat' dir='ltr'><strong>etiam</strong></span> <span class='ocrx_word' id='word_1_345' title='bbox 2362 1791 2529 1831; x_wconf 85' lang='lat' dir='ltr'><strong>causa</strong></span> <span class='ocrx_word' id='word_1_346' title='bbox 2552 1776 2810 1832; x_wconf 80' lang='lat' dir='ltr'><strong>monendi</strong></span> <span class='ocrx_word' id='word_1_347' title='bbox 2836 1777 2902 1830; x_wconf 90' lang='lat' dir='ltr'><strong>ad</strong></span> <span class='ocrx_word' id='word_1_348' title='bbox 2932 1792 3054 1832; x_wconf 86' lang='lat' dir='ltr'><strong>eum</strong></span> <span class='ocrx_word' id='word_1_349' title='bbox 3080 1774 3313 1839; x_wconf 74' lang='lat' dir='ltr'><strong>accedit,</strong></span> <span class='ocrx_word' id='word_1_350' title='bbox 3326 1773 3376 1828; x_wconf 84' lang='lat' dir='ltr'><strong>si</strong></span> <span class='ocrx_word' id='word_1_351' title='bbox 3394 1774 3460 1827; x_wconf 86' lang='lat' dir='ltr'><strong>ad</strong></span> <span class='ocrx_word' id='word_1_352' title='bbox 3475 1772 3707 1828; x_wconf 79' lang='lat' dir='ltr'><strong>lectionem</strong></span> 
     </span>
    </p>
   </div>
   <div class='ocr_carea' id='block_1_48' title="bbox 2172 1868 3028 1939">
    <p class='ocr_par' dir='ltr' id='par_1_48' title="bbox 2172 1868 3028 1939">
     <span class='ocr_line' id='line_1_48' title="bbox 2172 1868 3028 1939; baseline -0.004 -15"><span class='ocrx_word' id='word_1_353' title='bbox 2172 1885 2294 1924; x_wconf 90' lang='lat' dir='ltr'><strong>eum</strong></span> <span class='ocrx_word' id='word_1_354' title='bbox 2333 1884 2439 1924; x_wconf 91' lang='lat' dir='ltr'><strong>non</strong></span> <span class='ocrx_word' id='word_1_355' title='bbox 2465 1868 2650 1924; x_wconf 87' lang='lat' dir='ltr'><strong>venire</strong></span> <span class='ocrx_word' id='word_1_356' title='bbox 2672 1868 3028 1939; x_wconf 70' lang='lat' dir='ltr'><strong>perspexerit.</strong></span> 
     </span>
    </p>
   </div>
   <div class='ocr_carea' id='block_1_49' title="bbox 2242 1954 3703 2034">
    <p class='ocr_par' dir='ltr' id='par_1_49' title="bbox 2242 1954 3703 2034">
     <span class='ocr_line' id='line_1_49' title="bbox 2242 1954 3703 2034; baseline -0.005 -18"><span class='ocrx_word' id='word_1_357' title='bbox 2242 1960 2323 2016; x_wconf 75' lang='lat' dir='ltr'><strong>Ad</strong></span> <span class='ocrx_word' id='word_1_358' title='bbox 2350 1962 2467 2032; x_wconf 84' lang='lat' dir='ltr'><strong>ejus</strong></span> <span class='ocrx_word' id='word_1_359' title='bbox 2492 1975 2679 2019; x_wconf 85' lang='lat' dir='ltr'><strong>curam</strong></span> <span class='ocrx_word' id='word_1_360' title='bbox 2703 1960 2921 2034; x_wconf 87' lang='lat' dir='ltr'><strong>proprie</strong></span> <span class='ocrx_word' id='word_1_361' title='bbox 2939 1959 3159 2031; x_wconf 79' lang='lat' dir='ltr'><strong>respicit</strong></span> <span class='ocrx_word' id='word_1_362' title='bbox 3180 1958 3462 2030; x_wconf 84' lang='lat' dir='ltr'><strong>hymnum,</strong></span> <span class='ocrx_word' id='word_1_363' title='bbox 3489 1954 3555 2010; x_wconf 82' lang='lat' dir='ltr'><strong>Te</strong></span> <span class='ocrx_word' id='word_1_364' title='bbox 3579 1955 3703 2010; x_wconf 69' lang='lat' dir='ltr'><strong>Deut</strong></span> 
     </span>
    </p>
   </div>
   <div class='ocr_carea' id='block_1_50' title="bbox 2174 2048 3703 2125">
    <p class='ocr_par' dir='ltr' id='par_1_50' title="bbox 2174 2048 3703 2125">
     <span class='ocr_line' id='line_1_50' title="bbox 2174 2048 3703 2125; baseline -0.003 -20"><span class='ocrx_word' id='word_1_365' title='bbox 2174 2052 2476 2116; x_wconf 77' lang='lat' dir='ltr'><strong>laudamus,</strong></span> <span class='ocrx_word' id='word_1_366' title='bbox 2507 2061 2599 2107; x_wconf 89' lang='lat' dir='ltr'><strong>aut</strong></span> <span class='ocrx_word' id='word_1_367' title='bbox 2622 2066 2717 2125; x_wconf 86' lang='lat' dir='ltr'><strong>per</strong></span> <span class='ocrx_word' id='word_1_368' title='bbox 2747 2068 2806 2107; x_wconf 87' lang='lat' dir='ltr'><strong>se</strong></span> <span class='ocrx_word' id='word_1_369' title='bbox 2839 2052 3076 2121; x_wconf 85' lang='lat' dir='ltr'><strong>incipere</strong></span> <span class='ocrx_word' id='word_1_370' title='bbox 3098 2058 3192 2105; x_wconf 91' lang='lat' dir='ltr'><strong>aut</strong></span> <span class='ocrx_word' id='word_1_371' title='bbox 3211 2048 3304 2105; x_wconf 87' lang='lat' dir='ltr'><strong>alii</strong></span> <span class='ocrx_word' id='word_1_372' title='bbox 3329 2048 3480 2120; x_wconf 74' lang='lat' dir='ltr'><strong>juxta</strong></span> <span class='ocrx_word' id='word_1_373' title='bbox 3508 2048 3703 2105; x_wconf 83' lang='lat' dir='ltr'><strong>sestanti</strong></span> 
     </span>
    </p>
   </div>
   <div class='ocr_carea' id='block_1_51' title="bbox 2175 2140 3707 2215">
    <p class='ocr_par' dir='ltr' id='par_1_51' title="bbox 2175 2140 3707 2215">
     <span class='ocr_line' id='line_1_51' title="bbox 2175 2140 3707 2215; baseline -0.004 -17"><span class='ocrx_word' id='word_1_374' title='bbox 2175 2143 2226 2199; x_wconf 88' lang='lat' dir='ltr'><strong>id</strong></span> <span class='ocrx_word' id='word_1_375' title='bbox 2256 2142 2563 2213; x_wconf 67' lang='lat' dir='ltr'><strong>injungere.</strong></span> <span class='ocrx_word' id='word_1_376' title='bbox 2611 2144 2749 2215; x_wconf 63' lang='lat' dir='ltr'><strong>tua.)</strong></span> <span class='ocrx_word' id='word_1_377' title='bbox 2790 2142 2943 2212; x_wconf 78' lang='lat' dir='ltr'><strong>Quod</strong></span> <span class='ocrx_word' id='word_1_378' title='bbox 2976 2142 3023 2198; x_wconf 79' lang='lat' dir='ltr'><strong>si</strong></span> <span class='ocrx_word' id='word_1_379' title='bbox 3060 2140 3380 2212; x_wconf 80' lang='lat' dir='ltr'><strong>neglexerit,</strong></span> <span class='ocrx_word' id='word_1_380' title='bbox 3430 2149 3547 2195; x_wconf 89' lang='lat' dir='ltr'><strong>tunc</strong></span> <span class='ocrx_word' id='word_1_381' title='bbox 3592 2140 3707 2210; x_wconf 85' lang='lat' dir='ltr'><strong>prior</strong></span> 
     </span>
    </p>
   </div>
   <div class='ocr_carea' id='block_1_52' title="bbox 2177 2231 3706 2306">
    <p class='ocr_par' dir='ltr' id='par_1_52' title="bbox 2177 2231 3706 2306">
     <span class='ocr_line' id='line_1_52' title="bbox 2177 2231 3706 2306; baseline -0.002 -17"><span class='ocrx_word' id='word_1_382' title='bbox 2177 2235 2382 2306; x_wconf 90' lang='lat' dir='ltr'><strong>incipit.</strong></span> <span class='ocrx_word' id='word_1_383' title='bbox 2416 2235 2497 2289; x_wconf 84' lang='lat' dir='ltr'><strong>Ad</strong></span> <span class='ocrx_word' id='word_1_384' title='bbox 2530 2251 2653 2290; x_wconf 86' lang='lat' dir='ltr'><strong>eum</strong></span> <span class='ocrx_word' id='word_1_385' title='bbox 2686 2249 2899 2306; x_wconf 87' lang='lat' dir='ltr'><strong>quoque</strong></span> <span class='ocrx_word' id='word_1_386' title='bbox 2939 2234 3194 2305; x_wconf 88' lang='lat' dir='ltr'><strong>pertinet,</strong></span> <span class='ocrx_word' id='word_1_387' title='bbox 3242 2242 3305 2288; x_wconf 88' lang='lat' dir='ltr'><strong>ut</strong></span> <span class='ocrx_word' id='word_1_388' title='bbox 3349 2231 3487 2302; x_wconf 76' lang='lat' dir='ltr'><strong>legat</strong></span> <span class='ocrx_word' id='word_1_389' title='bbox 3521 2246 3706 2302; x_wconf 76' lang='lat' dir='ltr'><strong>evange-</strong></span> 
     </span>
    </p>
   </div>
   <div class='ocr_carea' id='block_1_53' title="bbox 2176 2324 3706 2398">
    <p class='ocr_par' dir='ltr' id='par_1_53' title="bbox 2176 2324 3706 2398">
     <span class='ocr_line' id='line_1_53' title="bbox 2176 2324 3706 2398; baseline -0.003 -17"><span class='ocrx_word' id='word_1_390' title='bbox 2176 2326 2330 2393; x_wconf 89' lang='lat' dir='ltr'><strong>lium,</strong></span> <span class='ocrx_word' id='word_1_391' title='bbox 2377 2327 2589 2396; x_wconf 86' lang='lat' dir='ltr'><strong>quoties</strong></span> <span class='ocrx_word' id='word_1_392' title='bbox 2624 2335 2744 2398; x_wconf 85' lang='lat' dir='ltr'><strong>post</strong></span> <span class='ocrx_word' id='word_1_393' title='bbox 2777 2337 3073 2383; x_wconf 82' lang='lat' dir='ltr'><strong>nocturnos</strong></span> <span class='ocrx_word' id='word_1_394' title='bbox 3103 2336 3187 2382; x_wconf 89' lang='lat' dir='ltr'><strong>est</strong></span> <span class='ocrx_word' id='word_1_395' title='bbox 3212 2324 3511 2396; x_wconf 75' lang='lat' dir='ltr'><strong>legendum,</strong></span> <span class='ocrx_word' id='word_1_396' title='bbox 3553 2328 3567 2345; x_wconf 86' lang='lat'>&#39;</span> <span class='ocrx_word' id='word_1_397' title='bbox 3603 2331 3706 2378; x_wconf 89' lang='lat' dir='ltr'><strong>etut</strong></span> 
     </span>
    </p>
   </div>
   <div class='ocr_carea' id='block_1_54' title="bbox 2179 2414 3706 2483">
    <p class='ocr_par' dir='ltr' id='par_1_54' title="bbox 2179 2414 3706 2483">
     <span class='ocr_line' id='line_1_54' title="bbox 2179 2414 3706 2483; baseline -0.004 -11"><span class='ocrx_word' id='word_1_398' title='bbox 2179 2425 2306 2472; x_wconf 77' lang='lat' dir='ltr'><strong>tunc</strong></span> <span class='ocrx_word' id='word_1_399' title='bbox 2341 2418 2392 2472; x_wconf 81' lang='lat' dir='ltr'><strong>in</strong></span> <span class='ocrx_word' id='word_1_400' title='bbox 2425 2419 2547 2472; x_wconf 85' lang='lat' dir='ltr'><strong>alba</strong></span> <span class='ocrx_word' id='word_1_401' title='bbox 2576 2418 2626 2473; x_wconf 92' lang='lat' dir='ltr'><strong>in</strong></span> <span class='ocrx_word' id='word_1_402' title='bbox 2654 2418 2823 2474; x_wconf 82' lang='lat' dir='ltr'><strong>choro</strong></span> <span class='ocrx_word' id='word_1_403' title='bbox 2852 2421 3061 2483; x_wconf 84' lang='lat' dir='ltr'><strong>sedeat,</strong></span> <span class='ocrx_word' id='word_1_404' title='bbox 3096 2417 3140 2471; x_wconf 90' lang='lat' dir='ltr'><strong>si</strong></span> <span class='ocrx_word' id='word_1_405' title='bbox 3174 2416 3299 2471; x_wconf 88' lang='lat' dir='ltr'><strong>talis</strong></span> <span class='ocrx_word' id='word_1_406' title='bbox 3341 2414 3591 2475; x_wconf 77' lang='lat' dir='ltr'><strong>festivitas</strong></span> <span class='ocrx_word' id='word_1_407' title='bbox 3626 2422 3706 2475; x_wconf 82' lang='lat' dir='ltr'><strong>est,</strong></span> 
     </span>
    </p>
   </div>
   <div class='ocr_carea' id='block_1_55' title="bbox 2176 2504 3706 2576">
    <p class='ocr_par' dir='ltr' id='par_1_55' title="bbox 2176 2504 3706 2576">
     <span class='ocr_line' id='line_1_55' title="bbox 2176 2504 3706 2576; baseline -0.004 -14"><span class='ocrx_word' id='word_1_408' title='bbox 2176 2519 2236 2563; x_wconf 90' lang='lat' dir='ltr'><strong>ttt</strong></span> <span class='ocrx_word' id='word_1_409' title='bbox 2261 2509 2452 2563; x_wconf 86' lang='lat' dir='ltr'><strong>altaria</strong></span> <span class='ocrx_word' id='word_1_410' title='bbox 2484 2509 2765 2563; x_wconf 72' lang='lat' dir='ltr'><strong>incensarc</strong></span> <span class='ocrx_word' id='word_1_411' title='bbox 2789 2510 3000 2563; x_wconf 83' lang='lat' dir='ltr'><strong>debeat.</strong></span> <span class='ocrx_word' id='word_1_412' title='bbox 3028 2507 3209 2575; x_wconf 84' lang='lat' dir='ltr'><strong>Tunc,</strong></span> <span class='ocrx_word' id='word_1_413' title='bbox 3245 2506 3484 2576; x_wconf 68' lang='lat' dir='ltr'><strong>intptant,</strong></span> <span class='ocrx_word' id='word_1_414' title='bbox 3513 2504 3637 2559; x_wconf 89' lang='lat' dir='ltr'><strong>solus</strong></span> <span class='ocrx_word' id='word_1_415' title='bbox 3666 2512 3706 2557; x_wconf 88' lang='lat' dir='ltr'><strong>et</strong></span> 
     </span>
    </p>
   </div>
   <div class='ocr_carea' id='block_1_56' title="bbox 2177 2596 3709 2666">
    <p class='ocr_par' dir='ltr' id='par_1_56' title="bbox 2177 2596 3709 2666">
     <span class='ocr_line' id='line_1_56' title="bbox 2177 2596 3709 2666; baseline -0.001 -15"><span class='ocrx_word' id='word_1_416' title='bbox 2177 2596 2295 2652; x_wconf 88' lang='lat' dir='ltr'><strong>alba</strong></span> <span class='ocrx_word' id='word_1_417' title='bbox 2320 2608 2527 2653; x_wconf 74' lang='lat' dir='ltr'><strong>tantum</strong></span> <span class='ocrx_word' id='word_1_418' title='bbox 2558 2598 2774 2653; x_wconf 90' lang='lat' dir='ltr'><strong>indutus</strong></span> <span class='ocrx_word' id='word_1_419' title='bbox 2803 2598 3064 2661; x_wconf 82' lang='lat' dir='ltr'><strong>incensat,</strong></span> <span class='ocrx_word' id='word_1_420' title='bbox 3090 2600 3135 2654; x_wconf 86' lang='lat' dir='ltr'><strong>si</strong></span> <span class='ocrx_word' id='word_1_421' title='bbox 3161 2598 3215 2652; x_wconf 93' lang='lat' dir='ltr'><strong>in</strong></span> <span class='ocrx_word' id='word_1_422' title='bbox 3251 2597 3342 2653; x_wconf 90' lang='lat' dir='ltr'><strong>tali</strong></span> <span class='ocrx_word' id='word_1_423' title='bbox 3368 2605 3450 2651; x_wconf 89' lang='lat' dir='ltr'><strong>est</strong></span> <span class='ocrx_word' id='word_1_424' title='bbox 3480 2596 3709 2666; x_wconf 84' lang='lat' dir='ltr'><strong>festo,qtto</strong></span> 
     </span>
    </p>
   </div>
   <div class='ocr_carea' id='block_1_57' title="bbox 2176 2687 3711 2760">
    <p class='ocr_par' dir='ltr' id='par_1_57' title="bbox 2176 2687 3711 2760">
     <span class='ocr_line' id='line_1_57' title="bbox 2176 2687 3711 2760; baseline -0.002 -16"><span class='ocrx_word' id='word_1_425' title='bbox 2176 2697 2236 2749; x_wconf 82' lang='lat' dir='ltr'><strong>ct</strong></span> <span class='ocrx_word' id='word_1_426' title='bbox 2256 2689 2323 2743; x_wconf 82' lang='lat' dir='ltr'><strong>ab</strong></span> <span class='ocrx_word' id='word_1_427' title='bbox 2345 2688 2458 2744; x_wconf 82' lang='lat' dir='ltr'><strong>alio</strong></span> <span class='ocrx_word' id='word_1_428' title='bbox 2486 2689 2766 2744; x_wconf 82' lang='lat' dir='ltr'><strong>sacerdote</strong></span> <span class='ocrx_word' id='word_1_429' title='bbox 2794 2687 2868 2742; x_wconf 90' lang='lat' dir='ltr'><strong>ita</strong></span> <span class='ocrx_word' id='word_1_430' title='bbox 2899 2689 3170 2744; x_wconf 88' lang='lat' dir='ltr'><strong>incensari</strong></span> <span class='ocrx_word' id='word_1_431' title='bbox 3194 2687 3412 2744; x_wconf 83' lang='lat' dir='ltr'><strong>debeat.</strong></span> <span class='ocrx_word' id='word_1_432' title='bbox 3437 2688 3562 2760; x_wconf 75' lang='grc' dir='ltr'>(ιιιι.)</span> <span class='ocrx_word' id='word_1_433' title='bbox 3591 2687 3711 2741; x_wconf 80' lang='lat' dir='ltr'><strong>Tunc</strong></span> 
     </span>
    </p>
   </div>
   <div class='ocr_carea' id='block_1_58' title="bbox 2174 2778 3707 2850">
    <p class='ocr_par' dir='ltr' id='par_1_58' title="bbox 2174 2778 3707 2850">
     <span class='ocr_line' id='line_1_58' title="bbox 2174 2778 3707 2850; baseline -0.004 -15"><span class='ocrx_word' id='word_1_434' title='bbox 2174 2779 2339 2835; x_wconf 89' lang='lat' dir='ltr'><strong>etiam</strong></span> <span class='ocrx_word' id='word_1_435' title='bbox 2370 2780 2437 2834; x_wconf 92' lang='lat' dir='ltr'><strong>ad</strong></span> <span class='ocrx_word' id='word_1_436' title='bbox 2468 2778 2648 2835; x_wconf 89' lang='lat' dir='ltr'><strong>sedem</strong></span> <span class='ocrx_word' id='word_1_437' title='bbox 2679 2793 2833 2833; x_wconf 85' lang='lat' dir='ltr'><strong>suam</strong></span> <span class='ocrx_word' id='word_1_438' title='bbox 2861 2778 3050 2849; x_wconf 89' lang='lat' dir='ltr'><strong>incipit</strong></span> <span class='ocrx_word' id='word_1_439' title='bbox 3076 2779 3427 2850; x_wconf 85' lang='lat' dir='ltr'><strong>antipbonam</strong></span> <span class='ocrx_word' id='word_1_440' title='bbox 3449 2793 3707 2848; x_wconf 67' lang='lat' dir='ltr'><strong>superenn-</strong></span> 
     </span>
    </p>
   </div>
   <div class='ocr_carea' id='block_1_59' title="bbox 2180 2868 3711 2940">
    <p class='ocr_par' dir='ltr' id='par_1_59' title="bbox 2180 2868 3711 2940">
     <span class='ocr_line' id='line_1_59' title="bbox 2180 2868 3711 2940; baseline -0.004 -14"><span class='ocrx_word' id='word_1_441' title='bbox 2180 2870 2342 2926; x_wconf 89' lang='lat' dir='ltr'><strong>ticum</strong></span> <span class='ocrx_word' id='word_1_442' title='bbox 2370 2869 2667 2940; x_wconf 75' lang='lat' dir='ltr'><strong>Evangelii,</strong></span> <span class='ocrx_word' id='word_1_443' title='bbox 2699 2884 2765 2925; x_wconf 86' lang='lat' dir='ltr'><strong>ae</strong></span> <span class='ocrx_word' id='word_1_444' title='bbox 2794 2877 2977 2940; x_wconf 83' lang='lat' dir='ltr'><strong>postea</strong></span> <span class='ocrx_word' id='word_1_445' title='bbox 3017 2870 3141 2924; x_wconf 83' lang='lat' dir='ltr'><strong>thus</strong></span> <span class='ocrx_word' id='word_1_446' title='bbox 3181 2868 3383 2925; x_wconf 80' lang='lat' dir='ltr'><strong>ibidem</strong></span> <span class='ocrx_word' id='word_1_447' title='bbox 3429 2868 3711 2938; x_wconf 57' lang='lat' dir='ltr'><strong>impunius</strong></span> 
     </span>
    </p>
   </div>
   <div class='ocr_carea' id='block_1_60' title="bbox 2177 2957 3713 3031">
    <p class='ocr_par' dir='ltr' id='par_1_60' title="bbox 2177 2957 3713 3031">
     <span class='ocr_line' id='line_1_60' title="bbox 2177 2957 3713 3031; baseline -0.007 -12"><span class='ocrx_word' id='word_1_448' title='bbox 2177 2964 2222 3019; x_wconf 81' lang='lat' dir='ltr'><strong>si</strong></span> <span class='ocrx_word' id='word_1_449' title='bbox 2267 2962 2373 3019; x_wconf 88' lang='lat' dir='ltr'><strong>tale</strong></span> <span class='ocrx_word' id='word_1_450' title='bbox 2422 2971 2504 3018; x_wconf 88' lang='lat' dir='ltr'><strong>est</strong></span> <span class='ocrx_word' id='word_1_451' title='bbox 2557 2963 2777 3027; x_wconf 74' lang='lat' dir='ltr'><strong>festum,</strong></span> <span class='ocrx_word' id='word_1_452' title='bbox 2816 2976 2924 3031; x_wconf 88' lang='lat' dir='ltr'><strong>quo</strong></span> <span class='ocrx_word' id='word_1_453' title='bbox 2971 2975 3136 3031; x_wconf 81' lang='lat' dir='ltr'><strong>cappa</strong></span> <span class='ocrx_word' id='word_1_454' title='bbox 3184 2961 3331 3016; x_wconf 86' lang='lat' dir='ltr'><strong>indui</strong></span> <span class='ocrx_word' id='word_1_455' title='bbox 3380 2960 3545 3027; x_wconf 81' lang='lat' dir='ltr'><strong>debet,</strong></span> <span class='ocrx_word' id='word_1_456' title='bbox 3602 2957 3713 3012; x_wconf 70' lang='lat' dir='ltr'><strong>inira</strong></span> 
     </span>
    </p>
   </div>
   <div class='ocr_carea' id='block_1_61' title="bbox 2176 3051 3711 3128">
    <p class='ocr_par' dir='ltr' id='par_1_61' title="bbox 2176 3051 3711 3128">
     <span class='ocr_line' id='line_1_61' title="bbox 2176 3051 3711 3128; baseline -0.007 -17"><span class='ocrx_word' id='word_1_457' title='bbox 2176 3056 2436 3128; x_wconf 81' lang='lat' dir='ltr'><strong>hymnum</strong></span> <span class='ocrx_word' id='word_1_458' title='bbox 2459 3055 2525 3109; x_wconf 92' lang='lat' dir='ltr'><strong>ad</strong></span> <span class='ocrx_word' id='word_1_459' title='bbox 2555 3069 2676 3110; x_wconf 88' lang='lat' dir='ltr'><strong>eam</strong></span> <span class='ocrx_word' id='word_1_460' title='bbox 2700 3051 3024 3108; x_wconf 88' lang='lat' dir='ltr'><strong>induemlam</strong></span> <span class='ocrx_word' id='word_1_461' title='bbox 3050 3052 3101 3106; x_wconf 91' lang='lat' dir='ltr'><strong>in</strong></span> <span class='ocrx_word' id='word_1_462' title='bbox 3127 3052 3441 3107; x_wconf 86' lang='lat' dir='ltr'><strong>vestiarium</strong></span> <span class='ocrx_word' id='word_1_463' title='bbox 3491 3051 3628 3111; x_wconf 86' lang='lat' dir='ltr'><strong>venit,</strong></span> <span class='ocrx_word' id='word_1_464' title='bbox 3666 3058 3711 3103; x_wconf 90' lang='lat' dir='ltr'><strong>et</strong></span> 
     </span>
    </p>
   </div>
   <div class='ocr_carea' id='block_1_62' title="bbox 490 3137 3712 3223">
    <p class='ocr_par' dir='ltr' id='par_1_62' title="bbox 490 3137 3712 3223">
     <span class='ocr_line' id='line_1_62' title="bbox 490 3137 3712 3223; baseline -0.002 -26"><span class='ocrx_word' id='word_1_465' title='bbox 490 3159 638 3207; x_wconf 68' lang='lat' dir='ltr'><strong>enim,</strong></span> <span class='ocrx_word' id='word_1_466' title='bbox 677 3151 732 3197; x_wconf 91' lang='lat' dir='ltr'><strong>et</strong></span> <span class='ocrx_word' id='word_1_467' title='bbox 764 3143 898 3213; x_wconf 86' lang='lat' dir='ltr'><strong>ipse,</strong></span> <span class='ocrx_word' id='word_1_468' title='bbox 944 3155 1050 3195; x_wconf 93' lang='lat' dir='ltr'><strong>non</strong></span> <span class='ocrx_word' id='word_1_469' title='bbox 1080 3140 1237 3204; x_wconf 88' lang='lat' dir='ltr'><strong>alius,</strong></span> <span class='ocrx_word' id='word_1_470' title='bbox 1271 3140 1435 3195; x_wconf 78' lang='lat' dir='ltr'><strong>donat</strong></span> <span class='ocrx_word' id='word_1_471' title='bbox 1478 3139 1526 3194; x_wconf 92' lang='lat' dir='ltr'><strong>ei</strong></span> <span class='ocrx_word' id='word_1_472' title='bbox 1558 3137 1883 3209; x_wconf 87' lang='lat' dir='ltr'><strong>pastoralem</strong></span> <span class='ocrx_word' id='word_1_473' title='bbox 1912 3139 2075 3192; x_wconf 86' lang='lat' dir='ltr'><strong>bacu-</strong></span> <span class='ocrx_word' id='word_1_474' title='bbox 2105 3164 2147 3223; x_wconf 68' lang='grc' dir='ltr'><strong><em>ε</em></strong></span> <span class='ocrx_word' id='word_1_475' title='bbox 2181 3146 2226 3201; x_wconf 83' lang='lat' dir='ltr'><strong>si</strong></span> <span class='ocrx_word' id='word_1_476' title='bbox 2248 3145 2600 3215; x_wconf 70' lang='lat' dir='ltr'><strong>amiphonam</strong></span> <span class='ocrx_word' id='word_1_477' title='bbox 2632 3157 2737 3197; x_wconf 84' lang='lat' dir='ltr'><strong>non</strong></span> <span class='ocrx_word' id='word_1_478' title='bbox 2764 3141 2877 3196; x_wconf 77' lang='lat' dir='ltr'><strong>vult</strong></span> <span class='ocrx_word' id='word_1_479' title='bbox 2907 3141 3171 3212; x_wconf 78' lang='lat' dir='ltr'><strong>incipere,</strong></span> <span class='ocrx_word' id='word_1_480' title='bbox 3204 3140 3405 3196; x_wconf 79' lang='lat' dir='ltr'><strong>ibidem</strong></span> <span class='ocrx_word' id='word_1_481' title='bbox 3444 3142 3555 3193; x_wconf 68' lang='lat' dir='ltr'><strong>unus</strong></span> <span class='ocrx_word' id='word_1_482' title='bbox 3577 3139 3712 3205; x_wconf 57' lang='lat' dir='ltr'><strong>impoo</strong></span> 
     </span>
    </p>
   </div>
   <div class='ocr_carea' id='block_1_63' title="bbox 494 3231 2074 3302">
    <p class='ocr_par' dir='ltr' id='par_1_63' title="bbox 494 3231 2074 3302">
     <span class='ocr_line' id='line_1_63' title="bbox 494 3231 2074 3302; baseline 0 -16"><span class='ocrx_word' id='word_1_483' title='bbox 494 3234 620 3289; x_wconf 75' lang='lat' dir='ltr'><strong>lunt.</strong></span> <span class='ocrx_word' id='word_1_484' title='bbox 656 3235 750 3289; x_wconf 90' lang='lat' dir='ltr'><strong>llis</strong></span> <span class='ocrx_word' id='word_1_485' title='bbox 777 3234 1013 3289; x_wconf 85' lang='lat' dir='ltr'><strong>breviter</strong></span> <span class='ocrx_word' id='word_1_486' title='bbox 1053 3232 1347 3302; x_wconf 71' lang='lat' dir='ltr'><strong>prazlibatis</strong></span> <span class='ocrx_word' id='word_1_487' title='bbox 1389 3231 1454 3286; x_wconf 88' lang='lat' dir='ltr'><strong>de</strong></span> <span class='ocrx_word' id='word_1_488' title='bbox 1481 3232 1743 3286; x_wconf 84' lang='lat' dir='ltr'><strong>electione</strong></span> <span class='ocrx_word' id='word_1_489' title='bbox 1768 3231 1947 3285; x_wconf 91' lang='lat' dir='ltr'><strong>domui</strong></span> <span class='ocrx_word' id='word_1_490' title='bbox 1981 3232 2074 3286; x_wconf 55' lang='lat' dir='ltr'><strong>ab.</strong></span> 
     </span>
    </p>
   </div>
   <div class='ocr_carea' id='block_1_64' title="bbox 494 3326 2077 3398">
    <p class='ocr_par' dir='ltr' id='par_1_64' title="bbox 494 3326 2077 3398">
     <span class='ocr_line' id='line_1_64' title="bbox 494 3326 2077 3398; baseline -0.001 -16"><span class='ocrx_word' id='word_1_491' title='bbox 494 3329 635 3382; x_wconf 88' lang='lat' dir='ltr'><strong>batis</strong></span> <span class='ocrx_word' id='word_1_492' title='bbox 662 3330 895 3392; x_wconf 85' lang='lat' dir='ltr'><strong>dicatur,</strong></span> <span class='ocrx_word' id='word_1_493' title='bbox 943 3328 1108 3398; x_wconf 88' lang='lat' dir='ltr'><strong>quod,</strong></span> <span class='ocrx_word' id='word_1_494' title='bbox 1144 3328 1259 3383; x_wconf 90' lang='lat' dir='ltr'><strong>sine</strong></span> <span class='ocrx_word' id='word_1_495' title='bbox 1301 3326 1564 3397; x_wconf 85' lang='lat' dir='ltr'><strong>personali</strong></span> <span class='ocrx_word' id='word_1_496' title='bbox 1614 3326 1948 3397; x_wconf 85' lang='lat' dir='ltr'><strong>acceptione,</strong></span> <span class='ocrx_word' id='word_1_497' title='bbox 1991 3341 2077 3396; x_wconf 82' lang='lat' dir='ltr'><strong>ge-</strong></span> 
     </span>
    </p>
   </div>
   <div class='ocr_carea' id='block_1_65' title="bbox 496 3416 2073 3488">
    <p class='ocr_par' dir='ltr' id='par_1_65' title="bbox 496 3416 2073 3488">
     <span class='ocr_line' id='line_1_65' title="bbox 496 3416 2073 3488; baseline -0.003 -16"><span class='ocrx_word' id='word_1_498' title='bbox 496 3418 749 3475; x_wconf 88' lang='lat' dir='ltr'><strong>neraliter</strong></span> <span class='ocrx_word' id='word_1_499' title='bbox 775 3420 1007 3488; x_wconf 86' lang='lat' dir='ltr'><strong>pertinet</strong></span> <span class='ocrx_word' id='word_1_500' title='bbox 1033 3420 1100 3473; x_wconf 90' lang='lat' dir='ltr'><strong>ad</strong></span> <span class='ocrx_word' id='word_1_501' title='bbox 1129 3420 1373 3474; x_wconf 86' lang='lat' dir='ltr'><strong>ordinem</strong></span> <span class='ocrx_word' id='word_1_502' title='bbox 1406 3427 1677 3485; x_wconf 82' lang='lat' dir='ltr'><strong>nostrum,</strong></span> <span class='ocrx_word' id='word_1_503' title='bbox 1710 3425 1765 3473; x_wconf 87' lang='lat' dir='ltr'><strong>et</strong></span> <span class='ocrx_word' id='word_1_504' title='bbox 1791 3416 1857 3471; x_wconf 89' lang='lat' dir='ltr'><strong>ad</strong></span> <span class='ocrx_word' id='word_1_505' title='bbox 1902 3416 2073 3482; x_wconf 82' lang='lat' dir='ltr'><strong>illum,</strong></span> 
     </span>
    </p>
   </div>
   <div class='ocr_carea' id='block_1_66' title="bbox 493 3508 1692 3582">
    <p class='ocr_par' dir='ltr' id='par_1_66' title="bbox 493 3508 1692 3582">
     <span class='ocr_line' id='line_1_66' title="bbox 493 3508 1692 3582; baseline 0.001 -20"><span class='ocrx_word' id='word_1_506' title='bbox 493 3510 802 3582; x_wconf 68' lang='lat' dir='ltr'><strong>quicunque</strong></span> <span class='ocrx_word' id='word_1_507' title='bbox 826 3509 1003 3566; x_wconf 75' lang='lat' dir='ltr'><strong>cilicio</strong></span> <span class='ocrx_word' id='word_1_508' title='bbox 1026 3511 1242 3566; x_wconf 91' lang='lat' dir='ltr'><strong>functus</strong></span> <span class='ocrx_word' id='word_1_509' title='bbox 1270 3508 1433 3565; x_wconf 89' lang='lat' dir='ltr'><strong>fuerit</strong></span> <span class='ocrx_word' id='word_1_510' title='bbox 1462 3508 1692 3565; x_wconf 83' lang='lat' dir='ltr'><strong>abbatis.</strong></span> 
     </span>
    </p>
   </div>
   <div class='ocr_carea' id='block_1_67' title="bbox 1124 3600 1453 3658">
    <p class='ocr_par' dir='ltr' id='par_1_67' title="bbox 1124 3600 1453 3658">
     <span class='ocr_line' id='line_1_67' title="bbox 1124 3600 1453 3658; baseline -0.012 0"><span class='ocrx_word' id='word_1_511' title='bbox 1124 3600 1350 3658; x_wconf 81' lang='lat' dir='ltr'><strong>CAPUT</strong></span> <span class='ocrx_word' id='word_1_512' title='bbox 1389 3600 1453 3654; x_wconf 90' lang='grc'><strong>11.</strong></span> 
     </span>
    </p>
   </div>
   <div class='ocr_carea' id='block_1_68' title="bbox 781 3692 1792 3765">
    <p class='ocr_par' dir='ltr' id='par_1_68' title="bbox 781 3692 1792 3765">
     <span class='ocr_line' id='line_1_68' title="bbox 781 3692 1792 3765; baseline -0.001 -17"><span class='ocrx_word' id='word_1_513' title='bbox 781 3694 856 3750; x_wconf 77' lang='lat' dir='ltr'><strong>De</strong></span> <span class='ocrx_word' id='word_1_514' title='bbox 890 3693 1119 3765; x_wconf 67' lang='lat' dir='ltr'><strong>generali</strong></span> <span class='ocrx_word' id='word_1_515' title='bbox 1153 3693 1316 3763; x_wconf 74' lang='lat' dir='ltr'><strong>oﬂicio</strong></span> <span class='ocrx_word' id='word_1_516' title='bbox 1347 3692 1521 3747; x_wconf 83' lang='lat' dir='ltr'><strong>domui</strong></span> <span class='ocrx_word' id='word_1_517' title='bbox 1566 3692 1792 3747; x_wconf 74' lang='lat' dir='ltr'><strong>abbatis.</strong></span> 
     </span>
    </p>
   </div>
   <div class='ocr_carea' id='block_1_69' title="bbox 566 3781 2075 3856">
    <p class='ocr_par' dir='ltr' id='par_1_69' title="bbox 566 3781 2075 3856">
     <span class='ocr_line' id='line_1_69' title="bbox 566 3781 2075 3856; baseline -0.003 -13"><span class='ocrx_word' id='word_1_518' title='bbox 566 3785 703 3856; x_wconf 75' lang='grc' dir='ltr'>(ιω.)</span> <span class='ocrx_word' id='word_1_519' title='bbox 744 3784 951 3839; x_wconf 89' lang='lat' dir='ltr'><strong>Domno</strong></span> <span class='ocrx_word' id='word_1_520' title='bbox 979 3783 1160 3839; x_wconf 77' lang='lat' dir='ltr'><strong>abbati</strong></span> <span class='ocrx_word' id='word_1_521' title='bbox 1193 3797 1246 3838; x_wconf 91' lang='lat' dir='ltr'><strong>Ill</strong></span> <span class='ocrx_word' id='word_1_522' title='bbox 1286 3784 1432 3839; x_wconf 90' lang='lat' dir='ltr'><strong>omni</strong></span> <span class='ocrx_word' id='word_1_523' title='bbox 1464 3783 1579 3837; x_wconf 91' lang='lat' dir='ltr'><strong>loco</strong></span> <span class='ocrx_word' id='word_1_524' title='bbox 1604 3784 1686 3853; x_wconf 91' lang='lat' dir='ltr'><strong>(ut</strong></span> <span class='ocrx_word' id='word_1_525' title='bbox 1720 3781 1942 3853; x_wconf 77' lang='lat' dir='ltr'><strong>dignum</strong></span> <span class='ocrx_word' id='word_1_526' title='bbox 1970 3782 2075 3853; x_wconf 89' lang='lat' dir='ltr'><strong>est)</strong></span> 
     </span>
    </p>
   </div>
   <div class='ocr_carea' id='block_1_70' title="bbox 498 3870 2075 3944">
    <p class='ocr_par' dir='ltr' id='par_1_70' title="bbox 498 3870 2075 3944">
     <span class='ocr_line' id='line_1_70' title="bbox 498 3870 2075 3944; baseline -0.003 -14"><span class='ocrx_word' id='word_1_527' title='bbox 498 3874 789 3944; x_wconf 79' lang='lat' dir='ltr'><strong>singularis</strong></span> <span class='ocrx_word' id='word_1_528' title='bbox 831 3873 1129 3929; x_wconf 82' lang='lat' dir='ltr'><strong>reverentia</strong></span> <span class='ocrx_word' id='word_1_529' title='bbox 1170 3872 1429 3928; x_wconf 83' lang='lat' dir='ltr'><strong>defertur.</strong></span> <span class='ocrx_word' id='word_1_530' title='bbox 1457 3875 1472 3892; x_wconf 82' lang='grc'>⁶</span> <span class='ocrx_word' id='word_1_531' title='bbox 1502 3871 1743 3925; x_wconf 85' lang='lat' dir='ltr'><strong>Primum</strong></span> <span class='ocrx_word' id='word_1_532' title='bbox 1768 3872 1819 3925; x_wconf 93' lang='lat' dir='ltr'><strong>in</strong></span> <span class='ocrx_word' id='word_1_533' title='bbox 1849 3870 2075 3927; x_wconf 87' lang='lat' dir='ltr'><strong>ecclesia</strong></span> 
     </span>
    </p>
   </div>
   <div class='ocr_carea' id='block_1_71' title="bbox 505 3960 2073 4035">
    <p class='ocr_par' dir='ltr' id='par_1_71' title="bbox 505 3960 2073 4035">
     <span class='ocr_line' id='line_1_71' title="bbox 505 3960 2073 4035; baseline -0.001 -17"><span class='ocrx_word' id='word_1_534' title='bbox 505 3966 742 4035; x_wconf 81' lang='lat' dir='ltr'><strong>quandiu</strong></span> <span class='ocrx_word' id='word_1_535' title='bbox 779 3965 929 4022; x_wconf 91' lang='lat' dir='ltr'><strong>scilla</strong></span> <span class='ocrx_word' id='word_1_536' title='bbox 968 3965 1211 4035; x_wconf 84' lang='lat' dir='ltr'><strong>pulsatur</strong></span> <span class='ocrx_word' id='word_1_537' title='bbox 1238 3972 1364 4019; x_wconf 89' lang='lat' dir='ltr'><strong>ante</strong></span> <span class='ocrx_word' id='word_1_538' title='bbox 1388 3973 1701 4027; x_wconf 90' lang='lat' dir='ltr'><strong>nocturnos,</strong></span> <span class='ocrx_word' id='word_1_539' title='bbox 1732 3978 1896 4033; x_wconf 90' lang='lat' dir='ltr'><strong>super</strong></span> <span class='ocrx_word' id='word_1_540' title='bbox 1928 3960 2073 4032; x_wconf 72' lang='lat' dir='ltr'><strong>(l2!)</strong></span> 
     </span>
    </p>
   </div>
   <div class='ocr_carea' id='block_1_72' title="bbox 500 4038 2070 4125">
    <p class='ocr_par' dir='ltr' id='par_1_72' title="bbox 500 4038 2070 4125">
     <span class='ocr_line' id='line_1_72' title="bbox 500 4038 2070 4125; baseline -0.003 -15"><span class='ocrx_word' id='word_1_541' title='bbox 500 4058 926 4115; x_wconf 83' lang='lat' dir='ltr'><strong>miscricordiam</strong></span> <span class='ocrx_word' id='word_1_542' title='bbox 965 4056 1150 4113; x_wconf 87' lang='lat' dir='ltr'><strong>sedilis</strong></span> <span class='ocrx_word' id='word_1_543' title='bbox 1179 4056 1284 4120; x_wconf 89' lang='lat' dir='ltr'><strong>sui,</strong></span> <span class='ocrx_word' id='word_1_544' title='bbox 1316 4055 1358 4109; x_wconf 92' lang='lat' dir='ltr'><strong>si</strong></span> <span class='ocrx_word' id='word_1_545' title='bbox 1406 4038 1763 4125; x_wconf 73' lang='lat' dir='ltr'><strong>Opust-abet,</strong></span> <span class='ocrx_word' id='word_1_546' title='bbox 1809 4052 2070 4124; x_wconf 87' lang='lat' dir='ltr'><strong>quiescit;</strong></span> 
     </span>
    </p>
   </div>
   <div class='ocr_carea' id='block_1_73' title="bbox 497 4142 2076 4202">
    <p class='ocr_par' dir='ltr' id='par_1_73' title="bbox 497 4142 2076 4202">
     <span class='ocr_line' id='line_1_73' title="bbox 497 4142 2076 4202; baseline -0.002 -2"><span class='ocrx_word' id='word_1_547' title='bbox 497 4147 755 4201; x_wconf 67' lang='lat' dir='ltr'><strong>fratribus</strong></span> <span class='ocrx_word' id='word_1_548' title='bbox 789 4155 966 4202; x_wconf 86' lang='lat' dir='ltr'><strong>tamen</strong></span> <span class='ocrx_word' id='word_1_549' title='bbox 999 4144 1215 4200; x_wconf 79' lang='lat' dir='ltr'><strong>interim</strong></span> <span class='ocrx_word' id='word_1_550' title='bbox 1265 4142 1422 4200; x_wconf 80' lang='lat' dir='ltr'><strong>Solito</strong></span> <span class='ocrx_word' id='word_1_551' title='bbox 1469 4158 1619 4199; x_wconf 76' lang='lat' dir='ltr'><strong>more</strong></span> <span class='ocrx_word' id='word_1_552' title='bbox 1675 4142 1965 4198; x_wconf 79' lang='lat' dir='ltr'><strong>inclinatis.</strong></span> <span class='ocrx_word' id='word_1_553' title='bbox 2021 4142 2076 4197; x_wconf 90' lang='lat' dir='ltr'><strong>Si</strong></span> 
     </span>
    </p>
   </div>
   <div class='ocr_carea' id='block_1_74' title="bbox 497 4233 2075 4306">
    <p class='ocr_par' dir='ltr' id='par_1_74' title="bbox 497 4233 2075 4306">
     <span class='ocr_line' id='line_1_74' title="bbox 497 4233 2075 4306; baseline -0.001 -15"><span class='ocrx_word' id='word_1_554' title='bbox 497 4235 1099 4306; x_wconf 84' lang='lat' dir='ltr'><strong>autemprocutnbetnlo</strong></span> <span class='ocrx_word' id='word_1_555' title='bbox 1142 4245 1354 4299; x_wconf 89' lang='lat' dir='ltr'><strong>oratur,</strong></span> <span class='ocrx_word' id='word_1_556' title='bbox 1400 4243 1524 4290; x_wconf 86' lang='lat' dir='ltr'><strong>tunc</strong></span> <span class='ocrx_word' id='word_1_557' title='bbox 1554 4234 1667 4305; x_wconf 75' lang='lat' dir='ltr'><strong>ipse</strong></span> <span class='ocrx_word' id='word_1_558' title='bbox 1699 4233 1838 4301; x_wconf 89' lang='lat' dir='ltr'><strong>infra</strong></span> <span class='ocrx_word' id='word_1_559' title='bbox 1880 4234 2075 4304; x_wconf 63' lang='lat' dir='ltr'><strong>praedi-</strong></span> 
     </span>
    </p>
   </div>
   <div class='ocr_carea' id='block_1_75' title="bbox 497 4326 2080 4398">
    <p class='ocr_par' dir='ltr' id='par_1_75' title="bbox 497 4326 2080 4398">
     <span class='ocr_line' id='line_1_75' title="bbox 497 4326 2080 4398; baseline 0 -17"><span class='ocrx_word' id='word_1_560' title='bbox 497 4340 643 4382; x_wconf 76' lang='lat' dir='ltr'><strong>etum</strong></span> <span class='ocrx_word' id='word_1_561' title='bbox 676 4328 911 4397; x_wconf 88' lang='lat' dir='ltr'><strong>spatium</strong></span> <span class='ocrx_word' id='word_1_562' title='bbox 943 4344 1102 4398; x_wconf 88' lang='lat' dir='ltr'><strong>super</strong></span> <span class='ocrx_word' id='word_1_563' title='bbox 1140 4328 1370 4382; x_wconf 86' lang='lat' dir='ltr'><strong>formam</strong></span> <span class='ocrx_word' id='word_1_564' title='bbox 1404 4326 1569 4397; x_wconf 80' lang='lat' dir='ltr'><strong>jacet,</strong></span> <span class='ocrx_word' id='word_1_565' title='bbox 1594 4336 1648 4384; x_wconf 91' lang='lat' dir='ltr'><strong>et</strong></span> <span class='ocrx_word' id='word_1_566' title='bbox 1674 4335 1783 4382; x_wconf 88' lang='lat' dir='ltr'><strong>tres</strong></span> <span class='ocrx_word' id='word_1_567' title='bbox 1808 4326 2080 4381; x_wconf 74' lang='lat' dir='ltr'><strong>orationes</strong></span> 
     </span>
    </p>
   </div>
   <div class='ocr_carea' id='block_1_76' title="bbox 501 4417 2074 4486">
    <p class='ocr_par' dir='ltr' id='par_1_76' title="bbox 501 4417 2074 4486">
     <span class='ocr_line' id='line_1_76' title="bbox 501 4417 2074 4486; baseline -0.003 -10"><span class='ocrx_word' id='word_1_568' title='bbox 501 4421 696 4476; x_wconf 82' lang='lat' dir='ltr'><strong>ibidem</strong></span> <span class='ocrx_word' id='word_1_569' title='bbox 727 4419 869 4472; x_wconf 88' lang='lat' dir='ltr'><strong>facit.</strong></span> <span class='ocrx_word' id='word_1_570' title='bbox 912 4417 1098 4471; x_wconf 78' lang='lat' dir='ltr'><strong>Nullus</strong></span> <span class='ocrx_word' id='word_1_571' title='bbox 1146 4419 1196 4473; x_wconf 90' lang='lat' dir='ltr'><strong>in</strong></span> <span class='ocrx_word' id='word_1_572' title='bbox 1244 4418 1411 4472; x_wconf 84' lang='lat' dir='ltr'><strong>choro</strong></span> <span class='ocrx_word' id='word_1_573' title='bbox 1456 4417 1608 4486; x_wconf 77' lang='lat' dir='ltr'><strong>juxta</strong></span> <span class='ocrx_word' id='word_1_574' title='bbox 1659 4432 1780 4472; x_wconf 87' lang='lat' dir='ltr'><strong>eum</strong></span> <span class='ocrx_word' id='word_1_575' title='bbox 1818 4418 1871 4472; x_wconf 91' lang='lat' dir='ltr'><strong>in</strong></span> <span class='ocrx_word' id='word_1_576' title='bbox 1921 4417 2074 4471; x_wconf 88' lang='lat' dir='ltr'><strong>sedili</strong></span> 
     </span>
    </p>
   </div>
   <div class='ocr_carea' id='block_1_77' title="bbox 2180 3228 3712 3306">
    <p class='ocr_par' dir='ltr' id='par_1_77' title="bbox 2180 3228 3712 3306">
     <span class='ocr_line' id='line_1_77' title="bbox 2180 3228 3712 3306; baseline -0.007 -13"><span class='ocrx_word' id='word_1_577' title='bbox 2180 3240 2281 3294; x_wconf 91' lang='lat' dir='ltr'><strong>nit.</strong></span> <span class='ocrx_word' id='word_1_578' title='bbox 2331 3237 2388 3292; x_wconf 90' lang='lat' dir='ltr'><strong>Si</strong></span> <span class='ocrx_word' id='word_1_579' title='bbox 2428 3252 2556 3291; x_wconf 91' lang='lat' dir='ltr'><strong>vero</strong></span> <span class='ocrx_word' id='word_1_580' title='bbox 2603 3228 2953 3306; x_wconf 86' lang='lat' dir='ltr'><strong>antiphonam</strong></span> <span class='ocrx_word' id='word_1_581' title='bbox 2993 3247 3077 3291; x_wconf 91' lang='lat' dir='ltr'><strong>est</strong></span> <span class='ocrx_word' id='word_1_582' title='bbox 3124 3233 3438 3305; x_wconf 87' lang='lat' dir='ltr'><strong>incepturns</strong></span> <span class='ocrx_word' id='word_1_583' title='bbox 3483 3231 3712 3286; x_wconf 70' lang='lat' dir='ltr'><strong>detineat</strong></span> 
     </span>
    </p>
   </div>
   <div class='ocr_carea' id='block_1_78' title="bbox 2178 3323 3711 3398">
    <p class='ocr_par' dir='ltr' id='par_1_78' title="bbox 2178 3323 3711 3398">
     <span class='ocr_line' id='line_1_78' title="bbox 2178 3323 3711 3398; baseline -0.006 -13"><span class='ocrx_word' id='word_1_584' title='bbox 2178 3328 2360 3385; x_wconf 89' lang='lat' dir='ltr'><strong>sedem</strong></span> <span class='ocrx_word' id='word_1_585' title='bbox 2384 3343 2535 3383; x_wconf 86' lang='lat' dir='ltr'><strong>suam</strong></span> <span class='ocrx_word' id='word_1_586' title='bbox 2570 3328 2729 3391; x_wconf 89' lang='lat' dir='ltr'><strong>redit,</strong></span> <span class='ocrx_word' id='word_1_587' title='bbox 2756 3326 2935 3398; x_wconf 89' lang='lat' dir='ltr'><strong>ibique</strong></span> <span class='ocrx_word' id='word_1_588' title='bbox 2957 3334 3079 3398; x_wconf 90' lang='lat' dir='ltr'><strong>post</strong></span> <span class='ocrx_word' id='word_1_589' title='bbox 3104 3325 3396 3395; x_wconf 74' lang='lat' dir='ltr'><strong>inemptam</strong></span> <span class='ocrx_word' id='word_1_590' title='bbox 3414 3323 3711 3393; x_wconf 81' lang='lat' dir='ltr'><strong>antiphonant</strong></span> 
     </span>
    </p>
   </div>
   <div class='ocr_carea' id='block_1_79' title="bbox 2180 3415 3712 3495">
    <p class='ocr_par' dir='ltr' id='par_1_79' title="bbox 2180 3415 3712 3495">
     <span class='ocr_line' id='line_1_79' title="bbox 2180 3415 3712 3495; baseline -0.004 -19"><span class='ocrx_word' id='word_1_591' title='bbox 2180 3420 2288 3476; x_wconf 89' lang='lat' dir='ltr'><strong>illic</strong></span> <span class='ocrx_word' id='word_1_592' title='bbox 2341 3419 2588 3490; x_wconf 90' lang='lat' dir='ltr'><strong>imponit.</strong></span> <span class='ocrx_word' id='word_1_593' title='bbox 2622 3417 2725 3475; x_wconf 87' lang='lat' dir='ltr'><strong>Ubi</strong></span> <span class='ocrx_word' id='word_1_594' title='bbox 2776 3418 3093 3482; x_wconf 83' lang='lat' dir='ltr'><strong>notandum,</strong></span> <span class='ocrx_word' id='word_1_595' title='bbox 3139 3416 3287 3487; x_wconf 90' lang='lat' dir='ltr'><strong>quod</strong></span> <span class='ocrx_word' id='word_1_596' title='bbox 3335 3415 3712 3495; x_wconf 85' lang='lat' dir='ltr'><strong>quotiescunque</strong></span> 
     </span>
    </p>
   </div>
   <div class='ocr_carea' id='block_1_80' title="bbox 2179 3507 3715 3583">
    <p class='ocr_par' dir='ltr' id='par_1_80' title="bbox 2179 3507 3715 3583">
     <span class='ocr_line' id='line_1_80' title="bbox 2179 3507 3715 3583; baseline -0.003 -17"><span class='ocrx_word' id='word_1_597' title='bbox 2179 3510 2326 3566; x_wconf 79' lang='lat' dir='ltr'><strong>solus</strong></span> <span class='ocrx_word' id='word_1_598' title='bbox 2354 3509 2623 3574; x_wconf 86' lang='lat' dir='ltr'><strong>incensat,</strong></span> <span class='ocrx_word' id='word_1_599' title='bbox 2664 3507 2776 3564; x_wconf 85' lang='lat' dir='ltr'><strong>sive</strong></span> <span class='ocrx_word' id='word_1_600' title='bbox 2805 3509 2877 3565; x_wconf 88' lang='lat' dir='ltr'><strong>sit</strong></span> <span class='ocrx_word' id='word_1_601' title='bbox 2923 3510 2979 3563; x_wconf 88' lang='lat' dir='ltr'><strong>in</strong></span> <span class='ocrx_word' id='word_1_602' title='bbox 3004 3509 3197 3574; x_wconf 73' lang='lat' dir='ltr'><strong>choro,</strong></span> <span class='ocrx_word' id='word_1_603' title='bbox 3245 3508 3361 3563; x_wconf 79' lang='lat' dir='ltr'><strong>sive</strong></span> <span class='ocrx_word' id='word_1_604' title='bbox 3401 3509 3455 3563; x_wconf 83' lang='lat' dir='ltr'><strong>in</strong></span> <span class='ocrx_word' id='word_1_605' title='bbox 3478 3509 3715 3583; x_wconf 76' lang='lat' dir='ltr'><strong>vestiarie,</strong></span> 
     </span>
    </p>
   </div>
   <div class='ocr_carea' id='block_1_81' title="bbox 2178 3598 3713 3670">
    <p class='ocr_par' dir='ltr' id='par_1_81' title="bbox 2178 3598 3713 3670">
     <span class='ocr_line' id='line_1_81' title="bbox 2178 3598 3713 3670; baseline -0.001 -15"><span class='ocrx_word' id='word_1_606' title='bbox 2178 3600 2406 3656; x_wconf 87' lang='lat' dir='ltr'><strong>sacrista</strong></span> <span class='ocrx_word' id='word_1_607' title='bbox 2426 3600 2475 3654; x_wconf 88' lang='lat' dir='ltr'><strong>ei</strong></span> <span class='ocrx_word' id='word_1_608' title='bbox 2504 3613 2747 3655; x_wconf 89' lang='lat' dir='ltr'><strong>acerram</strong></span> <span class='ocrx_word' id='word_1_609' title='bbox 2782 3608 2837 3654; x_wconf 90' lang='lat' dir='ltr'><strong>et</strong></span> <span class='ocrx_word' id='word_1_610' title='bbox 2867 3599 3099 3654; x_wconf 85' lang='lat' dir='ltr'><strong>servitur</strong></span> <span class='ocrx_word' id='word_1_611' title='bbox 3121 3598 3452 3653; x_wconf 87' lang='lat' dir='ltr'><strong>tburibulum</strong></span> <span class='ocrx_word' id='word_1_612' title='bbox 3485 3610 3713 3670; x_wconf 77' lang='lat' dir='ltr'><strong>apponat.</strong></span> 
     </span>
    </p>
   </div>
   <div class='ocr_carea' id='block_1_82' title="bbox 2180 3690 3716 3762">
    <p class='ocr_par' dir='ltr' id='par_1_82' title="bbox 2180 3690 3716 3762">
     <span class='ocr_line' id='line_1_82' title="bbox 2180 3690 3716 3762; baseline 0.001 -17"><span class='ocrx_word' id='word_1_613' title='bbox 2180 3690 2355 3760; x_wconf 84' lang='lat' dir='ltr'><strong>Super</strong></span> <span class='ocrx_word' id='word_1_614' title='bbox 2376 3690 2646 3745; x_wconf 85' lang='lat' dir='ltr'><strong>canticum</strong></span> <span class='ocrx_word' id='word_1_615' title='bbox 2677 3690 2949 3762; x_wconf 73' lang='lat' dir='ltr'><strong>Evangelii</strong></span> <span class='ocrx_word' id='word_1_616' title='bbox 2975 3706 3080 3746; x_wconf 90' lang='lat' dir='ltr'><strong>non</strong></span> <span class='ocrx_word' id='word_1_617' title='bbox 3104 3690 3337 3761; x_wconf 87' lang='lat' dir='ltr'><strong>amplius</strong></span> <span class='ocrx_word' id='word_1_618' title='bbox 3359 3691 3459 3745; x_wconf 90' lang='lat' dir='ltr'><strong>nisi</strong></span> <span class='ocrx_word' id='word_1_619' title='bbox 3481 3692 3530 3745; x_wconf 89' lang='lat' dir='ltr'><strong>in</strong></span> <span class='ocrx_word' id='word_1_620' title='bbox 3552 3692 3716 3747; x_wconf 83' lang='lat' dir='ltr'><strong>duode-</strong></span> 
     </span>
    </p>
   </div>
   <div class='ocr_carea' id='block_1_83' title="bbox 2179 3776 3718 3852">
    <p class='ocr_par' dir='ltr' id='par_1_83' title="bbox 2179 3776 3718 3852">
     <span class='ocr_line' id='line_1_83' title="bbox 2179 3776 3718 3852; baseline 0.003 -17"><span class='ocrx_word' id='word_1_621' title='bbox 2179 3780 2285 3835; x_wconf 88' lang='lat' dir='ltr'><strong>cim</strong></span> <span class='ocrx_word' id='word_1_622' title='bbox 2314 3780 2636 3836; x_wconf 81' lang='lat' dir='ltr'><strong>lectionibus</strong></span> <span class='ocrx_word' id='word_1_623' title='bbox 2659 3776 3015 3852; x_wconf 76' lang='lat' dir='ltr'><strong>antipbenanr</strong></span> <span class='ocrx_word' id='word_1_624' title='bbox 3037 3780 3280 3851; x_wconf 83' lang='lat' dir='ltr'><strong>imponit.</strong></span> <span class='ocrx_word' id='word_1_625' title='bbox 3313 3783 3448 3852; x_wconf 72' lang='lat' dir='ltr'><strong>(em)</strong></span> <span class='ocrx_word' id='word_1_626' title='bbox 3492 3782 3718 3839; x_wconf 79' lang='lat' dir='ltr'><strong>Sacerdos</strong></span> 
     </span>
    </p>
   </div>
   <div class='ocr_carea' id='block_1_84' title="bbox 2179 3870 3713 3942">
    <p class='ocr_par' dir='ltr' id='par_1_84' title="bbox 2179 3870 3713 3942">
     <span class='ocr_line' id='line_1_84' title="bbox 2179 3870 3713 3942; baseline 0.003 -18"><span class='ocrx_word' id='word_1_627' title='bbox 2179 3870 2458 3925; x_wconf 86' lang='lat' dir='ltr'><strong>oblaturus</strong></span> <span class='ocrx_word' id='word_1_628' title='bbox 2493 3871 2793 3937; x_wconf 90' lang='lat' dir='ltr'><strong>incensum,</strong></span> <span class='ocrx_word' id='word_1_629' title='bbox 2843 3872 2992 3942; x_wconf 89' lang='lat' dir='ltr'><strong>prius</strong></span> <span class='ocrx_word' id='word_1_630' title='bbox 3022 3871 3087 3926; x_wconf 91' lang='lat' dir='ltr'><strong>ad</strong></span> <span class='ocrx_word' id='word_1_631' title='bbox 3115 3886 3239 3927; x_wconf 89' lang='lat' dir='ltr'><strong>eum</strong></span> <span class='ocrx_word' id='word_1_632' title='bbox 3282 3883 3479 3942; x_wconf 89' lang='lat' dir='ltr'><strong>portat,</strong></span> <span class='ocrx_word' id='word_1_633' title='bbox 3504 3875 3543 3928; x_wconf 88' lang='lat' dir='ltr'><strong>si</strong></span> <span class='ocrx_word' id='word_1_634' title='bbox 3566 3882 3635 3929; x_wconf 82' lang='lat' dir='ltr'><strong>est</strong></span> <span class='ocrx_word' id='word_1_635' title='bbox 3672 3874 3713 3928; x_wconf 89' lang='lat' dir='ltr'><strong>in</strong></span> 
     </span>
    </p>
   </div>
   <div class='ocr_carea' id='block_1_85' title="bbox 2180 3961 3718 4033">
    <p class='ocr_par' dir='ltr' id='par_1_85' title="bbox 2180 3961 3718 4033">
     <span class='ocr_line' id='line_1_85' title="bbox 2180 3961 3718 4033; baseline 0.001 -16"><span class='ocrx_word' id='word_1_636' title='bbox 2180 3963 2366 4028; x_wconf 88' lang='lat' dir='ltr'><strong>choro,</strong></span> <span class='ocrx_word' id='word_1_637' title='bbox 2392 3970 2449 4016; x_wconf 93' lang='lat' dir='ltr'><strong>ut</strong></span> <span class='ocrx_word' id='word_1_638' title='bbox 2492 3977 2588 4033; x_wconf 89' lang='lat' dir='ltr'><strong>per</strong></span> <span class='ocrx_word' id='word_1_639' title='bbox 2630 3961 2747 4031; x_wconf 88' lang='lat' dir='ltr'><strong>ejus</strong></span> <span class='ocrx_word' id='word_1_640' title='bbox 2778 3978 2996 4017; x_wconf 85' lang='lat' dir='ltr'><strong>manum</strong></span> <span class='ocrx_word' id='word_1_641' title='bbox 3026 3963 3077 4017; x_wconf 93' lang='lat' dir='ltr'><strong>in</strong></span> <span class='ocrx_word' id='word_1_642' title='bbox 3105 3963 3443 4019; x_wconf 75' lang='lat' dir='ltr'><strong>thuribuiutn</strong></span> <span class='ocrx_word' id='word_1_643' title='bbox 3475 3966 3718 4029; x_wconf 76' lang='lat' dir='ltr'><strong>mittatur;</strong></span> 
     </span>
    </p>
   </div>
   <div class='ocr_carea' id='block_1_86' title="bbox 2183 4048 3717 4128">
    <p class='ocr_par' dir='ltr' id='par_1_86' title="bbox 2183 4048 3717 4128">
     <span class='ocr_line' id='line_1_86' title="bbox 2183 4048 3717 4128; baseline 0.001 -18"><span class='ocrx_word' id='word_1_644' title='bbox 2183 4056 2309 4110; x_wconf 90' lang='lat' dir='ltr'><strong>item</strong></span> <span class='ocrx_word' id='word_1_645' title='bbox 2339 4054 2601 4111; x_wconf 88' lang='lat' dir='ltr'><strong>diaconus</strong></span> <span class='ocrx_word' id='word_1_646' title='bbox 2627 4048 2769 4110; x_wconf 80' lang='lat' dir='ltr'><strong>ante</strong></span> <span class='ocrx_word' id='word_1_647' title='bbox 2789 4048 3143 4126; x_wconf 73' lang='lat' dir='ltr'><strong>Evangeliutn</strong></span> <span class='ocrx_word' id='word_1_648' title='bbox 3172 4072 3184 4109; x_wconf 92' lang='lat'>:</span> <span class='ocrx_word' id='word_1_649' title='bbox 3219 4055 3453 4128; x_wconf 85' lang='lat' dir='ltr'><strong>idipsmn</strong></span> <span class='ocrx_word' id='word_1_650' title='bbox 3480 4059 3613 4122; x_wconf 70' lang='lat' dir='ltr'><strong>hcit,</strong></span> <span class='ocrx_word' id='word_1_651' title='bbox 3641 4059 3717 4128; x_wconf 77' lang='lat' dir='ltr'><strong>qui</strong></span> 
     </span>
    </p>
   </div>
   <div class='ocr_carea' id='block_1_87' title="bbox 2183 4142 3721 4205">
    <p class='ocr_par' dir='ltr' id='par_1_87' title="bbox 2183 4142 3721 4205">
     <span class='ocr_line' id='line_1_87' title="bbox 2183 4142 3721 4205; baseline 0.003 -6"><span class='ocrx_word' id='word_1_652' title='bbox 2183 4149 2571 4201; x_wconf 86' lang='lat' dir='ltr'><strong>tenetcbortnn</strong></span> <span class='ocrx_word' id='word_1_653' title='bbox 2590 4146 2655 4199; x_wconf 90' lang='lat' dir='ltr'><strong>ad</strong></span> <span class='ocrx_word' id='word_1_654' title='bbox 2684 4142 3015 4200; x_wconf 75' lang='lat' dir='ltr'><strong>offerendam</strong></span> <span class='ocrx_word' id='word_1_655' title='bbox 3067 4146 3233 4202; x_wconf 90' lang='lat' dir='ltr'><strong>etiam</strong></span> <span class='ocrx_word' id='word_1_656' title='bbox 3265 4149 3310 4202; x_wconf 91' lang='lat' dir='ltr'><strong>si</strong></span> <span class='ocrx_word' id='word_1_657' title='bbox 3339 4149 3561 4205; x_wconf 88' lang='lat' dir='ltr'><strong>domnus</strong></span> <span class='ocrx_word' id='word_1_658' title='bbox 3582 4150 3721 4205; x_wconf 80' lang='lat' dir='ltr'><strong>abbas</strong></span> 
     </span>
    </p>
   </div>
   <div class='ocr_carea' id='block_1_88' title="bbox 2183 4238 2775 4292">
    <p class='ocr_par' dir='ltr' id='par_1_88' title="bbox 2183 4238 2775 4292">
     <span class='ocr_line' id='line_1_88' title="bbox 2183 4238 2775 4292; baseline -0.002 0"><span class='ocrx_word' id='word_1_659' title='bbox 2183 4246 2310 4292; x_wconf 83' lang='lat' dir='ltr'><strong>tunc</strong></span> <span class='ocrx_word' id='word_1_660' title='bbox 2331 4247 2510 4292; x_wconf 89' lang='lat' dir='ltr'><strong>cantet</strong></span> <span class='ocrx_word' id='word_1_661' title='bbox 2534 4238 2775 4292; x_wconf 86' lang='lat' dir='ltr'><strong>missam.</strong></span> 
     </span>
    </p>
   </div>
   <div class='ocr_carea' id='block_1_89' title="bbox 2254 4330 3721 4401">
    <p class='ocr_par' dir='ltr' id='par_1_89' title="bbox 2254 4330 3721 4401">
     <span class='ocr_line' id='line_1_89' title="bbox 2254 4330 3721 4401; baseline 0.001 -17"><span class='ocrx_word' id='word_1_662' title='bbox 2254 4330 2307 4384; x_wconf 88' lang='lat' dir='ltr'><strong>In</strong></span> <span class='ocrx_word' id='word_1_663' title='bbox 2339 4331 2515 4400; x_wconf 89' lang='lat' dir='ltr'><strong>capite</strong></span> <span class='ocrx_word' id='word_1_664' title='bbox 2537 4331 2747 4401; x_wconf 75' lang='lat' dir='ltr'><strong>jejunii,</strong></span> <span class='ocrx_word' id='word_1_665' title='bbox 2779 4330 2821 4385; x_wconf 87' lang='lat' dir='ltr'><strong>si</strong></span> <span class='ocrx_word' id='word_1_666' title='bbox 2862 4346 3106 4401; x_wconf 76' lang='lat' dir='ltr'><strong>przesens</strong></span> <span class='ocrx_word' id='word_1_667' title='bbox 3131 4342 3241 4399; x_wconf 80' lang='lat' dir='ltr'><strong>est,</strong></span> <span class='ocrx_word' id='word_1_668' title='bbox 3274 4348 3347 4390; x_wconf 73' lang='lat' dir='ltr'><strong>ex</strong></span> <span class='ocrx_word' id='word_1_669' title='bbox 3374 4335 3721 4390; x_wconf 72' lang='lat' dir='ltr'><strong>consuetudine</strong></span> 
     </span>
    </p>
   </div>
   <div class='ocr_carea' id='block_1_90' title="bbox 2183 4419 3715 4495">
    <p class='ocr_par' dir='ltr' id='par_1_90' title="bbox 2183 4419 3715 4495">
     <span class='ocr_line' id='line_1_90' title="bbox 2183 4419 3715 4495; baseline 0.003 -22"><span class='ocrx_word' id='word_1_670' title='bbox 2183 4419 2438 4475; x_wconf 75' lang='lat' dir='ltr'><strong>fratribus</strong></span> <span class='ocrx_word' id='word_1_671' title='bbox 2490 4421 2701 4475; x_wconf 86' lang='lat' dir='ltr'><strong>eineres</strong></span> <span class='ocrx_word' id='word_1_672' title='bbox 2743 4420 2989 4490; x_wconf 88' lang='lat' dir='ltr'><strong>imponit,</strong></span> <span class='ocrx_word' id='word_1_673' title='bbox 3042 4428 3179 4491; x_wconf 87' lang='lat' dir='ltr'><strong>quos</strong></span> <span class='ocrx_word' id='word_1_674' title='bbox 3231 4434 3285 4478; x_wconf 87' lang='lat' dir='ltr'><strong>et</strong></span> <span class='ocrx_word' id='word_1_675' title='bbox 3330 4425 3446 4495; x_wconf 80' lang='lat' dir='ltr'><strong>ipSe</strong></span> <span class='ocrx_word' id='word_1_676' title='bbox 3495 4434 3661 4495; x_wconf 73' lang='lat' dir='ltr'><strong>postea</strong></span> <span class='ocrx_word' id='word_1_677' title='bbox 3691 4440 3715 4478; x_wconf 69' lang='grc' dir='ltr'><strong>ι</strong></span> 
     </span>
    </p>
   </div>
   <div class='ocr_carea' id='block_1_91' title="bbox 497 4508 3716 4593">
    <p class='ocr_par' dir='ltr' id='par_1_91' title="bbox 497 4508 3716 4593">
     <span class='ocr_line' id='line_1_91' title="bbox 497 4508 3716 4593; baseline 0.003 -35"><span class='ocrx_word' id='word_1_678' title='bbox 497 4511 743 4577; x_wconf 74' lang='lat' dir='ltr'><strong>proximo</strong></span> <span class='ocrx_word' id='word_1_679' title='bbox 770 4518 895 4574; x_wconf 86' lang='lat' dir='ltr'><strong>stat,</strong></span> <span class='ocrx_word' id='word_1_680' title='bbox 930 4509 1030 4563; x_wconf 83' lang='lat' dir='ltr'><strong>nisi</strong></span> <span class='ocrx_word' id='word_1_681' title='bbox 1060 4508 1477 4583; x_wconf 83' lang='lat' dir='ltr'><strong>abbasaiiqnis;</strong></span> <span class='ocrx_word' id='word_1_682' title='bbox 1527 4508 1857 4579; x_wconf 82' lang='lat' dir='ltr'><strong>quibuslibet</strong></span> <span class='ocrx_word' id='word_1_683' title='bbox 1889 4517 2065 4563; x_wconf 90' lang='lat' dir='ltr'><strong>tamen</strong></span> <span class='ocrx_word' id='word_1_684' title='bbox 2107 4538 2151 4593; x_wconf 69' lang='grc' dir='ltr'><strong>Β</strong></span> <span class='ocrx_word' id='word_1_685' title='bbox 2182 4512 2364 4582; x_wconf 88' lang='lat' dir='ltr'><strong>priore</strong></span> <span class='ocrx_word' id='word_1_686' title='bbox 2388 4511 2601 4580; x_wconf 87' lang='lat' dir='ltr'><strong>accipit,</strong></span> <span class='ocrx_word' id='word_1_687' title='bbox 2652 4510 2790 4566; x_wconf 91' lang='lat' dir='ltr'><strong>sicut</strong></span> <span class='ocrx_word' id='word_1_688' title='bbox 2830 4518 2880 4565; x_wconf 87' lang='lat' dir='ltr'><strong>et</strong></span> <span class='ocrx_word' id='word_1_689' title='bbox 2932 4509 3212 4579; x_wconf 87' lang='lat' dir='ltr'><strong>sacerdos,</strong></span> <span class='ocrx_word' id='word_1_690' title='bbox 3244 4513 3290 4567; x_wconf 91' lang='lat' dir='ltr'><strong>si</strong></span> <span class='ocrx_word' id='word_1_691' title='bbox 3340 4514 3564 4570; x_wconf 88' lang='lat' dir='ltr'><strong>donmus</strong></span> <span class='ocrx_word' id='word_1_692' title='bbox 3609 4512 3716 4567; x_wconf 81' lang='lat' dir='ltr'><strong>abba</strong></span> 
     </span>
    </p>
   </div>
   <div class='ocr_carea' id='block_1_92' title="bbox 496 4597 2070 4667">
    <p class='ocr_par' dir='ltr' id='par_1_92' title="bbox 496 4597 2070 4667">
     <span class='ocr_line' id='line_1_92' title="bbox 496 4597 2070 4667; baseline 0.001 -16"><span class='ocrx_word' id='word_1_693' title='bbox 496 4612 661 4667; x_wconf 82' lang='lat' dir='ltr'><strong>prope</strong></span> <span class='ocrx_word' id='word_1_694' title='bbox 692 4598 840 4652; x_wconf 88' lang='lat' dir='ltr'><strong>illum</strong></span> <span class='ocrx_word' id='word_1_695' title='bbox 879 4599 1144 4654; x_wconf 85' lang='lat' dir='ltr'><strong>stantibus</strong></span> <span class='ocrx_word' id='word_1_696' title='bbox 1186 4600 1360 4655; x_wconf 89' lang='lat' dir='ltr'><strong>locum</strong></span> <span class='ocrx_word' id='word_1_697' title='bbox 1404 4599 1645 4654; x_wconf 84' lang='lat' dir='ltr'><strong>vicissim</strong></span> <span class='ocrx_word' id='word_1_698' title='bbox 1690 4597 1910 4654; x_wconf 77' lang='lat' dir='ltr'><strong>sedendi</strong></span> <span class='ocrx_word' id='word_1_699' title='bbox 1961 4600 2070 4653; x_wconf 80' lang='lat' dir='ltr'><strong>dat.</strong></span> 
     </span>
    </p>
   </div>
   <div class='ocr_carea' id='block_1_93' title="bbox 504 4690 2074 4761">
    <p class='ocr_par' dir='ltr' id='par_1_93' title="bbox 504 4690 2074 4761">
     <span class='ocr_line' id='line_1_93' title="bbox 504 4690 2074 4761; baseline 0.004 -20"><span class='ocrx_word' id='word_1_700' title='bbox 504 4691 726 4757; x_wconf 78' lang='lat' dir='ltr'><strong>Quoties</strong></span> <span class='ocrx_word' id='word_1_701' title='bbox 751 4691 1043 4761; x_wconf 72' lang='lat' dir='ltr'><strong>a‘ntipltona</strong></span> <span class='ocrx_word' id='word_1_702' title='bbox 1072 4692 1341 4761; x_wconf 85' lang='lat' dir='ltr'><strong>imposita,</strong></span> <span class='ocrx_word' id='word_1_703' title='bbox 1377 4690 1615 4755; x_wconf 90' lang='lat' dir='ltr'><strong>inclinat,</strong></span> <span class='ocrx_word' id='word_1_704' title='bbox 1647 4706 1835 4746; x_wconf 90' lang='lat' dir='ltr'><strong>omnes</strong></span> <span class='ocrx_word' id='word_1_705' title='bbox 1860 4706 2074 4761; x_wconf 85' lang='lat' dir='ltr'><strong>quoque</strong></span> 
     </span>
    </p>
   </div>
   <div class='ocr_carea' id='block_1_94' title="bbox 498 4784 2072 4854">
    <p class='ocr_par' dir='ltr' id='par_1_94' title="bbox 498 4784 2072 4854">
     <span class='ocr_line' id='line_1_94' title="bbox 498 4784 2072 4854; baseline 0 -16"><span class='ocrx_word' id='word_1_706' title='bbox 498 4800 619 4838; x_wconf 89' lang='lat' dir='ltr'><strong>eum</strong></span> <span class='ocrx_word' id='word_1_707' title='bbox 662 4784 1039 4849; x_wconf 87' lang='lat' dir='ltr'><strong>eoinelinant,</strong></span> <span class='ocrx_word' id='word_1_708' title='bbox 1079 4786 1244 4839; x_wconf 88' lang='lat' dir='ltr'><strong>etiam</strong></span> <span class='ocrx_word' id='word_1_709' title='bbox 1292 4786 1508 4854; x_wconf 82' lang='lat' dir='ltr'><strong>quando</strong></span> <span class='ocrx_word' id='word_1_710' title='bbox 1540 4786 1748 4839; x_wconf 88' lang='lat' dir='ltr'><strong>veniam</strong></span> <span class='ocrx_word' id='word_1_711' title='bbox 1799 4784 1927 4854; x_wconf 91' lang='lat' dir='ltr'><strong>petit</strong></span> <span class='ocrx_word' id='word_1_712' title='bbox 1975 4799 2072 4853; x_wconf 88' lang='lat' dir='ltr'><strong>pro</strong></span> 
     </span>
    </p>
   </div>
   <div class='ocr_carea' id='block_1_95' title="bbox 494 4871 2069 4945">
    <p class='ocr_par' dir='ltr' id='par_1_95' title="bbox 494 4871 2069 4945">
     <span class='ocr_line' id='line_1_95' title="bbox 494 4871 2069 4945; baseline 0 -20"><span class='ocrx_word' id='word_1_713' title='bbox 494 4872 618 4936; x_wconf 76' lang='lat' dir='ltr'><strong>hoc,</strong></span> <span class='ocrx_word' id='word_1_714' title='bbox 673 4872 717 4926; x_wconf 90' lang='lat' dir='ltr'><strong>si</strong></span> <span class='ocrx_word' id='word_1_715' title='bbox 749 4872 801 4925; x_wconf 92' lang='lat' dir='ltr'><strong>in</strong></span> <span class='ocrx_word' id='word_1_716' title='bbox 830 4874 991 4945; x_wconf 84' lang='lat' dir='ltr'><strong>verbo</strong></span> <span class='ocrx_word' id='word_1_717' title='bbox 1041 4871 1242 4926; x_wconf 82' lang='lat' dir='ltr'><strong>fallitur</strong></span> <span class='ocrx_word' id='word_1_718' title='bbox 1291 4872 1490 4942; x_wconf 88' lang='lat' dir='ltr'><strong>aliquo.</strong></span> <span class='ocrx_word' id='word_1_719' title='bbox 1526 4871 1581 4927; x_wconf 91' lang='lat' dir='ltr'><strong>Si</strong></span> <span class='ocrx_word' id='word_1_720' title='bbox 1634 4872 1921 4940; x_wconf 82' lang='lat' dir='ltr'><strong>aliquando</strong></span> <span class='ocrx_word' id='word_1_721' title='bbox 1950 4888 2069 4926; x_wconf 84' lang='lat' dir='ltr'><strong>cum</strong></span> 
     </span>
    </p>
   </div>
   <div class='ocr_carea' id='block_1_96' title="bbox 494 4962 2069 5032">
    <p class='ocr_par' dir='ltr' id='par_1_96' title="bbox 494 4962 2069 5032">
     <span class='ocr_line' id='line_1_96' title="bbox 494 4962 2069 5032; baseline 0.001 -17"><span class='ocrx_word' id='word_1_722' title='bbox 494 4962 680 5016; x_wconf 88' lang='lat' dir='ltr'><strong>lectori</strong></span> <span class='ocrx_word' id='word_1_723' title='bbox 706 4963 1007 5018; x_wconf 83' lang='lat' dir='ltr'><strong>benedictio</strong></span> <span class='ocrx_word' id='word_1_724' title='bbox 1036 4963 1218 5017; x_wconf 77' lang='lat' dir='ltr'><strong>danda</strong></span> <span class='ocrx_word' id='word_1_725' title='bbox 1242 4971 1349 5027; x_wconf 84' lang='lat' dir='ltr'><strong>est,</strong></span> <span class='ocrx_word' id='word_1_726' title='bbox 1379 4962 1657 5030; x_wconf 90' lang='lat' dir='ltr'><strong>dormitat,</strong></span> <span class='ocrx_word' id='word_1_727' title='bbox 1703 4964 1792 5032; x_wconf 90' lang='lat' dir='ltr'><strong>qui</strong></span> <span class='ocrx_word' id='word_1_728' title='bbox 1839 4962 1888 5015; x_wconf 92' lang='lat' dir='ltr'><strong>ci</strong></span> <span class='ocrx_word' id='word_1_729' title='bbox 1942 4978 2069 5032; x_wconf 74' lang='grc' dir='ltr'><strong>[ιιτο⁴</strong></span> 
     </span>
    </p>
   </div>
   <div class='ocr_carea' id='block_1_97' title="bbox 491 5054 2077 5126">
    <p class='ocr_par' dir='ltr' id='par_1_97' title="bbox 491 5054 2077 5126">
     <span class='ocr_line' id='line_1_97' title="bbox 491 5054 2077 5126; baseline 0.003 -19"><span class='ocrx_word' id='word_1_730' title='bbox 491 5055 669 5110; x_wconf 68' lang='lat' dir='ltr'><strong>ximus</strong></span> <span class='ocrx_word' id='word_1_731' title='bbox 699 5056 870 5121; x_wconf 80' lang='lat' dir='ltr'><strong>sedet,</strong></span> <span class='ocrx_word' id='word_1_732' title='bbox 898 5056 1119 5111; x_wconf 84' lang='lat' dir='ltr'><strong>honeste</strong></span> <span class='ocrx_word' id='word_1_733' title='bbox 1169 5056 1390 5109; x_wconf 68' lang='lat' dir='ltr'><strong>excitat.</strong></span> <span class='ocrx_word' id='word_1_734' title='bbox 1416 5055 1526 5125; x_wconf 73' lang='lat' dir='ltr'><strong>(se.</strong></span> <span class='ocrx_word' id='word_1_735' title='bbox 1555 5054 1701 5126; x_wconf 74' lang='lat' dir='ltr'><strong>var.)</strong></span> <span class='ocrx_word' id='word_1_736' title='bbox 1722 5054 1967 5121; x_wconf 83' lang='lat' dir='ltr'><strong>Quandiu</strong></span> <span class='ocrx_word' id='word_1_737' title='bbox 1991 5064 2077 5111; x_wconf 87' lang='lat' dir='ltr'><strong>est</strong></span> 
     </span>
    </p>
   </div>
   <div class='ocr_carea' id='block_1_98' title="bbox 494 5146 2069 5216">
    <p class='ocr_par' dir='ltr' id='par_1_98' title="bbox 494 5146 2069 5216">
     <span class='ocr_line' id='line_1_98' title="bbox 494 5146 2069 5216; baseline 0.001 -17"><span class='ocrx_word' id='word_1_738' title='bbox 494 5146 546 5199; x_wconf 88' lang='lat' dir='ltr'><strong>in</strong></span> <span class='ocrx_word' id='word_1_739' title='bbox 573 5157 864 5214; x_wconf 84' lang='lat' dir='ltr'><strong>conventu,</strong></span> <span class='ocrx_word' id='word_1_740' title='bbox 895 5163 1109 5216; x_wconf 87' lang='lat' dir='ltr'><strong>semper</strong></span> <span class='ocrx_word' id='word_1_741' title='bbox 1137 5149 1201 5200; x_wconf 90' lang='lat' dir='ltr'><strong>ad</strong></span> <span class='ocrx_word' id='word_1_742' title='bbox 1241 5157 1512 5212; x_wconf 78' lang='lat' dir='ltr'><strong>octavum,</strong></span> <span class='ocrx_word' id='word_1_743' title='bbox 1542 5148 1585 5201; x_wconf 92' lang='lat' dir='ltr'><strong>si</strong></span> <span class='ocrx_word' id='word_1_744' title='bbox 1632 5148 1735 5200; x_wconf 86' lang='lat' dir='ltr'><strong>hoc</strong></span> <span class='ocrx_word' id='word_1_745' title='bbox 1774 5148 1935 5201; x_wconf 83' lang='lat' dir='ltr'><strong>breve</strong></span> <span class='ocrx_word' id='word_1_746' title='bbox 1965 5156 2069 5213; x_wconf 82' lang='lat' dir='ltr'><strong>est,</strong></span> 
     </span>
    </p>
   </div>
   <div class='ocr_carea' id='block_1_99' title="bbox 496 5238 2067 5311">
    <p class='ocr_par' dir='ltr' id='par_1_99' title="bbox 496 5238 2067 5311">
     <span class='ocr_line' id='line_1_99' title="bbox 496 5238 2067 5311; baseline 0.001 -20"><span class='ocrx_word' id='word_1_747' title='bbox 496 5239 561 5291; x_wconf 89' lang='lat' dir='ltr'><strong>ad</strong></span> <span class='ocrx_word' id='word_1_748' title='bbox 596 5239 679 5295; x_wconf 84' lang='lat' dir='ltr'><strong>VII</strong></span> <span class='ocrx_word' id='word_1_749' title='bbox 733 5240 1131 5311; x_wconf 90' lang='lat' dir='ltr'><strong>rcsponsiorum</strong></span> <span class='ocrx_word' id='word_1_750' title='bbox 1186 5245 1442 5305; x_wconf 80' lang='lat' dir='ltr'><strong>notatur,r</strong></span> <span class='ocrx_word' id='word_1_751' title='bbox 1488 5246 1541 5292; x_wconf 92' lang='lat' dir='ltr'><strong>et</strong></span> <span class='ocrx_word' id='word_1_752' title='bbox 1592 5238 1657 5292; x_wconf 88' lang='lat' dir='ltr'><strong>ad</strong></span> <span class='ocrx_word' id='word_1_753' title='bbox 1698 5238 2067 5293; x_wconf 69' lang='lat' dir='ltr'><strong>duodecimam</strong></span> 
     </span>
    </p>
   </div>
   <div class='ocr_carea' id='block_1_100' title="bbox 495 5328 2067 5398">
    <p class='ocr_par' dir='ltr' id='par_1_100' title="bbox 495 5328 2067 5398">
     <span class='ocr_line' id='line_1_100' title="bbox 495 5328 2067 5398; baseline 0.001 -18"><span class='ocrx_word' id='word_1_754' title='bbox 495 5328 799 5396; x_wconf 83' lang='lat' dir='ltr'><strong>lectionem,</strong></span> <span class='ocrx_word' id='word_1_755' title='bbox 850 5331 917 5385; x_wconf 88' lang='lat' dir='ltr'><strong>ad</strong></span> <span class='ocrx_word' id='word_1_756' title='bbox 965 5346 1125 5398; x_wconf 88' lang='lat' dir='ltr'><strong>qttam</strong></span> <span class='ocrx_word' id='word_1_757' title='bbox 1180 5328 1444 5382; x_wconf 89' lang='lat' dir='ltr'><strong>incedenti</strong></span> <span class='ocrx_word' id='word_1_758' title='bbox 1493 5328 1728 5383; x_wconf 86' lang='lat' dir='ltr'><strong>universi</strong></span> <span class='ocrx_word' id='word_1_759' title='bbox 1759 5337 2067 5395; x_wconf 80' lang='lat' dir='ltr'><strong>assurgunt,</strong></span> 
     </span>
    </p>
   </div>
   <div class='ocr_carea' id='block_1_101' title="bbox 494 5418 2071 5491">
    <p class='ocr_par' dir='ltr' id='par_1_101' title="bbox 494 5418 2071 5491">
     <span class='ocr_line' id='line_1_101' title="bbox 494 5418 2071 5491; baseline -0.001 -16"><span class='ocrx_word' id='word_1_760' title='bbox 494 5438 593 5476; x_wconf 86' lang='lat' dir='ltr'><strong>nec</strong></span> <span class='ocrx_word' id='word_1_761' title='bbox 616 5424 823 5486; x_wconf 82' lang='lat' dir='ltr'><strong>sedent,</strong></span> <span class='ocrx_word' id='word_1_762' title='bbox 849 5423 1020 5474; x_wconf 86' lang='lat' dir='ltr'><strong>donec</strong></span> <span class='ocrx_word' id='word_1_763' title='bbox 1051 5422 1164 5488; x_wconf 88' lang='lat' dir='ltr'><strong>ipse</strong></span> <span class='ocrx_word' id='word_1_764' title='bbox 1193 5428 1555 5490; x_wconf 87' lang='lat' dir='ltr'><strong>pertranseat.</strong></span> <span class='ocrx_word' id='word_1_765' title='bbox 1596 5418 1673 5475; x_wconf 85' lang='lat' dir='ltr'><strong>Ne</strong></span> <span class='ocrx_word' id='word_1_766' title='bbox 1723 5429 1900 5475; x_wconf 89' lang='lat' dir='ltr'><strong>autem</strong></span> <span class='ocrx_word' id='word_1_767' title='bbox 1947 5435 2071 5491; x_wconf 70' lang='lat' dir='ltr'><strong>pro»</strong></span> 
     </span>
    </p>
   </div>
   <div class='ocr_carea' id='block_1_102' title="bbox 494 5508 2073 5581">
    <p class='ocr_par' dir='ltr' id='par_1_102' title="bbox 494 5508 2073 5581">
     <span class='ocr_line' id='line_1_102' title="bbox 494 5508 2073 5581; baseline 0.002 -19"><span class='ocrx_word' id='word_1_768' title='bbox 494 5519 609 5577; x_wconf 72' lang='lat' dir='ltr'><strong>pter</strong></span> <span class='ocrx_word' id='word_1_769' title='bbox 652 5512 796 5564; x_wconf 85' lang='lat' dir='ltr'><strong>iiinnt</strong></span> <span class='ocrx_word' id='word_1_770' title='bbox 828 5511 891 5563; x_wconf 83' lang='lat' dir='ltr'><strong>de</strong></span> <span class='ocrx_word' id='word_1_771' title='bbox 930 5508 1179 5579; x_wconf 80' lang='lat' dir='ltr'><strong>analogio</strong></span> <span class='ocrx_word' id='word_1_772' title='bbox 1228 5517 1584 5563; x_wconf 87' lang='lat' dir='ltr'><strong>revertentem</strong></span> <span class='ocrx_word' id='word_1_773' title='bbox 1631 5511 1805 5562; x_wconf 86' lang='lat' dir='ltr'><strong>denuo</strong></span> <span class='ocrx_word' id='word_1_774' title='bbox 1846 5526 2073 5581; x_wconf 80' lang='lat' dir='ltr'><strong>surgere</strong></span> 
     </span>
    </p>
   </div>
   <div class='ocr_carea' id='block_1_103' title="bbox 2178 4600 3717 4673">
    <p class='ocr_par' dir='ltr' id='par_1_103' title="bbox 2178 4600 3717 4673">
     <span class='ocr_line' id='line_1_103' title="bbox 2178 4600 3717 4673; baseline -0.002 -14"><span class='ocrx_word' id='word_1_775' title='bbox 2178 4602 2499 4659; x_wconf 85' lang='lat' dir='ltr'><strong>nonadcrit.</strong></span> <span class='ocrx_word' id='word_1_776' title='bbox 2556 4600 2880 4671; x_wconf 81' lang='lat' dir='ltr'><strong>Quieunquc</strong></span> <span class='ocrx_word' id='word_1_777' title='bbox 2930 4601 2996 4657; x_wconf 84' lang='lat' dir='ltr'><strong>de</strong></span> <span class='ocrx_word' id='word_1_778' title='bbox 3047 4602 3161 4657; x_wconf 77' lang='lat' dir='ltr'><strong>suis</strong></span> <span class='ocrx_word' id='word_1_779' title='bbox 3214 4604 3497 4673; x_wconf 82' lang='lat' dir='ltr'><strong>professis,</strong></span> <span class='ocrx_word' id='word_1_780' title='bbox 3539 4606 3626 4661; x_wconf 79' lang='lat' dir='ltr'><strong>nisi</strong></span> <span class='ocrx_word' id='word_1_781' title='bbox 3661 4605 3717 4659; x_wconf 88' lang='lat' dir='ltr'><strong>sit</strong></span> 
     </span>
    </p>
   </div>
   <div class='ocr_carea' id='block_1_104' title="bbox 2178 4693 3721 4770">
    <p class='ocr_par' dir='ltr' id='par_1_104' title="bbox 2178 4693 3721 4770">
     <span class='ocr_line' id='line_1_104' title="bbox 2178 4693 3721 4770; baseline -0.002 -19"><span class='ocrx_word' id='word_1_782' title='bbox 2178 4698 2365 4761; x_wconf 83' lang='lat' dir='ltr'><strong>abbas,</strong></span> <span class='ocrx_word' id='word_1_783' title='bbox 2396 4696 2569 4765; x_wconf 88' lang='lat' dir='ltr'><strong>ipsum</strong></span> <span class='ocrx_word' id='word_1_784' title='bbox 2608 4693 2904 4760; x_wconf 73' lang='lat' dir='ltr'><strong>osculatur,</strong></span> <span class='ocrx_word' id='word_1_785' title='bbox 2950 4703 3003 4749; x_wconf 85' lang='lat' dir='ltr'><strong>et</strong></span> <span class='ocrx_word' id='word_1_786' title='bbox 3057 4707 3183 4752; x_wconf 88' lang='lat' dir='ltr'><strong>ante</strong></span> <span class='ocrx_word' id='word_1_787' title='bbox 3229 4705 3284 4753; x_wconf 93' lang='lat' dir='ltr'><strong>et</strong></span> <span class='ocrx_word' id='word_1_788' title='bbox 3330 4708 3511 4770; x_wconf 83' lang='lat' dir='ltr'><strong>postea</strong></span> <span class='ocrx_word' id='word_1_789' title='bbox 3543 4697 3721 4753; x_wconf 80' lang='lat' dir='ltr'><strong>veniam</strong></span> 
     </span>
    </p>
   </div>
   <div class='ocr_carea' id='block_1_105' title="bbox 2177 4787 3717 4861">
    <p class='ocr_par' dir='ltr' id='par_1_105' title="bbox 2177 4787 3717 4861">
     <span class='ocr_line' id='line_1_105' title="bbox 2177 4787 3717 4861; baseline -0.002 -18"><span class='ocrx_word' id='word_1_790' title='bbox 2177 4790 2334 4861; x_wconf 89' lang='lat' dir='ltr'><strong>petit,</strong></span> <span class='ocrx_word' id='word_1_791' title='bbox 2366 4787 2467 4842; x_wconf 88' lang='lat' dir='ltr'><strong>nisi</strong></span> <span class='ocrx_word' id='word_1_792' title='bbox 2492 4787 2559 4842; x_wconf 86' lang='lat' dir='ltr'><strong>ad</strong></span> <span class='ocrx_word' id='word_1_793' title='bbox 2594 4787 2878 4841; x_wconf 90' lang='lat' dir='ltr'><strong>missarum</strong></span> <span class='ocrx_word' id='word_1_794' title='bbox 2910 4787 3173 4845; x_wconf 84' lang='lat' dir='ltr'><strong>solemnia</strong></span> <span class='ocrx_word' id='word_1_795' title='bbox 3211 4789 3301 4845; x_wconf 88' lang='lat' dir='ltr'><strong>sit.</strong></span> <span class='ocrx_word' id='word_1_796' title='bbox 3338 4788 3395 4845; x_wconf 87' lang='lat' dir='ltr'><strong>In</strong></span> <span class='ocrx_word' id='word_1_797' title='bbox 3438 4791 3599 4845; x_wconf 85' lang='lat' dir='ltr'><strong>medio</strong></span> <span class='ocrx_word' id='word_1_798' title='bbox 3621 4790 3717 4842; x_wconf 71' lang='grc' dir='ltr'><strong>ἀοι-ο</strong></span> 
     </span>
    </p>
   </div>
   <div class='ocr_carea' id='block_1_106' title="bbox 2176 4880 3717 4956">
    <p class='ocr_par' dir='ltr' id='par_1_106' title="bbox 2176 4880 3717 4956">
     <span class='ocr_line' id='line_1_106' title="bbox 2176 4880 3717 4956; baseline -0.002 -21"><span class='ocrx_word' id='word_1_799' title='bbox 2176 4884 2391 4938; x_wconf 89' lang='lat' dir='ltr'><strong>mitorio</strong></span> <span class='ocrx_word' id='word_1_800' title='bbox 2414 4892 2498 4939; x_wconf 89' lang='lat' dir='ltr'><strong>est</strong></span> <span class='ocrx_word' id='word_1_801' title='bbox 2544 4883 2713 4938; x_wconf 90' lang='lat' dir='ltr'><strong>lectus</strong></span> <span class='ocrx_word' id='word_1_802' title='bbox 2751 4881 2867 4953; x_wconf 86' lang='lat' dir='ltr'><strong>ejus</strong></span> <span class='ocrx_word' id='word_1_803' title='bbox 2900 4896 3067 4953; x_wconf 83' lang='lat' dir='ltr'><strong>prOpe</strong></span> <span class='ocrx_word' id='word_1_804' title='bbox 3094 4882 3435 4939; x_wconf 68' lang='lat' dir='ltr'><strong>crucifixum.</strong></span> <span class='ocrx_word' id='word_1_805' title='bbox 3470 4883 3571 4956; x_wconf 79' lang='lat' dir='ltr'><strong>(eo.</strong></span> <span class='ocrx_word' id='word_1_806' title='bbox 3603 4880 3717 4951; x_wconf 75' lang='lat' dir='ltr'><strong>rer.)</strong></span> 
     </span>
    </p>
   </div>
   <div class='ocr_carea' id='block_1_107' title="bbox 2178 4970 3713 5051">
    <p class='ocr_par' dir='ltr' id='par_1_107' title="bbox 2178 4970 3713 5051">
     <span class='ocr_line' id='line_1_107' title="bbox 2178 4970 3713 5051; baseline -0.005 -16"><span class='ocrx_word' id='word_1_807' title='bbox 2178 4978 2426 5036; x_wconf 82' lang='lat' dir='ltr'><strong>Sonitum</strong></span> <span class='ocrx_word' id='word_1_808' title='bbox 2458 4980 2572 5051; x_wconf 85' lang='lat' dir='ltr'><strong>ipse</strong></span> <span class='ocrx_word' id='word_1_809' title='bbox 2618 4979 2768 5047; x_wconf 87' lang='lat' dir='ltr'><strong>facit,</strong></span> <span class='ocrx_word' id='word_1_810' title='bbox 2798 4997 2903 5051; x_wconf 89' lang='lat' dir='ltr'><strong>qtto</strong></span> <span class='ocrx_word' id='word_1_811' title='bbox 2935 4985 3133 5040; x_wconf 82' lang='lat' dir='ltr'><strong>fratres</strong></span> <span class='ocrx_word' id='word_1_812' title='bbox 3160 4970 3404 5039; x_wconf 84' lang='lat' dir='ltr'><strong>diluculo</strong></span> <span class='ocrx_word' id='word_1_813' title='bbox 3431 4984 3493 5036; x_wconf 89' lang='lat' dir='ltr'><strong>ad</strong></span> <span class='ocrx_word' id='word_1_814' title='bbox 3521 4990 3713 5046; x_wconf 80' lang='lat' dir='ltr'><strong>surgen-</strong></span> 
     </span>
    </p>
   </div>
   <div class='ocr_carea' id='block_1_108' title="bbox 2176 5067 3717 5146">
    <p class='ocr_par' dir='ltr' id='par_1_108' title="bbox 2176 5067 3717 5146">
     <span class='ocr_line' id='line_1_108' title="bbox 2176 5067 3717 5146; baseline -0.003 -20"><span class='ocrx_word' id='word_1_815' title='bbox 2176 5072 2303 5126; x_wconf 89' lang='lat' dir='ltr'><strong>dum</strong></span> <span class='ocrx_word' id='word_1_816' title='bbox 2353 5071 2681 5128; x_wconf 74' lang='lat' dir='ltr'><strong>excitantur.</strong></span> <span class='ocrx_word' id='word_1_817' title='bbox 2724 5072 2849 5141; x_wconf 84' lang='lat' dir='ltr'><strong>Qui,</strong></span> <span class='ocrx_word' id='word_1_818' title='bbox 2891 5076 2935 5131; x_wconf 89' lang='lat' dir='ltr'><strong>si</strong></span> <span class='ocrx_word' id='word_1_819' title='bbox 2991 5076 3282 5146; x_wconf 79' lang='lat' dir='ltr'><strong>aliquando</strong></span> <span class='ocrx_word' id='word_1_820' title='bbox 3338 5074 3503 5129; x_wconf 79' lang='lat' dir='ltr'><strong>solito</strong></span> <span class='ocrx_word' id='word_1_821' title='bbox 3544 5067 3717 5125; x_wconf 69' lang='lat' dir='ltr'><strong>mulius</strong></span> 
     </span>
    </p>
   </div>
   <div class='ocr_carea' id='block_1_109' title="bbox 2175 5160 3713 5234">
    <p class='ocr_par' dir='ltr' id='par_1_109' title="bbox 2175 5160 3713 5234">
     <span class='ocr_line' id='line_1_109' title="bbox 2175 5160 3713 5234; baseline -0.002 -19"><span class='ocrx_word' id='word_1_822' title='bbox 2175 5160 2394 5229; x_wconf 79' lang='lat' dir='ltr'><strong>dormit,</strong></span> <span class='ocrx_word' id='word_1_823' title='bbox 2422 5162 2571 5233; x_wconf 85' lang='lat' dir='ltr'><strong>prior</strong></span> <span class='ocrx_word' id='word_1_824' title='bbox 2591 5178 2690 5233; x_wconf 92' lang='lat' dir='ltr'><strong>pro</strong></span> <span class='ocrx_word' id='word_1_825' title='bbox 2720 5179 2784 5217; x_wconf 90' lang='lat' dir='ltr'><strong>eo</strong></span> <span class='ocrx_word' id='word_1_826' title='bbox 2813 5164 3047 5227; x_wconf 90' lang='lat' dir='ltr'><strong>sonitum</strong></span> <span class='ocrx_word' id='word_1_827' title='bbox 3086 5165 3235 5219; x_wconf 87' lang='lat' dir='ltr'><strong>facit.</strong></span> <span class='ocrx_word' id='word_1_828' title='bbox 3280 5163 3338 5219; x_wconf 78' lang='lat' dir='ltr'><strong>Si</strong></span> <span class='ocrx_word' id='word_1_829' title='bbox 3371 5164 3480 5234; x_wconf 92' lang='lat' dir='ltr'><strong>ipse</strong></span> <span class='ocrx_word' id='word_1_830' title='bbox 3507 5169 3713 5232; x_wconf 66' lang='lat' dir='ltr'><strong>pntsscns</strong></span> 
     </span>
    </p>
   </div>
   <div class='ocr_carea' id='block_1_110' title="bbox 2174 5246 3712 5328">
    <p class='ocr_par' dir='ltr' id='par_1_110' title="bbox 2174 5246 3712 5328">
     <span class='ocr_line' id='line_1_110' title="bbox 2174 5246 3712 5328; baseline -0.004 -19"><span class='ocrx_word' id='word_1_831' title='bbox 2174 5262 2276 5319; x_wconf 81' lang='lat' dir='ltr'><strong>est,</strong></span> <span class='ocrx_word' id='word_1_832' title='bbox 2306 5255 2521 5323; x_wconf 90' lang='lat' dir='ltr'><strong>quando</strong></span> <span class='ocrx_word' id='word_1_833' title='bbox 2557 5256 2624 5309; x_wconf 88' lang='lat' dir='ltr'><strong>ad</strong></span> <span class='ocrx_word' id='word_1_834' title='bbox 2653 5256 2944 5328; x_wconf 76' lang='lat' dir='ltr'><strong>capitulum</strong></span> <span class='ocrx_word' id='word_1_835' title='bbox 2972 5256 3175 5327; x_wconf 83' lang='lat' dir='ltr'><strong>pulsari</strong></span> <span class='ocrx_word' id='word_1_836' title='bbox 3219 5256 3397 5319; x_wconf 88' lang='lat' dir='ltr'><strong>debet,</strong></span> <span class='ocrx_word' id='word_1_837' title='bbox 3445 5269 3535 5324; x_wconf 85' lang='lat' dir='ltr'><strong>per</strong></span> <span class='ocrx_word' id='word_1_838' title='bbox 3578 5266 3645 5309; x_wconf 88' lang='lat' dir='ltr'><strong>se,</strong></span> <span class='ocrx_word' id='word_1_839' title='bbox 3675 5246 3712 5299; x_wconf 76' lang='lat' dir='ltr'><strong>si</strong></span> 
     </span>
    </p>
   </div>
   <div class='ocr_carea' id='block_1_111' title="bbox 2173 5341 3712 5418">
    <p class='ocr_par' dir='ltr' id='par_1_111' title="bbox 2173 5341 3712 5418">
     <span class='ocr_line' id='line_1_111' title="bbox 2173 5341 3712 5418; baseline -0.005 -18"><span class='ocrx_word' id='word_1_840' title='bbox 2173 5347 2290 5401; x_wconf 65' lang='lat' dir='ltr'><strong>vnit</strong></span> <span class='ocrx_word' id='word_1_841' title='bbox 2314 5348 2507 5416; x_wconf 74' lang='lat' dir='ltr'><strong>pulsat.</strong></span> <span class='ocrx_word' id='word_1_842' title='bbox 2538 5352 2554 5369; x_wconf 84' lang='lat'><strong><em>‘</em></strong></span> <span class='ocrx_word' id='word_1_843' title='bbox 2584 5348 2641 5403; x_wconf 92' lang='lat' dir='ltr'><strong>Si</strong></span> <span class='ocrx_word' id='word_1_844' title='bbox 2670 5359 2851 5404; x_wconf 88' lang='lat' dir='ltr'><strong>autem</strong></span> <span class='ocrx_word' id='word_1_845' title='bbox 2885 5362 3125 5418; x_wconf 64' lang='lat' dir='ltr'><strong>praesens</strong></span> <span class='ocrx_word' id='word_1_846' title='bbox 3153 5364 3258 5402; x_wconf 91' lang='lat' dir='ltr'><strong>non</strong></span> <span class='ocrx_word' id='word_1_847' title='bbox 3296 5357 3397 5412; x_wconf 89' lang='lat' dir='ltr'><strong>est,</strong></span> <span class='ocrx_word' id='word_1_848' title='bbox 3443 5362 3536 5400; x_wconf 92' lang='lat' dir='ltr'><strong>non</strong></span> <span class='ocrx_word' id='word_1_849' title='bbox 3575 5341 3712 5395; x_wconf 85' lang='lat' dir='ltr'><strong>debet</strong></span> 
     </span>
    </p>
   </div>
   <div class='ocr_carea' id='block_1_112' title="bbox 2172 5429 3714 5511">
    <p class='ocr_par' dir='ltr' id='par_1_112' title="bbox 2172 5429 3714 5511">
     <span class='ocr_line' id='line_1_112' title="bbox 2172 5429 3714 5511; baseline -0.002 -20"><span class='ocrx_word' id='word_1_850' title='bbox 2172 5437 2397 5507; x_wconf 88' lang='lat' dir='ltr'><strong>pulsari,</strong></span> <span class='ocrx_word' id='word_1_851' title='bbox 2433 5440 2534 5494; x_wconf 90' lang='lat' dir='ltr'><strong>nisi</strong></span> <span class='ocrx_word' id='word_1_852' title='bbox 2565 5440 2954 5511; x_wconf 77' lang='lat' dir='ltr'><strong>pnenttntietur</strong></span> <span class='ocrx_word' id='word_1_853' title='bbox 2993 5440 3089 5505; x_wconf 91' lang='lat' dir='ltr'><strong>illi,</strong></span> <span class='ocrx_word' id='word_1_854' title='bbox 3136 5440 3245 5504; x_wconf 90' lang='lat' dir='ltr'><strong>etti,</strong></span> <span class='ocrx_word' id='word_1_855' title='bbox 3297 5440 3340 5494; x_wconf 91' lang='lat' dir='ltr'><strong>si</strong></span> <span class='ocrx_word' id='word_1_856' title='bbox 3378 5439 3498 5501; x_wconf 86' lang='lat' dir='ltr'><strong>vult,</strong></span> <span class='ocrx_word' id='word_1_857' title='bbox 3544 5435 3591 5487; x_wconf 88' lang='lat' dir='ltr'><strong>itt</strong></span> <span class='ocrx_word' id='word_1_858' title='bbox 3625 5429 3714 5500; x_wconf 80' lang='grc' dir='ltr'><strong>ι)ῐί-</strong></span> 
     </span>
    </p>
   </div>
   <div class='ocr_carea' id='block_1_113' title="bbox 2175 5517 3709 5600">
    <p class='ocr_par' dir='ltr' id='par_1_113' title="bbox 2175 5517 3709 5600">
     <span class='ocr_line' id='line_1_113' title="bbox 2175 5517 3709 5600; baseline -0.008 -17"><span class='ocrx_word' id='word_1_859' title='bbox 2175 5530 2383 5584; x_wconf 86' lang='lat' dir='ltr'><strong>mordio</strong></span> <span class='ocrx_word' id='word_1_860' title='bbox 2412 5531 2693 5593; x_wconf 88' lang='lat' dir='ltr'><strong>interesse,</strong></span> <span class='ocrx_word' id='word_1_861' title='bbox 2736 5538 2790 5585; x_wconf 89' lang='lat' dir='ltr'><strong>ct</strong></span> <span class='ocrx_word' id='word_1_862' title='bbox 2825 5530 2869 5587; x_wconf 88' lang='lat' dir='ltr'><strong>si</strong></span> <span class='ocrx_word' id='word_1_863' title='bbox 2902 5530 3099 5600; x_wconf 82' lang='lat' dir='ltr'><strong>aliquid</strong></span> <span class='ocrx_word' id='word_1_864' title='bbox 3122 5547 3186 5584; x_wconf 76' lang='lat' dir='ltr'><strong>ex</strong></span> <span class='ocrx_word' id='word_1_865' title='bbox 3226 5529 3470 5585; x_wconf 71' lang='lat' dir='ltr'><strong>maximis</strong></span> <span class='ocrx_word' id='word_1_866' title='bbox 3488 5517 3709 5580; x_wconf 78' lang='lat' dir='ltr'><strong>solemni-</strong></span> 
     </span>
    </p>
   </div>
   <div class='ocr_carea' id='block_1_114' title="bbox 569 5682 2704 5756">
    <p class='ocr_par' dir='ltr' id='par_1_114' title="bbox 569 5682 2704 5756">
     <span class='ocr_line' id='line_1_114' title="bbox 569 5682 2704 5756; baseline -0.003 -17"><span class='ocrx_word' id='word_1_867' title='bbox 569 5686 710 5755; x_wconf 63' lang='grc'><strong>(121)</strong></span> <span class='ocrx_word' id='word_1_868' title='bbox 750 5688 924 5749; x_wconf 81' lang='lat' dir='ltr'><strong>llest,</strong></span> <span class='ocrx_word' id='word_1_869' title='bbox 963 5702 1058 5756; x_wconf 83' lang='lat' dir='ltr'><strong>pro</strong></span> <span class='ocrx_word' id='word_1_870' title='bbox 1096 5685 1269 5754; x_wconf 75' lang='lat' dir='ltr'><strong>gratia</strong></span> <span class='ocrx_word' id='word_1_871' title='bbox 1312 5700 1472 5753; x_wconf 78' lang='lat' dir='ltr'><strong>Super</strong></span> <span class='ocrx_word' id='word_1_872' title='bbox 1518 5686 1685 5740; x_wconf 33' lang='lat' dir='ltr'><strong>scibit:</strong></span> <span class='ocrx_word' id='word_1_873' title='bbox 1738 5686 1889 5739; x_wconf 68' lang='lat' dir='ltr'><strong>sedet</strong></span> <span class='ocrx_word' id='word_1_874' title='bbox 1944 5685 2065 5739; x_wconf 76' lang='lat' dir='ltr'><strong>aliis</strong></span> <span class='ocrx_word' id='word_1_875' title='bbox 2088 5682 2476 5738; x_wconf 70' lang='lat' dir='ltr'><strong>inclitmntibus</strong></span> <span class='ocrx_word' id='word_1_876' title='bbox 2509 5683 2704 5750; x_wconf 77' lang='lat' dir='ltr'><strong>rapito.</strong></span> 
     </span>
    </p>
   </div>
  </div>
