3890 6314
159 364 273 422 (ιιι

1143 361 1555 427 CONSTITUT.
1595 362 1916 418 IllllSAUG.
1948 394 2015 402 —
2041 362 2170 417 LIB.
2203 362 2260 416 ll.

3245 360 3381 417 una

159 479 335 534 tatibus
366 476 549 543 instat,
571 474 880 547 eapellanus
919 474 1056 545 ejus,
1090 486 1378 549 antequam
1422 480 1573 534 scilla
1611 480 1694 535 di-
1724 466 1768 523 Α
1800 482 1902 538 tale
1924 482 2051 552 quid
2086 480 2363 546 ceciderit,
2393 480 2647 551 quoniam
2696 479 2819 536 talis
2851 496 2937 536 res
2970 495 3079 534 non
3112 480 3231 537 sine
3282 495 3378 546 pc-

162 570 394 633 utittatur,
429 568 479 624 in
500 568 765 625 minorem
790 569 1016 625 chorum
1048 570 1288 637 divertit,
1314 572 1497 642 ibique
1525 574 1699 629 donec

156 670 422 718 conventus
456 662 751 732 praecedat,
796 662 1062 728 subsistit,
1094 673 1149 718 et
1192 673 1317 720 tunc
1362 664 1696 735 pastoralem

159 752 332 823 virgam
352 750 501 821 juxta
525 751 802 808 introitum
823 754 976 809 chori
990 752 1194 826 jugiter
1215 756 1442 826 positam
1475 756 1715 825 accipit,

152 853 202 898 et
225 852 336 899 ante
358 843 606 901 lectorem
634 846 927 916 capitulum
957 847 1255 918 ingreditur
1288 857 1449 918 atque
1475 848 1541 901 ad
1566 850 1696 901 dex-

159 944 273 991 tram
290 934 461 990 domni
491 936 698 1001 abbatis
722 936 894 1009 ponit,
910 937 1166 1010 ﬁnitoque
1184 938 1422 1009 capitulo
1446 937 1572 993 illuc
1598 936 1690 992 ubi

157 1027 282 1097 prius
301 1038 598 1101 acceperat,
632 1031 865 1100 reponit.

212 1119 627 1191 Quantlocunque
652 1138 721 1178 eo
744 1133 1011 1193 prtesente
1040 1140 1234 1181 nomen
1262 1124 1379 1195 ejus
1413 1124 1611 1181 fratres
1641 1124 1693 1180 in

155 1210 279 1265 brevi
330 1212 539 1267 recitari
595 1215 895 1278 audierint,
943 1232 1134 1272 omnes
1174 1200 1601 1288 quotiescunque
1644 1226 1697 1273 et

157 1300 250 1370 ipse
280 1299 551 1361 inclinant.
589 1303 769 1363 Finito
810 1321 1095 1374 sermone,
1129 1308 1176 1363 si
1211 1308 1333 1365 talis
1358 1324 1615 1365 excessus
1643 1310 1695 1363 in

155 1394 472 1449 sacramentis
530 1397 632 1451 sibi
686 1397 828 1452 forte
869 1400 1087 1467 accidit,
1141 1402 1158 1421 '
1209 1401 1426 1470 quando
1474 1401 1695 1456 missam

148 1484 431 1583 celebravit,
469 1487 683 1547 scilicet
728 1490 774 1546 si
801 1490 984 1573 vinum
1034 1492 1152 1549 sine
1188 1509 1349 1563 aqua,
1382 1494 1461 1549 vel
1499 1510 1694 1564 aquam

151 1578 250 1628 sine
268 1578 402 1639 vino,
430 1590 529 1645 pro
574 1578 836 1646 sanguine
866 1579 1077 1634 Domini
1129 1581 1488 1644 consecravit,
1522 1580 1605 1636 vel
1646 1580 1695 1635 si

148 1665 261 1733 quid
290 1664 350 1720 de
394 1666 597 1723 eisdem
647 1671 1008 1728 sacramentis
1047 1673 1263 1735 cecidit,
1299 1672 1382 1728 vel
1424 1673 1468 1728 si
1501 1688 1696 1743 corpus

152 1753 332 1812 Domini
352 1756 431 1813 bis
453 1761 692 1831 accepit;
723 1760 827 1817 hoc
855 1763 1014 1819 modo
1034 1779 1195 1836 agere
1217 1764 1427 1836 incipit.
1454 1764 1693 1819 Priinum

149 1843 353 1901 sedendo
377 1864 499 1904 cum
547 1851 697 1906 omni
742 1852 1050 1909 humilitate
1097 1870 1156 1909 se
1185 1866 1426 1920 accusat,
1471 1871 1636 1925 seque
1664 1873 1693 1909 a

150 1934 373 1996 fratribus
396 1953 561 2010 super
591 1943 697 1998 hoc
739 1943 982 2015 adjuvari
1014 1946 1251 2016 postulat
1283 1965 1296 2001 :
1336 1961 1443 2014 quo
1488 1946 1695 2012 audito,

149 2026 368 2095 ministri,
395 2031 485 2099 qui
518 2032 613 2089 ubi
663 2033 802 2089 idem
842 2050 1099 2092 excessus
1134 2038 1383 2108 contigit,
1428 2038 1698 2093 ministra.-

154 2130 330 2185 verant,
346 2132 594 2193 surgunt,
617 2135 672 2180 et
695 2127 861 2197 petita
888 2129 1042 2183 venia
1070 2130 1123 2184 in
1152 2130 1695 2201 stamincojudicium

149 2210 401 2281 accipiunt.
429 2214 542 2271 illis
592 2232 722 2274 vero
766 2219 834 2273 ad
879 2220 1062 2275 sedem
1118 2236 1271 2276 suam
1325 2222 1695 2284 redeuntibus,

148 2317 307 2359 omnes
334 2308 646 2368 sacerdotes
691 2308 925 2366 officium
973 2312 1155 2368 missae
1196 2312 1556 2378 celebrantes,
1603 2328 1697 2369 ve-

149 2393 269 2450 niam
311 2407 511 2465 petunt.
575 2400 650 2455 De
693 2401 892 2475 quibus
934 2404 1223 2474 septimum
1270 2405 1313 2461 si
1367 2406 1600 2471 videtur,
1643 2415 1698 2462 et

148 2496 365 2544 octavum
400 2490 515 2549 vice
551 2507 646 2546 sua
686 2493 860 2566 eligit,
890 2504 943 2551 et
981 2497 1105 2563 hos,
1150 2499 1294 2553 sicut
1323 2508 1378 2553 et
1418 2499 1698 2556 ministros

143 2575 366 2645 judicium
407 2582 539 2639 facit
578 2585 785 2654 subire,
816 2586 1077 2660 finitoque
1105 2589 1371 2661 capitales
1398 2600 1523 2661 post
1551 2591 1697 2662 psal-

149 2686 243 2727 mos
276 2670 426 2733 Verba
473 2694 595 2735 mea
625 2687 912 2735 cantautur
940 2692 1151 2752 septem
1192 2682 1383 2753 psalmi
1427 2684 1697 2753 poeniten-

148 2764 276 2821 tiales
299 2782 327 2821 a
360 2766 624 2826 fratribus
652 2773 957 2840 prostratis,
989 2773 1091 2829 nisi
1135 2775 1252 2830 dies
1292 2776 1363 2831 sit
1399 2768 1693 2845 Paschalis,

145 2865 191 2907 et
229 2855 465 2914 dicuntur
517 2861 605 2915 lue
647 2863 965 2919 orationes:
1018 2863 1255 2920 Concede
1305 2884 1398 2921 nos
1444 2866 1694 2937 (urnulas.

148 2943 437 3017 lnaﬂ‘ubilem
457 2952 541 3008 vel
561 2954 778 3020 exaudi,
804 2972 1126 3026 quintumut,
1143 2957 1383 3026 Domine,
1405 2959 1698 3031 praemissis

148 3037 216 3093 liis
233 3044 480 3100 versibus.
518 3043 646 3100 Post
664 3035 1135 3118 partum.'Versus.
1156 3050 1364 3121 Adjnva
1393 3069 1509 3118 nos,
1533 3051 1693 3108 Deus.

147 3131 315 3193 Verum
339 3141 463 3212 quia
491 3143 735 3213 prmdicti
767 3156 1021 3200 excessus
1043 3160 1152 3200 non
1176 3146 1349 3203 solum
1382 3147 1584 3213 abbati,
1603 3149 1696 3204 sed

142 3238 188 3283 et
229 3230 339 3287 aliis
382 3232 651 3289 fratribus
692 3235 912 3290 diverso
961 3236 1122 3291 modo
1174 3245 1398 3308 possunt
1444 3240 1688 3304 evenire,

145 3340 278 3391 quam
322 3328 532 3385 diverse
590 3328 755 3384 etiam
819 3330 1175 3386 emendentur
1258 3346 1362 3386 non
1424 3343 1508 3388 est
1571 3336 1697 3389 reti.

143 3415 358 3471 condunt.

726 3508 957 3566 CAPUT
993 3510 1081 3569 lli.

146 3614 263 3680 Quid
290 3623 547 3691 agendum
568 3623 661 3693 sit,
689 3623 735 3676 si
762 3621 897 3691 forte
924 3623 1235 3693 negligentia
1270 3624 1449 3693 aliqua
1489 3641 1543 3679 tu
1582 3642 1698 3678 cor-

355 3709 479 3763 pore
502 3692 585 3748 ve!
609 3694 664 3747 in
690 3695 949 3764 sanguine
972 3692 1185 3748 Domini
1205 3692 1447 3749 evener’t.

203 3785 217 3800 '
249 3782 300 3838 8i
341 3783 408 3841 de
450 3786 717 3857 sanguine
760 3786 970 3840 Domini
1014 3786 1217 3857 aliquid
1253 3787 1512 3844 ceciderit
1536 3803 1701 3859 super

145 3874 412 3942 corporale,
442 3876 847 3932 recondendum
896 3875 1071 3947 ipsum
1119 3878 1420 3947 corporale,
1462 3893 1527 3933 ac
1581 3878 1700 3933 loco

146 3962 461 4034 reliquiarum
514 3967 865 4023 servandum.
914 3966 972 4021 εἰ
1020 3980 1185 4036 super
1231 3966 1427 4036 pallam
1482 3967 1696 4034 altaris,

147 4050 399 4111 incidenda
426 4066 515 4113 est
543 4056 805 4127 particula
853 4056 989 4127 ipsa,
1038 4063 1092 4112 et
1141 4071 1240 4125 pro
1289 4055 1532 4126 reliquiis
1578 4074 1700 4113 ser-

146 4145 314 4202 vanda.
340 4148 396 4204 Si
418 4162 586 4218 super
611 4150 851 4206 casulam
884 4147 1135 4207 similiter
1160 4150 1357 4221 agitur.
1403 4150 1461 4206 Si
1492 4166 1620 4206 vero
1645 4151 1699 4207 in

147 4243 346 4304 terram,
390 4240 680 4313 lingendus
714 4281 729 4308 ,
775 4242 1162 4313 extergendus,
1216 4252 1379 4314 atque
1432 4245 1702 4301 radendus

143 4328 390 4399 estlocus,
420 4335 539 4390 sive
566 4333 720 4405 lapis,
766 4334 878 4390 sive
926 4343 1095 4401 terra,
1141 4336 1362 4406 ipseque
1414 4336 1593 4406 pulvis
1644 4336 1699 4391 in

144 4425 376 4488 sacrario,
398 4426 485 4481 vel
517 4426 574 4481 in
605 4426 809 4497 piscina
847 4424 1241 4483 recondendus.
1278 4426 1327 4483 is
1363 4437 1568 4496 autem,
1613 4430 1699 4484 cui

1800 572 1970 627 rieulo
1994 582 2170 644 potest
2194 572 2402 642 glutiri,
2432 586 2554 626 eum
2583 586 2803 626 necesse
2831 580 2935 638 est,
2971 571 3093 641 igne
3125 586 3378 624 creman-

1798 664 1924 719 dum
1977 674 2078 720 est.
2136 661 2452 719 Salisfactio
2506 671 2685 716 autem
2738 662 3041 733 lmjnsmodi
3103 676 3261 716 casus
3323 661 3376 714 in

1799 755 2024 811 arbitrio
2077 755 2415 825 praesidentis
2444 762 2547 819 est,
2579 769 2695 823 quo
2718 754 2927 810 scilicet
2976 754 3074 821 illi,
3131 755 3216 809 cui
3276 755 3378 809 huc

1800 845 1999 909 evenit,
2029 853 2122 899 aut
2151 843 2414 915 judicium
2445 844 2711 914 accipere,
2742 854 2835 898 aut
2892 842 3129 913 psalmos
3164 843 3372 914 jubear,

1802 944 1897 991 atat
1943 935 2107 991 etiam
2139 935 2352 1005 publice
2384 935 2756 1004 eleemosynas
2802 932 2953 1000 dare,
3004 933 3088 988 vel
3138 933 3190 987 in
3243 949 3377 988 con-

1797 1036 1957 1082 ventu
1984 1026 2240 1097 psalmos,
2278 1032 2438 1099 prout
2462 1024 2564 1081 sibi
2604 1023 2838 1090 videtur,
2876 1023 3165 1078 decantare
3184 1024 3375 1092 praeci-

1797 1120 1927 1192 piat.

1871 1210 2157 1266 Sciendum
2187 1216 2367 1264 autem
2393 1207 2515 1277 quia
2554 1205 2986 1278 quandocunque
3010 1204 3170 1260 alicui
3225 1205 3377 1259 fratri

1796 1305 1977 1374 aliqua
2010 1303 2076 1359 de
2107 1302 2226 1358 istis
2253 1300 2591 1373 negiigentiis
2626 1307 2744 1369 post
2772 1296 3064 1367 capitulum
3092 1297 3377 1367 contingit,

1793 1409 2138 1469 nequaquam
2166 1394 2474 1450 emendatio
2504 1392 2767 1457 dili'ertur,
2798 1388 2891 1445 sed
2918 1389 3098 1451 abbati
3123 1388 3241 1443 sine
3273 1402 3381 1457 quo

1800 1502 2074 1557 nunquam
2106 1483 2410 1554 huiusmodi
2437 1498 2525 1539 res
2548 1492 2834 1549 tractatur,
2869 1482 2917 1539 si
2935 1490 3023 1537 est
3042 1482 3095 1535 in
3123 1479 3379 1541 claustro,

1800 1581 2112 1644 intimatur;
2162 1591 2393 1647 moxque
2435 1577 2503 1631 ad
2538 1575 2918 1632 convocandos
2970 1573 3165 1627 fratres
3199 1571 3381 1626 tabula

1799 1670 2117 1743 percutitur.
2154 1668 2589 1741 Quotiescunque
2633 1666 2873 1741 domnus
2904 1664 3070 1721 abbas
3116 1663 3182 1717 ad
3238 1663 3382 1729 capi-

1804 1762 1972 1817 tulum
1996 1760 2232 1829 venerit,
2267 1774 2367 1815 nec
2393 1759 2461 1814 ab
2489 1756 2671 1828 aliquo
2697 1754 2856 1811 venia
2881 1754 2990 1813 illic
3031 1753 3256 1826 petitur,
3285 1767 3383 1807 nec

1799 1855 2085 1924 quisquam
2131 1850 2477 1915 inelamatur,
2503 1849 2676 1904 donec
2706 1846 2749 1901 si
2779 1847 2910 1919 quid
2942 1845 3027 1900 illa
3062 1845 3176 1900 vicc
3203 1842 3380 1896 dictu-

1801 1957 1892 1997 rus
1921 1951 2029 2006 est,
2054 1940 2275 1996 ﬁnierit.
2308 1940 2365 1995 Si
2397 1954 2669 2011 quoquam
2720 1937 3058 2009 profecturus
3089 1934 3284 2001 luerat,
3327 1940 3381 1997 ct

1800 2031 2016 2086 interim
2072 2030 2232 2099 aliqui
2288 2030 2519 2087 fratrum
2570 2037 2881 2095 nostrorum
2937 2024 3203 2085 obicrant,
3261 2031 3383 2099 post

1800 2122 2033 2177 reditum
2065 2136 2221 2176 suum
2254 2121 2319 2174 ad
2348 2120 2584 2190 primum
2619 2116 2909 2187 capitulum
2933 2116 3001 2170 ab
3029 2111 3266 2172 armario
3299 2118 3384 2166 est

1798 2212 2191 2277 admouendus,
2228 2219 2287 2265 ut
2310 2209 2698 2281 indulgentiam
2727 2216 2969 2278 exoptct.

2413 2300 2768 2357 CAPUTIV.
2958 2370 2961 2371 ν

2261 2392 2335 2447 De
2372 2392 2534 2461 {intre
2573 2392 2919 2447 incarcerem.

1869 2491 1885 2512 ‘
1927 2487 1986 2543 Si
2014 2485 2236 2541 fratrem
2263 2483 2497 2555 aliquem
2529 2481 2923 2538 incarceratum
2965 2477 3189 2539 invenit,
3221 2491 3381 2545 quem

1797 2581 1956 2653 digna
1994 2578 2308 2650 paenitentia
2330 2591 2427 2648 pro
2451 2575 2761 2632 testimonio
2789 2574 2987 2644 prioris
3001 2580 3056 2625 et
3080 2570 3379 2630 seniorum,

1793 2684 1934 2741 quos
1966 2670 2078 2741 ipse
2128 2667 2275 2739 prior
2319 2666 2387 2721 ad
2435 2666 2666 2721 eundem
2710 2666 3002 2725 direxerat,
3045 2662 3111 2715 de
3159 2674 3382 2716 carcere

1798 2761 2015 2817 liberari
2036 2760 2305 2830 exposcit,
2331 2758 2473 2812 hunc
2494 2756 2663 2830 petita
2686 2757 2839 2811 venia
2866 2770 2962 2821 pro
2984 2770 3049 2809 eo
3083 2753 3151 2807 ab
3174 2751 3379 2806 eisdem

1797 2853 2104 2911 senioribus
2139 2852 2295 2921 jubet
2343 2850 2587 2915 dissolvi,
2633 2859 2686 2903 et
2729 2849 2780 2902 in
2821 2846 3115 2918 capitulum
3164 2842 3379 2903 adduci,

1798 2946 1887 3017 qui
1931 2953 1990 2999 ut
2029 2959 2126 3001 cor
2160 2943 2435 3014 paenitens
2474 2940 2689 2996 veniam
2739 2937 2969 3011 petendo
3023 2937 3380 2997 demonstrat,

1791 3037 1946 3108 jubet
1972 3052 2096 3093 eum
2133 3036 2185 3091 in
2214 3035 2402 3090 ultimo
2432 3033 2643 3107 sedere,
2675 3030 2973 3093 autetiam,
3001 3029 3046 3083 si
3081 3026 3292 3087 videtur
3317 3022 3383 3077 de

1796 3131 1982 3186 eadem
2013 3145 2155 3185 noxa
2194 3128 2415 3184 omnino
2455 3126 2680 3182 liberum
2711 3140 2851 3179 esse.
2895 3122 2951 3178 Si
2980 3121 3194 3192 quando
3245 3117 3383 3173 infra

1800 3236 2105 3277 sermonem
2122 3221 2189 3275 ad
2207 3218 2501 3288 capitulum
2524 3217 2752 3282 accedit,
2786 3215 3097 3285 priusquam
3126 3211 3201 3266 illi
3234 3210 3383 3263 finia-

1801 3320 1889 3368 tur
1914 3330 2022 3370 uon
2051 3314 2235 3368 intrat.
2267 3312 2480 3366 lntrans
2510 3318 2711 3375 autem,
2748 3308 2790 3362 si
2831 3306 3054 3361 fratrem
3100 3305 3152 3359 in
3182 3304 3384 3373 judicio

1800 3412 2059 3469 stantem,
2087 3402 2170 3458 vel
2194 3402 2357 3457 etiam
2379 3411 2602 3455 exutum
2625 3397 2855 3460 invenit,
2886 3396 3030 3449 hunc
3070 3393 3217 3464 prior
3258 3406 3383 3446 mox

1800 3498 1991 3552 sedere
2021 3495 2169 3560 facit,
2202 3503 2257 3550 et
2288 3493 2332 3548 si
2365 3492 2487 3547 talis
2510 3500 2593 3546 est
2638 3487 2983 3559 negligentia,
3027 3499 3146 3555 quae
3178 3499 3282 3537 non
3312 3482 3385 3536 sit

1800 3586 1991 3642 leviter
2036 3582 2374 3649 dimittenda,
2430 3588 2560 3635 tunc
2610 3579 2740 3633 dicit
2789 3577 2885 3632 ei:
2942 3574 3021 3629 Ite
3071 3588 3289 3636 sessum,
3335 3580 3384 3624 et

1799 3688 1978 3750 postea
2013 3676 2196 3731 mlite.
2246 3674 2348 3741 Qui
2386 3686 2660 3736 reversus,
2692 3667 2957 3743 profunde
2988 3664 3210 3720 inclinat
3260 3664 3385 3734 (hoc

1801 3786 1832 3826 a
1867 3770 2109 3842 quolibet
2136 3766 2481 3831 observatur,
2534 3763 2625 3837 qui
2671 3764 2774 3818 hoc
2805 3761 2964 3817 modo
2995 3760 3073 3814 ire
3117 3766 3171 3813 et
3208 3757 3387 3811 redire

1794 3861 2061 3932 jubetur),
2095 3860 2161 3914 ad
2203 3858 2319 3929 ejus
2366 3855 2651 3911 introitum
2710 3853 2911 3909 fratres
2966 3858 3288 3921 assurgunt,
3333 3857 3388 3901 et

1801 3952 1968 4010 erecti
2002 3961 2129 4009 ante
2152 3950 2411 4019 scabella,
2444 3948 2617 4003 donec
2645 3952 3006 4018 pertranseat,
3052 3942 3378 3997 consistunt.

1874 4045 1932 4099 Si
1958 4046 2024 4099 de
2051 4043 2229 4113 aliqua
2265 4039 2656 4097 consuetudine
2684 4037 2979 4102 dubitatur,
3011 4032 3271 4104 quidquid
3297 4030 3384 4085 illo

1803 4137 2077 4201 communi
2114 4135 2393 4201 seniorum
2441 4132 2668 4188 consilio
2718 4130 2917 4184 ibidem
2962 4125 3265 4189 delinierit,
3321 4123 3386 4176 de

1802 4237 1999 4291 cetero
2031 4227 2185 4298 quasi
2207 4241 2306 4297 pro
2348 4225 2466 4295 lege
2490 4231 2717 4291 tenetur.
2750 4221 2884 4276 Nam
2927 4219 3028 4273 hoc
3064 4224 3273 4287 oportet
3298 4229 3385 4267 se-

1805 4321 2006 4384 niores,
2031 4328 2289 4389 quantum
2323 4318 2375 4373 in
2407 4316 2541 4387 ipsis
2571 4323 2678 4381 est,
2714 4312 3018 4384 providere,
3046 4325 3114 4363 ne
3147 4322 3385 4377 unquam

1804 4429 1901 4485 per
1929 4428 2052 4467 eum
2084 4411 2190 4464 ulla
2216 4408 2575 4472 consuetudo,
2612 4406 2711 4460 nisi
2747 4404 2797 4459 in
2824 4402 3016 4471 melius
3060 4411 3390 4461 transmitte-

148 4511 252 4567 “llis
278 4517 471 4572 accidit
498 4494 844 4587 negligentia,
889 4526 1017 4573 ante
1057 4516 1351 4588 capitulum
1400 4494 1561 4573 suum
1586 4529 1700 4575 sta-
1733 4531 1781 4588 υ
1810 4514 1917 4559 tur.
1946 4503 2101 4571 Quod
2130 4502 2174 4556 si
2210 4502 2324 4572 ipse
2354 4501 2563 4571 absque
2592 4496 2821 4559 fratrum
2852 4510 3117 4563 consensu
3149 4494 3383 4562 aliquam

145 4605 359 4662 tuineum
385 4610 458 4665 ita
498 4609 714 4675 dissuit,
765 4619 843 4675 ut.
891 4610 937 4666 si
985 4611 1166 4667 abbati
1198 4611 1479 4681 placuerit.
1531 4612 1704 4668 nudus

144 4697 397 4765 suscipere
434 4699 697 4771 judicium
740 4708 962 4770 paratus
989 4700 1080 4756 sit.
1114 4700 1268 4771 Quod
1299 4710 1479 4756 autem
1530 4702 1603 4755 ita
1646 4706 1716 4756 se

146 4797 413 4857 prmparet,
467 4791 571 4847 etsi
624 4790 959 4847 consuetudo
1007 4807 1114 4846 non
1155 4801 1259 4857 est,
1314 4801 1493 4847 tamen
1547 4806 1704 4845 nemo

146 4882 488 4947 reprehendit.
518 4881 648 4938 Post
681 4882 796 4938 hac
838 4883 1038 4954 agitur,
1063 4884 1205 4953 quod
1236 4884 1302 4939 de
1328 4884 1612 4952 ministris,
1641 4886 1705 4940 de

146 4969 514 5037 sacerdotibus,
551 4980 607 5026 et
648 4972 715 5026 de
748 4981 953 5043 septem
993 4972 1215 5041 psalmis
1255 4974 1572 5043 praedictum
1598 4984 1701 5030 est.

148 5053 197 5109 Si
224 5069 397 5115 autem
433 5062 501 5115 de
542 5076 772 5133 corpore
824 5061 1036 5119 Domini
1081 5077 1243 5131 super
1290 5061 1477 5117 altaris
1509 5063 1704 5134 pallam

146 5145 328 5219 aliquid
355 5151 633 5220 ceciderit,
678 5166 806 5221 pars
856 5150 946 5206 illa
994 5166 1098 5207 non
1134 5151 1409 5219 inciditur,
1458 5153 1552 5207 sed
1580 5154 1707 5209 vino

150 5244 339 5296 tantum
384 5242 641 5299 abluitur.
693 5242 787 5298 Ille
837 5258 1008 5309 vero,
1071 5243 1157 5298 cui
1211 5243 1326 5299 haec
1381 5243 1705 5315 negligentia

149 5332 356 5404 contigit
384 5333 438 5389 in
466 5334 704 5405 capitulo
730 5334 942 5391 veniam
974 5342 1180 5405 petens,
1204 5344 1520 5405 competens
1546 5350 1710 5405 super

148 5425 452 5481 stamineum
472 5426 733 5497 judicium
762 5426 957 5499 accipit
974 5443 1098 5483 eum
1120 5427 1233 5494 illo,
1258 5443 1353 5499 per
1373 5428 1526 5497 cujus
1550 5428 1705 5484 incu-

152 5514 275 5572 riam
319 5519 427 5574 tale
461 5521 589 5591 quid
624 5521 840 5576 accidit.
870 5519 928 5577 Si
958 5536 1089 5575 vero
1133 5519 1470 5576 Dominicum
1515 5536 1711 5591 corpus

150 5610 199 5664 in
224 5622 413 5669 terram
440 5616 714 5681 ceciderit,
741 5614 904 5670 simili
929 5615 1087 5670 modo
1110 5630 1207 5684 per
1233 5612 1412 5669 omnia
1445 5613 1708 5684 agendum

150 5714 243 5765 est,
270 5705 405 5761 sicut
445 5721 604 5777 supra
651 5707 854 5762 dictmn
896 5714 998 5770 est,
1041 5704 1108 5759 de
1160 5703 1420 5775 sanguine
1478 5702 1707 5759 Domini.

152 5794 293 5860 Quod
327 5798 370 5854 si
417 5800 468 5853 in
499 5799 759 5871 sanguine
790 5796 1000 5855 Domini
1032 5811 1237 5863 musca,
1263 5796 1346 5857 vel
1377 5811 1593 5864 aranea,
1632 5796 1713 5851 vel

1809 4595 2252 4653 consuetudinem
2283 4593 2362 4648 sic
2391 4592 2663 4658 immutat,
2681 4600 2741 4653 ut
2771 4588 3111 4660 postmodum
3142 4595 3386 4658 perstare

1809 4705 1916 4745 non
1973 4686 2182 4749 valeat,
2236 4683 2515 4751 humiliter
2564 4683 2686 4749 inde
2736 4689 2823 4738 est
2877 4679 3286 4749 admonendus,
3335 4686 3388 4733 et

1806 4780 2068 4852 quidquid
2104 4793 2266 4849 super
2295 4778 2401 4833 hoc
2430 4776 2792 4841 communiter
2822 4789 2853 4827 a
2902 4782 3170 4830 conventu
3203 4772 3389 4825 decer-

1808 4877 1977 4941 nitur,
2004 4875 2058 4929 in
2088 4874 2191 4930 hoc
2220 4870 2374 4941 juxta
2404 4869 2669 4937 majorum
2697 4867 3044 4924 traditionem
3083 4865 3391 4921 consentire

1810 4983 1913 5021 non
1946 4972 2212 5021 moratur.
2243 4960 2323 5015 Ad
2354 4959 2508 5015 illum
2542 4973 2760 5029 quoque
2788 4956 2968 5019 solum
3000 4955 3240 5025 respicit,
3281 4971 3388 5008 non

1810 5058 1984 5114 solum
2021 5053 2256 5123 majores
2277 5050 2720 5115 obedientiarios,
2739 5062 2925 5104 verum
2948 5046 3111 5115 etiam
3127 5045 3393 5115 quosdam

1808 5165 1997 5207 eorum
2028 5147 2299 5219 adjutores
2326 5145 2685 5209 constituere,
2730 5156 2784 5196 v.
2815 5156 2895 5213 3.,
2931 5138 3229 5208 adjutorem
3276 5134 3394 5202 pri-

1812 5258 1956 5301 mum
2009 5240 2247 5297 custodis
2294 5236 2557 5302 ecclesiae,
2596 5231 2908 5299 camerarii,
2952 5227 3242 5291 cellerarii,
3277 5242 3393 5289 ma-

1811 5335 1966 5407 gistri
1994 5332 2342 5399 novitiorum,
2394 5322 2705 5388 inllrmarii,
2757 5321 3000 5378 armarii.
3031 5319 3179 5389 ipsos
3210 5327 3390 5375 tamen

1811 5428 2256 5490 obedientiarios,
2314 5424 2453 5479 sicut
2502 5428 2557 5477 et
2600 5415 2888 5487 cujuslibet
2935 5412 3083 5475 cellae
3133 5410 3391 5481 priorem,

1808 5524 1962 5595 prior
2008 5520 2121 5575 sola
2160 5513 2501 5573 necessitatis
2544 5523 2706 5567 causa
2751 5514 2929 5577 potest
2976 5504 3043 5559 de
3071 5502 3395 5557 obedientiis

1816 5589 2168 5682 suspendere,
2212 5606 2255 5660 si
2287 5604 2425 5660 forte
2449 5601 2680 5657 domnus
2709 5595 2876 5651 abbas
2908 5592 2991 5648 vel
3018 5591 3221 5646 tamdiu
3264 5589 3394 5653 alibi

1817 5713 2077 5767 moratur,
2112 5700 2193 5755 vel
2236 5699 2368 5755 adeo
2398 5698 2639 5749 remotus
2683 5695 2786 5753 est,
2809 5686 2951 5756 quod
2979 5683 3299 5754 legationem
3326 5683 3394 5735 ad

1818 5811 1938 5852 cum
1989 5810 2095 5850 non
2141 5797 2315 5862 potest
2363 5784 2615 5854 dirigere.
2654 5778 2801 5836 Talis
2858 5786 3039 5835 autem
3096 5774 3393 5836 necessitas
