3872 6306
531 338 669 395 {0/13

537 453 683 522 cogit
711 465 856 516 eum,
904 452 1199 522 quemlibet
1225 467 1413 509 eorum
1456 454 1521 509 de
1550 454 1851 509 obedientia
1900 468 2122 522 suspen-

528 542 678 606 dere,
732 544 775 596 si
826 542 954 611 quid
1006 543 1111 598 tale
1156 545 1450 608 commisit,
1499 545 1640 614 quod
1674 559 1769 614 per
1802 559 1859 598 se
1909 545 2112 613 absque

525 634 724 688 domno
758 636 954 689 abbate
984 637 1274 691 emendare
1308 653 1421 692 nou»
1443 637 1630 708 possit.
1664 637 1951 706 Adjutores
1986 650 2112 689 vero

524 714 819 795 pra-dictos
867 743 963 798 pro
990 729 1176 793 simili,
1221 730 1302 784 vel
1330 731 1495 785 etiam
1524 731 1737 799 minori
1793 730 2112 785 necessitate

522 827 699 885 potest
730 829 940 875 mutare
984 823 1209 877 absente
1236 824 1430 877 abbate
1461 841 1479 876 τ
1505 824 1589 878 cui
1621 824 1720 877 soli
1753 824 1915 878 etiam
1950 837 2110 892 repo-

520 909 684 962 situm
732 919 841 976 est,
884 920 942 965 ut
990 912 1283 982 quemlibet
1335 898 1563 968 fratrum
1606 914 1782 968 mittat
1815 914 1865 968 in
1898 913 2108 983 culpam

517 1001 848 1067 graviorem.
878 1003 944 1058 Et
972 1004 1086 1059 haec
1115 1014 1196 1059 est
1229 1004 1556 1075 bujnsmodi.

1155 1096 1389 1171 CAPUT,
1426 1098 1487 1151 v.

1045 1188 1121 1244 De
1149 1189 1302 1260 culpa
1334 1192 1582 1260 graviori.

589 1278 609 1297 '
642 1277 833 1334 Frater
872 1281 965 1350 qui
1010 1271 1332 1344 contumax,
1390 1293 1481 1335 aut
1540 1283 1887 1348 iuobediens,
1929 1283 2011 1336 vel
2051 1283 2103 1337 in

514 1368 700 1440 aliquo
724 1371 1031 1426 contrarius
1058 1382 1260 1427 sanctre
1293 1374 1491 1441 regula:
1522 1376 1813 1437 exstiterit,
1844 1376 1931 1429 hic
1966 1391 2101 1443 quo-

516 1476 625 1530 que
674 1463 970 1517 secundum
1026 1464 1264 1535 regulam
1309 1474 1393 1520 est
1442 1466 1776 1520 tractandus.
1824 1466 1923 1533 Qui
1976 1483 2105 1521 vero

512 1538 732 1623 aliquod
763 1554 869 1609 tale
917 1555 1144 1619 crimen,
1193 1564 1250 1610 ut
1283 1566 1367 1611 est
1393 1557 1620 1630 ‘furtum
1651 1559 1735 1613 vel
1761 1560 2101 1630 sacrilegium

514 1646 827 1711 incurrerit,
857 1641 1099 1702 sentiens
1129 1647 1257 1701 illud
1290 1648 1360 1702 ita
1385 1626 1715 1717 publicatum
1765 1664 1887 1705 esse
1912 1661 1970 1703 ut
1998 1668 2100 1706 non

513 1737 685 1803 possit
718 1737 850 1791 tanti
881 1735 1101 1791 sceleris
1151 1738 1587 1793 reclamationem
1612 1738 1877 1810 eﬂ'ugere,
1903 1741 2102 1797 domno

514 1825 712 1884 abbate
754 1826 1052 1897 capitulum
1082 1838 1317 1896 tenente,
1346 1831 1479 1899 petit
1511 1831 1723 1885 veniam
1748 1848 1843 1886 sua
1874 1843 2098 1901 sponte;

510 1916 707 1972 deinde
748 1918 1172 1975 lamentabiliter
1214 1920 1420 1990 profert
1486 1923 1539 1976 iu
1590 1938 1698 1993 quo
1770 1923 1952 1992 lapsus
2028 1925 2100 1979 sit

510 2008 763 2064 crimine.
802 2011 915 2079 (uo.
947 2010 1081 2079 var.)
1121 2012 1165 2065 Α
1196 2027 1303 2081 quo
1342 2028 1463 2067 cum
1500 2013 1752 2077 audierit,
1806 2013 1905 2079 Ite,
1932 2016 2105 2067 exuite

508 2112 598 2151 vos
622 2107 669 2151 et
696 2097 1023 2167 discatciate‘,
1055 2109 1101 2153 et
1148 2102 1465 2154 revertimini
1509 2102 1641 2155 sicut
1670 2120 1780 2156 mos
1814 2115 1927 2167 est;
1969 2104 2099 2167 exit,

506 2189 849 2256 prmcedente
895 2205 1022 2245 cum
1056 2193 1360 2246 camerario
1406 2193 1459 2246 iu
1515 2194 1842 2248 auditorium
1882 2195 1999 2249 :ibi
2037 2210 2101 2247 eo

508 2279 797 2350 adjuvante
823 2281 1057 2352 primum
1096 2282 1262 2352 pedes
1288 2283 1552 2351 denudat,
1581 2285 1856 2354 caputinm
1886 2302 2101 2356 quoque

508 2369 759 2425 staminci
830 2372 911 2425 sui
980 2372 1171 2427 dextra
1218 2373 1443 2443 l‘evaque
1500 2375 1759 2430 incisione
1810 2375 1989 2441 laxat,
2041 2388 2100 2430 ut

510 2462 735 2517 brachia
767 2478 864 2532 per
908 2465 1083 2535 ipsum
1133 2464 1311 2521 valeat
1339 2467 1657 2530 extrahere,
1688 2479 1743 2522 et
1774 2469 2098 2522 stamiucum

504 2568 629 2609 cum
661 2555 890 2612 manicis
922 2557 1065 2613 circa
1099 2557 1377 2613 femoralia
1408 2559 1575 2631 ligare
1620 2560 1751 2631 (non
1794 2574 1975 2616 tamen
2002 2578 2100 2614 au-

504 2642 691 2701 fertur
709 2648 778 2703 ab
806 2664 870 2705 eo
900 2649 1148 2706 cultellus
1174 2667 1351 2721 neque
1370 2652 1669 2724 cingulum)
1702 2655 1898 2724 accipit
1933 2671 2094 2709 manu

505 2735 701 2792 dextra
722 2739 925 2810 jugiter
974 2740 1372 2809 ibi'jacentium
1404 2744 1682 2813 virgarum
1737 2745 2093 2814 manipulum,

502 2828 529 2845 '
555 2825 624 2881 ab
648 2826 765 2896 ipso
793 2831 1096 2887 camerario
1132 2841 1261 2888 tunc
1284 2834 1350 2888 ad
1376 2850 1615 2906 praesens
1640 2835 1971 2905 colligatum,
2006 2854 2094 2891 cn.

504 2924 561 2970 et
587 2917 640 2971 in
664 2916 780 2973 leva
797 2920 1061 2977 cucullum
1085 2925 1293 2981 decenti
1314 2927 1729 2997 complicatione
1750 2927 2094 2996 pendentem,

504 3016 563 3061 et
589 3010 893 3064 camerario
937 3014 1312 3082 praecedente,
1344 3018 1418 3072 ita
1450 3019 1599 3072 venit
1645 3019 1696 3072 in
1745 3031 2093 3089 conspectum

510 3100 692 3155 domui
718 3102 954 3168 abbatis,
988 3120 1050 3159 ac
1080 3105 1247 3176 virgis
1278 3108 1601 3179 cucullaqne
1640 3118 1764 3163 ante
1796 3126 1852 3163 se
1880 3112 2093 3179 positis,

501 3194 719 3248 veniam
748 3190 902 3265 petit.
935 3193 1155 3265 Jussus,
1193 3208 1253 3253 ut
1278 3210 1487 3271 surgat,
1514 3201 1665 3256 sedet
1692 3204 1759 3257 ad
1787 3210 2006 3264 terram,
2037 3213 2089 3257 et

474 3288 477 3293 '
504 3282 769 3337 cucullum
793 3301 956 3355 super
976 3303 1149 3357 genua
1185 3290 1358 3358 ponit.
1394 3293 1411 3310 ⁶
1443 3290 1795 3357 Verberatur,
1825 3302 2087 3363 quantum

474 3375 707 3431 ‘domno
747 3378 926 3433 abbati
957 3380 1190 3445 videtur,
1224 3381 1415 3437 deinde
1446 3383 1647 3453 jussus,
1683 3393 1736 3438 ut
1789 3400 1846 3439 se
1878 3386 2086 3447 induat,

468 3469 577 3525 ita
608 3472 804 3527 sedens
838 3474 1103 3529 cucullam
1143 3476 1287 3529 nudo
1315 3478 1531 3547 corpori
1588 3478 1757 3532 induit
1808 3487 1861 3532 et
1893 3479 2087 3549 surgit.

499 3561 628 3618 Post
654 3564 768 3619 lucc
792 3556 1011 3636 jtrbetur
1060 3566 1211 3622 exire
1262 3569 1331 3622 ad
1379 3569 1730 3623 induendum.
1786 3568 2091 3624 Comitatur

498 3666 646 3717 eum,
678 3654 768 3724 qni
806 3665 861 3709 et
906 3672 1101 3726 supra;
1142 3658 1357 3713 rediens
1387 3659 1759 3723 discalciatus,
1790 3660 1983 3714 iterum
2029 3676 2088 3714 se

498 3748 813 3814 prosternit.
848 3748 981 3803 Cum
1022 3751 1251 3805 audierit
1276 3767 1306 3805 a
1338 3753 1537 3807 domno
1569 3753 1765 3807 abbate
1801 3767 1815 3805 :
1850 3752 2042 3807 Frater
2068 3757 2088 3809 .’

497 3845 659 3890 estote
688 3838 749 3891 in
774 3840 1008 3908 graviori
1036 3839 1212 3910 culpa,
1240 3842 1485 3909 protinus
1522 3850 1684 3911 caput
1717 3839 1961 3905 inflectit,
1997 3859 2088 3897 ca-

496 3926 697 3995 pellum
730 3928 925 3996 induit,
957 3933 1102 4000 quod
1128 3942 1182 3984 et
1212 3941 1397 4000 postea
1434 3946 1539 3985 non
1571 3929 1864 3998 abstrahit,
1896 3948 2087 4000 quam-

496 4015 586 4071 diu
612 4018 664 4072 in
703 4018 792 4073 tali
818 4010 1086 4074 Sententia
1119 4020 1307 4087 fuerit;
1342 4022 1450 4075 nisi
1470 4024 1687 4093 quando
1730 4033 1855 4079 ante
1882 4027 2082 4079 ostium

468 4104 741 4165 ecclesiae
786 4124 845 4164 se
889 4112 1225 4183 prosternit;
1256 4120 1382 4166 tunc
1425 4114 1570 4167 enim
1605 4129 1795 4183 parum
1828 4113 1954 4169 illud
1986 4116 2083 4170 dc-

494 4197 680 4251 trab'rt.
712 4196 917 4254 Deinde
953 4200 1019 4253 ad
1052 4192 1392 4271 designatum
1445 4202 1643 4258 talibus
1683 4203 1857 4259 locum
1890 4204 2080 4271 tendit,

492 4300 875 4359 prosequente
918 4304 1041 4346 eum
1069 4291 1258 4360 fratre,
1286 4290 1374 4349 cui
1401 4298 1527 4351 tunc
1579 4312 1607 4352 a
1637 4295 1838 4353 domno
1887 4297 2084 4353 abbate

491 4381 873 4438 cnntmittitur.
928 4368 931 4375 ’
1226 4384 1229 4387 λ

561 4467 618 4524 1η
672 4472 924 4540 ρι-ιιιάἰοιί*
972 4478 1152 4531 autem
1187 4477 1441 4534 auditorii
1505 4480 1829 4535 occidentali
1884 4478 2083 4548 angulo

490 4560 738 4631 qumdam
800 4564 1308 4623 est'mausiuncula
1366 4570 1451 4637 ad-
1488 4570 1821 4639 ;bujnsmodi
1880 4570 2079 4624 fratres

489 4654 831 4725 recipiendos
859 4662 1020 4713 tanta:
1048 4640 1511 4729 quauiitatis,‘ut
1530 4662 1621 4735 uni
1651 4659 1877 4716 subiciat
1907 4662 2079 4715 homi-

488 4744 579 4808 ni,
602 4753 657 4799 et
686 4754 768 4801 est
802 4745 1008 4817 jugiter
1059 4752 1096 4803 ’a
1132 4735 1671 4817 camerariofserata,
1700 4746 1825 4807 nisi
1859 4752 2077 4823 quando

489 4836 687 4907 aliquis
716 4848 933 4894 tenetur
976 4841 1028 4894 in
1056 4829 1492 4913 graviori'c'ulpa,
1526 4853 1654 4899 tunc
1680 4853 1885 4899 tantum
1913 4861 1941 4897 a
1976 4860 2075 4900 cu-

494 4927 649 4982 stode
675 4944 773 4983 suo
799 4938 958 4985 noctu
1011 4931 1302 4997 clauditur,
1330 4936 1373 4989 si
1420 4935 1658 5003 suspicio
1689 4935 1830 5005 fuga:
1865 4936 1917 4989 in
1949 4951 2073 4991 eum

489 5020 744 5077 habetur.
799 5022 1106 5093 Antequam
1165 5025 1447 5081 aediculam
1501 5025 1672 5081 frater
1734 5028 1857 5092 iste,
1908 5042 2075 5097 prope

489 5113 768 5169 custodem
807 5130 965 5169 suum
998 5117 1192 5172 sedens
1219 5126 1483 5184 moratur,
1523 5120 1694 5173 donec
1722 5118 1875 5173 ﬁnito
1921 5119 2071 5188 capi-

464 5194 601 5270 tulo
630 5215 754 5255 mox
793 5216 889 5271 per
932 5202 1440 5276 eleemosynarium.
1489 5206 1533 5259 si
1565 5220 1701 5275 opus
1747 5214 1847 5267 est,
1880 5220 2069 5274 scope-

488 5297 596 5357 tur,
622 5301 678 5343 et
720 5290 891 5360 junco
914 5302 1210 5348 sternatur.
1256 5294 1331 5349 lbi
1357 5293 1560 5364 jugiter
1599 5296 1929 5359 manet,ised
1961 5297 2071 5349 dfs-
2138 5316 2139 5319 η

487 5380 770 5449 calciatus,
817 5389 871 5438 et
922 5383 1128 5453 absque
1189 5386 1458 5440 custodia.
1514 5385 1597 5439 lbi.
1633 5401 1796 5456 super
1844 5384 2067 5454 juncum

484 5472 685 5526 dormit
714 5482 767 5529 et
796 5474 991 5530 reiicit.
1022 5475 1212 5529 Nullus
1235 5476 1283 5530 ei
1315 5475 1576 5547 loquitur,
1602 5476 1706 5531 nisi
1732 5476 1902 5532 frater
1928 5493 2068 5549 pra:-

486 5564 685 5619 dietus.
717 5565 809 5620 Ille
852 5568 997 5622 enim
1037 5569 1105 5622 de
1146 5570 1389 5637 singulis,
1421 5584 1542 5639 qua:
1572 5569 1615 5624 si
1660 5580 1785 5625 sunt
1836 5572 2065 5641 agenda,

484 5651 645 5709 debet
675 5670 797 5711 cum
828 5672 1185 5727 praemonere,
1212 5670 1267 5717 et
1293 5661 1346 5716 in
1398 5669 1639 5730 tempore
1670 5678 1781 5718 sua:
1811 5662 2067 5719 refectio-

484 5744 593 5812 nis,
621 5760 742 5816 quae
770 5758 896 5803 sunt
923 5753 1250 5819 necessaria,
1278 5753 1680 5809 administrare.
1714 5756 1767 5809 In
1800 5771 1909 5826 qua
1932 5757 2065 5811 hora

1572 380 1588 397 .
1628 339 1999 398 CblLtJiLill
2042 336 2329 393 ABBATIS
2364 336 2691 397 lllRSAUG.

3630 350 3734 407 lllil

2151 457 2194 514 Α
2226 459 2280 505 et
2307 460 2567 519 quantum
2612 451 2841 506 domnus
2897 452 3033 507 abba
3070 452 3331 523 pratcipit,
3364 452 3429 507 de
3458 469 3580 524 pane
3616 457 3738 530 siligi~

2217 557 2341 605 nco,
2372 551 2420 596 et
2448 543 2714 609 justitiam
2743 542 2859 611 ejus
2880 559 3001 597 cum
3032 559 3195 613 aqua,
3228 553 3283 597 et
3314 553 3541 613 pateram
3564 547 3657 615 ejus
3680 552 3734 607 illi

2216 636 2496 703 adportat;
2534 636 2634 689 nisi
2666 636 2925 705 prtefatus
2954 635 3114 691 Pater
3142 636 3348 706 aliquid
3374 652 3468 707 pro
3488 639 3735 698 misericor-

2214 728 2297 781 dia
2327 730 2374 782 ci
2407 729 2867 798 superimpendat.
2903 729 3306 799 Qualiscumque
3357 741 3524 785 autem
3552 734 3610 787 sit
3650 739 3735 807 ejus

2217 821 2465 884 refectio,
2500 822 2566 874 ad
2616 836 2736 875 cant
2791 836 2895 875 non
2952 822 3276 891 prohibetur
3325 838 3509 877 manus
3536 816 3730 891 abluere;

2213 913 2308 966 sed
2344 927 2519 981 neque
2555 912 2813 979 mcusale,
2867 928 3042 978 neque
3071 928 3316 968 mensam
3340 914 3642 983 permittitur
3664 919 3733 971 lia-

2212 1003 2361 1057 bcre.
2416 1003 2585 1057 (libus
2630 1001 2747 1072 ejus
2806 1018 2913 1056 non
2959 1002 3304 1057 benedicitur
3338 1020 3355 1055 :
3398 1003 3617 1073 reliquis:
3654 1008 3730 1061 cibi

2210 1093 2449 1161 ejusdem
2491 1102 2545 1146 et
2593 1103 2785 1162 potus,
2837 1093 2882 1146 si
2942 1108 3049 1147 non
3099 1102 3183 1147 est
3239 1108 3407 1163 aqua,
3453 1095 3733 1163 singulariter

2211 1183 2415 1251 absque
2454 1181 2679 1236 fratrum
2727 1182 3047 1253 fragmentis
3074 1185 3298 1252 pauperi
3333 1183 3489 1237 alicui
3540 1186 3731 1241 trilunm-

2211 1285 2315 1327 tur.
2345 1274 2448 1328 Pro
2475 1276 2740 1344 corporali
2768 1277 3245 1331 necessitatelicet
3276 1276 3325 1331 ei
3342 1278 3415 1330 'ad
3445 1270 3730 1333 inﬁt-tuatim

2211 1364 2310 1417 ire.
2356 1365 2435 1418 Ad
2471 1381 2661 1420 omnes
2702 1367 2865 1421 horas
2912 1377 3039 1420 ante
3084 1368 3376 1422 ecclesiam
3407 1365 3579 1423 venire
3605 1373 3733 1440 prius-

2209 1470 2368 1524 quam
2401 1457 2607 1512 instans
2638 1458 2765 1512 bora
2790 1460 2860 1512 sit
2889 1460 3121 1529 incepta,
3146 1458 3437 1524 observat;
3467 1470 3517 1513 et
3544 1471 3649 1515 tunc
3670 1478 3732 1516 τεο

2210 1547 2354 1599 niam
2385 1558 2595 1616 petens,
2628 1564 2792 1618 prope
2820 1549 3016 1603 ostium
3047 1558 3177 1613 stat,
3210 1549 3318 1613 vel,
3346 1550 3390 1603 si
3428 1559 3502 1604 est
3526 1549 3731 1614 infirmus,

2209 1639 2380 1697 sedet.
2408 1639 2578 1693 donec
2628 1647 2930 1692 conventus
2957 1639 3122 1709 Hyrie
3166 1640 3361 1694 elcistm
3409 1640 3623 1707 incipiat.
3651 1644 3733 1711 (vn.

2205 1729 2341 1796 var.)
2374 1726 2525 1782 Tunc
2556 1727 2672 1781 solo
2721 1737 2879 1783 tenus
2911 1745 2969 1782 se
3009 1738 3369 1798 prosternens
3409 1740 3461 1783 et
3487 1740 3593 1799 post
3617 1732 3737 1785 colle-

2135 1839 2178 1896 Β
2207 1828 2348 1872 ctam
2383 1834 2631 1888 surgens,
2657 1817 2923 1887 capellutn
2964 1820 3219 1881 rciuduit,
3254 1819 3429 1873 donec
3456 1820 3627 1872 iterum
3648 1832 3734 1889 post

2205 1912 2471 1980 psalmum
2511 1926 2616 1965 non
2649 1911 2813 1975 levat,
2836 1911 3009 1965 donec
3035 1913 3077 1967 si
3111 1913 3321 1966 fratres
3344 1912 3535 1967 debent
3559 1914 3737 1969 exireet

2203 2017 2394 2056 cautes
2430 2001 2685 2056 exierint.
2719 2001 2800 2054 Ad
2828 2002 3017 2057 ambas
3072 2002 3273 2058 missas
3294 2011 3474 2058 manet
3505 2003 3552 2056 in
3586 2006 3739 2075 angulo

2206 2092 2455 2160 capituli.

2277 2184 2296 2201 '
2333 2169 2406 2236 De
2458 2182 2729 2236 industria
2750 2184 2982 2239 domnus
3005 2184 3174 2239 abbas
3199 2184 3357 2253 jubet
3384 2186 3581 2257 aliquos
3601 2190 3737 2243 senio.

2204 2288 2290 2327 res
2319 2274 2385 2326 ad
2410 2289 2535 2327 eum
2564 2274 2753 2328 venire
2774 2315 2789 2333 .
2818 2274 2911 2343 qui
2959 2291 3082 2329 eum
3114 2276 3499 2338 exborteutur,
3535 2288 3586 2331 ut
3618 2283 3733 2348 quid-

2201 2363 2329 2432 quid
2369 2364 2418 2418 ci
2447 2364 2809 2435 correptionis
2867 2367 3249 2436 tcmporaliter
3276 2366 3441 2422 fuerit
3474 2370 3737 2439 irrogatam,

2204 2466 2372 2511 totum
2404 2458 2599 2513 habeat
2648 2464 2887 2528 gratum,
2924 2468 2983 2513 ut
3022 2460 3221 2515 divina:
3271 2462 3561 2516 clementia:
3607 2464 3735 2533 possit

2202 2548 2567 2603 reconciliari.
2629 2550 2840 2605 Etcum
2901 2551 3064 2605 fuerit
3108 2552 3285 2607 visum
3338 2553 3529 2608 domno
3575 2554 3734 2619 abbati,

2200 2642 2492 2696 eoucordat
2525 2644 2686 2696 etiam
2712 2658 2835 2698 cum
2879 2643 3068 2699 iisdem
3095 2646 3426 2709 senioribus,
3456 2658 3611 2717 utpro
3640 2649 3729 2718 ipso

2201 2746 2294 2783 reo
2322 2731 2373 2783 in
2401 2732 2639 2801 capitulo
2680 2734 2893 2787 veniam
2925 2742 3133 2803 petant,
3160 2736 3277 2805 (uo.
3315 2739 3450 2806 cur.)
3478 2738 3671 2791 maxime
3694 2740 3727 2792 si

2200 2822 2338 2875 bene
2367 2832 2493 2876 sunt
2522 2824 2757 2893 experti,
2780 2836 2834 2879 et
2873 2826 3061 2879 testari
3091 2835 3343 2894 possunt,
3382 2842 3485 2897 quo
3508 2843 3594 2896 pro
3613 2840 3730 2881 reatu

2197 2927 2295 2966 suo
2323 2913 2573 2982 spiritum
2625 2914 2828 2969 habeat
2860 2915 3309 2982 contribulatum,
3357 2933 3450 2971 cor
3493 2919 3727 2972 contritum

2198 3010 2254 3056 et
2284 3003 2648 3058 humiliatum.
2700 3004 2854 3071 Quod
2904 3020 3027 3059 cum
3058 3006 3361 3073 audierint,
3399 3006 3543 3060 fratri
3578 3022 3727 3061 renun-

2198 3093 2352 3147 tiant.
2382 3095 2461 3149 Ad
2509 3098 2817 3164 proximum
2842 3113 2973 3153 vero
3016 3099 3314 3168 capitulum
3343 3101 3424 3156 eis
3449 3101 3632 3155 veniam
3655 3114 3733 3169 pro

2120 3205 2164 3266 ο
2195 3201 2260 3241 co
2284 3189 2593 3255 pctentilms
2630 3204 2694 3243 ac
2725 3189 3099 3259 paenitentia-tn
3130 3206 3315 3245 coram
3341 3191 3726 3245 annuntiautilnts

2194 3277 2439 3349 adjungit
2465 3288 2520 3333 et
2546 3294 2674 3335 suas
2703 3295 2893 3349 preces
2926 3291 3249 3336 conventus.
3278 3282 3480 3335 Annuit
3502 3280 3660 3343 abbas,
3684 3290 3729 3334 ut

2193 3372 2357 3427 faciat
2379 3391 2499 3429 cum
2526 3377 2620 3430 illo
2644 3380 3100 3449 misericordiam,
3145 3391 3198 3435 et
3224 3380 3391 3435 mittit
3433 3394 3614 3451 proco.
3644 3378 3723 3433 Po-

2195 3472 2301 3518 test
2339 3476 2517 3519 autem
2545 3468 2663 3523 talis
2700 3484 2820 3525 esse
2852 3470 3039 3534 frater,
3072 3473 3163 3541 qui
3208 3487 3317 3525 non
3347 3471 3463 3541 plus
3492 3488 3582 3524 una
3606 3480 3733 3523 nocte

2194 3553 2245 3606 in
2293 3555 2598 3625 bujusmodi
2653 3562 2925 3615 sententia
2980 3560 3311 3617 dimittatur.
3362 3561 3490 3615 Nam
3545 3560 3727 3630 qualiter

2192 3647 2336 3702 circa
2362 3665 2484 3704 cum
2508 3650 2577 3704 sit
2602 3654 2899 3721 agendum,
2926 3669 2993 3709 ex
3041 3664 3170 3710 ante
3202 3663 3322 3709 acta
3355 3654 3469 3721 eius
3492 3668 3726 3709 conversa-

2194 3738 2360 3804 tione,
2397 3748 2449 3794 et
2477 3744 2737 3815 przcsenti
2784 3745 3102 3815 paenitentia
3159 3744 3343 3800 abbati
3392 3754 3471 3799 est
3518 3744 3722 3814 colligen-

2191 3831 2337 3884 dum.
2368 3831 2547 3887 Missis
2598 3844 2777 3891 autem
2826 3851 2927 3906 pro
2950 3853 3014 3892 eo
3041 3837 3223 3906 priore
3274 3846 3333 3891 et
3372 3835 3665 3900 camerario,
3683 3850 3725 3888 se

2189 3924 2355 3977 nudat
2390 3926 2580 3979 eodem
2609 3928 2789 3993 modo,
2823 3944 2930 3998 quo
2966 3940 3019 3984 et
3040 3944 3230 3999 supra,
3258 3938 3313 3984 et
3336 3930 3548 3982 veniens
3572 3927 3722 3981 iterum

2187 4015 2428 4084 vapulat,
2481 4017 2526 4071 si
2582 4018 2797 4072 videtur
2824 4019 3022 4073 domno
3064 4020 3272 4085 abbati,
3300 4019 3510 4088 sicque
3556 4015 3721 4070 cuculla

2186 4104 2394 4171 induta,
2421 4108 2485 4161 ad
2510 4109 2673 4178 pedes
2701 4106 2816 4177 ejus
2860 4119 2915 4165 et
2961 4112 3202 4165 omnium
3248 4111 3473 4165 fratrum
3508 4108 3724 4178 provolvi-

2188 4205 2295 4260 tur,
2326 4199 2558 4268 priututn
2587 4201 2652 4253 ad
2682 4215 2896 4266 eorum,
2926 4202 3018 4270 qui
3052 4203 3422 4259 adsinistram
3464 4203 3621 4257 domui
3645 4201 3721 4254 ab-

2186 4285 2334 4342 batis
2358 4290 2609 4359 superius
2654 4291 2868 4356 sedent,
2901 4292 3097 4347 deinde
3123 4293 3175 4345 in
3202 4294 3397 4347 dextra
3428 4296 3539 4363 ejus
3566 4300 3717 4361 parte:

2183 4390 2372 4451 postea
2408 4393 2687 4440 revertens
2713 4387 2779 4440 ad
2804 4401 2921 4453 cos,
2943 4388 3033 4456 qui
3059 4402 3225 4456 super
3243 4387 3531 4442 scabellum
3552 4387 3722 4449 sedent,

2184 4475 2412 4529 eundem
2462 4485 2642 4530 servat
2670 4477 2919 4531 ordinem
2965 4494 2978 4530 :
3009 4492 3118 4547 quo
3150 4476 3294 4532 facto
3334 4476 3522 4533 iterum
3551 4476 3716 4529 veniam

2112 4559 2156 4613 D
2182 4566 2335 4635 petit.
2373 4564 2601 4621 Jubctur
2636 4567 2787 4621 exire
2837 4568 2904 4621 ad
2935 4584 2992 4621 se
3046 4568 3383 4622 induendum
3432 4586 3445 4622 :
3480 4568 3719 4624 comitatur

2179 4670 2302 4709 cum
2334 4656 2481 4712 solus
2508 4657 2866 4712 camerarius.
2903 4656 3121 4713 Iudutus
3148 4667 3205 4713 et
3254 4659 3513 4715 calciatus
3540 4658 3720 4714 reverti-

2180 4755 2295 4811 tur,
2330 4748 2600 4802 etiterum
2631 4749 2842 4804 veniam
2875 4749 3028 4818 petit.
3220 4788 3221 4793 η
3290 4760 3291 4763 ‘

2251 4841 2272 4861 ⁶
2298 4838 2547 4902 iubetur.
2577 4848 2636 4893 ut
2671 4841 2899 4895 ultimus
2921 4842 3131 4895 sedeat.
3176 4840 3254 4915 Ex
3287 4849 3415 4896 tunc
3444 4840 3715 4894 ultimusest

2180 4931 2427 4984 omnium
2461 4932 2511 4984 in
2535 4932 2681 4985 omni
2738 4932 2877 4986 loco.
2937 4932 3065 4987 Sive
3087 4933 3158 4987 sit
3188 4934 3459 4989 litteratus
3491 4934 3592 4988 sive
3615 4947 3714 4995 non,

2175 5037 2393 5091 semper
2420 5023 2487 5076 ad
2539 5023 2800 5091 parietem
2852 5034 2935 5079 est
2982 5023 3211 5080 ultimus
3257 5026 3311 5079 in
3362 5027 3542 5089 chum,
3588 5037 3715 5092 Super

2176 5111 2470 5165 scabellum
2500 5112 2552 5164 in
2597 5112 2853 5181 capitulo,
2904 5113 2971 5167 ad
2997 5114 3230 5168 mediam
3273 5130 3511 5170 mensam
3540 5115 3585 5168 in
3610 5110 3714 5167 relc-

2176 5205 2364 5259 Ctoriu.
2844 5251 2849 5257 .

2245 5297 2464 5351 Interim
2509 5311 2617 5350 non
2644 5298 3006 5354 communicat
3034 5339 3048 5361 ,
3089 5298 3231 5354 sicut
3262 5301 3426 5355 etiam
3465 5299 3620 5353 nullus
3647 5312 3700 5351 ex

2176 5403 2517 5456 quacumque
2539 5389 2695 5458 culpa
2727 5390 2798 5443 sit
2826 5390 3071 5445 ultimus.
3120 5389 3237 5444 Non
3266 5392 3413 5446 venit
3439 5393 3504 5445 ad
3527 5402 3705 5459 pacem.

2176 5497 2280 5535 non
2307 5480 2581 5535 osculatur
2612 5490 2817 5535 textum
2849 5481 3146 5552 Evangelii.
3200 5482 3258 5535 ln
3294 5482 3515 5538 ecclesia
3554 5475 3707 5534 necati

2174 5571 2500 5636 lectionem,
2553 5586 2650 5625 nec
2692 5572 2758 5624 ad
2788 5580 3008 5626 cantum
3058 5582 3307 5637 notatur,
3356 5573 3420 5628 ad
3468 5570 3706 5640 eoquiuwl

2176 5669 2385 5715 tantum
2419 5664 2585 5716 servit
2610 5703 2623 5724 ,
2655 5675 2709 5717 et
2740 5662 2805 5716 ad
2830 5662 3145 5717 mandatum
3189 5662 3417 5719 fratrum
3437 5703 3455 5729 ,
3481 5662 3709 5727 triumque

2174 5768 2467 5821 pauperum
2496 5794 2508 5817 ,
2538 5769 2643 5807 non
2678 5763 2857 5809 tamen
2883 5754 2934 5808 in
2968 5753 3091 5809 loco
3118 5756 3434 5811 sacerdotis.
3464 5754 3707 5810 Demeter"

2177 5844 2314 5897 nulla
2346 5845 2392 5896 ci
2428 5846 2728 5900 obcdientia
2766 5848 2977 5901 interitu
3011 5845 3334 5917 injungitur.
