3890 6314
176 325 296 383 1045

233 440 351 493 Post
392 437 626 508 singulas
668 438 833 495 horas
878 440 1092 495 veniam
1146 458 1310 512 super
1332 460 1505 514 genua
1559 444 1729 514 petit,
1763 447 1808 503 Α

172 544 258 581 nec
280 536 451 581 tamen
483 537 702 596 propter
728 528 829 583 hoc
849 544 908 583 se
938 529 1005 583 ad
1028 529 1200 586 altare
1227 532 1407 586 vertit.
1445 533 1730 602 Nunquam

169 617 329 669 albam
359 615 567 681 induit,
624 618 727 670 nisi
762 619 1057 684 processio
1117 620 1168 673 in
1213 621 1349 675 albis
1396 624 1601 692 agenda
1640 624 1728 677 sit.

168 706 371 773 Quando
396 715 577 761 autent
622 718 706 762 est
745 709 864 764 sine
911 710 1031 764 alba
1086 712 1136 766 in
1193 713 1359 767 choro
1382 755 1396 777 ,
1432 730 1459 767 a
1492 715 1728 783 pariete,

169 814 252 867 pro
284 798 425 852 nullo
470 799 593 855 alba
645 800 728 855 vel
770 816 942 873 cappa
994 802 1213 869 induto,
1263 805 1485 860 ultimus
1515 806 1728 862 interim

169 891 465 945 dimovetttr.

231 981 357 1050 luo.)
392 983 515 1037 llzrc
543 983 752 1053 singula
779 986 1000 1043 cuilibet
1021 1004 1342 1059 quacunque
1372 1006 1437 1044 ex
1470 1006 1631 1046 causa
1665 993 1715 1046 in

165 1069 346 1125 ultimis
376 1073 552 1140 posito
598 1076 1119 1140 suntobservanda,
1154 1088 1383 1147 excepto
1428 1080 1614 1148 quod,
1669 1090 1727 1134 ut

164 1164 519 1231 pmdiximns,
549 1167 701 1220 venia
730 1176 852 1236 post
881 1169 1041 1223 horas
1070 1171 1300 1239 petenda
1324 1214 1339 1236 ,
1367 1187 1487 1242 qua:
1514 1173 1727 1241 proprie

165 1252 308 1315 huic,
365 1255 429 1311 de
478 1268 589 1325 quo
636 1259 872 1329 agimus,
925 1271 1009 1315 est
1053 1263 1309 1333 ascripta.
1365 1264 1420 1318 ln
1471 1280 1725 1333 processu

165 1360 274 1401 vero
303 1350 559 1417 temporis
588 1350 798 1420 aliquos
837 1353 1080 1409 seniores
1099 1356 1384 1410 humiliter
1408 1366 1590 1427 rogat;
1631 1358 1722 1413 sed

165 1446 317 1493 tamen
340 1439 546 1509 absque
568 1443 745 1504 venia.
776 1453 833 1498 ut
853 1446 1191 1501 intercedant
1216 1463 1312 1517 pro
1332 1463 1415 1502 eo.
1442 1449 1722 1518 Nunquam

163 1530 286 1584 enim
332 1531 528 1601 aliquis
557 1534 609 1588 in
634 1544 938 1603 conventu,
995 1553 1169 1607 neque
1214 1541 1266 1593 in
1324 1542 1439 1611 ipso
1488 1542 1724 1613 capitulo

164 1619 443 1688 huiusmodi
466 1623 914 1683 intercessionem
949 1644 1073 1685 cum
1106 1632 1259 1686 venia
1289 1634 1505 1702 qurerit.
1555 1634 1721 1690 iidem

160 1722 315 1765 autent
344 1714 589 1771 seniores
610 1758 627 1781 ,
650 1754 657 1759 -
683 1733 806 1772 eum
850 1719 1085 1789 primum
1121 1724 1429 1792 potuerint,
1471 1740 1571 1794 pro
1596 1724 1715 1793 ejus

159 1802 440 1859 omnimoda
489 1805 758 1863 solutione
801 1809 1085 1882 deprecari
1145 1829 1250 1869 non
1308 1813 1612 1881 differunt;
1672 1817 1715 1870 si

162 1900 316 1947 tamen
337 1893 451 1964 ejus
488 1895 739 1953 intimam
765 1901 1138 1970 paenitentiam
1162 1907 1551 1975 perspexerint.
1583 1907 1715 1963 Nam

160 1996 240 2050 pro
261 1984 415 2043 fratre
445 1987 582 2044 talos
602 2004 858 2055 excessus
895 1994 951 2049 in
982 2010 1082 2050 usu
1138 1996 1370 2052 habente
1390 2037 1404 2058 ,
1468 2015 1573 2053 non
1609 2009 1715 2054 tam

160 2074 250 2128 cito
278 2078 628 2146 utsolvatnr,
692 2084 890 2139 domno
939 2085 1121 2141 abbati
1172 2088 1465 2158 aliquando
1523 2106 1717 2163 sugge-

161 2164 294 2221 ritur.
347 2169 425 2224 Ad
456 2186 691 2240 quorum
741 2175 1157 2243 postulationem
1218 2180 1507 2250 prmdictus
1556 2182 1717 2239 Pater

159 2254 276 2312 solet
295 2262 651 2330 respondere,
683 2275 845 2334 prout
876 2269 1193 2337 paenitentis
1219 2271 1537 2341 qualitatem
1563 2275 1715 2329 novit

156 2349 363 2418 exigere.
395 2353 531 2408 Nam
562 2355 684 2411 talis
705 2365 889 2427 potest
918 2376 1040 2416 esse
1060 2402 1075 2425 ,
1123 2378 1294 2433 quem
1309 2364 1376 2418 ad
1408 2366 1712 2435 proximum

158 2439 727 2505 capitulumrestituat
777 2447 830 2505 in
888 2450 1179 2519 pristinum
1233 2452 1434 2518 locum,
1485 2465 1541 2511 et
1572 2456 1710 2520 talis,

156 2527 226 2591 cui
264 2528 312 2582 id
352 2531 464 2586 fieri
524 2535 763 2589 nondum
811 2537 1031 2594 salubre
1092 2556 1214 2597 esse
1263 2544 1543 2600 decernat.
1590 2544 1712 2601 Haec

158 2627 308 2674 autem
356 2622 679 2681 intercessio
726 2638 964 2699 quatuor
995 2632 1171 2687 modis
1227 2632 1343 2688 fieri
1390 2635 1549 2690 solet.
1575 2636 1710 2691 Nam

158 2708 408 2781 aliquando
457 2718 730 2784 seniores,
783 2722 875 2790 qui
919 2724 1219 2795 prius-pro
1272 2740 1338 2782 eo
1385 2728 1711 2785 intercesse-
1754 2743 1763 2748 ‘

142 2807 522 2869 wnt,;domno
555 2811 771 2879 abbati,
831 2830 900 2870 ne
963 2816 1319 2873 obliviscatur
1363 2820 1418 2873 in
1475 2822 1711 2892 capitulo

158 2895 210 2947 ad
254 2902 565 2956 memoriam
608 2904 895 2961 reducunt.
972 2908 1279 2979 Aliquando
1329 2927 1460 2968 vero
1496 2914 1711 2970 contin-

1222 328 1635 387 Cl)NSTlTUT.
1672 325 1994 382 llillS.\UG.
2024 322 2092 368 4-
2130 328 2251 383 LIB.
2295 327 2340 383 η

3284 325 3419 380 i'liﬁ

1916 440 2015 508 Qui
2066 457 2195 495 vero
2242 441 2331 496 illo
2382 441 2538 513 longe
2594 448 2800 497 remoto
2835 440 2903 497 de
2954 438 3046 496 tali
3077 438 3417 522 culpaintrr

1840 534 2042 587 fratres
2071 534 2374 603 publicatus
2403 532 2561 589 fuerit
2582 574 2596 599 ,
2627 533 2670 588 si
2703 533 2963 617 sacerdos.
2979 539 3061 588 est
3079 574 3091 597 ,
3119 537 3270 605 prior
3291 548 3413 587 eum

1837 625 2137 695 suspendit
2169 625 2236 679 ab
2273 624 2449 679 ollieio
2474 650 2495 689 ,
2543 625 2610 679 ab
2635 622 3417 695 obedientia,”'qnanicmnque

1791 726 1799 735 ‘
1834 727 1960 772 tunc
1985 719 2187 777 habet,
2215 733 2241 771 a
2273 731 2505 786 corpore
2538 694 2887 779 Domini,-'et
2920 732 2946 770 a
2990 715 3197 770 caeteris
3229 716 3418 783 ltttjtts-

1833 808 2011 873 medi;
2052 807 2254 876 reliqua
2281 803 2486 872 differt,
2528 820 2695 876 usque
2724 807 2788 860 ad
2812 806 3022 860 abbatis
3048 805 3414 875 praesentiam.

1835 897 2070 967 ldipsum
2096 899 2356 953 observat
2382 897 2531 967 prior
2553 897 2618 949 ad
2646 896 2941 965 quamlibet
2969 895 3194 957 cellamo,
3237 894 3279 949 si
3308 894 3416 948 tale

1834 990 1966 1061 quid
2026 991 2098 1045 ibi
2149 991 2421 1054 evenerit,
2462 999 2517 1043 et
2570 989 2792 1056 insuper
2842 988 3014 1058 ipsum
3073 985 3294 1039 fratrem
3348 984 3413 1037 ad

1792 1120 1798 1127 .
1830 1080 2188 1151 principalem
2222 1080 2399 1134 locum
2421 1121 2433 1143 ,
2462 1076 2547 1133 vel
2580 1094 2676 1149 per
2696 1095 2753 1133 se
2775 1120 2788 1142 ,
2815 1077 2898 1133 vel
2922 1092 3017 1149 per
3050 1077 3211 1130 alium
3241 1076 3414 1130 addu-

1789 1173 1905 1226 “cit
1933 1213 1948 1236 ,
1981 1172 2125 1227 sicut
2144 1171 2403 1232 etillum,
2447 1171 2537 1241 qui
2570 1171 2798 1241 defuga
2851 1169 3021 1234 redit;
3071 1169 3217 1223 hunc
3269 1167 3412 1219 enim

1827 1278 1928 1319 nec
1952 1264 2003 1317 in
2026 1262 2326 1318 claustrum
2351 1262 2547 1317 ibidem
2565 1260 2821 1315 admittit.
2853 1259 3050 1329 Siquis
3066 1250 3207 1313 vero
3231 1265 3415 1311 noster
3498 1328 3515 1343 ο

1826 1355 2101 1424 prOfcs’sus
2123 1354 2562 1411 accommodatus
2607 1353 2822 1415 abbati,
2879 1354 2971 1424 qui
3011 1368 3075 1408 ex
3121 1352 3323 1407 nostris
3358 1351 3415 1407 in

1828 1448 2005 1503 alieno
2036 1448 2374 1502 monasterio
2413 1455 2496 1500 est
2529 1445 2845 1516 prmfectus,
2890 1444 2995 1499 tale
3031 1443 3159 1514 quid
3189 1442 3418 1498 commi-

1792 1536 1797 1539 “
1824 1540 1990 1603 serit,
2022 1541 2163 1593 hunc
2190 1540 2331 1593 idem
2364 1539 2531 1593 abbas
2563 1544 2626 1592 ex
2656 1537 3055 1592 consuetudine
3080 1534 3333 1605 corrigit,
3361 1542 3417 1588 et

1827 1641 2005 1686 tamen
2036 1632 2079 1685 si
2117 1639 2199 1685 est
2246 1630 2314 1684 de
2369 1629 2495 1699 fuga
2541 1620 2826 1693 reversus,
2876 1622 2998 1682 cum
3060 1628 3290 1698 primum
3347 1627 3415 1677 ad

1826 1737 1925 1777 nos
1955 1721 2193 1788 venerit,
2255 1734 2596 1791 nequaquam
2642 1721 2695 1775 in
2741 1720 3071 1784 claustrum,
3117 1718 3218 1773 nisi
3252 1717 3413 1772 solita

1754 1789 1796 1843 Β
1824 1814 2197 1871 satisfactione
2256 1814 2549 1881 recipitur,
2598 1813 2807 1868 etiamsi
2855 1813 3087 1866 domnus
3146 1810 3309 1866 abbas
3356 1810 3412 1864 in

1822 1904 1906 1960 illa
1936 1904 2115 1976 priore
2138 1902 2506 1959 satisfactione
2526 1901 2715 1965 adfuit,
2734 1902 2839 1955 nisi
2864 1904 3001 1954 forte
3030 1900 3143 1970 ipse
3158 1900 3410 1953 eumdem

1828 2000 2087 2053 vestitum
2137 1995 2304 2065 recipi
2351 1996 2405 2049 in
2476 1995 2747 2049 audientia
2807 1992 3032 2047 fratrum
3086 1993 3409 2047 decreverit.

1790 2112 1791 2115 η
1822 2090 2102 2144 Adductus
2129 2096 2313 2144 autem
2344 2088 2410 2141 ad
2430 2096 2528 2141 nus
2567 2085 2654 2139 ille
2675 2127 2688 2151 ,
2720 2086 2942 2155 inquam
2970 2126 2985 2150 ,
3020 2084 3110 2153 qui
3155 2084 3279 2137 alibi
3308 2085 3411 2136 cri—

1820 2195 1944 2235 men
1971 2170 2207 2249 capitale‘
2237 2176 2539 2241 commisit,
2596 2175 2737 2230 sicut
2769 2178 2886 2229 mos
2916 2178 2993 2229 εει
3015 2213 3029 2235 .
3082 2173 3412 2227 benedictio-

1791 2285 1946 2324 ‘nem
1980 2260 2359 2339 accepturus,
2390 2260 2504 2321 sive
2546 2260 2776 2320 domnus
2798 2262 2942 2317 abba
2971 2261 3113 2316 domi
3144 2262 3243 2327 sit,
3297 2261 3411 2315 sive

1818 2375 1951 2423 non,
1994 2359 2299 2414 claustrum
2318 2370 2441 2411 mox
2466 2354 2786 2425 ingreditur.
2836 2351 2893 2407 Si
2926 2366 3054 2407 vero
3104 2351 3248 2407 domi
3299 2364 3409 2406 non

1816 2462 1929 2518 est,
1965 2453 2279 2523 priusquam
2312 2440 2560 2505 reversus
2585 2446 2787 2511 fuerit,
2824 2446 2965 2500 idem
3003 2442 3174 2499 frater
3199 2457 3409 2513 nequa-

1813 2558 1975 2611 quam
2032 2541 2084 2595 in
2127 2539 2469 2610 praesentiam
2506 2537 2655 2591 illius
2708 2534 2858 2590 venit
2899 2551 2912 2587 :
2969 2533 3062 2589 sed
3108 2532 3319 2587 interim
3352 2534 3407 2585 in

1816 2631 2112 2686 infirmaria
2170 2636 2543 2685 commoratur
2582 2666 2597 2692 ,
2632 2626 2831 2681 donec
2885 2624 3000 2693 ipso
3048 2621 3271 2691 iubente
3311 2636 3410 2691 per

1815 2723 2051 2794 priorem
2078 2734 2133 2779 et
2172 2718 2533 2779 camerariuin
2560 2726 2763 2773 exutus
2807 2718 2860 2771 in
2911 2715 3180 2771 auditorio
3230 2714 3407 2769 nudus

1816 2815 1866 2867 in
1894 2814 2188 2885 capitulum
2220 2819 2674 2883 reprznsentetur..
2704 2808 2858 2875 Quod
2897 2808 2942 2863 si
2976 2808 3205 2863 domnus
3237 2806 3408 2861 abbas

1812 2906 1867 2959 iu
1903 2904 2239 2960 monasterio
2270 2911 2354 2959 est
2391 2900 2856 2965 illo‘a'dveniente,
2905 2898 3034 2953 licet
3082 2896 3300 2951 interim
3352 2895 3406 2951 in

155 2986 248 3055 git,
293 2999 348 3045 ut
398 2994 692 3062 praedictus
744 2994 914 3053 frater
971 3000 1036 3055 de
1081 3001 1257 3071 aliqua
1316 3019 1480 3072 parva
1512 3005 1709 3076 negli-
1812 3004 2080 3050 conventu
2100 2996 2200 3060 sit,
2232 3009 2336 3049 non
2371 3001 2547 3047 tamen
2576 2989 2726 3061 prius
2747 2998 2873 3046 ante
2902 3003 3023 3043 eum
3046 2986 3216 3052 venit,
3238 2999 3405 3055 quam

158 3078 306 3190 gentia
353 3082 697 3150 reclametur,
745 3086 934 3157 sicque
999 3089 1129 3145 data
1175 3095 1465 3150 occasione
1497 3104 1606 3151 tam
1639 3096 1707 3152 ab
1739 3129 1781 3190 Ο
1812 3089 1879 3142 ad
1909 3086 2200 3158 capitulum
2230 3086 2298 3141 ab
2323 3100 2388 3140 eo
2405 3083 2788 3155 proclametur,
2816 3082 3003 3152 sicque
3028 3078 3403 3151 petitavenia,

156 3167 329 3224 eisdem
357 3174 699 3240 senioribus,
729 3192 892 3247 quam
917 3194 947 3232 a
979 3182 1189 3237 creteris
1218 3182 1476 3241 fratribus
1497 3202 1595 3256 pro
1620 3186 1710 3243 illo
1739 3167 1781 3190 υ
1815 3180 2187 3249 praescriptam
2215 3193 2313 3249 per
2335 3177 2516 3233 omnia
2541 3177 2607 3232 de
2624 3176 2860 3248 graviori
2881 3174 3040 3244 culpa
3062 3172 3400 3244 disciplinam

157 3258 485 3332 supplicatur,
515 3265 814 3337 aliquando
855 3279 1035 3326 autem
1063 3284 1330 3342 praesente
1360 3275 1559 3333 abbate
1578 3279 1711 3348 petit

158 3351 372 3451 veniam,
403 3365 725 3425 spontanee,
751 3368 809 3416 ut
833 3376 899 3417 eo
924 3367 1283 3433 opportunius
1309 3367 1506 3425 fratres
1526 3387 1623 3441 pro
1645 3388 1710 3427 eo

157 3445 332 3531 possint
352 3445 725 3515 intercedere;
762 3450 1056 3522 aliquando
1098 3470 1227 3511 vero
1252 3459 1471 3523 evenit,
1506 3470 1564 3514 ut
1598 3462 1711 3531 ipse

156 3530 354 3590 domnus
379 3536 551 3593 abbas
582 3551 738 3595 vocet
765 3556 888 3597 eum
911 3583 926 3608 ,
974 3553 1032 3599 ut
1077 3556 1265 3616 surgat
1299 3557 1353 3603 et
1391 3549 1443 3602 in
1477 3530 1707 3605 medium

156 3623 338 3710 veniat,
402 3630 551 3685 nullo
594 3632 940 3689 admonente.
1000 3636 1119 3703 Quo
1179 3640 1397 3693 veniam
1460 3650 1706 3710 petente,

156 3708 356 3783 loquitur
385 3732 752 3779 consentanea
779 3733 835 3780 et
858 3740 1038 3781 causre
1067 3728 1397 3798 et'personae
1420 3771 1435 3797 ,
1464 3708 1710 3789 etreddit

154 3804 195 3857 ci
223 3809 489 3875 pristinum
518 3854 532 3878 ,
560 3814 644 3870 vel
668 3817 712 3870 si
746 3816 948 3886 placet,
978 3817 1290 3876 inferiorem
1320 3822 1522 3879 locum.
1552 3826 1711 3883 Cadit

156 3901 212 3948 ad
253 3901 407 3969 pedes
436 3902 584 3972 ejus,
612 3906 753 3961 sicut
780 3908 943 3962 etiam
968 3908 1196 3978 quilibet
1224 3920 1331 3968 tam
1382 3914 1435 3969 in
1478 3917 1708 3972 Ecclesia

154 4001 290 4055 qttam
341 3994 392 4049 in
414 3996 695 4066 capitulo,
743 3998 788 4053 si
834 4000 1051 4068 quando
1098 4017 1220 4057 eum
1271 4009 1599 4074 promoverit
1642 4010 1709 4064 ad

156 4074 303 4137 locum
332 4083 602 4141 altiorem.
626 4086 781 4153 Quod
823 4089 869 4142 si
920 4088 1034 4157 ipse
1079 4090 1396 4161 impeditus.
1454 4096 1506 4152 id
1539 4098 1705 4166 priori

154 4172 484 4243 commiserit,
531 4185 587 4231 et
617 4176 709 4233 ille
738 4177 791 4232 in
818 4178 1059 4249 capitulo
1102 4181 1332 4239 fratrum
1362 4201 1474 4241 rem
1508 4187 1707 4243 indica-

144 4260 298 4325 verit,
326 4275 604 4334 promotus
633 4267 861 4336 pedibus
892 4268 1039 4325 illius
1071 4268 1215 4327 illico
1248 4273 1611 4342 provolvitur;
1653 4284 1709 4331 et

146 4354 367 4413 quamvis
388 4356 643 4428 deinceps
665 4356 865 4413 nullam
904 4359 974 4415 ab
1017 4360 1144 4417 aliis
1184 4364 1585 4433 separationem
1612 4382 1707 4437 pa-

1814 3271 2091 3339 cxpcritur
2392 3290 2397 3295 δ
2446 3322 2449 3323 ,
2942 3312 2945 3313 ν
3064 3296 3070 3305 -
3118 3310 3125 3315 .

1885 3360 2010 3416 Haec
2037 3359 2456 3418 emendationis
2499 3357 2623 3421 lex,
2668 3372 2830 3426 quam
2879 3356 3135 3420 diximus,
3191 3371 3403 3425 semper

1812 3452 2148 3506 observanda
2178 3458 2319 3515 est,
2350 3450 2402 3503 in
2444 3448 2753 3517 hujusmodi
2801 3447 3070 3517 lapsibus,
3096 3494 3101 3499 .
3125 3447 3225 3500 nisi
3260 3448 3403 3512 quod

1814 3543 2014 3605 domno
2038 3540 2220 3595 abbati
2258 3538 2648 3594 clamallatum
2679 3536 2843 3591 fuerit
2866 3576 2880 3599 ,
2924 3536 3037 3604 ipse
3063 3536 3225 3590 etiam
3260 3536 3401 3590 claui

1816 3642 2048 3689 tractare
2072 3633 2229 3698 velit;
2254 3632 2381 3703 quia
2413 3631 2533 3686 talis
2554 3644 2733 3685 causa;
2752 3627 3004 3684 tractatio
3022 3628 3073 3682 in
3095 3625 3210 3694 ejus
3233 3626 3402 3681 solius

1811 3725 2011 3793 pendet
2038 3723 2283 3778 arbitrio.
2317 3722 2373 3777 Si
2400 3721 2521 3792 quis
2547 3729 2747 3775 autem
2760 3718 2826 3775 de
2850 3718 3001 3790 gravi
3045 3716 3203 3787 culpa
3232 3716 3402 3771 incla-

1790 3825 1991 3872 inatus
2053 3819 2373 3887 negaverit,
2430 3815 2616 3883 sicque
2654 3828 2751 3868 res
2790 3812 2843 3866 in
2888 3811 3110 3867 dubium
3160 3810 3398 3875 venerit,

1812 3908 2238 3964 consuetudinali
2264 3906 2471 3977 judicio
2497 3905 2713 3961 interim
2740 3905 2948 3962 ferente
2975 3920 3006 3960 a
3033 3921 3139 3976 quo
3158 3921 3402 3976 compro-

1812 4001 2001 4066 batur,
2053 3999 2170 4056 ida
2206 4000 2442 4071 capitulo
2482 3999 2766 4067 differtur,
2814 4009 3132 4071 secretoque
3171 4001 3398 4069 probata

1811 4093 2007 4148 iterum
2036 4093 2163 4148 illuc
2186 4092 2455 4157 refertur;
2514 4099 2742 4159 excepto
2801 4090 2916 4145 solo
2949 4089 3177 4145 crimine
3232 4090 3401 4143 forni-

1811 4184 2063 4240 cationis.
2092 4183 2244 4250 Quod
2275 4184 2494 4254 quidem
2540 4197 2664 4237 cum
2693 4190 2915 4251 propter
2943 4179 3258 4236 scandalum
3290 4195 3396 4235 non

1814 4276 2097 4331 reclamari
2124 4314 2140 4339 ,
2173 4275 2267 4330 sed
2298 4275 2496 4329 domno
2518 4272 2733 4339 abbati,
2770 4271 2855 4327 vel
2886 4286 2952 4327 eo
2980 4272 3206 4326 absente
3229 4271 3395 4339 priori

1812 4374 2026 4421 secreto
2052 4364 2190 4419 solet
2227 4364 2490 4419 intimari.
2519 4361 2575 4417 Si
2604 4362 2673 4417 ab
2700 4361 2880 4431 aliquo
2907 4361 3197 4416 indiscreta
3227 4361 3397 4416 recla-

1812 4463 2023 4519 matur,
2050 4453 2211 4510 simili
2233 4452 2398 4508 etiam
2427 4450 2771 4522 probationis
2793 4450 3079 4505 occasione
3101 4466 3129 4504 a
3164 4451 3396 4520 capitulo

1807 4545 2161 4601 differendum
2211 4553 2315 4601 est.
2362 4540 2495 4598 Sed
2542 4541 3028 4612 quomodocunque
3079 4542 3361 4610 probatum

1806 4653 2083 4708 nunquam
2118 4637 2244 4691 illuc
2277 4644 2360 4693 est
2382 4634 2749 4700 referendum,
2776 4648 2839 4687 ea
2863 4633 3116 4691 videlicet
3153 4635 3392 4697 ratione;

1808 4742 1862 4784 ut
1896 4730 1939 4786 si
1970 4730 2101 4800 quis
2140 4744 2264 4785 reus
2294 4727 2545 4783 inventus
2572 4724 2766 4791 fuerit,
2818 4727 2920 4781 hoc
2963 4736 3173 4781 secreta
3211 4725 3395 4780 distri-

1806 4824 1990 4877 ctione
2017 4821 2357 4892 experiatur,
2386 4820 2529 4890 quod
2559 4820 2610 4874 iu
2645 4818 2854 4890 publica
2878 4817 3227 4882 confusione,
3284 4832 3390 4872 non

1805 4915 1903 4969 sibi
1938 4913 2030 4969 sed
2054 4913 2267 4969 caeteris
2291 4912 2553 4983 parcitur.
2612 4910 2764 4966 llanc
2805 4911 2969 4966 etiam
3019 4911 3393 4980 probationem

1803 5008 1951 5079 prior
1978 5006 2124 5071 facit,
2175 5008 2375 5061 domno
2401 5005 2594 5060 abbate
2618 5018 2722 5059 non
2750 5003 2961 5075 longius
2984 5011 3193 5058 remoto
3224 5015 3390 5072 quam

1801 5107 1885 5153 est
1913 5097 2015 5150 iter
2042 5094 2207 5149 bidui.
2776 5110 2777 5113 η

154 4439 318 4507 tiatur,
368 4455 547 4505 tamen
601 4450 649 4505 si
712 4449 815 4505 fuit
864 4452 1096 4508 fratrum
1156 4453 1469 4523 confessor,
1528 4457 1611 4521 vel
1637 4459 1701 4512 ad
1734 4484 1781 4545 υ

148 4541 309 4589 sacros
338 4539 558 4596 ordines
604 4550 911 4610 promotus,
974 4559 1319 4616 nequaquam
1370 4548 1456 4602 his
1510 4548 1701 4603 olliciis

153 4618 389 4696 fungitur,
418 4631 535 4695 nisi,
556 4640 611 4689 et
638 4636 985 4703 postmodum
1014 4651 1114 4706 pro
1139 4637 1295 4693 bona:
1322 4638 1443 4693 vita:
1491 4641 1702 4695 meritis

147 4726 177 4779 ,ιι
194 4713 372 4775 domno
389 4724 586 4789 abbate
607 4727 956 4782 concedatur.
993 4729 1063 4791 Et
1088 4731 1133 4785 si
1159 4731 1298 4786 inter
1325 4732 1520 4788 stecula
1530 4747 1616 4788 res
1637 4736 1701 4788 de

148 4808 305 4878 aliquo
362 4816 589 4879 crimine
641 4819 948 4889 publicatus
988 4820 1120 4886 fuit,
1174 4820 1436 4891 nusquam
1470 4825 1701 4892 amplius

151 4908 281 4955 extra
305 4904 594 4963 claustrum
647 4910 914 4978 mittitur,
963 4912 1066 4968 nisi
1101 4922 1211 4967 tam
1244 4922 1433 4968 sancte
1478 4922 1532 4969 et
1557 4914 1702 4984 juste

153 4986 345 5057 vixerit,
370 4999 513 5065 quod
543 5000 592 5054 ei
619 5000 759 5055 bene
786 4999 1047 5071 deinceps
1070 5003 1213 5071 credi
1243 5004 1432 5073 possit.
1467 5005 1621 5072 Quod
1654 5006 1698 5060 si

146 5076 195 5130 in
223 5082 316 5139 alio
341 5086 455 5145 loco
491 5105 652 5160 quam
682 5092 825 5161 apud
860 5107 959 5148 nos
1012 5095 1121 5149 tale
1156 5095 1284 5163 quid
1331 5098 1697 5165 perpetravit,

152 5168 257 5226 illuc
290 5174 393 5244 jam
438 5182 670 5252 amplius
707 5198 814 5237 non
847 5186 1076 5251 redibit,
1113 5188 1521 5257 qualiscumque
1551 5191 1700 5245 testi-

148 5267 291 5321 monii
314 5268 469 5345 fuerit
498 5283 552 5331 et
576 5285 1274 5351 quantumcumquescnex
1300 5278 1482 5334 fuerit.
1517 5281 1696 5350 Siqua

152 5354 539 5435 ntala,suspicio
587 5363 771 5421 fratris
820 5365 984 5423 fuerit
1041 5371 1223 5425 tandiu
1268 5370 1534 5426 laternam
1597 5371 1697 5427 sub

153 5451 867 5535 custodiapombit,_donec
911 5473 1007 5527 per
1035 5474 1302 5514 summam
1336 5440 1693 5516 humilitatem

154 5548 469 5616 sanctamque
493 5549 957 5605 conversationem
1008 5550 1133 5605 inde
1174 5550 1377 5607 absolvi
1416 5552 1693 5618 meruerit,

156 5622 260 5684 lliec
287 5632 532 5695 hactenus
552 5641 621 5695 de
648 5639 739 5694 illo
777 5641 890 5711 qui,
937 5642 1353 5699 domno'abbate
1392 5643 1535 5701 domi
1568 5660 1695 5701 con-

155 5718 375 5789 sistente,
415 5729 593 5803 lapsus
621 5735 783 5790 estin
807 5734 1009 5791 crimen
1036 5735 1281 5806 capitale.
1384 5720 1389 5727 “

2423 5184 2649 5241 CAPUT
2678 5184 2777 5238 'Vl.

2141 5278 2219 5332 De
2238 5276 2358 5331 aliis
2384 5275 2655 5347 generibus
2691 5274 3050 5343 correptionis.

1871 5371 2008 5443 (ιω.)
2036 5369 2409 5427 διιηιιιιιιθιη
2440 5368 2593 5443 apud,
2624 5380 2723 5421 nos
2769 5365 2941 5420 adhuc
2963 5372 3018 5419 et
3065 5363 3165 5416 alia
3191 5374 3387 5431 genera

1800 5460 2190 5531 correptionis,
2251 5474 2369 5527 qua:
2400 5472 2506 5512 non
2558 5456 2729 5510 solum
2786 5455 3015 5509 domnus
3052 5453 3187 5505 abba
3227 5450 3383 5503 facit.

1797 5554 1890 5610 sed
1921 5554 2085 5610 etiam
2108 5540 2127 5617 ,ἢ
2150 5552 2194 5606 si
2223 5565 2360 5619 opus
2396 5547 2599 5610 fuerit,
2637 5548 2786 5616 prior
2812 5538 2897 5603 eo
2936 5545 3180 5599 absente.
3232 5541 3383 5596 Nul'a

1797 5647 1939 5701 (ειιὶιιι
1997 5644 2388 5701 monachorum
2446 5639 2673 5695 ecclesia
2734 5644 2940 5697 tantum
3002 5635 3387 5691 deboncstatur

1796 5745 2015 5810 propter
2042 5734 2299 5809 quidtale
2316 5774 2331 5803 ,
2366 5732 2506 5806 quod
2532 5731 2600 5787 ab
2620 5730 2798 5805 aliquo
2819 5728 2986 5787 fratre
3005 5724 3381 5792 committitur,
