3890 6314
524 334 657 391 1031

523 535 683 593 alicui
738 534 852 587 vult
891 530 1528 602 impendere,perltunc
1569 529 1908 585 solummodo
1949 530 2120 599 signis

522 626 696 694 possit
727 622 1105 685 facere._ldem
1135 622 1306 678 frater
1332 621 1399 675 ad
1426 621 1528 676 hoc
1551 620 1785 676 officium
1813 622 2120 691 deputatus,

520 725 684 770 mtate
725 724 782 769 et
816 714 1061 770 moribus
1115 714 1278 769 debet
1324 728 1445 769 esse
1468 721 1772 783 provectus.
1810 714 1866 769 Si
1899 714 2026 784 quid
2052 715 2129 769 ad.

522 804 877 875 iulirinariam
908 806 1095 870 mittit,
1127 807 1194 861 ad
1226 821 1465 883 praesens
1496 808 1797 865 infirmario
1827 807 2118 865 abendem

527 898 697 952 fratre
732 899 912 963 datur,
947 907 1004 952 ιιι
1043 913 1140 967 per
1160 914 1282 953 eum
1318 899 1444 953 illuc
1474 898 1751 954 efferatur.
1784 900 1933 957 Solet
1955 901 2119 955 etiam

525 988 796 1045 interdum
824 990 1011 1044 lectori
1041 990 1360 1060 exterisque
1382 991 1648 1046 ministris
1674 992 2122 1060 ebaritatem-per
2158 1028 2161 1033 -

521 1082 755 1135 curulem
784 1080 1005 1137 fratrem
1041 1081 1241 1147 facere,
1271 1098 1431 1151 quam
1464 1082 1553 1138 ille
1586 1082 1638 1136 in
1667 1084 1771 1137 line
1801 1083 2121 1153 principalis

524 1191 726 1231 meum:
762 1177 1076 1247 repositam,
1099 1177 1304 1232 eisdem
1333 1187 1519 1247 postea
1552 1175 1923 1232 relicientibns
1945 1177 2123 1231 distric

526 1270 662 1333 lmit,
694 1277 855 1336 atque
879 1285 1001 1323 cum
1043 1269 1201 1340 signo
1231 1278 1511 1323 auctorem
1537 1269 1824 1323 charitatis
1876 1268 2119 1336 ejusdem
2152 1320 2155 1323 γ

524 1360 727 1427 prodit.
756 1359 856 1425 Qui
898 1374 1022 1416 mox
1064 1372 1256 1414 versus
1299 1358 1655 1428 principalem
1701 1360 1884 1413 sedem
1926 1358 2133 1428 :l‘qttali;

526 1451 787 1507 inclinant
843 1452 1172 1516 reverentia,
1227 1467 1292 1506 ac
1325 1451 1369 1506 si
1410 1452 1642 1506 domnus
1694 1452 1829 1506 abba
1876 1460 2017 1505 esset
2068 1452 2120 1505 in

525 1542 839 1621 praesentia.
862 1542 981 1612 Ipse
1006 1543 1171 1597 etiam
1201 1543 1346 1598 sicut
1390 1552 1446 1598 et
1493 1542 1719 1612 quilibet
1765 1543 1831 1595 ad
1874 1544 2011 1597 lianc
2036 1555 2124 1594 se-

522 1637 658 1690 dens
680 1636 886 1691 scillam
911 1651 1095 1691 coram
1127 1651 1184 1691 se
1203 1638 1523 1704 pendentem
1557 1636 1755 1705 pulsat,
1787 1636 1829 1691 si
1863 1635 2124 1705 generale

527 1725 689 1780 solito
722 1727 930 1781 tardius
954 1727 1325 1780 administrari
1344 1728 1689 1782 considerat.
1708 1774 1712 1778 .

1633 327 1692 383 S.
1723 326 2094 384 ϐυιιιιεωιε
2134 325 2426 381 ΛΒΒᾹΤΙΒ
2452 324 2777 383 ιιιῐιδλυρ.
3682 332 3769 387 053

522 461 645 502 esse
698 445 864 509 scius,
896 451 955 497 nt
998 440 1259 511 quidquid
1291 440 1523 496 domans
1560 440 1697 499 abba
1732 455 1830 509 pro
1857 439 2125 499 cbaritate
2154 440 2199 496 Α

2820 460 3049 516 CAPUT
3090 464 3222 517 Xlif.

2226 552 2390 618 Quem
2422 553 2656 607 ordinem
2688 558 2847 605 senet
2874 552 3096 607 domnus
3125 557 3257 606 abba
3285 596 3298 615 ,
3348 558 3563 624 quando
3589 559 3639 608 iu
3670 562 3770 613 τάδε

2248 662 2253 667 ι
2286 670 2289 675 ,
2718 623 3030 679 anciliorum
3069 626 3310 683 comedit.

2294 718 2308 734 ‘
2346 714 2783 784 Quotiescunque
2813 714 3043 773 domnus
3074 716 3210 770 abba
3236 717 3287 775 in
3318 718 3459 772 cella
3487 720 3771 777 novitiarnm

2223 807 2495 872 comedit,
2542 822 2610 860 ex
2643 807 3036 861 consuetudine
3055 807 3410 874 cellerarius,
3464 810 3549 863 vel
3602 813 3773 880 δειλαίην

2223 896 2338 964 ejus
2373 896 2445 949 illi
2475 895 2662 961 servit.
2686 895 2872 951 Lectio
2889 910 3050 965 quam
3069 897 3211 953 inter
3229 899 3626 954 comedendum
3650 903 3771 955 lubt

2222 1003 2252 1041 a
2279 987 2574 1057 capellanis
2602 987 2823 1058 legitur,
2881 989 2973 1042 sed
3002 989 3233 1045 diverso
3285 993 3489 1046 modo:
3523 1009 3647 1047 nam
3682 1014 3771 1049 cum

2225 1078 2402 1133 nullus
2439 1093 2626 1133 eorum
2656 1079 2776 1133 sine
2798 1079 2954 1148 jussu
2996 1080 3138 1141 illius
3185 1082 3385 1137 ibidem
3427 1089 3772 1147 eomedat.ab

2223 1184 2330 1222 uno
2359 1172 2703 1234 eorumdem,
2738 1170 2827 1239 qui
2854 1170 3039 1236 jussus
3072 1171 3181 1225 illic
3207 1174 3464 1238 comedit,
3498 1177 3771 1241 iniciuntur;

2224 1261 2318 1319 sed
2348 1261 2417 1315 ab
2462 1260 2642 1331 aliquo
2671 1262 3052 1323 consociorum
3093 1260 3253 1330 ejus,
3301 1265 3366 1319 de
3410 1264 3646 1320 fratrum
3672 1270 3769 1323 refc-

2225 1353 2403 1407 ctione
2432 1367 2526 1423 per
2555 1352 2833 1425 licentiam
2870 1354 3123 1409 veniente
3147 1394 3162 1418 ,
3210 1354 3419 1409 finitur.
3457 1358 3531 1411 At
3586 1359 3631 1411 si
3672 1361 3773 1412 refc-

2226 1455 2376 1507 ctus,
2410 1454 2538 1500 ante
2566 1444 2919 1505 refectionem
2951 1446 3134 1511 domui
3163 1448 3376 1504 abbatis
3406 1451 3651 1513 redierit,
3673 1454 3775 1505 idm

2227 1536 2341 1605 ipse
2364 1550 2483 1609 eam
2509 1536 2691 1607 incipit
2715 1548 2770 1592 et
2799 1536 2936 1593 linit.
2965 1537 3149 1601 Potest
3170 1537 3372 1605 iislem
3408 1538 3574 1594 Pater
3604 1542 3777 1595 inierint

2225 1628 2698 1699 aliquodverbttm
2732 1628 3143 1697 azdilicationis,
3188 1631 3231 1684 si
3270 1632 3416 1699 vult,
3470 1633 3777 1689 intersum.

2226 1720 2349 1776 Ideo
2387 1728 2564 1779 autem
2598 1719 2877 1791 Capellani
2918 1736 3042 1776 cum
3085 1722 3175 1777 illo
3228 1738 3385 1787 raro,
3452 1734 3507 1777 ct
3568 1741 3667 1778 non
3704 1728 3779 1781 ubi

598 1821 775 1874 Finita
820 1820 1111 1888 refectione
1162 1831 1216 1874 et
1265 1826 1533 1875 conventu
1570 1830 1821 1882 exeunte,
1871 1836 2010 1874 unus
2057 1821 2123 1876 de

2230 1811 2356 1880 iussi
2389 1812 2672 1877 reficiunt,
2702 1812 2828 1881 quia
2861 1812 3153 1868 debiliores
3194 1813 3394 1870 fratres
3423 1816 3709 1883 sepissime
3732 1819 3781 1867 ab

527 1910 822 1981 capellanis
847 1920 1145 1981 exspectat,
1167 1927 1233 1966 ne
1261 1911 1398 1967 forte
1429 1912 1575 1965 inter
1598 1909 1835 1965 enmln‘m
1860 1910 1924 1964 ad
1942 1910 2123 1965 eccle-

529 2004 667 2058 siam
694 2018 790 2071 pro
819 2003 997 2073 aliqua
1025 2004 1352 2058 necessitate
1382 2003 1529 2059 solus
1579 2004 1834 2057 divertat.
1870 2002 2123 2069 Quamliu

528 2094 583 2149 in
615 2095 776 2149 domo
807 2093 1146 2148 infirmorum
1182 2104 1453 2165 repausat,
1486 2095 1617 2148 nulli
1660 2095 1881 2148 interest
1909 2108 2126 2162 proces-

525 2185 690 2246 sioni,
743 2200 917 2251 neque
978 2185 1140 2240 ullius
1174 2200 1368 2241 causa
1425 2202 1652 2255 usquam
1691 2187 1919 2253 equitat.
1976 2184 2126 2240 Solet

533 2292 753 2347 quoque
796 2278 1025 2331 subinde
1050 2277 1119 2332 de
1147 2277 1279 2333 cella
1326 2278 1656 2333 novitiorum
1689 2278 1741 2331 in
1777 2278 2121 2332 refectorinm

526 2369 850 2424 cbaritatem
899 2370 1055 2424 suam
1105 2371 1351 2435 mittere;
1393 2387 1555 2440 quam
1605 2372 1773 2426 frater
1823 2373 2120 2441 recipiens,

528 2469 843 2515 reverenter
875 2461 927 2515 in
959 2470 1086 2517 ante
1124 2462 1370 2519 inclinat.

552 2594 555 2597 .
598 2550 737 2621 (υυ.)
763 2551 1054 2622 Postquam
1080 2570 1185 2609 nox
1204 2554 1399 2621 fuerat,
1419 2567 1664 2627 portatur
1684 2569 1808 2612 ante
1821 2574 1942 2613 eum
1964 2558 2127 2613 later-

528 2657 600 2696 na
633 2651 741 2696 tam
772 2643 826 2698 in
856 2654 1130 2701 conventu
1172 2662 1334 2718 quam
1383 2658 1539 2704 extra
1584 2660 1915 2705 conventum
1953 2666 2125 2720 usque

526 2736 595 2791 ad
624 2736 845 2793 lectum.
896 2738 997 2796 Ubi
1026 2739 1119 2809 qui
1146 2749 1345 2810 portat,
1381 2740 1702 2813 obsequitur
1731 2743 1806 2797 illi
1833 2752 1885 2795 et
1911 2743 1979 2797 ad
2010 2743 2124 2797 eol-

528 2827 818 2909 locandum
873 2839 928 2885 et
974 2832 1041 2885 ad
1072 2830 1381 2889 levandum.
1422 2833 1697 2903 Nusquam
1748 2835 1865 2889 sine
1891 2835 2126 2889 lectione

527 2918 727 2986 reficit,
763 2919 1011 2991 ideoque,
1045 2921 1169 2992 quia
1212 2924 1264 2977 in
1293 2922 1715 2979 refcctorionon
1759 2924 1860 2978 nisi
1910 2934 2004 2977 aut
2044 2924 2110 2976 ad

529 3023 894 3072 communem,
966 3020 1060 3067 aut
1113 3012 1487 3068 mlnistrorum
1542 3015 1896 3070 refectionem
1944 3013 2109 3069 le'ctio

529 3097 693 3154 debet
737 3101 941 3167 audiri,
965 3101 1010 3156 si
1047 3118 1153 3157 non
1186 3104 1251 3157 ad
1311 3105 1502 3159 harum
1527 3105 1789 3169 alteram,
1837 3108 2117 3173 nunquam

2225 1918 2290 1981 eo
2322 1902 2496 1967 vocati
2532 1902 2647 1972 ejus
2678 1903 2962 1957 refectioni
2993 1903 3297 1958 intersunt:
3340 1920 3575 1972 quorum
3600 1906 3783 1973 justiti:
3876 1956 3877 1971 χ

2226 2010 2254 2069 a
2318 1991 2705 2059 refectorario,
2755 2002 2807 2048 et
2868 1994 2987 2064 ejus
3040 1995 3411 2050 admonitione
3463 2012 3663 2051 mensa:
3690 2014 3783 2050 cum

2225 2086 2556 2142 mensalibus
2592 2087 2660 2141 ab
2692 2086 2991 2142 infirmatio
3014 2087 3139 2141 illnc
3162 2087 3507 2151 deferuntur,
3548 2091 3642 2143 sed
3669 2091 3785 2158 prius
3876 2086 3877 2105 ‘

2226 2194 2330 2231 non
2356 2187 2741 2248 reportentur,
2787 2194 2951 2248 quam
2980 2180 3153 2245 iidem
3184 2180 3385 2234 fratres
3427 2182 3480 2234 in
3535 2182 3783 2236 refectorio

2224 2271 2521 2326 comessnri
2566 2280 2887 2329 noscuntur.
2945 2270 3080 2326 Nam
3145 2272 3191 2327 si
3223 2281 3346 2341 post
3374 2288 3577 2327 nonam
3625 2275 3785 2328 deleta

2228 2362 2452 2428 bibere,
2497 2372 2845 2434 apponuntur
2887 2364 2968 2419 eis
2993 2362 3117 2418 alia:
3136 2363 3199 2426 in
3228 2362 3524 2423 refectorio
3562 2363 3785 2432 justitia;

2227 2456 2271 2508 si
2315 2464 2496 2509 tamen
2541 2455 2787 2509 eamdem
2838 2470 3036 2509 nonam
3082 2454 3161 2515 in,
3189 2456 3531 2511 monasterio
3556 2466 3785 2519 cantant,

2229 2547 2310 2611 vel
2366 2548 2432 2602 ad
2481 2556 2729 2605 sanctam
2778 2547 3003 2602 Mat-iam
3050 2562 3065 2599 :
3135 2563 3260 2605 nam
3332 2564 3515 2619 neque
3590 2549 3785 2617 aliquam

2212 2639 2456 2713 Olmram,
2512 2638 2617 2693 nisi
2671 2654 2699 2692 a
2748 2640 2950 2701 domno
3000 2639 3195 2695 abbate
3246 2639 3421 2707 jussi,
3480 2641 3537 2694 in
3604 2641 3789 2710 prxfata

2227 2730 2359 2784 cella
2419 2746 2618 2785 canere
2678 2740 3038 2800 praesumunt.
3098 2730 3251 2797 Quod
3309 2733 3354 2787 si
3406 2732 3515 2787 illis
3564 2734 3790 2800 jubctnr,

2227 2838 2288 2876 ea
2323 2823 2436 2878 vice
2467 2832 2589 2890 post
2618 2838 2815 2877 nonam
2844 2823 3073 2878 licenter
3114 2822 3190 2878 ibi
3240 2823 3457 2879 bibunt.
3487 2825 3789 2891 Quicumque

2234 2925 2411 2970 autem
2455 2916 2581 2970 illuc
2634 2916 2707 2969 ad.
2738 2931 2900 2971 unam
2933 2924 3141 2971 tantum
3177 2916 3534 2972 refectionem
3570 2927 3790 2973 τυωιιςτ,

2230 3023 2352 3061 Illle
2379 3022 2443 3062 ea
2472 3006 2619 3063 finita
2648 3009 2953 3079 regreditur
2984 3048 2998 3074 ,
3039 3025 3145 3063 non
3174 3010 3413 3079 amplius
3462 3010 3587 3063 illuc
3623 3008 3791 3063 raditu-

2230 3116 2323 3153 rus
2369 3116 2464 3169 pro
2515 3102 2619 3156 hac
2655 3116 2848 3168 causa,
2907 3102 3008 3157 nisi
3044 3102 3251 3171 jussus.
3299 3103 3429 3157 Post
3475 3102 3788 3157 collationem

529 3188 705 3245 reficit
735 3191 828 3245 ibi.
857 3192 1084 3258 Quando
1107 3202 1191 3248 est
1240 3195 1295 3250 in
1334 3195 1551 3261 itinere,
1580 3194 1776 3251 fratres
1803 3197 2124 3251 comitantes
2152 3169 2198 3230 Ο
2231 3193 2357 3246 nulli
2392 3193 2515 3248 licet
2535 3194 2644 3248 illic
2683 3195 2898 3259 bibere.
2931 3195 3037 3250 ηὲδὶ
3063 3194 3204 3251 forte
3234 3196 3397 3251 alicui
3434 3207 3565 3253 Illuc
3589 3196 3791 3252 mimi

531 3280 679 3336 illum
706 3281 908 3353 jugiter
925 3284 1223 3339 observant
1249 3285 1302 3340 in
1334 3286 1441 3350 via,
1459 3303 1529 3341 ne
1556 3287 1756 3351 desint,
1780 3303 1902 3341 eum
1929 3302 2122 3355 quam-

540 3370 673 3425 libet
726 3371 912 3426 horam
959 3382 1144 3428 cantat
1182 3376 1517 3446 regularem:
1562 3378 1687 3447 quia
1712 3378 1754 3433 si
1782 3379 1905 3448 quis
1926 3393 2115 3433 eorum

527 3465 670 3519 forte
692 3480 800 3519 non
850 3466 1178 3531 interfuerit,
1219 3477 1402 3538 postea
1441 3472 1565 3525 earn
1593 3471 1710 3525 sine
1748 3470 1962 3526 licentia
1994 3470 2133 3540 ejus-

527 3571 634 3610 non
660 3558 859 3612 cauit.‘
883 3558 958 3613 Illi
990 3560 1248 3616 nimirum
1274 3562 1462 3616 eodem
1496 3563 1654 3617 modo
1687 3563 1737 3616 in
1765 3564 2124 3619 itincresicut

529 3647 584 3701 in
631 3648 872 3703 claustro
933 3664 1062 3705 suas
1113 3651 1348 3707 invicem
1412 3653 1770 3724 negligentias
1824 3654 2116 3723 diligenter

528 3744 749 3801 notant;
778 3747 941 3807 atque
970 3740 1023 3793 in
1045 3740 1282 3811 capitulo
1303 3743 1446 3811 quod
1482 3742 1722 3798 domnus
1743 3743 1879 3798 abba
1906 3745 2111 3813 ubique

528 3832 793 3899 locorum,
827 3845 988 3905 prout
1015 3839 1380 3905 competentia
1418 3839 1690 3903 docuerit,
1721 3855 1845 3895 cum
1876 3839 1983 3895 illis
2007 3842 2105 3895 ha-

474 3924 491 3931 ‘
530 3925 666 3980 bere
691 3934 891 3995 potest.
920 3927 1242 3998 simpliciter
1269 3930 1588 3984 reclamant.
1624 3930 1681 3985 ln
1711 3930 1828 3999 ejus
1861 3932 2123 3986 comitatu

532 4016 719 4072 nullus
782 4033 1004 4073 suorum
1047 4019 1127 4072 in‘
1164 4020 1333 4075 armis
1386 4021 1712 4077 militaribus
1765 4038 1885 4078 esse
1941 4024 2131 4079 debet.

530 4108 802 4173 Quamdiu
825 4118 911 4166 est
954 4110 1007 4164 in
1032 4110 1247 4177 itinere,
1275 4112 1586 4167 mandatum
1609 4114 1752 4181 quod
1776 4114 1837 4169 in
1884 4115 2113 4169 sabbato

529 4199 728 4269 agitur,
758 4208 920 4269 prout
947 4201 1206 4270 potuerit,
1251 4201 1512 4266 imitatur,
1552 4202 1803 4258 videlicet
1836 4204 2004 4272 pedes
2053 4218 2119 4259 ae

535 4305 734 4346 manus
775 4291 1029 4360 lavando,
1078 4302 1136 4349 et
1184 4293 1509 4350 cbaritatem
1563 4295 1819 4350 bibendo.
1864 4293 2127 4349 Similiter

531 4381 661 4435 facit
699 4383 743 4435 si
796 4381 848 4436 in
898 4385 1233 4440 monasterio
1260 4386 1569 4445 consistens
1591 4387 1819 4440 fratrum
1861 4389 2116 4441 mandato

532 4486 639 4526 non
672 4474 1005 4539 interfuerit,
1037 4478 1181 4548 quod
1205 4486 1383 4534 tamen
1423 4494 1698 4548 nunquam
1744 4478 1849 4533 nisi
1898 4493 1995 4547 pro
2036 4478 2119 4532 in-

531 4563 770 4617 evitabili
814 4567 1139 4621 necessitate
1164 4567 1409 4623 dimittit.
1874 4610 1875 4613 η

607 4654 743 4722 (υο.)
786 4652 1015 4709 Romam
1052 4655 1328 4725 profectus
1374 4657 1458 4712 vel
1488 4656 1683 4711 alicubi
1708 4672 1803 4727 per
1845 4658 2124 4712 dimiditnn

534 4757 744 4797 annum
800 4752 1095 4811 moratus,
1132 4746 1253 4801 cum
1305 4748 1560 4814 redierit,
1615 4763 1737 4802 eum
1779 4750 2129 4818 processione

532 4835 830 4905 suscipitur
855 4874 870 4899 ,
915 4835 1180 4893 fratribus
1214 4839 1411 4895 albatis
1454 4839 1538 4894 vel
1577 4841 1765 4910 cappis
1804 4841 2130 4911 generaliter

538 4925 764 4981 indutis.
815 4926 923 4982 Pro
971 4926 1279 4996 lmjnsmodi
1339 4940 1521 4987 autem
1577 4934 1921 5002 susceptione
1970 4933 2130 4987 debet

537 5025 669 5074 ante
691 5020 980 5089 prandium
1003 5021 1490 5093 advenisse;qnia
1519 5033 1736 5095 oportet
1783 5040 1907 5080 eum
1949 5039 2011 5079 ea
2042 5026 2131 5081 die

533 5100 807 5163 communi
836 5110 1068 5165 fratrum
1110 5111 1391 5168 refectioni
1434 5114 1739 5179 interesse,
1776 5124 1832 5169 et
1886 5131 1983 5185 pro
2012 5114 2131 5183 ejus

531 5200 764 5255 adventu
794 5201 954 5257 debet
988 5202 1059 5258 ibi
1083 5202 1326 5259 charitas
1355 5205 1514 5261 solito
1535 5205 1744 5275 longior
1766 5221 1911 5262 esse;
1941 5206 1997 5262 Si
2017 5207 2131 5277 ipso

531 5291 619 5348 die
660 5302 1038 5364 competenter
1076 5295 1225 5351 fieri.
1256 5304 1456 5366 potest,
1500 5298 1679 5367 aliqua
1722 5298 1952 5368 regulari
1997 5299 2128 5353 hora

535 5384 711 5452 finita,
754 5388 1019 5457 praevenit
1055 5402 1247 5443 omnes
1275 5388 1343 5445 de
1369 5388 1599 5444 ecclesia
1637 5390 1913 5453 exituros.
1964 5406 2130 5461 prope

537 5479 695 5550 cujus
716 5481 914 5535 ostium
945 5489 1057 5536 stat
1083 5480 1178 5535 aut
1199 5481 1353 5537 sedet
1377 5521 1393 5548 ,
1431 5482 1811 5539 assistentibus
1840 5481 2125 5547 fratribus,

537 5570 630 5637 qui
659 5572 921 5627 secum‘in
950 5572 1038 5626 via
1062 5581 1221 5627 erant
1247 5614 1263 5639 ,
1294 5582 1351 5629 et
1380 5573 1623 5642 singulos
1636 5574 1841 5629 viritim
1868 5584 2130 5630 exeuntes

537 5650 873 5716 osculantur.
907 5664 976 5717 At
1007 5662 1051 5718 si
1101 5662 1154 5717 in
1199 5663 1290 5718 illo
1318 5663 1405 5741 die
1438 5659 1553 5722 fieri
1582 5680 1686 5721 non
1719 5666 1891 5732 valet,
1941 5665 1992 5720 in
2043 5681 2130 5721 se-

535 5752 725 5820 quenti
750 5761 872 5822 post
898 5754 1194 5822 capitulum
1219 5754 1330 5808 fiet.

2120 4612 2123 4617 ί
2154 4527 2202 4585 ι)

2228 3300 2351 3339 cum
2383 3286 2581 3340 domno
2610 3286 2824 3342 abbate.
2858 3286 3011 3353 Quod
3039 3296 3216 3344 tamen
3245 3290 3554 3343 cavendum
3584 3305 3793 3342 summ

2229 3391 2359 3445 pere
2386 3385 2470 3430 est
2489 3413 2503 3439 ,
2535 3392 2601 3429 ne
2625 3391 2746 3429 eum
2775 3386 2882 3429 tam
2911 3390 3065 3441 sero,
3111 3377 3213 3431 nisi
3251 3392 3454 3447 magna
3490 3378 3781 3433 necessitate

2230 3476 2485 3537 cogente,
2535 3480 2753 3521 ctrnare
2781 3466 3089 3539 contingat,
3146 3477 3205 3521 ut
3240 3467 3543 3537 aliquando
3578 3468 3703 3522 colla

2231 3573 2353 3612 nam
2385 3558 2755 3626 supersedeat.
2797 3556 2987 3613 Nullus
3016 3559 3161 3615 enim
3185 3558 3359 3612 frater
3378 3557 3692 3617 incolumis,

2229 3651 2297 3704 ad
2327 3664 2582 3717 vesperos
2603 3650 2654 3703 in
2687 3649 2921 3705 claustro
2947 3652 3080 3714 erit,
3132 3660 3254 3721 post
3283 3665 3505 3707 orenam
3548 3650 3790 3703 miuistro-
3878 3649 3879 3715 Τ

2232 3756 2351 3794 rum
2378 3741 2539 3795 ullius
2567 3741 2643 3796 rei
2675 3742 3132 3812 gratiaeomcdit.
3598 3744 3603 3747 “

2300 3832 2531 3887 Ρνεῐοΐειιο
2560 3843 2803 3903 tempore
2829 3834 3089 3903 eapellani
3112 3835 3227 3904 qui,
3253 3851 3380 3889 cum
3407 3838 3604 3891 domno
3628 3836 3789 3888 abbate

2231 3939 2335 3977 non
2359 3924 2686 3988 cmuabant,
2736 3934 2968 3993 possunt
3016 3941 3139 3980 eum
3172 3925 3393 3980 licentia
3450 3928 3503 3981 in
3540 3926 3793 3980 refectorio

2228 4017 2434 4073 bibere.
2468 4018 2599 4073 Illud
2640 4033 2866 4088 .quoque
2894 4019 3177 4074 sciendum
3209 4027 3294 4073 est
3368 4022 3516 4088 quod
3563 4033 3711 4071 nemo
3750 4017 3789 4067 ia

2230 4108 2322 4163 Xll
2374 4111 2697 4168 lectionibus
2727 4110 2780 4165 in
2810 4119 3029 4177 :cstate,
3062 4119 3117 4165 et
3147 4111 3202 4165 in
3232 4113 3448 4166 octavis
3469 4154 3485 4177 ,
3525 4122 3642 4165 ante
3665 4110 3792 4175 capi-

2231 4205 2403 4259 tulum
2425 4202 2510 4260 vel
2532 4215 2669 4261 ante
2704 4204 2923 4261 tertiam
2951 4245 2966 4271 ,
3003 4218 3165 4274 quam
3189 4206 3509 4273 prazceduut
3539 4213 3642 4257 tres
3684 4216 3789 4254 ora-

2231 4296 2437 4359 tiones,
2467 4295 2553 4350 vel
2577 4294 2716 4349 infra
2748 4293 3051 4365 regularem
3081 4294 3308 4354 horam,
3360 4294 3417 4347 in
3457 4293 3637 4347 eidem
3674 4290 3787 4344 celi:

2228 4387 2523 4457 quidquam
2540 4429 2558 4454 ,
2581 4395 2811 4457 excepta
2836 4386 3171 4442 novitiorum
3188 4384 3548 4440 confessione
3572 4384 3791 4452 superius

2230 4487 2553 4545 memorata,
2575 4477 2837 4547 loquitur,
2859 4477 3110 4546 quodque
3132 4475 3517 4531 obedientiarii
3550 4486 3789 4549 nouum

2229 4568 2298 4624 de
2320 4569 2644 4625 obedientiis
2677 4569 2824 4633 suis,
2878 4568 2964 4623 vel
2994 4568 3062 4623 de
3091 4568 3197 4623 alia
3239 4572 3319 4633 re,
3361 4568 3467 4625 nisi
3524 4583 3613 4639 per
3652 4568 3789 4618 licea-

2233 4662 2363 4716 tiam
2427 4662 2612 4716 domui
2666 4661 2883 4717 abbatis
2945 4660 3032 4717 vel
3075 4661 3309 4731 prioris,
3362 4676 3430 4717 eo
3487 4662 3701 4715 absente
3730 4660 3787 4708 itu

2231 4751 2548 4821 loquuntur.
2597 4749 2787 4807 Nullus
2840 4752 2894 4805 in
2945 4766 3067 4805 eam
3119 4750 3401 4806 saecularis
3452 4763 3679 4820 unquam
3728 4746 3789 4798 is-

2231 4844 2505 4915 greditur,
2535 4844 2777 4914 exceptis
2809 4843 3061 4909 famulis,
3106 4845 3210 4913 qui
3238 4859 3340 4914 pro
3386 4844 3566 4914 aliquo
3597 4842 3787 4910 negotio

2232 4934 2342 4989 illic
2394 4935 2685 4990 interdum
2714 4934 2993 4998 faciendo,
3051 4934 3209 4990 horis
3237 4940 3420 4989 tamen
3469 4928 3789 5001 competenti—

2233 5026 2371 5089 bus,
2460 5025 2666 5095 iugreali
2717 5026 3136 5095 prmcipiuntur,
3193 5033 3249 5079 et
3309 5024 3605 5094 hospitibus
3646 5038 3677 5076 ι
3715 5036 3791 5073 α-

2233 5117 2389 5170 stode
2434 5114 2839 5184 liospitii'infra
2880 5114 3200 5169 alterutram
3255 5114 3481 5169 missam
3535 5108 3786 5182 spectavi

2233 5220 2394 5260 causa
2423 5205 3172 5275 aliquando.introducendis.
3218 5205 3358 5261 Cum
3390 5206 3582 5276 quibus
3612 5216 3787 5255 neuio.

2230 5299 2339 5354 nisi
2382 5300 2498 5368 ipse
2538 5299 2688 5353 solus
2726 5297 2968 5368 loquitur
2991 5338 3007 5363 ,
3059 5299 3203 5353 sicut
3236 5298 3406 5352 etiam
3439 5311 3536 5352 nec
3580 5308 3699 5347 cum
3730 5294 3791 5341 ir

2222 5388 2394 5463 ‘nmlis
2422 5389 2783 5458 supradictis,
2833 5389 2937 5445 nisi
2962 5402 2965 5405 '
2993 5388 3039 5442 is
3084 5397 3326 5451 tantum,
3361 5388 3466 5456 ‘qni
3523 5401 3609 5441 eos
3634 5384 3791 5436 addo-

2234 5481 2327 5537 eit.
2405 5480 2538 5534 Nam
2586 5490 2644 5535 et
2700 5480 2803 5535 hoc
2849 5480 2918 5535 ab
2961 5479 3215 5535 omnibus
3258 5495 3360 5551 pro
3406 5479 3588 5550 quavis
3636 5488 3789 5530 causa

2233 5585 2355 5625 cum
2411 5568 2628 5623 licentia
2686 5568 2756 5623 ibi
2825 5568 3291 5623 connnorantilms
3360 5568 3702 5623 observatur,
3746 5568 3793 5611 ιιι

2235 5659 2414 5716 nullus
2471 5659 2558 5713 alii
2612 5660 2693 5714 vel
2741 5658 2935 5714 saltem
2986 5659 3040 5713 in
3090 5667 3332 5727 tempore
3388 5654 3621 5726 loquendi
3678 5650 3791 5721 quid
3878 5728 3879 5745 χ

2236 5754 2519 5825 loquatur;
2561 5754 2655 5809 sed
2707 5770 2828 5808 mox
2870 5765 3127 5823 percussa
3168 5752 3366 5808 tabula
3401 5750 3613 5805 fratrum
3662 5746 3791 5801 loeu-
3878 5766 3879 5775 ι
